{"host":"Vegetablebread","time":1614005605,"event":{"mods":["BaseMod","Bestiary","Downfall","Minty Spire (QoL Compilation)","Relic Stats","StSLib"],"gold_per_floor":[99,111,122,122,133,162,210,225,251,351,8,8,22,50,69,174,174,174,187,199,199,199,12,12,29,59,74,89,102,102,115,133,231,231,231,250,300,318,318,328,328,340,216,251,277,177,177,210,110,110],"floor_reached":51,"language":"ENG","playtime":40389,"items_purged":["champ:Duel","champ:EnragedBash"],"score":991,"play_id":"8174ac6c-9dd4-45f7-90a2-b55695135e1c","local_time":"20210222065325","is_ascension_mode":false,"campfire_choices":[{"data":"champ:Execute","floor":1.0,"key":"SMITH"},{"data":"champ:Improvising","floor":12.0,"key":"SMITH"},{"data":"champ:SkillfulDodge","floor":18.0,"key":"SMITH"},{"data":"champ:GladiatorStyle","floor":30.0,"key":"SMITH"},{"data":"champ:GladiatorStyle","floor":35.0,"key":"SMITH"},{"data":"champ:EndlessRage","floor":46,"key":"SMITH"},{"data":"champ:DancingMaster","floor":47,"key":"SMITH"},{"data":"champ:GutPunch","floor":49,"key":"SMITH"}],"circlet_count":0,"master_deck":["champ:Execute+1","champ:Taunt","champ:BerserkersShout","champ:Improvising+1","champ:PreciseThrust","champ:FlashCut","champ:FlashCut","champ:ShieldSlam","champ:CalledShot","champ:ArenaPreparation","champ:PerfectedStrike","champ:MurderStrike","champ:DancingMaster+1","champ:GutPunch+1","champ:PerfectedStrike","champ:FocusedDefense","champ:StrikeOfGenius","champ:SkillfulDodge+1","champ:Backstep+1","Ghostly","Ghostly","Ghostly","Ghostly","Ghostly","champ:GladiatorStyle+1","champ:Lariat+1","champ:FalseCounter+1","champ:CalledShot+1","champ:ShieldWall","champ:FancyFootwork+1","champ:GladiatorStyle+1","champ:Devastate","champ:StanceDance+1","champ:ShieldWall","champ:EndlessRage+1","champ:BladeFlurry","champ:SkillfulDodge+1","Secret Weapon+1","expansioncontent:PrepareCrush+1","champ:FancyFootwork+1"],"relics":["champ:ChampionCrown","Omamori","champ:DefensiveTrainingManual","Odd Mushroom","CloakClasp","Membership Card","Whetstone","Oddly Smooth Stone","Bottled Tornado","Pandora\u0027s Box","Toxic Egg 2","OrangePellets","Matryoshka","Mercury Hourglass","Runic Dome","WingedGreaves","Bag of Preparation","PreservedInsect","InkBottle","Ancient Tea Set","Akabeko","Bronze Scales","Art of War","downfall:HeartBlessingBlue","Ornamental Fan","downfall:HeartBlessingGreen"],"acts_visited":["Exordium","TheCity","TheBeyond"],"potions_floor_usage":[44,50],"damage_taken":[{"damage":12.0,"enemies":"2 Louse","floor":2.0,"turns":3.0},{"damage":23.0,"enemies":"Jaw Worm","floor":3.0,"turns":3.0},{"damage":10.0,"enemies":"Small Slimes","floor":5.0,"turns":3.0},{"damage":52.0,"enemies":"3 Sentries","floor":6.0,"turns":7.0},{"damage":20.0,"enemies":"downfall:LooterAlt","floor":8.0,"turns":3.0},{"damage":14.0,"enemies":"The Mushroom Lair","floor":9.0,"turns":3.0},{"damage":30.0,"enemies":"The Mushroom Lair","floor":10.0,"turns":6.0},{"damage":15.0,"enemies":"downfall:FleeingMerchant","floor":11.0,"turns":4.0},{"damage":10.0,"enemies":"Blue Slaver","floor":13.0,"turns":3.0},{"damage":27.0,"enemies":"Lagavulin","floor":14.0,"turns":6.0},{"damage":10.0,"enemies":"Large Slime","floor":15.0,"turns":3.0},{"damage":20.0,"enemies":"DF_ARCHETYPE_STREAMLINE","floor":16.0,"turns":8.0},{"damage":21.0,"enemies":"3 Byrds","floor":19.0,"turns":5.0},{"damage":36.0,"enemies":"downfall:LooterAlt2","floor":20.0,"turns":4.0},{"damage":0.0,"enemies":"downfall:FleeingMerchant","floor":23.0,"turns":4.0},{"damage":10.0,"enemies":"Chosen and Byrds","floor":25.0,"turns":6.0},{"damage":0.0,"enemies":"Book of Stabbing","floor":26.0,"turns":6.0},{"damage":3.0,"enemies":"Sentry and Sphere","floor":27.0,"turns":5.0},{"damage":10.0,"enemies":"Shelled Parasite and Fungi","floor":28.0,"turns":4.0},{"damage":13.0,"enemies":"Cultist and Chosen","floor":29.0,"turns":6.0},{"damage":5.0,"enemies":"Snake Plant","floor":31.0,"turns":4.0},{"damage":12.0,"enemies":"Sentry and Sphere","floor":32.0,"turns":6.0},{"damage":48.0,"enemies":"SI_MIRROR_ARCHETYPE","floor":33.0,"turns":11.0},{"damage":5.0,"enemies":"Orb Walker","floor":36.0,"turns":2.0},{"damage":13.0,"enemies":"Orb Walker","floor":37.0,"turns":7.0},{"damage":47.0,"enemies":"3 Darklings","floor":38.0,"turns":5.0},{"damage":50.0,"enemies":"Spire Growth","floor":40.0,"turns":4.0},{"damage":2.0,"enemies":"Writhing Mass","floor":42.0,"turns":7.0},{"damage":16,"enemies":"downfall:FleeingMerchant","floor":43,"turns":4},{"damage":3,"enemies":"Reptomancer","floor":44,"turns":7},{"damage":6,"enemies":"Giant Head","floor":48,"turns":6},{"damage":11,"enemies":"WA_ARCHETYPE_DIVINITY","floor":50,"turns":10}],"seed_played":"7308087393269342162","potions_obtained":[{"floor":3.0,"key":"Dexterity Potion"},{"floor":6.0,"key":"SkillPotion"},{"floor":8.0,"key":"Block Potion"},{"floor":10.0,"key":"EntropicBrew"},{"floor":14.0,"key":"PowerPotion"},{"floor":16.0,"key":"BlessingOfTheForge"},{"floor":19.0,"key":"ColorlessPotion"},{"floor":32.0,"key":"Swift Potion"},{"floor":36.0,"key":"SpeedPotion"},{"floor":42.0,"key":"ColorlessPotion"},{"floor":48,"key":"Fire Potion"}],"is_trial":false,"path_per_floor":["R","M","M","?","M","E","T","M","?","?","$","R","M","E","M","B",null,"R","M","M","?","T","$","T","M","E","M","M","M","R","M","M","B",null,"R","M","?","M","?","M","T","M","$","E","?","R","R","E","R","B",null],"character_chosen":"THE_CHAMP","items_purchased":["Membership Card","Whetstone","Oddly Smooth Stone","champ:ArenaPreparation","OrangePellets","champ:GladiatorStyle","champ:Lariat+1","InkBottle","Ancient Tea Set","champ:SkillfulDodge+1","Fire Potion","Secret Weapon+1","expansioncontent:PrepareCrush"],"campfire_rested":0,"item_purchase_floors":[11,11,11,11,23,23,23,43,43,43,43,43,43],"current_hp_per_floor":[90,88,85,85,85,63,63,63,59,59,59,59,59,52,52,52,90,90,89,73,45,45,45,45,45,45,45,45,45,45,45,45,43,45,45,40,42,15,39,39,39,39,39,39,39,49,49,49,49,49],"gold":110,"neow_bonus":"RANDOM_COMMON_RELIC","is_daily":false,"chose_seed":false,"campfire_upgraded":8,"win_rate":0.0,"timestamp":1614005605,"path_taken":["R","M","M","?","M","E","T","M","?","?","?","R","?","E","M","BOSS","R","M","M","?","?","$","T","M","E","M","?","M","R","M","M","BOSS","R","M","?","M","?","M","T","M","$","E","?","R","R","E","R","BOSS"],"items_purchased_type":["Relic","Relic","Relic","Card","Relic","Card","Card","Relic","Relic","Card","Potion","Card","Card"],"build_version":"2020-12-18","purchased_purges":2,"victory":true,"max_hp_per_floor":[90,90,90,90,90,90,90,90,90,90,90,90,90,90,90,90,90,90,90,90,45,45,45,45,45,45,45,45,45,45,45,45,45,45,45,45,45,45,39,39,39,39,39,39,39,49,49,49,49,49],"relic_stats":{"counters":[32,164],"PreservedInsect":216,"CloakClasp":[389],"Bag of Preparation":[10],"Whetstone":["champ:Strike","champ:Strike"],"Mercury Hourglass":[230],"OrangePellets":[42],"Ornamental Fan":[12],"Bronze Scales":[36],"Pandora\u0027s Box":["champ:GutPunch","champ:PerfectedStrike","champ:FocusedDefense","champ:Duel","champ:StrikeOfGenius","champ:SkillfulDodge","champ:EnragedBash"],"Art of War":[6],"obtain_stats":[{"champ:ChampionCrown":0,"downfall:HeartBlessingGreen":49,"CloakClasp":10,"Bag of Preparation":41,"Whetstone":11,"Bottled Tornado":14,"Ancient Tea Set":43,"Matryoshka":24,"champ:DefensiveTrainingManual":6,"downfall:HeartBlessingBlue":46,"WingedGreaves":37,"Toxic Egg 2":22,"InkBottle":43,"Oddly Smooth Stone":11,"PreservedInsect":41,"Omamori":0,"Odd Mushroom":9,"Akabeko":44,"Mercury Hourglass":26,"OrangePellets":23,"Runic Dome":34,"Ornamental Fan":48,"Bronze Scales":45,"Pandora\u0027s Box":17,"Art of War":45,"Membership Card":11},{"champ:ChampionCrown":0,"downfall:HeartBlessingGreen":31,"CloakClasp":7,"Bag of Preparation":27,"Whetstone":8,"Bottled Tornado":10,"Ancient Tea Set":29,"Matryoshka":15,"champ:DefensiveTrainingManual":4,"downfall:HeartBlessingBlue":30,"WingedGreaves":25,"Toxic Egg 2":14,"InkBottle":29,"Oddly Smooth Stone":8,"PreservedInsect":27,"Omamori":0,"Odd Mushroom":6,"Akabeko":30,"Mercury Hourglass":17,"OrangePellets":15,"Runic Dome":23,"Ornamental Fan":31,"Bronze Scales":30,"Pandora\u0027s Box":12,"Art of War":30,"Membership Card":8},{"champ:ChampionCrown":0,"downfall:HeartBlessingGreen":154,"CloakClasp":28,"Bag of Preparation":130,"Whetstone":32,"Bottled Tornado":41,"Ancient Tea Set":141,"Matryoshka":65,"champ:DefensiveTrainingManual":16,"downfall:HeartBlessingBlue":148,"WingedGreaves":121,"Toxic Egg 2":61,"InkBottle":141,"Oddly Smooth Stone":32,"PreservedInsect":130,"Omamori":0,"Odd Mushroom":22,"Akabeko":148,"Mercury Hourglass":77,"OrangePellets":65,"Runic Dome":112,"Ornamental Fan":154,"Bronze Scales":148,"Pandora\u0027s Box":52,"Art of War":148,"Membership Card":32}],"InkBottle":[10]},"card_choices":[{"not_picked":["champ:TornadoPunch","champ:Backstep"],"picked":"champ:BerserkersShout","floor":2.0},{"not_picked":["champ:BladeFlurry","champ:FalseCounter"],"picked":"champ:Improvising","floor":3.0},{"not_picked":["champ:Parry","champ:IronFortress"],"picked":"champ:PreciseThrust","floor":5.0},{"not_picked":["champ:Haymaker","champ:GutPunch"],"picked":"champ:FlashCut","floor":6.0},{"not_picked":["champ:Endure","champ:PerfectedStrike"],"picked":"champ:FlashCut","floor":8.0},{"not_picked":["champ:DefensiveShout","champ:AdrenalArmor"],"picked":"champ:ShieldSlam","floor":9.0},{"not_picked":["champ:GutPunch","champ:Shatter"],"picked":"champ:CalledShot","floor":11.0},{"not_picked":["champ:Circumvent","champ:StanceDance"],"picked":"champ:PerfectedStrike","floor":13.0},{"not_picked":["champ:TornadoPunch","champ:GutPunch","champ:CrownThrow"],"picked":"SKIP","floor":14.0},{"not_picked":["champ:TornadoPunch","champ:FocusedBerserking"],"picked":"champ:MurderStrike","floor":15.0},{"not_picked":["champ:CheapShot","champ:ShieldThrow"],"picked":"champ:DancingMaster","floor":16.0},{"not_picked":["champ:PerfectedStrike","champ:RecklessLeap","champ:FocusedBerserking"],"picked":"SKIP","floor":19.0},{"not_picked":["champ:SkillfulDodge","champ:PreciseThrust"],"picked":"champ:Backstep+1","floor":20.0},{"not_picked":["champ:SetATrap+1","champ:FanOfKnives","champ:Haymaker"],"picked":"SKIP","floor":23.0},{"not_picked":["champ:PreciseThrust","champ:BerserkersShout+1"],"picked":"champ:FalseCounter+1","floor":25.0},{"not_picked":["champ:BringItOn+1","champ:SkillfulDodge+1"],"picked":"champ:CalledShot+1","floor":26.0},{"not_picked":["champ:BerserkersShout+1","champ:Parry+1"],"picked":"champ:ShieldWall","floor":27.0},{"not_picked":["champ:EnGarde+1","champ:Encircle","champ:DeathBlow"],"picked":"SKIP","floor":28.0},{"not_picked":["champ:FaceSlap","champ:FanOfKnives+1"],"picked":"champ:FancyFootwork+1","floor":29.0},{"not_picked":["champ:FaceSlap","champ:RapidStrikes"],"picked":"champ:GladiatorStyle","floor":31.0},{"not_picked":["champ:Haymaker","champ:FlashCut"],"picked":"champ:Devastate","floor":32.0},{"not_picked":["champ:Encircle","champ:Circumvent+1"],"picked":"champ:StanceDance+1","floor":36.0},{"not_picked":["champ:BladeFlurry","champ:StanceDance+1"],"picked":"champ:ShieldWall","floor":37.0},{"not_picked":["champ:GutPunch","champ:TornadoPunch+1","champ:FocusedBerserking+1"],"picked":"SKIP","floor":38.0},{"not_picked":["champ:FlashCut+1","champ:ShieldWall"],"picked":"champ:EndlessRage","floor":40.0},{"not_picked":["champ:SwordThrow","champ:PerfectedStrike"],"picked":"champ:BladeFlurry","floor":42.0},{"not_picked":["champ:Backstep+1","champ:TornadoPunch","champ:FocusedDefense+1"],"picked":"SKIP","floor":43},{"not_picked":["champ:HeavySlash","champ:AdrenalArmor+1"],"picked":"champ:FancyFootwork+1","floor":44},{"not_picked":["champ:FlashCut","champ:LastStand","champ:Haymaker+1"],"picked":"SKIP","floor":48}],"player_experience":10626529,"relics_obtained":[{"floor":6.0,"key":"champ:DefensiveTrainingManual"},{"floor":9.0,"key":"Odd Mushroom"},{"floor":10.0,"key":"CloakClasp"},{"floor":14.0,"key":"Bottled Tornado"},{"floor":22.0,"key":"Toxic Egg 2"},{"floor":24.0,"key":"Matryoshka"},{"floor":26.0,"key":"Mercury Hourglass"},{"floor":37.0,"key":"WingedGreaves"},{"floor":41.0,"key":"Bag of Preparation"},{"floor":41.0,"key":"PreservedInsect"},{"floor":44,"key":"Akabeko"},{"floor":45,"key":"Bronze Scales"},{"floor":45,"key":"Art of War"},{"floor":48,"key":"Ornamental Fan"}],"event_choices":[{"cards_removed":["champ:Defend"],"damage_healed":0.0,"max_hp_gain":0.0,"max_hp_loss":0.0,"gold_gain":0.0,"event_name":"The Cleric","player_choice":"Card Removal","floor":4.0,"gold_loss":0.0,"damage_taken":0.0},{"damage_healed":0.0,"max_hp_gain":0.0,"max_hp_loss":0.0,"gold_gain":0.0,"event_name":"Mushrooms","player_choice":"Fought Mushrooms","floor":9.0,"gold_loss":0.0,"damage_taken":0.0},{"damage_healed":0.0,"max_hp_gain":0.0,"max_hp_loss":45.0,"gold_gain":0.0,"event_name":"Ghosts","player_choice":"Became a Ghost","floor":21.0,"gold_loss":0.0,"damage_taken":0.0,"cards_obtained":["Ghostly","Ghostly","Ghostly","Ghostly","Ghostly"]}],"is_beta":true,"boss_relics":[{"not_picked":["Black Star","Empty Cage"],"picked":"Pandora\u0027s Box"},{"not_picked":["Philosopher\u0027s Stone","Runic Pyramid"],"picked":"Runic Dome"}],"items_purged_floors":[23,43],"is_endless":false,"potions_floor_spawned":[3,6,8,10,14,16,19,28,29,32,33,36,37,42,48],"ascension_level":0}}