{"host":"8jwrv7sn1174lfer","time":1614004653,"event":{"mods":["BaseMod","Colored Map","Colored Powertips","Highlight Path","Minty Spire (QoL Compilation)","StSLib"],"gold_per_floor":[115,63,76,26,39,39,114,131,207,207,233,233,255,270,270,270,270],"floor_reached":16,"language":"ENG","playtime":719,"items_purged":[],"score":140,"play_id":"08fb4b3d-80e1-4b1e-a144-3cfddeb7df46","local_time":"20210222093733","is_ascension_mode":true,"campfire_choices":[{"data":"After Image","floor":10,"key":"SMITH"},{"data":"Calculated Gamble","floor":12,"key":"SMITH"},{"data":"Crippling Poison","floor":15,"key":"SMITH"}],"circlet_count":0,"master_deck":["Strike_G","Strike_G","Strike_G","Defend_G","Defend_G","Defend_G","Defend_G","Defend_G","Survivor","Neutralize","After Image+1","Blade Dance","Blade Dance","Blur","Dodge and Roll","Calculated Gamble+1","Crippling Poison+1"],"relics":["Ring of the Snake","Pantograph","Art of War","Odd Mushroom"],"acts_visited":["Exordium"],"potions_floor_usage":[11],"damage_taken":[{"damage":2,"enemies":"Cultist","floor":1,"turns":6},{"damage":6,"enemies":"Jaw Worm","floor":3,"turns":3},{"damage":2,"enemies":"Small Slimes","floor":5,"turns":2},{"damage":0,"enemies":"Looter","floor":8,"turns":4},{"damage":21,"enemies":"Gremlin Nob","floor":11,"turns":4},{"damage":0,"enemies":"The Mushroom Lair","floor":13,"turns":6},{"damage":7,"enemies":"Exordium Wildlife","floor":14,"turns":4},{"damage":50,"enemies":"The Guardian","floor":16,"turns":20}],"seed_played":"-5929694472198403560","potions_obtained":[{"floor":5,"key":"CunningPotion"},{"floor":13,"key":"Ancient Potion"}],"is_trial":false,"path_per_floor":["M","$","M","?","M","?","?","M","T","R","E","R","?","M","R","B"],"character_chosen":"THE_SILENT","items_purchased":["Blade Dance"],"campfire_rested":0,"item_purchase_floors":[2],"current_hp_per_floor":[61,61,55,55,53,53,42,42,42,42,21,21,21,14,14,0,0],"gold":270,"neow_bonus":"ONE_RANDOM_RARE_CARD","is_daily":false,"chose_seed":false,"campfire_upgraded":3,"win_rate":0.0,"timestamp":1614004653,"path_taken":["M","?","?","?","M","?","?","?","T","R","E","R","?","M","R","BOSS"],"items_purchased_type":["Card"],"build_version":"2020-12-22","purchased_purges":0,"victory":false,"max_hp_per_floor":[70,70,70,70,70,70,70,70,70,70,70,70,70,70,70,70,70],"card_choices":[{"not_picked":["Sucker Punch","Deadly Poison"],"picked":"Blade Dance","floor":1},{"not_picked":["Backflip","Bane","Slice"],"picked":"SKIP","floor":3},{"not_picked":["Cloak And Dagger","Blade Dance"],"picked":"Blur","floor":5},{"not_picked":["Blade Dance","Deflect","Outmaneuver"],"picked":"SKIP","floor":8},{"not_picked":["Poisoned Stab","Predator"],"picked":"Calculated Gamble","floor":11},{"not_picked":["Cloak And Dagger","Corpse Explosion"],"picked":"Crippling Poison","floor":13},{"not_picked":["Dagger Throw","Prepared","Slice"],"picked":"SKIP","floor":14}],"player_experience":662692,"relics_obtained":[{"floor":9,"key":"Pantograph"},{"floor":11,"key":"Art of War"},{"floor":13,"key":"Odd Mushroom"}],"event_choices":[{"cards_removed":["Strike_G"],"damage_healed":0,"gold_gain":0,"player_choice":"Card Removal","damage_taken":0,"max_hp_gain":0,"max_hp_loss":0,"event_name":"The Cleric","floor":4,"gold_loss":50},{"damage_healed":0,"gold_gain":0,"cards_transformed":["Strike_G"],"player_choice":"Change","damage_taken":0,"max_hp_gain":0,"max_hp_loss":0,"event_name":"Living Wall","floor":6,"gold_loss":0,"cards_obtained":["Dodge and Roll"]},{"damage_healed":0,"gold_gain":75,"player_choice":"Gather Gold","damage_taken":11,"max_hp_gain":0,"max_hp_loss":0,"event_name":"World of Goop","floor":7,"gold_loss":0},{"damage_healed":0,"gold_gain":0,"player_choice":"Fought Mushrooms","damage_taken":0,"max_hp_gain":0,"max_hp_loss":0,"event_name":"Mushrooms","floor":13,"gold_loss":0}],"is_beta":false,"boss_relics":[],"items_purged_floors":[],"is_endless":false,"potions_floor_spawned":[5,13],"killed_by":"The Guardian","ascension_level":8}}