{"host":"5f8yr5jxnqok2jdo","time":1614004129,"event":{"mods":["AchievementEnabler","BaseMod","Better Altar","Better Match","Better Note","Better Skull","Better Third Choice","Block Reminder","Colored Map","Colored Powertips","DeckTracker","Displayed Cursed Tome","Downfall","Filter the Spire","Googly Eyes","Highlight Path","Key Reminder","Minty Spire (QoL Compilation)","Quick Restart","Rare Cards Sparkle","Relic Sorter","Relic Stats","ShortenTheSpire","Smile Girya","Spire Arcade","Spire Birthday Party","StSLib","Steal the Spire","SuperFastMode","Uncapped","Unceasing Turn Reminder","UnlockEverythingMod","Weighted Paths","everything is the same but u backflip on backflip","slay the spire mod where everything is the same but ironclad has a cowboy hat"],"gold_per_floor":[110,110,128,128,128,128,144,144,144,144],"floor_reached":8,"language":"ENG","playtime":234,"items_purged":[],"score":46,"play_id":"1ad5c987-cef6-4776-bf25-8c0612022ebc","local_time":"20210222152849","is_ascension_mode":false,"campfire_choices":[{"data":"sneckomod:SnekBite","floor":6,"key":"SMITH"}],"circlet_count":0,"master_deck":["sneckomod:Strike","sneckomod:Strike","sneckomod:Strike","sneckomod:Defend","sneckomod:Defend","sneckomod:Defend","sneckomod:TailWhip","sneckomod:SnekBite+1","sneckomod:Unknown","sneckomod:Unknown","sneckomod:ImprovisedGuard","sneckomod:QuickMove","Normality"],"relics":["sneckomod:SneckoSoul","Ancient Tea Set","Pen Nib","Golden Idol"],"acts_visited":["Exordium"],"potions_floor_usage":[],"damage_taken":[{"damage":5,"enemies":"Small Slimes","floor":1,"turns":3},{"damage":3,"enemies":"2 Louse","floor":3,"turns":3},{"damage":0,"enemies":"Cultist","floor":7,"turns":3},{"damage":12,"enemies":"Gremlin Nob","floor":8,"turns":4}],"seed_played":"6014198560636333107","potions_obtained":[{"floor":7,"key":"bronze:BurnAndBuffPotion"}],"is_trial":false,"path_per_floor":["M","?","M","?","?","R","M","E"],"character_chosen":"THE_SNECKO","items_purchased":[],"campfire_rested":0,"item_purchase_floors":[],"current_hp_per_floor":[85,85,82,82,82,82,82,70,70,70],"gold":144,"neow_bonus":"RANDOM_COMMON_RELIC","is_daily":false,"chose_seed":false,"campfire_upgraded":1,"win_rate":0.0,"timestamp":1614004129,"path_taken":["M","?","M","?","?","R","M","E"],"items_purchased_type":[],"build_version":"2020-12-22","purchased_purges":0,"victory":false,"max_hp_per_floor":[90,90,90,83,83,83,83,83,83,83],"relic_stats":{"counters":[4,13],"Golden Idol":3,"Pen Nib":[1],"obtain_stats":[{"Golden Idol":4,"Pen Nib":2,"sneckomod:SneckoSoul":0,"Ancient Tea Set":0},{"Golden Idol":2,"Pen Nib":1,"sneckomod:SneckoSoul":0,"Ancient Tea Set":0},{"Golden Idol":6,"Pen Nib":3,"sneckomod:SneckoSoul":0,"Ancient Tea Set":0}]},"card_choices":[{"not_picked":["sneckomod:DiceCrush","sneckomod:DiceBlock"],"picked":"sneckomod:ImprovisedGuard","floor":1},{"not_picked":["sneckomod:WideSting","sneckomod:SoulDraw"],"picked":"sneckomod:QuickMove","floor":3},{"not_picked":["sneckomod:SoulDraw","sneckomod:Unknown1Cost","sneckomod:DefensiveFlair"],"picked":"SKIP","floor":7}],"player_experience":389554,"relics_obtained":[],"event_choices":[{"damage_healed":0,"gold_gain":0,"player_choice":"Box","damage_taken":0,"relics_obtained":["Pen Nib"],"max_hp_gain":0,"max_hp_loss":0,"event_name":"Big Fish","floor":2,"gold_loss":0,"cards_obtained":["Regret"]},{"damage_healed":0,"gold_gain":0,"player_choice":"Lose Max HP","damage_taken":0,"relics_obtained":["Golden Idol"],"max_hp_gain":0,"max_hp_loss":7,"event_name":"Golden Idol","floor":4,"gold_loss":0},{"damage_healed":0,"gold_gain":0,"cards_transformed":["Regret"],"player_choice":"Transformed","damage_taken":0,"max_hp_gain":0,"max_hp_loss":0,"event_name":"Transmorgrifier","floor":5,"gold_loss":0,"cards_obtained":["Normality"]}],"is_beta":false,"boss_relics":[],"items_purged_floors":[],"is_endless":false,"potions_floor_spawned":[7],"killed_by":"Gremlin Nob","ascension_level":0}}