{"host":"qz9be3yw3i9mkl76","time":1614035024,"event":{"mods":["AchievementEnabler","BaseMod","Colored Map","Colored Powertips","Minty Spire (QoL Compilation)","Relic Stats","StSLib","Together in Spire"],"gold_per_floor":[114,133,133,133,149,179,179,189,189,206,206,22,32,42,42,142,142,159,159,359,378,388,388,423,423,423,823,738,738,455,467,467,563,563,577,589,233,0,20,50,50,50,73,73,92,102,114,141,141,141,141,141,69,95,95],"floor_reached":56,"language":"ENG","playtime":3381,"items_purged":["Strike_B","Strike_B+1","Defend_B"],"score":1129,"play_id":"82701869-de1e-4a0d-a175-136e2bb1e975","local_time":"20210223000344","is_ascension_mode":false,"campfire_choices":[{"floor":7,"key":"RECALL"},{"data":"Creative AI","floor":15,"key":"SMITH"},{"data":"White Noise","floor":23,"key":"SMITH"},{"data":"Zap","floor":25,"key":"SMITH"},{"data":"Chaos","floor":32,"key":"SMITH"},{"data":"Apotheosis","floor":41,"key":"SMITH"},{"data":"1","floor":44,"key":"LIFT"},{"data":"2","floor":49,"key":"LIFT"},{"data":"3","floor":52,"key":"LIFT"}],"circlet_count":0,"master_deck":["Defend_B","Defend_B","Zap+1","Dualcast","Cold Snap+1","Tempest+1","Chaos+1","White Noise+1","Creative AI+1","Coolheaded","Defragment+1","Ball Lightning","Echo Form+1","Leap+1","Core Surge","Streamline","Coolheaded","Static Discharge+1","Coolheaded+1","Conserve Battery","Finesse","Heatsinks+1","Chill+1","Echo Form+1","CurseOfTheBell","Leap","Force Field","Apotheosis+1","Storm+1","Cold Snap","Electrodynamics+1","Pain","Self Repair+1","Darkness","Consume"],"relics":["Nuclear Battery","Strawberry","Frozen Egg 2","Membership Card","Coffee Dripper","Darkstone Periapt","Blue Candle","Old Coin","Gremlin Horn","Nunchaku","Juzu Bracelet","ClockworkSouvenir","Calling Bell","Anchor","InkBottle","TungstenRod","Lantern","Chemical X","Red Mask","Girya","WarpedTongs","Art of War","Singing Bowl","HandDrill","Orichalcum"],"acts_visited":["Exordium","TheCity","TheBeyond","TheEnding"],"potions_floor_usage":[27,31,50,50,55],"damage_taken":[{"damage":1,"enemies":"2 Louse","floor":1,"turns":3},{"damage":0,"enemies":"Small Slimes","floor":2,"turns":3},{"damage":0,"enemies":"Jaw Worm","floor":5,"turns":1},{"damage":6,"enemies":"Lagavulin","floor":6,"turns":3},{"damage":6,"enemies":"Blue Slaver","floor":8,"turns":2},{"damage":11,"enemies":"Large Slime","floor":10,"turns":7},{"damage":5,"enemies":"Lots of Slimes","floor":13,"turns":2},{"damage":0,"enemies":"3 Louse","floor":14,"turns":2},{"damage":16,"enemies":"Hexaghost","floor":16,"turns":4},{"damage":18,"enemies":"2 Thieves","floor":18,"turns":3},{"damage":8,"enemies":"Spheric Guardian","floor":21,"turns":4},{"damage":0,"enemies":"Chosen and Byrds","floor":22,"turns":2},{"damage":5,"enemies":"Book of Stabbing","floor":24,"turns":4},{"damage":16,"enemies":"Colosseum Slavers","floor":27,"turns":2},{"damage":10,"enemies":"Colosseum Nobs","floor":27,"turns":4},{"damage":4,"enemies":"Shelled Parasite and Fungi","floor":31,"turns":4},{"damage":14,"enemies":"Champ","floor":33,"turns":5},{"damage":40,"enemies":"3 Darklings","floor":35,"turns":7},{"damage":13,"enemies":"3 Shapes","floor":36,"turns":4},{"damage":0,"enemies":"Spire Growth","floor":39,"turns":2},{"damage":1,"enemies":"Reptomancer","floor":40,"turns":3},{"damage":0,"enemies":"3 Darklings","floor":45,"turns":2},{"damage":13,"enemies":"Writhing Mass","floor":46,"turns":3},{"damage":0,"enemies":"Spire Growth","floor":47,"turns":2},{"damage":0,"enemies":"Giant Head","floor":48,"turns":4},{"damage":38,"enemies":"Time Eater","floor":50,"turns":4},{"damage":60,"enemies":"Shield and Spear","floor":54,"turns":6},{"damage":70,"enemies":"The Heart","floor":55,"turns":10}],"seed_played":"-2312241774191384838","potions_obtained":[{"floor":2,"key":"SteroidPotion"},{"floor":6,"key":"Fire Potion"},{"floor":14,"key":"Strength Potion"},{"floor":21,"key":"FairyPotion"},{"floor":24,"key":"PotionOfCapacity"},{"floor":27,"key":"Energy Potion"},{"floor":31,"key":"DuplicationPotion"},{"floor":33,"key":"FocusPotion"},{"floor":54,"key":"Dexterity Potion"}],"is_trial":false,"path_per_floor":["M","M","?","?","M","E","R","M","T","M","T","$","M","M","R","B",null,"M","?","?","M","M","R","E","R","T","?","?","?","$","M","R","B",null,"M","M","$","?","M","E","R","?","T","R","M","M","M","E","R","B",null,"R","$","E","B",null],"character_chosen":"DEFECT","items_purchased":["Membership Card","Juzu Bracelet","ClockworkSouvenir","Finesse","Heatsinks+1","Lantern","Chemical X","Apotheosis","Storm+1","Cold Snap","HandDrill"],"campfire_rested":0,"item_purchase_floors":[12,30,30,30,30,37,37,37,37,37,53],"current_hp_per_floor":[74,74,74,59,59,60,60,54,54,43,43,43,38,38,38,22,82,64,64,64,56,56,56,51,51,51,25,25,25,25,21,21,7,88,48,35,35,35,35,34,34,40,40,40,40,37,37,49,49,11,96,96,96,48,29],"gold":95,"neow_bonus":"BOSS_RELIC","is_daily":false,"chose_seed":false,"campfire_upgraded":5,"win_rate":0.0,"timestamp":1614035024,"path_taken":["M","M","?","?","M","E","R","M","T","M","?","$","M","?","R","BOSS","M","?","?","?","M","R","E","R","T","?","?","?","$","M","R","BOSS","M","M","$","?","M","E","R","?","T","R","M","M","M","E","R","BOSS","R","$","E","BOSS"],"items_purchased_type":["Relic","Relic","Relic","Card","Card","Relic","Relic","Card","Card","Card","Relic"],"build_version":"2020-12-22","purchased_purges":3,"victory":true,"max_hp_per_floor":[75,75,75,75,75,82,82,82,82,82,82,82,82,82,82,82,82,82,82,82,82,82,82,82,82,82,82,82,82,82,82,82,82,88,88,88,88,88,88,88,88,94,94,94,94,94,94,96,96,96,96,96,96,98,98],"relic_stats":{"Darkstone Periapt":12,"Gremlin Horn":[11,11],"Singing Bowl":4,"counters":[28,102],"Blue Candle":[11],"Juzu Bracelet":1,"Orichalcum":[6],"WarpedTongs":[24],"Nunchaku":[4],"Art of War":[11],"HandDrill":[2],"Chemical X":[9],"obtain_stats":[{"Darkstone Periapt":24,"Lantern":37,"Gremlin Horn":27,"Singing Bowl":48,"Juzu Bracelet":30,"Old Coin":27,"ClockworkSouvenir":30,"Nunchaku":28,"Strawberry":6,"Red Mask":38,"HandDrill":53,"Chemical X":37,"Cracked Core":0,"InkBottle":34,"Girya":40,"Blue Candle":26,"Frozen Egg 2":11,"Orichalcum":54,"Nuclear Battery":0,"WarpedTongs":42,"Calling Bell":34,"Anchor":34,"Coffee Dripper":17,"Art of War":43,"Membership Card":12,"TungstenRod":34},{"Darkstone Periapt":13,"Lantern":19,"Gremlin Horn":15,"Singing Bowl":25,"Juzu Bracelet":15,"Old Coin":15,"ClockworkSouvenir":15,"Nunchaku":15,"Strawberry":4,"Red Mask":19,"HandDrill":26,"Chemical X":19,"Cracked Core":0,"InkBottle":17,"Girya":21,"Blue Candle":13,"Frozen Egg 2":6,"Orichalcum":27,"Nuclear Battery":0,"WarpedTongs":21,"Calling Bell":17,"Anchor":17,"Coffee Dripper":9,"Art of War":21,"Membership Card":6,"TungstenRod":17},{"Darkstone Periapt":40,"Lantern":66,"Gremlin Horn":46,"Singing Bowl":82,"Juzu Bracelet":46,"Old Coin":46,"ClockworkSouvenir":46,"Nunchaku":46,"Strawberry":10,"Red Mask":66,"HandDrill":86,"Chemical X":66,"Cracked Core":0,"InkBottle":55,"Girya":71,"Blue Candle":40,"Frozen Egg 2":19,"Orichalcum":92,"Nuclear Battery":0,"WarpedTongs":71,"Calling Bell":55,"Anchor":55,"Coffee Dripper":27,"Art of War":71,"Membership Card":19,"TungstenRod":55}],"InkBottle":[26],"TungstenRod":90},"card_choices":[{"not_picked":["Gash","Fusion"],"picked":"Cold Snap","floor":1},{"not_picked":["Hologram","Rebound"],"picked":"Tempest","floor":2},{"not_picked":["Turbo","Steam"],"picked":"Chaos","floor":5},{"not_picked":["Hologram","Blizzard"],"picked":"White Noise","floor":6},{"not_picked":["Beam Cell","Melter"],"picked":"Creative AI","floor":8},{"not_picked":["Hologram","Stack"],"picked":"Coolheaded","floor":10},{"not_picked":["Sunder","Go for the Eyes"],"picked":"Defragment+1","floor":13},{"not_picked":["Gash","Stack"],"picked":"Ball Lightning","floor":14},{"not_picked":["Creative AI+1","Meteor Strike"],"picked":"Echo Form+1","floor":16},{"not_picked":["Barrage","Turbo"],"picked":"Leap+1","floor":18},{"not_picked":["Sweeping Beam","Steam Power"],"picked":"Coolheaded","floor":21},{"not_picked":["Streamline+1","Reinforced Body"],"picked":"Static Discharge+1","floor":22},{"not_picked":["Ball Lightning","Doom and Gloom"],"picked":"Coolheaded+1","floor":24},{"not_picked":["Compile Driver+1","Streamline"],"picked":"Conserve Battery","floor":27},{"not_picked":["Hologram","Sunder"],"picked":"Chill+1","floor":31},{"not_picked":["All For One","Amplify"],"picked":"Echo Form+1","floor":33},{"not_picked":["Compile Driver+1","Turbo+1"],"picked":"Leap","floor":35},{"not_picked":["Lockon","Stack"],"picked":"Force Field","floor":36},{"not_picked":["Gash+1","Biased Cognition+1","Streamline"],"picked":"SKIP","floor":39},{"not_picked":["Redo","Turbo"],"picked":"Electrodynamics+1","floor":40},{"not_picked":["Steam+1","Ball Lightning+1"],"picked":"Self Repair+1","floor":45},{"not_picked":["Turbo","Reprogram+1"],"picked":"Darkness","floor":46},{"not_picked":["Barrage","Leap"],"picked":"Consume","floor":47},{"not_picked":["Undo","Redo+1","Hello World+1"],"picked":"Singing Bowl","floor":48},{"not_picked":["Heatsinks+1","Leap+1","Sweeping Beam+1"],"picked":"Singing Bowl","floor":54}],"player_experience":130627,"relics_obtained":[{"floor":6,"key":"Strawberry"},{"floor":11,"key":"Frozen Egg 2"},{"floor":24,"key":"Darkstone Periapt"},{"floor":26,"key":"Blue Candle"},{"floor":27,"key":"Old Coin"},{"floor":27,"key":"Gremlin Horn"},{"floor":34,"key":"Anchor"},{"floor":34,"key":"InkBottle"},{"floor":34,"key":"TungstenRod"},{"floor":40,"key":"Girya"},{"floor":43,"key":"Art of War"},{"floor":48,"key":"Singing Bowl"},{"floor":54,"key":"Orichalcum"}],"event_choices":[{"cards_removed":["Strike_B"],"damage_healed":0,"gold_gain":0,"player_choice":"Forget","damage_taken":0,"max_hp_gain":0,"max_hp_loss":0,"event_name":"Living Wall","floor":3,"gold_loss":0},{"damage_healed":0,"gold_gain":0,"player_choice":"Entered Light","damage_taken":15,"max_hp_gain":0,"max_hp_loss":0,"event_name":"Shining Light","floor":4,"gold_loss":0,"cards_upgraded":["Cold Snap","Strike_B"]},{"damage_healed":0,"gold_gain":0,"cards_transformed":["Strike_B","Defend_B"],"player_choice":"Became Test Subject","damage_taken":0,"max_hp_gain":0,"max_hp_loss":0,"event_name":"Drug Dealer","floor":19,"gold_loss":0,"cards_obtained":["Core Surge","Streamline"]},{"damage_healed":0,"gold_gain":200,"player_choice":"Gold","damage_taken":0,"max_hp_gain":0,"max_hp_loss":0,"event_name":"Wheel of Change","floor":20,"gold_loss":0},{"damage_healed":0,"gold_gain":0,"player_choice":"Fight","damage_taken":0,"max_hp_gain":0,"max_hp_loss":0,"event_name":"Colosseum","floor":27,"gold_loss":0},{"damage_healed":0,"gold_gain":0,"player_choice":"Fought Nobs","damage_taken":0,"max_hp_gain":0,"max_hp_loss":0,"event_name":"Colosseum","floor":27,"gold_loss":0},{"damage_healed":0,"gold_gain":0,"player_choice":"Obtained Relic","damage_taken":0,"relics_obtained":["Nunchaku"],"max_hp_gain":0,"max_hp_loss":0,"event_name":"Addict","floor":28,"gold_loss":85},{"damage_healed":0,"gold_gain":0,"player_choice":"Upgraded","damage_taken":0,"max_hp_gain":0,"max_hp_loss":0,"event_name":"Upgrade Shrine","floor":29,"gold_loss":0,"cards_upgraded":["Tempest"]},{"damage_healed":0,"gold_gain":0,"player_choice":"Paid","damage_taken":0,"relics_obtained":["Red Mask"],"max_hp_gain":0,"max_hp_loss":0,"event_name":"Tomb of Lord Red Mask","floor":38,"gold_loss":233},{"damage_healed":0,"gold_gain":0,"player_choice":"Rummage","damage_taken":0,"relics_obtained":["WarpedTongs"],"max_hp_gain":0,"max_hp_loss":0,"event_name":"Accursed Blacksmith","floor":42,"gold_loss":0,"cards_obtained":["Pain"]}],"is_beta":false,"boss_relics":[{"not_picked":["Tiny House","Cursed Key"],"picked":"Coffee Dripper"},{"not_picked":["Black Star","Busted Crown"],"picked":"Calling Bell"}],"items_purged_floors":[12,30,37],"is_endless":false,"potions_floor_spawned":[2,6,14,16,21,24,27,31,33,36,40,46,54],"ascension_level":0}}