{"host":"44szraw8fc5x6fuf","time":1614014682,"event":{"mods":["100% Spire Juice","2.2 Compatiblity","Act Like it!","Arknights","Aspiration","BaseMod","Better Altar","Better Match","Better Note","Better Sensory Stone","Better Skull","Better Third Choice","CapriCore","Chen","Colored Map","Conspire","Gensokyo","Hermit","Highlight Path","Koishi","KomeijiMod","Lobotomy","LobotomyExtend","MarisaÅiñ∂âJÅ@ñÇóùçπÅj","Minty Spire (QoL Compilation)","Onozuka Komachi Mod","Pale of the Ancients","Permanent Neow","Rare Cards Sparkle","ReimuÅiîé??öÎÅj","Reliquary","Replay The Spire","Ruina","Spicy Shops","Spire Arcade","StSLib","The Administrix","The Disciple","The Immortal","TheFirefly","Yakumo Yukari mod","Yuyuko","Åy?ï®?îvÅzREMEMod"],"gold_per_floor":[15,15,30,30,30,30,57,57,82,116,116,133,149,149,149,249,249,259,259,8,21,21,21,35,70,70,70,95,108,123,141,141,141,141,141,141,161,186,186,220,237,270,270,280,280,280,280,295,295,295,295],"floor_reached":52,"language":"ENG","playtime":4346,"items_purged":[],"score":1105,"play_id":"a1e9d425-9ee1-4ed4-83b8-fd021307e0e8","local_time":"20210222122442","is_ascension_mode":true,"campfire_choices":[{"floor":15.0,"key":"REST"},{"data":"Moonlight","floor":47,"key":"SMITH"}],"circlet_count":0,"master_deck":["SpecialBullet","SpecialBullet","SpecialBullet","SpecialBullet","SpecialBullet","SpecialBullet","SpecialBullet","SpecialBullet","CentralCode","InformationCode","ControlCode","GoldRush+1","Koishi:MentalBreakdown+1","CrimsonScar","Adoration+1","TT2Protocol","InTheNameOfLoveAndHate+1","MeatLantern","CENSORED_ego","Writhe","SpecialBullet","RedEyes","MeltingLove","SummonCall","CENSORED","Mimicry","Moonlight+1","Dark Shackles","REME_ProfessionalPlagiarism+1","Adoration+1","Ecstasy+1","Deep Breath+1","SpecialBullet","SpecialBullet","CENSORED_ego+1"],"relics":["CogitoBucket","REME_ComplimentaryCards","LetterFromLob","ThirstyCross","Pen Nib","reliquary:PurpleTingedLeaf","Moonlight_r","conspire:SeveredTorchhead","Frozen Eye","BehaviorAdjustment","Divine Protection","ruina:Goodbye","RedMistMask","Pondfish Scales","Quantum Egg","conspire:GlowingRock","AspirationHeart","REME_LowDesire","Replay:Rubber Ducky","Anchor","BackwardClock","Toxic Egg 2","conspire:Dentures","reliquary:ExpiredCoupon","Sundial","Gensokyo:EmptyGrave"],"acts_visited":["Exordium","ruina:Briah","Gensokyo:Gensokyoest"],"potions_floor_usage":[],"damage_taken":[{"damage":0.0,"enemies":"Cultist","floor":1.0,"turns":3.0},{"damage":0.0,"enemies":"Small Slimes","floor":3.0,"turns":2.0},{"damage":0.0,"enemies":"3 Sentries","floor":10.0,"turns":2.0},{"damage":0.0,"enemies":"Jaw Worm","floor":12.0,"turns":1.0},{"damage":0.0,"enemies":"3 Louse","floor":13.0,"turns":2.0},{"damage":14.0,"enemies":"Hexaghost","floor":16.0,"turns":5.0},{"damage":0.0,"enemies":"ruina:2_Scarecrows","floor":18.0,"turns":2.0},{"damage":0.0,"enemies":"ruina:Nosferatu","floor":21.0,"turns":3.0},{"damage":11.0,"enemies":"ruina:Woodsman","floor":24.0,"turns":3.0},{"damage":0.0,"enemies":"ruina:Mountain","floor":25.0,"turns":4.0},{"damage":0.0,"enemies":"ruina:ServantOfWrath","floor":28.0,"turns":3.0},{"damage":0.0,"enemies":"ruina:QueenOfHate","floor":29.0,"turns":2.0},{"damage":0.0,"enemies":"ruina:3_Scarecrows","floor":30.0,"turns":2.0},{"damage":0.0,"enemies":"ruina:KingOfGreed","floor":31.0,"turns":2.0},{"damage":0,"enemies":"ruina:Red_and_Wolf","floor":33,"turns":1},{"damage":0,"enemies":"Gensokyo:3_Boulders","floor":35,"turns":4},{"damage":17,"enemies":"Gensokyo:AncientGuardian","floor":37,"turns":10},{"damage":12,"enemies":"conspire:MimicChest","floor":38,"turns":4},{"damage":0,"enemies":"Gensokyo:Kasen","floor":40,"turns":3},{"damage":0,"enemies":"Gensokyo:Dusk_and_Dawn","floor":41,"turns":2},{"damage":13,"enemies":"Gensokyo:Marisa","floor":42,"turns":3},{"damage":2,"enemies":"Gensokyo:Rafflesia","floor":44,"turns":4},{"damage":0,"enemies":"Gensokyo:3_Boulders","floor":48,"turns":2},{"damage":4,"enemies":"Gensokyo:Yuyuko","floor":50,"turns":5}],"seed_played":"8866995070424136727","potions_obtained":[{"floor":3.0,"key":"AttackPotion"},{"floor":7.0,"key":"Weak Potion"},{"floor":7.0,"key":"Dexterity Potion"},{"floor":13.0,"key":"Cursed Concoction"},{"floor":18.0,"key":"Elixir"},{"floor":21.0,"key":"Toxic Potion"},{"floor":30.0,"key":"Explosive Potion"},{"floor":44,"key":"GrandPatriotsElixir:ReiMu"}],"is_trial":false,"path_per_floor":["M","?","M","?","?","R","?","R","T","E","R","M","M","?","R","B",null,"M","?","$","M","?","R","M","E","T","R","E","M","M","M","R","B",null,"M","$","M","?","?","E","M","E","T","M","R","?","R","M","R_BF","B",null,null],"character_chosen":"Angela","items_purchased":["Divine Protection"],"campfire_rested":1,"item_purchase_floors":[20],"current_hp_per_floor":[70,70,70,56,56,56,39,39,39,39,39,40,45,4,25,23,73,73,73,73,73,73,73,66,73,73,73,73,83,83,83,83,83,83,83,83,76,77,77,82,82,80,80,82,82,77,77,77,77,77,77],"gold":295,"neow_bonus":"THREE_RARE_CARDS","is_daily":false,"chose_seed":false,"campfire_upgraded":1,"win_rate":0.0,"timestamp":1614014682,"path_taken":["M","?","M","?","?","R","?","R","T","E","R","M","M","?","R","BOSS","M","?","$","M","?","R","M","E","T","R","E","M","M","M","R","BOSS","M","?","M","?","?","E","M","E","T","M","R","?","R","M","R_BF","BOSS"],"items_purchased_type":["Relic"],"build_version":"2020-12-22","purchased_purges":0,"victory":true,"max_hp_per_floor":[70,70,70,70,70,70,70,70,70,70,70,70,70,73,73,73,73,73,73,73,73,73,73,73,73,73,73,73,83,83,83,83,83,83,83,83,83,83,83,83,83,83,83,83,83,77,77,77,77,77,77],"card_choices":[{"not_picked":["Adoration","ParadiseLost"],"picked":"GoldRush","floor":0.0},{"not_picked":["CUTE","Christmas"],"picked":"SKIP","floor":1.0},{"not_picked":["ScreamingWedge","BlackSwan_ego"],"picked":"SKIP","floor":3.0},{"not_picked":["ScreamingWedge"],"picked":"CrimsonScar","floor":7.0},{"not_picked":["LifeForTheDareDevil"],"picked":"Adoration","floor":10.0},{"not_picked":["Penitence"],"picked":"InTheNameOfLoveAndHate","floor":12.0},{"not_picked":["Scarecrow","QueenBee"],"picked":"MeatLantern","floor":13.0},{"not_picked":["Harvest","Noise"],"picked":"SKIP","floor":13.0},{"not_picked":["CherryBlossoms","ShyLook"],"picked":"PunishingBird","floor":16.0},{"not_picked":["TheSmile"],"picked":"CENSORED_ego","floor":16.0},{"not_picked":["BloodyDesire"],"picked":"Galaxy+1","floor":18.0},{"not_picked":["CherryBlossom+1","Horn"],"picked":"SKIP","floor":21.0},{"not_picked":["Tough","Penitence"],"picked":"SKIP","floor":24.0},{"not_picked":["BearPaw"],"picked":"RedEyes","floor":25.0},{"not_picked":["DreamingCurrent","CherryBlossoms"],"picked":"MeltingLove","floor":28.0},{"not_picked":["FeatherOfHonor","Beak"],"picked":"SKIP","floor":28.0},{"not_picked":["RedEyes","GrinderMk4"],"picked":"SKIP","floor":29.0},{"not_picked":["OSAHOGD","NothingThere"],"picked":"CENSORED","floor":30.0},{"not_picked":["Wingbeat+1","Beak"],"picked":"SKIP","floor":30.0},{"not_picked":["CUTE","CherryBlossom+1"],"picked":"SKIP","floor":31.0},{"not_picked":["GoldRush"],"picked":"Mimicry","floor":33},{"not_picked":["RedEyes+1","REME_TheoryOfElimination+1"],"picked":"Moonlight","floor":35},{"not_picked":["CherryBlossom+1","Gaze+1"],"picked":"Dark Shackles","floor":37},{"not_picked":["Loneliness+1","FrostShard+1"],"picked":"REME_ProfessionalPlagiarism+1","floor":38},{"not_picked":["GrinderMk4","Forethought+1"],"picked":"Adoration+1","floor":40},{"not_picked":["FrostShard+1","Soda+1","PanicButton+1"],"picked":"SKIP","floor":41},{"not_picked":["Soda","Replay:Bootleg Shield Generator+1"],"picked":"Ecstasy+1","floor":42},{"not_picked":["Noise+1","ScreamingWedge+1"],"picked":"Deep Breath+1","floor":44},{"not_picked":["Tough","Thinking Ahead+1"],"picked":"CENSORED_ego+1","floor":48}],"player_experience":237825,"relics_obtained":[{"floor":1.0,"key":"LetterFromLob"},{"floor":9.0,"key":"Pen Nib"},{"floor":10.0,"key":"reliquary:PurpleTingedLeaf"},{"floor":24.0,"key":"RedMistMask"},{"floor":25.0,"key":"Pondfish Scales"},{"floor":26.0,"key":"Quantum Egg"},{"floor":28.0,"key":"conspire:GlowingRock"},{"floor":34,"key":"Replay:Rubber Ducky"},{"floor":34,"key":"Anchor"},{"floor":38,"key":"Toxic Egg 2"},{"floor":40,"key":"conspire:Dentures"},{"floor":42,"key":"reliquary:ExpiredCoupon"},{"floor":43,"key":"Sundial"}],"event_choices":[{"damage_healed":70.0,"max_hp_gain":0.0,"max_hp_loss":70.0,"gold_gain":0.0,"event_name":"betterThird:BetterShining","player_choice":"Upgrade","floor":4.0,"gold_loss":0.0,"damage_taken":14.0,"cards_upgraded":["GoldRush","Koishi:MentalBreakdown"]},{"damage_healed":0.0,"max_hp_gain":0.0,"max_hp_loss":0.0,"gold_gain":0.0,"event_name":"conspire:Investor","player_choice":"Leave","floor":19.0,"gold_loss":0.0,"damage_taken":0.0}],"is_beta":false,"boss_relics":[{"not_picked":["SacredBark","Replay:Wanted Poster"],"picked":"conspire:SeveredTorchhead"},{"not_picked":["conspire:RoyalGoblet","ReplayTheSpireMod:DimensionalGlitch"],"picked":"REME_LowDesire"}],"items_purged_floors":[],"is_endless":false,"potions_floor_spawned":[3,13,18,21,30,31,33,35,38,41,44,48],"ascension_level":4}}