{"host":"eulzxnrdu6fkr5bd","time":1614016524,"event":{"mods":["AchievementEnabler","Act Like it!","BaseMod","Beaked The Cultist","Colored Map","Colored Powertips","Downfall","Highlight Path","Infinite Spire","Jorbs\u0027s Wanderer Trilogy","Minty Spire (QoL Compilation)","Quick Restart","Replay The Spire","StSLib","The Construct","The Jungle"],"gold_per_floor":[110,110,110,60,73,73,154,172,197,208,305,331,342,357,357,453,453,466,466,565,577,90,90,120,120,168,168,178,178,198,209,209,209,209],"floor_reached":33,"language":"ENG","playtime":4894,"items_purged":["construct:Strike_Gold"],"score":267,"play_id":"c63fc790-d4bc-47ce-bc3b-1a0afd4d2e53","local_time":"20210222115524","is_ascension_mode":false,"campfire_choices":[{"data":"construct:Autoturret","floor":6.0,"key":"SMITH"},{"floor":15.0,"key":"REST"},{"data":"construct:ClockworkEgg","floor":23.0,"key":"SMITH"},{"data":"construct:ClockworkEgg+1","floor":25.0,"key":"SMITH"},{"data":"construct:ClockworkEgg+2","floor":27.0,"key":"SMITH"},{"data":"construct:LaserCore","floor":29.0,"key":"SMITH"},{"data":"construct:DefenseMode","floor":32.0,"key":"SMITH"}],"circlet_count":0,"master_deck":["construct:Strike_Gold+1","construct:Strike_Gold+1","construct:Strike_Gold+1","construct:Strike_Gold","construct:Defend_Gold+1","construct:Defend_Gold","construct:Defend_Gold","construct:Defend_Gold","construct:AttackMode","construct:DefenseMode+1","construct:Autoturret+1","construct:PointDefense","construct:PointDefense","construct:ForceCore","construct:Reserves","construct:LaserCore+1","construct:FlameCore","construct:Zapper","construct:MetalShell","Finesse","construct:Failsafe+1"],"relics":["construct:ClockworkPhoenix","Matryoshka","Bag of Marbles","Whetstone","Vajra","Sundial","Bronze Scales","Bottled Lightning","Dream Catcher","Replay:Bandana","Molten Egg 2","Toxic Egg 2","Frozen Egg 2"],"acts_visited":["Exordium","TheCity"],"potions_floor_usage":[],"damage_taken":[{"damage":0.0,"enemies":"2 Louse","floor":1.0,"turns":4.0},{"damage":6.0,"enemies":"Jaw Worm","floor":5.0,"turns":3.0},{"damage":4.0,"enemies":"Small Slimes","floor":8.0,"turns":5.0},{"damage":7.0,"enemies":"Looter","floor":10.0,"turns":3.0},{"damage":29.0,"enemies":"Gremlin Nob","floor":12.0,"turns":4.0},{"damage":0.0,"enemies":"2 Fungi Beasts","floor":13.0,"turns":2.0},{"damage":0.0,"enemies":"Blue Slaver","floor":14.0,"turns":3.0},{"damage":12.0,"enemies":"Hexaghost","floor":16.0,"turns":12.0},{"damage":44.0,"enemies":"2 Thieves","floor":18.0,"turns":4.0},{"damage":5.0,"enemies":"Chosen","floor":21.0,"turns":6.0},{"damage":8.0,"enemies":"Nightmare","floor":24.0,"turns":13.0},{"damage":13.0,"enemies":"3 Cultists","floor":28.0,"turns":8.0},{"damage":14.0,"enemies":"Sentry and Sphere","floor":30.0,"turns":7.0},{"damage":0.0,"enemies":"Snake Plant","floor":31.0,"turns":5.0},{"damage":11,"enemies":"Pondfish","floor":33,"turns":5}],"seed_played":"-5484421205758029268","potions_obtained":[{"floor":5.0,"key":"construct:ShiftPotion"},{"floor":10.0,"key":"Explosive Potion"},{"floor":11.0,"key":"SmokeBomb"},{"floor":11.0,"key":"PowerPotion"},{"floor":14.0,"key":"champ:CounterPotion"},{"floor":16.0,"key":"Dexterity Potion"},{"floor":28.0,"key":"Block Potion"}],"is_trial":false,"path_per_floor":["M","?","?","?","M","R","T","M","T","M","?","E","M","M","R","B",null,"M","?","?","M","$","R","NM","R","T","R","M","R","M","M","R","B"],"character_chosen":"THE_CONSTRUCT_MOD","items_purchased":["construct:MetalShell","Bottled Lightning","Finesse"],"campfire_rested":1,"item_purchase_floors":[22,22,22],"current_hp_per_floor":[93,74,74,74,68,68,68,64,64,57,34,5,5,5,32,20,93,49,49,49,44,44,44,36,36,36,36,23,23,9,9,9,0,0],"gold":209,"neow_bonus":"TEN_PERCENT_HP_BONUS","is_daily":false,"chose_seed":false,"campfire_upgraded":6,"win_rate":0.0,"timestamp":1614016524,"path_taken":["M","?","?","?","M","R","?","M","T","M","?","E","M","M","R","BOSS","M","?","?","M","?","R","NM","R","T","R","M","R","M","M","R","BOSS"],"items_purchased_type":["Card","Relic","Card"],"build_version":"2020-12-22","purchased_purges":1,"victory":false,"max_hp_per_floor":[93,93,93,93,93,93,93,93,93,93,93,93,93,93,93,93,93,93,93,93,93,93,93,93,93,93,93,93,93,93,93,93,93,93],"card_choices":[{"not_picked":["construct:Antimatter","construct:BatteryAcid"],"picked":"construct:Autoturret","floor":1.0},{"not_picked":["construct:Autoturret","construct:Chainstrike"],"picked":"construct:PointDefense","floor":5.0},{"not_picked":["construct:SweepLaser","construct:Electrocute"],"picked":"construct:PointDefense","floor":8.0},{"not_picked":["construct:FierceBash","construct:Stasis","construct:VentSteam"],"picked":"SKIP","floor":10.0},{"not_picked":["construct:Accumulate","construct:VentSteam"],"picked":"construct:ForceCore","floor":11.0},{"not_picked":["construct:SaveState","construct:Boost"],"picked":"construct:Reserves","floor":12.0},{"not_picked":["construct:ModeShift","construct:FierceBash"],"picked":"construct:LaserCore","floor":13.0},{"not_picked":["construct:Boost","construct:Forcefield"],"picked":"construct:FlameCore","floor":14.0},{"not_picked":["construct:LongRangeLance","construct:Multistage"],"picked":"construct:ClockworkEgg","floor":16.0},{"not_picked":["construct:Anticipate","construct:ScrapCannon","construct:Tumble"],"picked":"SKIP","floor":18.0},{"not_picked":["construct:ScrapCannon","construct:Impenetrable"],"picked":"construct:Zapper","floor":21.0},{"not_picked":["construct:Versatility+1","construct:FocusedBeam+1","construct:OneWayMirror"],"picked":"SKIP","floor":24.0},{"not_picked":["construct:OneWayMirror+1","construct:Backup+1"],"picked":"construct:Failsafe+1","floor":28.0},{"not_picked":["construct:Stasis+1","construct:Overcharge+1","construct:ModeShift+1"],"picked":"SKIP","floor":30.0},{"not_picked":["construct:BatteryAcid+1","construct:Hazardproof+1","construct:Backfire+1"],"picked":"SKIP","floor":31.0}],"player_experience":489085,"relics_obtained":[{"floor":7.0,"key":"Matryoshka"},{"floor":9.0,"key":"Bag of Marbles"},{"floor":9.0,"key":"Whetstone"},{"floor":11.0,"key":"Vajra"},{"floor":11.0,"key":"Sundial"},{"floor":12.0,"key":"Bronze Scales"},{"floor":24.0,"key":"Dream Catcher"},{"floor":26.0,"key":"Replay:Bandana"}],"event_choices":[{"damage_healed":0.0,"max_hp_gain":0.0,"max_hp_loss":0.0,"gold_gain":0.0,"event_name":"Shining Light","player_choice":"Entered Light","floor":2.0,"gold_loss":0.0,"damage_taken":19.0,"cards_upgraded":["construct:Strike_Gold","construct:Defend_Gold"]},{"damage_healed":0.0,"max_hp_gain":0.0,"max_hp_loss":0.0,"gold_gain":0.0,"event_name":"Liars Game","player_choice":"Ignored","floor":3.0,"gold_loss":0.0,"damage_taken":0.0},{"cards_removed":["construct:Defend_Gold"],"damage_healed":0.0,"max_hp_gain":0.0,"max_hp_loss":0.0,"gold_gain":0.0,"event_name":"The Cleric","player_choice":"Card Removal","floor":4.0,"gold_loss":50.0,"damage_taken":0.0},{"damage_healed":0.0,"max_hp_gain":0.0,"max_hp_loss":0.0,"gold_gain":0.0,"event_name":"The Mausoleum","player_choice":"Ignored","floor":19.0,"gold_loss":0.0,"damage_taken":0.0},{"damage_healed":0.0,"max_hp_gain":0.0,"max_hp_loss":0.0,"gold_gain":99.0,"event_name":"Nest","player_choice":"Stole From Cult","floor":20.0,"gold_loss":0.0,"damage_taken":0.0}],"is_beta":false,"boss_relics":[{"not_picked":["bronze:MakeshiftBattery","Replay:Drink Me","Snecko Eye"]}],"items_purged_floors":[22],"is_endless":false,"potions_floor_spawned":[5,10,12,14,16,18,28,30],"killed_by":"Pondfish","ascension_level":0}}