{"host":"gbop6m4qugddaz18","time":1614037581,"event":{"mods":["2.2 Compatiblity","BaseMod","Better Third Choice","Block Reminder","Downfall","GifTheSpireLib","Highlight Path","Minty Spire (QoL Compilation)","Replay The Spire","StSLib"],"gold_per_floor":[99,118,132,132,132,167,191,191,31,31,50,50,50,64,64,82,102,204,204,204,222,5,26,26,26,26,26],"floor_reached":25,"language":"ENG","playtime":2582,"items_purged":[],"score":199,"play_id":"8a534fa6-7667-4ea4-8254-8415b465c66a","local_time":"20210222184621","is_ascension_mode":false,"campfire_choices":[{"data":"bronze:FindAndReplace","floor":1,"key":"SMITH"},{"floor":15,"key":"REST"},{"floor":20,"key":"DIG"}],"circlet_count":0,"master_deck":["bronze:Strike","bronze:Strike","bronze:Strike","bronze:Strike+1","bronze:Defend","bronze:Defend","bronze:Defend+1","bronze:Defend","bronze:Replicate","bronze:Goto","bronze:FindAndReplace+1","bronze:Repulsor+1","bronze:Frontload","bronze:DelayedGuard+1","bronze:Repair","bronze:DelayedSlice","bronze:BuggyMess","bronze:Overheat","bronze:DelayedSlice","bronze:WhirlingStrike","bronze:ChosenStrike","bronze:DelayedGuard","bronze:AlphaBuild","bronze:OilSpill+1","bronze:ClassDefault","bronze:HardenedForm","bronze:BuggyMess+1","bronze:DelayedSlice","expansioncontent:AwakenDeath","bronze:Deprecate","bronze:WhirlingStrike","Parasite"],"relics":["bronze:BronzeCore","Ancient Tea Set","Turnip","ReplayTheSpireMod:TigerMarble","Blood Vial","Philosopher\u0027s Stone","Question Card","Replay:Baseball"],"acts_visited":["Exordium","TheCity"],"potions_floor_usage":[18,18],"damage_taken":[{"damage":2,"enemies":"Cultist","floor":2,"turns":5},{"damage":8,"enemies":"Jaw Worm","floor":3,"turns":4},{"damage":42,"enemies":"Gremlin Nob","floor":6,"turns":7},{"damage":0,"enemies":"downfall:FleeingMerchant","floor":9,"turns":4},{"damage":0,"enemies":"Small Slimes","floor":11,"turns":4},{"damage":0,"enemies":"Blue Slaver","floor":14,"turns":2},{"damage":0,"enemies":"3 Louse","floor":16,"turns":2},{"damage":0,"enemies":"Exordium Wildlife","floor":17,"turns":2},{"damage":11,"enemies":"WA_ARCHETYPE_RETAIN","floor":18,"turns":8},{"damage":0,"enemies":"3 Byrds","floor":21,"turns":3},{"damage":16,"enemies":"downfall:FleeingMerchant","floor":22,"turns":4},{"damage":20,"enemies":"downfall:FleeingMerchant","floor":23,"turns":4},{"damage":52,"enemies":"Gremlin Leader","floor":25,"turns":3}],"seed_played":"-559149865099487309","potions_obtained":[{"floor":2,"key":"Elixir"},{"floor":14,"key":"LifebloodPotion"},{"floor":16,"key":"Block Potion"},{"floor":21,"key":"bronze:BurnAndBuffPotion"}],"is_trial":false,"path_per_floor":["R","M","M","?","?","E","T","?","$","?","M","PTL","PTL","M","R","M","M","B",null,"R","M","$","$","?","E"],"character_chosen":"THE_AUTOMATON","items_purchased":["bronze:DelayedSlice","bronze:BuggyMess","bronze:Overheat","bronze:HardenedForm","bronze:BuggyMess+1","Replay:Baseball","expansioncontent:AwakenDeath","bronze:Deprecate","bronze:WhirlingStrike"],"campfire_rested":1,"item_purchase_floors":[9,9,9,22,22,23,23,23,23],"current_hp_per_floor":[70,68,60,45,45,3,3,3,5,5,14,14,14,16,37,46,55,56,70,70,70,61,43,43,0,0,0],"gold":26,"neow_bonus":"ONE_RANDOM_RARE_CARD","is_daily":false,"chose_seed":false,"campfire_upgraded":1,"win_rate":0.0,"timestamp":1614037581,"path_taken":["R","M","M","?","?","E","T","?","?","?","M","PTL","PTL","M","R","?","M","BOSS","R","M","?","$","?","E"],"items_purchased_type":["Card","Card","Card","Card","Card","Relic","Card","Card","Card"],"build_version":"2020-12-22","purchased_purges":0,"victory":false,"max_hp_per_floor":[70,70,70,70,70,70,70,70,70,70,70,70,70,70,70,70,70,70,70,70,70,70,70,70,70,70,70],"card_choices":[{"not_picked":["bronze:BitShift","bronze:Overheat"],"picked":"bronze:Repulsor","floor":2},{"not_picked":["bronze:BitShift","bronze:BuggyMess"],"picked":"bronze:Frontload","floor":3},{"not_picked":["bronze:Virus","bronze:FineTuning"],"picked":"bronze:DelayedGuard","floor":6},{"not_picked":["bronze:ChildClass","bronze:BitShift"],"picked":"bronze:Repair","floor":9},{"not_picked":["bronze:Deprecate","bronze:CloningBeam"],"picked":"bronze:DelayedSlice","floor":11},{"not_picked":["bronze:DarkDash","bronze:ForLoop"],"picked":"bronze:WhirlingStrike","floor":14},{"not_picked":["bronze:FineTuning","bronze:Iterate"],"picked":"bronze:ChosenStrike","floor":16},{"not_picked":["bronze:Allocate","bronze:Fortify"],"picked":"bronze:DelayedGuard","floor":17},{"not_picked":["bronze:RecursiveStrike","bronze:SpaghettiCode"],"picked":"bronze:AlphaBuild","floor":18},{"not_picked":["bronze:DigitalCarnage","bronze:Branch","bronze:Allocate"],"picked":"bronze:OilSpill+1","floor":21},{"not_picked":["bronze:WhirlingStrike","bronze:BugBarrage","bronze:Deprecate+1"],"picked":"bronze:ClassDefault","floor":22},{"not_picked":["bronze:Backtrace","bronze:Virus","bronze:Invalidate"],"picked":"bronze:DelayedSlice","floor":23}],"player_experience":614614,"relics_obtained":[{"floor":6,"key":"ReplayTheSpireMod:TigerMarble"},{"floor":7,"key":"Blood Vial"},{"floor":20,"key":"Question Card"}],"event_choices":[{"damage_healed":0,"gold_gain":1,"player_choice":"Relic Relic ","damage_taken":15,"max_hp_gain":0,"max_hp_loss":0,"event_name":"betterThird:BetterScrap","floor":4,"gold_loss":0,"cards_obtained":["Tempest"]},{"damage_healed":0,"gold_gain":0,"player_choice":"Grow","damage_taken":0,"max_hp_gain":0,"max_hp_loss":0,"event_name":"Living Wall","floor":5,"gold_loss":0,"cards_upgraded":["bronze:Repulsor"]}],"is_beta":false,"boss_relics":[{"not_picked":["Empty Cage","Replay:Wanted Poster"],"picked":"Philosopher\u0027s Stone"}],"items_purged_floors":[],"is_endless":false,"potions_floor_spawned":[2,14,16,17,21],"killed_by":"Gremlin Leader","ascension_level":0}}