{"host":"ymmeoa1x24ihslbm","time":1614019074,"event":{"mods":["AchievementEnabler","BaseMod","Colored Map","Colored Powertips","Defuse TimeMaze Blight","Highlight Path","Minty Spire (QoL Compilation)","Permanent Neow","Quick Restart","StSLib","The Senshi","Unceasing Turn Reminder"],"gold_per_floor":[111,127,202,202,218,218,237,249,249,249,284,284,284,313,313,414,414,427,21,32,45,59,59,84,84,110,210,236,246,278,293,293,392,392,404,257,357,375,425,425,453,453,480,480,508,518,528,560,560,560],"floor_reached":51,"language":"ENG","playtime":2542,"items_purged":[],"score":1442,"play_id":"07cc781e-ede7-474a-b1e5-567158380182","local_time":"20210222193754","is_ascension_mode":true,"campfire_choices":[{"data":"theSenshi:SailorMarsAssists","floor":6.0,"key":"SMITH"},{"data":"theSenshi:MoonCrisisMakeUp","floor":12,"key":"SMITH"},{"data":"1","floor":15,"key":"LIFT"},{"data":"2","floor":23,"key":"LIFT"},{"data":"3","floor":25,"key":"LIFT"},{"data":"theSenshi:SailorKick","floor":32,"key":"SMITH"},{"data":"theSenshi:SailorKick","floor":40,"key":"SMITH"},{"data":"theSenshi:SailorKick","floor":42,"key":"SMITH"},{"data":"theSenshi:IWillPunishYou","floor":49,"key":"SMITH"}],"circlet_count":0,"master_deck":["theSenshi:SailorKick+1","theSenshi:SailorKick+1","theSenshi:SailorKick+1","theSenshi:SailorBlock","theSenshi:SailorBlock","theSenshi:SailorBlock","theSenshi:SailorBlock","theSenshi:RoseThrow+1","theSenshi:MoonPrismPowerMakeUp","theSenshi:SailorMarsAssists+1","theSenshi:MoonCrisisMakeUp+1","theSenshi:SailorSaturnAssists+1","theSenshi:StarlightHoneymoonTherapyKiss+1","theSenshi:SailorChibiMoonAssists+1","theSenshi:CrisisMakeUp+1","theSenshi:KlutzyLuck+1","theSenshi:JupitersPower+1","theSenshi:MoonPrincessHalation+1","theSenshi:IWillPunishYou+1"],"relics":["theSenshi:TransformationBroochRelic","HornCleat","Anchor","Potion Belt","Molten Egg 2","Girya","SacredBark","TheAbacus","Frozen Egg 2","Boot","Akabeko","Gambling Chip","Pear","White Beast Statue","theSenshi:EternalTiareRelic","SlaversCollar","theSenshi:CrystalStarRelic","Lizard Tail","Shuriken","Happy Flower","Gremlin Horn","Thread and Needle"],"acts_visited":["Exordium","TheCity","TheBeyond"],"potions_floor_usage":[18,20,21,24,27,30,33,38,38,39,45,47,50,50,50,50],"damage_taken":[{"damage":0.0,"enemies":"Jaw Worm","floor":1.0,"turns":3.0},{"damage":0.0,"enemies":"Cultist","floor":2.0,"turns":3.0},{"damage":8.0,"enemies":"2 Louse","floor":5.0,"turns":3.0},{"damage":1.0,"enemies":"Blue Slaver","floor":7.0,"turns":3.0},{"damage":4.0,"enemies":"Red Slaver","floor":8.0,"turns":2.0},{"damage":18,"enemies":"3 Sentries","floor":11,"turns":8},{"damage":5,"enemies":"Lagavulin","floor":14,"turns":6},{"damage":0,"enemies":"The Guardian","floor":16,"turns":12},{"damage":0,"enemies":"2 Thieves","floor":18,"turns":4},{"damage":0,"enemies":"3 Byrds","floor":20,"turns":5},{"damage":4,"enemies":"Snake Plant","floor":21,"turns":4},{"damage":5,"enemies":"Snecko","floor":22,"turns":4},{"damage":12,"enemies":"Gremlin Leader","floor":24,"turns":5},{"damage":5,"enemies":"Colosseum Slavers","floor":27,"turns":2},{"damage":0,"enemies":"Colosseum Nobs","floor":27,"turns":6},{"damage":5,"enemies":"Book of Stabbing","floor":28,"turns":6},{"damage":0,"enemies":"Centurion and Healer","floor":29,"turns":3},{"damage":0,"enemies":"Slavers","floor":30,"turns":3},{"damage":0,"enemies":"Snake Plant","floor":31,"turns":3},{"damage":4,"enemies":"Champ","floor":33,"turns":6},{"damage":0,"enemies":"Orb Walker","floor":35,"turns":3},{"damage":0,"enemies":"3 Darklings","floor":38,"turns":3},{"damage":0,"enemies":"2 Orb Walkers","floor":39,"turns":3},{"damage":0,"enemies":"Giant Head","floor":41,"turns":4},{"damage":16,"enemies":"Reptomancer","floor":45,"turns":4},{"damage":0,"enemies":"Spire Growth","floor":46,"turns":4},{"damage":0,"enemies":"Jaw Worm Horde","floor":47,"turns":3},{"damage":0,"enemies":"Nemesis","floor":48,"turns":3},{"damage":6,"enemies":"Donu and Deca","floor":50,"turns":5}],"seed_played":"8006110043058261555","potions_obtained":[{"floor":5.0,"key":"FearPotion"},{"floor":7.0,"key":"Ancient Potion"},{"floor":16,"key":"BlessingOfTheForge"},{"floor":18,"key":"Fire Potion"},{"floor":20,"key":"BlessingOfTheForge"},{"floor":21,"key":"DistilledChaos"},{"floor":27,"key":"SkillPotion"},{"floor":29,"key":"EssenceOfSteel"},{"floor":30,"key":"GamblersBrew"},{"floor":31,"key":"PowerPotion"},{"floor":33,"key":"EssenceOfSteel"},{"floor":35,"key":"LiquidMemories"},{"floor":38,"key":"Explosive Potion"},{"floor":39,"key":"FearPotion"},{"floor":41,"key":"DuplicationPotion"},{"floor":45,"key":"Dexterity Potion"},{"floor":46,"key":"ColorlessPotion"},{"floor":47,"key":"SneckoOil"},{"floor":48,"key":"LiquidMemories"}],"is_trial":false,"path_per_floor":["M","M","?","T","M","R","M","M","T","?","E","R","T","E","R","B",null,"M","$","M","M","M","R","E","R","T","?","E","M","E","M","R","B",null,"M","$","?","M","?","R","E","R","T","?","E","M","M","E","R","B",null],"character_chosen":"THE_SENSHI","items_purchased":["TheAbacus","Frozen Egg 2","theSenshi:CrystalStarRelic"],"campfire_rested":0,"item_purchase_floors":[19,19,36],"current_hp_per_floor":[68,68,57,57,49,49,48,44,44,37,19,19,19,14,14,44,67,72,72,75,75,70,70,68,68,68,83,83,85,85,85,85,85,85,85,85,85,85,85,85,85,85,85,85,76,85,85,85,85,85],"gold":560,"neow_bonus":"UPGRADE_CARD","is_daily":false,"chose_seed":false,"campfire_upgraded":6,"win_rate":0.0,"timestamp":1614019074,"path_taken":["M","M","?","?","M","R","M","?","T","?","E","R","?","E","R","BOSS","M","$","M","M","M","R","E","R","T","?","E","M","E","M","R","BOSS","M","$","?","?","?","R","E","R","T","?","E","M","M","E","R","BOSS"],"items_purchased_type":["Relic","Relic","Relic"],"build_version":"2020-12-22","purchased_purges":0,"victory":true,"max_hp_per_floor":[75,75,75,75,75,75,75,75,75,75,75,75,75,75,75,75,75,75,75,75,75,75,75,75,75,75,85,85,85,85,85,85,85,85,85,85,85,85,85,85,85,85,85,85,85,85,85,85,85,85],"card_choices":[{"not_picked":["theSenshi:MoonPunch","theSenshi:TallSilhouette"],"picked":"theSenshi:SailorMarsAssists","floor":1.0},{"not_picked":["theSenshi:Sidestep","theSenshi:SchoolBag","theSenshi:MoonsReflection"],"picked":"SKIP","floor":2.0},{"not_picked":["theSenshi:YouCanTalk","theSenshi:TuxedoSmokingBomber","theSenshi:Sidestep"],"picked":"SKIP","floor":5.0},{"not_picked":["theSenshi:MoonsReflection","theSenshi:CrisisMakeUp","theSenshi:Sidestep"],"picked":"SKIP","floor":7.0},{"not_picked":["theSenshi:MoonPunch","theSenshi:FatedKiss"],"picked":"theSenshi:MoonCrisisMakeUp","floor":8.0},{"not_picked":["theSenshi:SailorPlutoAssists","theSenshi:SchoolBag","theSenshi:CrisisMakeUp"],"picked":"SKIP","floor":11},{"not_picked":["theSenshi:TuxedoMaskAssists+1","theSenshi:LunasBite+1"],"picked":"theSenshi:SailorSaturnAssists+1","floor":14},{"not_picked":["theSenshi:SailorPlutoAssists+1","theSenshi:SailorStarHealerAssists"],"picked":"theSenshi:StarlightHoneymoonTherapyKiss+1","floor":16},{"not_picked":["theSenshi:SupersonicWaves+1","theSenshi:LateForSchool+1","theSenshi:TallSilhouette"],"picked":"SKIP","floor":18},{"not_picked":["theSenshi:InTheNickOfTime","theSenshi:LateForSchool","theSenshi:MoonPrincessHalation+1"],"picked":"SKIP","floor":20},{"not_picked":["theSenshi:SailorJupiterAssists+1","theSenshi:SailorStarFighterAssists+1","theSenshi:MoonTiaraMagic+1"],"picked":"SKIP","floor":21},{"not_picked":["theSenshi:SupersonicWaves+1","theSenshi:Sidestep"],"picked":"theSenshi:SailorChibiMoonAssists+1","floor":22},{"not_picked":["theSenshi:MoonsReflection","theSenshi:TuxedoSmokingBomber+1","theSenshi:MoonCosmicPowerMakeUp+1"],"picked":"SKIP","floor":24},{"not_picked":["theSenshi:LunasBite+1","theSenshi:SailorVenusAssists+1"],"picked":"theSenshi:CrisisMakeUp+1","floor":27},{"not_picked":["theSenshi:LunasBite+1","theSenshi:MoonPunch+1"],"picked":"theSenshi:KlutzyLuck+1","floor":28},{"not_picked":["theSenshi:MoonSpiralHeartAttack+1","theSenshi:MoonCrystalPowerMakeUp+1","theSenshi:EncouragingSpeech"],"picked":"SKIP","floor":29},{"not_picked":["theSenshi:LunasBite+1","theSenshi:PlutosSolemnity+1","theSenshi:SupersonicWaves+1"],"picked":"SKIP","floor":30},{"not_picked":["theSenshi:LunasBite+1","theSenshi:MoonPower+1","theSenshi:SailorChibiMoonAssists+1"],"picked":"SKIP","floor":31},{"not_picked":["theSenshi:WarriorOfTheMoon","theSenshi:GlimpseOfThePast+1"],"picked":"theSenshi:JupitersPower+1","floor":33},{"not_picked":["theSenshi:SailorStarMakerAssists+1","theSenshi:MoonKick+1","theSenshi:SailorPlanetPower+1"],"picked":"SKIP","floor":35},{"not_picked":["theSenshi:Sidestep+1","theSenshi:KlutzyLuck+1"],"picked":"theSenshi:MoonPrincessHalation+1","floor":38},{"not_picked":["theSenshi:Sidestep+1","theSenshi:HesSoDreamy","theSenshi:LateForSchool"],"picked":"SKIP","floor":41},{"not_picked":["theSenshi:HesSoDreamy","theSenshi:SailorChibiMoonAssists+1","theSenshi:SchoolBag"],"picked":"SKIP","floor":45},{"not_picked":["theSenshi:InTheNickOfTime","theSenshi:EncouragingSpeech+1","theSenshi:SchoolBag"],"picked":"SKIP","floor":46},{"not_picked":["theSenshi:RainbowMoonHeartAche+1","theSenshi:MoonKick+1","theSenshi:MoonPower+1"],"picked":"SKIP","floor":47},{"not_picked":["theSenshi:SailorMercuryAssists","theSenshi:HesSoDreamy+1"],"picked":"theSenshi:IWillPunishYou","floor":48}],"player_experience":765692,"relics_obtained":[{"floor":4.0,"key":"HornCleat"},{"floor":9.0,"key":"Anchor"},{"floor":11,"key":"Potion Belt"},{"floor":13,"key":"Molten Egg 2"},{"floor":14,"key":"Girya"},{"floor":24,"key":"Boot"},{"floor":26,"key":"Akabeko"},{"floor":27,"key":"Gambling Chip"},{"floor":27,"key":"Pear"},{"floor":28,"key":"White Beast Statue"},{"floor":30,"key":"theSenshi:EternalTiareRelic"},{"floor":39,"key":"Lizard Tail"},{"floor":41,"key":"Shuriken"},{"floor":43,"key":"Happy Flower"},{"floor":45,"key":"Gremlin Horn"},{"floor":48,"key":"Thread and Needle"}],"event_choices":[{"damage_healed":0.0,"max_hp_gain":0.0,"max_hp_loss":0.0,"gold_gain":75.0,"event_name":"World of Goop","player_choice":"Gather Gold","floor":3.0,"gold_loss":0.0,"damage_taken":11.0},{"cards_removed":["theSenshi:SailorKick"],"damage_healed":0.0,"max_hp_gain":0.0,"max_hp_loss":0.0,"gold_gain":0.0,"event_name":"Golden Wing","player_choice":"Card Removal","floor":10.0,"gold_loss":0.0,"damage_taken":7.0},{"damage_healed":0,"gold_gain":0,"player_choice":"Fight","damage_taken":0,"max_hp_gain":0,"max_hp_loss":0,"event_name":"Colosseum","floor":27,"gold_loss":0},{"damage_healed":0,"gold_gain":0,"player_choice":"Fought Nobs","damage_taken":0,"max_hp_gain":0,"max_hp_loss":0,"event_name":"Colosseum","floor":27,"gold_loss":0},{"damage_healed":0,"gold_gain":100,"player_choice":"Pray","damage_taken":0,"max_hp_gain":0,"max_hp_loss":0,"event_name":"Golden Shrine","floor":37,"gold_loss":0},{"damage_healed":0,"gold_gain":0,"player_choice":"Fight","damage_taken":0,"max_hp_gain":0,"max_hp_loss":0,"event_name":"Mysterious Sphere","floor":39,"gold_loss":0},{"damage_healed":0,"gold_gain":0,"player_choice":"Memory 1","damage_taken":0,"max_hp_gain":0,"max_hp_loss":0,"event_name":"SensoryStone","floor":44,"gold_loss":0}],"is_beta":false,"boss_relics":[{"not_picked":["theSenshi:MoonKaleidoScopeRelic","Runic Pyramid"],"picked":"SacredBark"},{"not_picked":["Astrolabe","Snecko Eye"],"picked":"SlaversCollar"}],"items_purged_floors":[],"is_endless":false,"potions_floor_spawned":[5,7,16,18,20,21,27,29,30,31,33,35,38,39,41,45,46,47,48],"ascension_level":8}}