{"host":"4c7m9tuvqombcnjj","time":1614006460,"event":{"mods":["100% Spire Juice","ATMod(°¢èªMod)","Act Like it!","Aspiration","Astrologer","BaseMod","Chen","Conspire","Dota2Spire","Downfall","Gensokyo","GungeonMod","Hallownest","HololiveMod","Jedi Mod","Jorbs\u0027s Wanderer Trilogy","Koishi","KomeijiMod","Lobotomy","LobotomyExtend","Minty Spire (QoL Compilation)","MostiFishMod","Prisma Mod","Quarter Circle Forward PUNCH!","Reimu£¨²©ÀöÁéÃÎ£©","Reliquary","Remilia£¨ÀÙÃ×ÀòÑÇ£©","Replay The Spire","Robot Space Explorer","RumiaBox-Â¶Ã×æ«µÄÉñÃØºÐ×Ó","Smile Girya","StSLib","TestMod","The Alterego","The Animator","The Bug Knight","The Construct","The Cursed","The Gatherer","The Hierophant","The Jungle","The Runesmith","WarShipGirlsR/Õ½½¢ÉÙÅ®R mod","Yuri Mod","Yuyuko","[IsaacMod]ÒÔÈö¼âËþ","¡¾¹¦ÄÜMod¡¿»ìãçÖ®»·ÐÞ¸´²¹¶¡","¡¾ÒÅÎï¿¨ÅÆ¡¿REMEMod"],"gold_per_floor":[112,3,16,16,26,51,51,70,117,151,31,49,49,49,49,144,24,37,54,66,78,98,131,11,11,34,34,54,69,69,85,85,188,68,81,98,45,55,67,93,106,106,133,161,180,199,48,64,64,64,64,64,64,-1383,-1354,-1354,-1354],"floor_reached":56,"language":"ZHS","playtime":2964,"items_purged":[],"score":1224,"play_id":"bd2576a0-dddd-4676-94d0-b469c78a622f","local_time":"20210222230740","is_ascension_mode":false,"campfire_choices":[{"floor":7,"key":"RECALL"},{"data":"Moonworks:GoAway","floor":13,"key":"SMITH"},{"data":"AT_FamilyPortrait","floor":15,"key":"SMITH"},{"data":"Moonworks:Wanted","floor":27,"key":"SMITH"},{"data":"Moonworks:ReflectiveShell","floor":30,"key":"SMITH"},{"data":"stsjorbsmod:HoldMonster","floor":32,"key":"SMITH"},{"data":"Moonworks:AccelHyper","floor":42,"key":"SMITH"},{"data":"Moonworks:LongDistanceShot","floor":49,"key":"SMITH"},{"data":"AT_EmpoweredMortalDraw","floor":53,"key":"SMITH"}],"circlet_count":0,"master_deck":["Moonworks:Strike","Moonworks:Strike","Moonworks:Strike","Moonworks:Strike","Moonworks:Defend","Moonworks:Defend","Moonworks:Defend","Moonworks:Defend","Moonworks:Ambush","Moonworks:LongDistanceShot+1","BloodyBrimstone","AT_FamilyPortrait+1","stsjorbsmod:HoldMonster+1","Moonworks:AccelHyper+1","Moonworks:EvilSpyWorkPreparation","Moonworks:CloudOfSeagulls","Moonworks:JonathanRush","Moonworks:AngelHand","Moonworks:Wanted+1","Moonworks:LulusLuckyEgg","Moonworks:GoAway+1","Moonworks:JonathanRush","Moonworks:EvilMastermind","AT_EmpoweredMortalDraw+1","Moonworks:EvilSpyWorkPreparation","Moonworks:AwakeningOfTalent+1","Moonworks:JonathanRush","Moonworks:Heat300Percent","Moonworks:DeployBits","Moonworks:MetallicMonocoque","Ghostly","Ghostly","Ghostly","Ghostly","Ghostly","Moonworks:ReflectiveShell+1","Moonworks:MetallicMonocoque","Moonworks:x16BigRocket","Moonworks:AnotherUltimateWeapon","Moonworks:EvilSpyWorkPreparation+1","Moonworks:DeployBits","Moonworks:EvilSpyWorkPreparation","Moonworks:DevilHand+1","Moonworks:SakisCookie+1","Moonworks:PlushieMaster","Moonworks:EvilSpyWorkPreparation","Moonworks:BackdoorTrade+1","Moonworks:LulusLuckyEgg+1","Parasite","Moonworks:AnotherUltimateWeapon","Moonworks:JonathanRush+1","Moonworks:JonathanRush","Moonworks:JonathanRush"],"relics":["Moonworks:BrokenBomb","Moonworks:Homemark","HushsDoor","REME_ComplimentaryCards","DaveBox","testmod-TestBox","AT_ATBox","testmod-ArcanaOfDestiny","Nloth\u0027s Gift","DeadEye","SynthV:TestCard","Bag of Marbles","DemoMod:Relodestone","AT_MortalBlade","JudasShadow","reliquary:SilkGlove","DemoMod:PoisonVial","testmod-BatchProcessingSystem","White Beast Statue","reliquary:Spinner","Runesmith:Nanobots","Strawberry","SynthV:MejaisSoulstealer","DemoMod:GlassGuonStoneRelic","Dota2Spire:ShadowBlade"],"acts_visited":["Exordium","TheCity","TheBeyond","TheEnding"],"potions_floor_usage":[23,55,56],"damage_taken":[{"damage":0,"enemies":"Cultist","floor":1,"turns":2},{"damage":1,"enemies":"Jaw Worm","floor":2,"turns":3},{"damage":4,"enemies":"2 Louse","floor":3,"turns":2},{"damage":6,"enemies":"Lots of Slimes","floor":5,"turns":3},{"damage":14,"enemies":"HollowMod:MossKnight","floor":6,"turns":7},{"damage":0,"enemies":"Large Slime","floor":8,"turns":3},{"damage":0,"enemies":"3 Sentries","floor":10,"turns":3},{"damage":0,"enemies":"Looter","floor":12,"turns":2},{"damage":0,"enemies":"Slime Boss","floor":16,"turns":7},{"damage":6,"enemies":"2 Thieves","floor":18,"turns":2},{"damage":0,"enemies":"Chosen","floor":19,"turns":3},{"damage":0,"enemies":"Centurion and Healer","floor":20,"turns":2},{"damage":1,"enemies":"Sentry and Sphere","floor":21,"turns":4},{"damage":0,"enemies":"Shelled Parasite and Fungi","floor":22,"turns":3},{"damage":43,"enemies":"Book of Stabbing","floor":23,"turns":5},{"damage":0,"enemies":"Snecko","floor":28,"turns":2},{"damage":0,"enemies":"Cultist and Chosen","floor":29,"turns":1},{"damage":0,"enemies":"conspire:HollyBat","floor":31,"turns":5},{"damage":0,"enemies":"Collector","floor":33,"turns":2},{"damage":0,"enemies":"3 Darklings","floor":35,"turns":3},{"damage":0,"enemies":"Orb Walker","floor":36,"turns":3},{"damage":0,"enemies":"Jaw Worm Horde","floor":38,"turns":1},{"damage":0,"enemies":"Sphere and 2 Shapes","floor":39,"turns":2},{"damage":0,"enemies":"HollowMod:StalkingDevout","floor":40,"turns":6},{"damage":0,"enemies":"Transient","floor":41,"turns":5},{"damage":0,"enemies":"Nemesis","floor":44,"turns":3},{"damage":0,"enemies":"HollowMod:SlobberingHusk","floor":45,"turns":4},{"damage":0,"enemies":"Writhing Mass","floor":46,"turns":2},{"damage":0,"enemies":"Jaw Worm Horde","floor":48,"turns":3},{"damage":0,"enemies":"Time Eater","floor":50,"turns":4},{"damage":0,"enemies":"Shield and Spear","floor":55,"turns":2},{"damage":9,"enemies":"The Heart","floor":56,"turns":2}],"seed_played":"-3629396517344745873","potions_obtained":[{"floor":3,"key":"Block Potion"},{"floor":8,"key":"jedi:StrikingPotion"},{"floor":10,"key":"Elixir"},{"floor":16,"key":"bronze:BurnAndBuffPotion"},{"floor":31,"key":"Swift Potion"},{"floor":44,"key":"testmod-TimePotion"},{"floor":48,"key":"DistilledChaos"},{"floor":55,"key":"Explosive Potion"}],"is_trial":false,"path_per_floor":["M","M","M","$","M","E","R","M","T","E","$","M","R","T","R","B",null,"M","M","M","M","M","E","$","?","T","R","M","M","R","M","R","B",null,"M","M","$","M","M","E","M","R","T","E","M","M","$","M","R","B",null,null,"R","$","E","B"],"character_chosen":"THE_STARBREAKER","items_purchased":["JudasShadow","Moonworks:EvilSpyWorkPreparation","Strawberry","Moonworks:JonathanRush","SynthV:MejaisSoulstealer"],"campfire_rested":0,"item_purchase_floors":[17,37,47,54,54],"current_hp_per_floor":[60,59,55,55,49,35,35,35,35,35,35,35,35,35,35,35,47,41,41,41,40,40,1,1,1,1,1,1,1,1,1,1,1,1,1,1,1,1,1,1,1,1,1,1,1,1,8,8,8,8,8,8,8,8,8,0,0],"gold":-1354,"neow_bonus":"ONE_RANDOM_RARE_CARD","is_daily":false,"chose_seed":false,"campfire_upgraded":8,"win_rate":0.0,"timestamp":1614006460,"path_taken":["M","M","M","$","M","E","R","M","T","E","$","M","R","?","R","BOSS","M","M","M","M","M","E","$","?","T","R","M","M","R","M","R","BOSS","M","M","$","M","M","E","M","R","T","E","M","M","?","M","R","BOSS","R","$","E","BOSS"],"items_purchased_type":["Relic","Card","Relic","Card","Relic"],"build_version":"2020-12-22","purchased_purges":0,"victory":false,"max_hp_per_floor":[60,60,60,60,60,60,60,60,60,60,60,60,60,60,60,60,47,47,47,47,47,47,1,1,1,1,1,1,1,1,1,1,1,1,1,1,1,1,1,1,1,1,1,1,1,1,8,8,8,8,8,8,8,8,8,8,8],"card_choices":[{"not_picked":[],"picked":"BloodyBrimstone","floor":0},{"not_picked":["Moonworks:HolyNight","Moonworks:CloudOfSeagulls"],"picked":"Moonworks:EvilSpyWorkPreparation","floor":1},{"not_picked":["Moonworks:LulusLuckyEgg","Moonworks:ImOnFire","Moonworks:EvilSpyWorkPreparation","Moonworks:UnluckyCharm"],"picked":"Moonworks:CloudOfSeagulls","floor":2},{"not_picked":["Moonworks:LulusLuckyEgg","Moonworks:RedAndBlue","Moonworks:AwakeningOfTalent","Moonworks:CookingTime"],"picked":"Moonworks:JonathanRush","floor":3},{"not_picked":["Moonworks:FinalBattle","Moonworks:Heat300Percent","Moonworks:CloudOfSeagulls","Moonworks:ImOnFire"],"picked":"Moonworks:AngelHand","floor":5},{"not_picked":["Moonworks:SinkOrSwim","Moonworks:FullSpeedAlicianrone","Moonworks:CompletionReward","Moonworks:BeyondHell"],"picked":"Moonworks:Wanted","floor":6},{"not_picked":["Moonworks:TreasureThief","Moonworks:CastOff","Moonworks:UnpaidWork","Moonworks:BigMagnum"],"picked":"Moonworks:LulusLuckyEgg","floor":8},{"not_picked":["Moonworks:IntelligenceOfficer","Moonworks:Assault","Moonworks:UnluckyCharm","Moonworks:LulusLuckyEgg"],"picked":"Moonworks:GoAway","floor":10},{"not_picked":["Moonworks:LulusLuckyEgg","Moonworks:Assault","Moonworks:TacticalRetreat","Moonworks:DeployBits"],"picked":"Moonworks:JonathanRush","floor":12},{"not_picked":["Moonworks:ReflectiveShell","Moonworks:GoAway","Moonworks:Blazing","Moonworks:FinalBattle"],"picked":"Moonworks:EvilMastermind","floor":16},{"not_picked":["Moonworks:DeployBits","Moonworks:SakisCookie+1","Moonworks:IndiscriminateFireSupport","Moonworks:MiracleRedBeanIceCream"],"picked":"Moonworks:EvilSpyWorkPreparation","floor":18},{"not_picked":["Moonworks:NicePresent","Moonworks:ImOnFire","Moonworks:MixPhenomenon","Moonworks:CloudOfSeagulls"],"picked":"Moonworks:AwakeningOfTalent+1","floor":19},{"not_picked":["Moonworks:ImOnFire","Moonworks:NicePresent","Moonworks:UnluckyCharm","Moonworks:BigMagnum"],"picked":"Moonworks:JonathanRush","floor":20},{"not_picked":["Moonworks:BigMagnum","Moonworks:ImOnFire","Moonworks:NicePresent+1","Moonworks:Assault+1"],"picked":"Moonworks:Heat300Percent","floor":21},{"not_picked":["Moonworks:x16BigRocket","Moonworks:Bloodlust+1","Moonworks:IndiscriminateFireSupport","Moonworks:Assault"],"picked":"Moonworks:DeployBits","floor":22},{"not_picked":["Moonworks:NicePresent","Moonworks:MixPhenomenon","Moonworks:CastOff","Moonworks:AnotherUltimateWeapon"],"picked":"Moonworks:MetallicMonocoque","floor":23},{"not_picked":["Moonworks:NicePresent","Moonworks:ImOnFire","Moonworks:LulusLuckyEgg","Moonworks:AngelHand"],"picked":"Moonworks:ReflectiveShell","floor":28},{"not_picked":["Moonworks:CloudOfSeagulls","Moonworks:TacticalRetreat+1","Moonworks:BigMagnum","Moonworks:Dinner"],"picked":"Moonworks:MetallicMonocoque","floor":29},{"not_picked":["Moonworks:AngelHand","Moonworks:IndiscriminateFireSupport","Moonworks:NicePresent","Moonworks:Dinner"],"picked":"Moonworks:x16BigRocket","floor":31},{"not_picked":["Moonworks:SubspaceTunnel","Moonworks:LeapThroughSpace","Moonworks:AccelHyper","Moonworks:StarBlastingFuse"],"picked":"Moonworks:AnotherUltimateWeapon","floor":33},{"not_picked":["Moonworks:RedAndBlue+1","Moonworks:DeployBits","Moonworks:CookingTime","Moonworks:ImOnFire"],"picked":"Moonworks:EvilSpyWorkPreparation+1","floor":35},{"not_picked":["Moonworks:SakisCookie","Moonworks:Assault+1","Moonworks:LulusLuckyEgg","Moonworks:Gamble"],"picked":"Moonworks:DeployBits","floor":36},{"not_picked":["Moonworks:ImmovableObject+1","Moonworks:CloudOfSeagulls+1","Moonworks:Dinner+1","Moonworks:DeployBits+1"],"picked":"Moonworks:DevilHand+1","floor":38},{"not_picked":["Moonworks:IndiscriminateFireSupport+1","Moonworks:LulusLuckyEgg","Moonworks:ImOnFire+1","Moonworks:LuckyCharm"],"picked":"Moonworks:SakisCookie+1","floor":39},{"not_picked":["Moonworks:LuckyCharm","Moonworks:ForcedRevival","Moonworks:UnluckyCharm","Moonworks:DeployBits"],"picked":"Moonworks:PlushieMaster","floor":40},{"not_picked":["Moonworks:ImOnFire+1","Moonworks:BigMagnum","Moonworks:DeployBits","Moonworks:SakisCookie+1"],"picked":"Moonworks:EvilSpyWorkPreparation","floor":41},{"not_picked":["Moonworks:AwakeningOfTalent","Moonworks:SweetBattle+1","Moonworks:BeyondHell","Moonworks:Heat300Percent"],"picked":"Moonworks:BackdoorTrade+1","floor":44},{"not_picked":["Moonworks:SakisCookie","Moonworks:Assault","Moonworks:CloudOfSeagulls+1","Moonworks:Bloodlust"],"picked":"Moonworks:LulusLuckyEgg+1","floor":45},{"not_picked":["Moonworks:CloudOfSeagulls","Moonworks:ImOnFire+1","Moonworks:NicePresent","Moonworks:Dash"],"picked":"Moonworks:AnotherUltimateWeapon","floor":46},{"not_picked":["Moonworks:Wanted","Moonworks:NicePresent+1","Moonworks:BackdoorTrade","Moonworks:DevilHand+1"],"picked":"Moonworks:JonathanRush+1","floor":48},{"not_picked":["Moonworks:BigMagnum","Moonworks:ForcedRevival+1","Moonworks:PlushieMaster","Moonworks:IntelligenceOfficer+1"],"picked":"Moonworks:JonathanRush","floor":55}],"player_experience":90284,"relics_obtained":[{"floor":1,"key":"SynthV:TestCard"},{"floor":6,"key":"Bag of Marbles"},{"floor":10,"key":"DemoMod:Relodestone"},{"floor":23,"key":"reliquary:SilkGlove"},{"floor":26,"key":"DemoMod:PoisonVial"},{"floor":40,"key":"White Beast Statue"},{"floor":43,"key":"reliquary:Spinner"},{"floor":44,"key":"Runesmith:Nanobots"},{"floor":55,"key":"Dota2Spire:ShadowBlade"}],"event_choices":[{"damage_healed":0,"gold_gain":0,"player_choice":"Became a Ghost","damage_taken":0,"max_hp_gain":0,"max_hp_loss":0,"event_name":"Ghosts","floor":25,"gold_loss":0,"cards_obtained":["Ghostly","Ghostly","Ghostly","Ghostly","Ghostly"]}],"is_beta":false,"boss_relics":[{"not_picked":["testmod-StringDisintegrator","conspire:SeveredTorchhead"],"picked":"AT_MortalBlade"},{"not_picked":[]},{"not_picked":["BloodWine","aspiration:SilentSkillbook"],"picked":"testmod-BatchProcessingSystem"},{"not_picked":[]}],"items_purged_floors":[],"is_endless":false,"potions_floor_spawned":[3,8,10,16,19,20,21,29,31,33,35,40,41,44,45,46,48,55],"killed_by":"The Heart","ascension_level":0}}