{"host":"5bsc0nab6whpyrbj","time":1614010594,"event":{"mods":["BaseMod","Highlight Path","Minty Spire (QoL Compilation)"],"gold_per_floor":[111,127,127,127,127,127,152,152,152,152,152,84,107,127,127,250,313,334,334,27,27,40,40,55,55,55,55,71,71,71],"floor_reached":29,"language":"ENG","playtime":2284,"items_purged":[],"score":263,"play_id":"541016ab-fde4-40fe-9f70-1ea56b68b8ac","local_time":"20210222111634","is_ascension_mode":false,"campfire_choices":[{"data":"Zap","floor":6.0,"key":"SMITH"},{"data":"Tempest","floor":8.0,"key":"SMITH"},{"data":"Hello World","floor":10.0,"key":"SMITH"},{"floor":15.0,"key":"REST"},{"floor":23.0,"key":"REST"},{"floor":25.0,"key":"REST"}],"circlet_count":0,"master_deck":["Strike_B+1","Strike_B","Strike_B+1","Defend_B","Defend_B","Defend_B+1","Defend_B","Zap+1","Dualcast","Hello World+1","Tempest+1","Undo","Echo Form","Biased Cognition","Heatsinks","Tempest","Biased Cognition","Static Discharge","Capacitor+1","Capacitor+1","Barrage+1","Consume","Shame","Defragment"],"relics":["Cracked Core","NeowsBlessing","Golden Idol","Question Card","Tiny House","Runic Capacitor","Orichalcum","Whetstone","Shuriken"],"acts_visited":["Exordium","TheCity"],"potions_floor_usage":[29],"damage_taken":[{"damage":0.0,"enemies":"Jaw Worm","floor":1.0,"turns":1.0},{"damage":0.0,"enemies":"Small Slimes","floor":2.0,"turns":1.0},{"damage":0.0,"enemies":"Cultist","floor":7.0,"turns":1.0},{"damage":12.0,"enemies":"Blue Slaver","floor":13.0,"turns":2.0},{"damage":10.0,"enemies":"Looter","floor":14.0,"turns":2.0},{"damage":0.0,"enemies":"Slime Boss","floor":16.0,"turns":7.0},{"damage":33.0,"enemies":"Shell Parasite","floor":18.0,"turns":4.0},{"damage":28.0,"enemies":"2 Thieves","floor":22.0,"turns":3.0},{"damage":45.0,"enemies":"Centurion and Healer","floor":24.0,"turns":8.0},{"damage":30.0,"enemies":"Snake Plant","floor":28.0,"turns":3.0},{"damage":20,"enemies":"Cultist and Chosen","floor":29,"turns":4}],"seed_played":"-2868906951722273778","potions_obtained":[{"floor":13.0,"key":"SkillPotion"},{"floor":14.0,"key":"AttackPotion"},{"floor":17.0,"key":"EntropicBrew"},{"floor":18.0,"key":"PowerPotion"},{"floor":24.0,"key":"PowerPotion"}],"is_trial":false,"path_per_floor":["M","M","?","?","?","R","M","R","T","R","?","$","M","M","R","B",null,"M","?","$","?","M","R","M","R","T","?","M","M"],"character_chosen":"DEFECT","items_purchased":["Biased Cognition","Runic Capacitor","Orichalcum"],"campfire_rested":3,"item_purchase_floors":[12,20,20],"current_hp_per_floor":[75,75,75,75,68,68,68,68,68,68,68,68,56,46,68,68,80,47,73,73,73,45,69,24,48,48,48,18,0,0],"gold":71,"neow_bonus":"THREE_ENEMY_KILL","is_daily":false,"chose_seed":false,"campfire_upgraded":3,"win_rate":0.0,"timestamp":1614010594,"path_taken":["M","M","?","?","?","R","M","R","T","R","?","$","?","M","R","BOSS","M","?","$","?","?","R","M","R","T","?","M","?"],"items_purchased_type":["Card","Relic","Relic"],"build_version":"2020-12-22","purchased_purges":0,"victory":false,"max_hp_per_floor":[75,75,75,75,75,75,75,75,75,75,75,75,75,75,75,75,80,80,80,80,80,80,80,80,80,80,80,80,80,80],"card_choices":[{"not_picked":["Beam Cell","Hologram","Go for the Eyes"],"picked":"SKIP","floor":1.0},{"not_picked":["Genetic Algorithm","Stack","Sweeping Beam"],"picked":"SKIP","floor":2.0},{"not_picked":["Conserve Battery","Sweeping Beam"],"picked":"Tempest","floor":7.0},{"not_picked":["Steam","Beam Cell","Coolheaded"],"picked":"Heatsinks","floor":13.0},{"not_picked":["Leap","Conserve Battery","Streamline"],"picked":"Tempest","floor":14.0},{"not_picked":["Amplify","Buffer","Reboot"],"picked":"Biased Cognition","floor":16.0},{"not_picked":["Steam","Chaos","Doom and Gloom"],"picked":"Static Discharge","floor":17.0},{"not_picked":["Steam Power","Beam Cell+1","Coolheaded"],"picked":"Capacitor+1","floor":18.0},{"not_picked":["Sweeping Beam+1","Cold Snap","Coolheaded"],"picked":"Barrage+1","floor":22.0},{"not_picked":["Lockon","Undo","Aggregate+1"],"picked":"Consume","floor":24.0},{"not_picked":["Sweeping Beam","Compile Driver","Barrage"],"picked":"Defragment","floor":28.0}],"player_experience":90008,"relics_obtained":[{"floor":9.0,"key":"Question Card"},{"floor":26.0,"key":"Whetstone"}],"event_choices":[{"damage_healed":0.0,"max_hp_gain":0.0,"max_hp_loss":0.0,"gold_gain":0.0,"event_name":"Golden Idol","player_choice":"Take Wound","floor":3.0,"gold_loss":0.0,"damage_taken":0.0,"relics_obtained":["Golden Idol"],"cards_obtained":["Injury"]},{"damage_healed":0.0,"max_hp_gain":0.0,"max_hp_loss":0.0,"gold_gain":0.0,"cards_transformed":["Strike_B"],"event_name":"Living Wall","player_choice":"Change","floor":4.0,"gold_loss":0.0,"damage_taken":0.0,"cards_obtained":["Hello World"]},{"cards_removed":["Injury"],"damage_healed":0.0,"max_hp_gain":0.0,"max_hp_loss":0.0,"gold_gain":0.0,"event_name":"Golden Wing","player_choice":"Card Removal","floor":5.0,"gold_loss":0.0,"damage_taken":7.0},{"damage_healed":0.0,"max_hp_gain":0.0,"max_hp_loss":0.0,"gold_gain":0.0,"event_name":"Match and Keep!","player_choice":"2 cards matched","floor":11.0,"gold_loss":0.0,"damage_taken":0.0,"cards_obtained":["Undo","Echo Form"]},{"damage_healed":26.0,"max_hp_gain":0.0,"max_hp_loss":0.0,"gold_gain":0.0,"event_name":"The Library","player_choice":"Heal","floor":19.0,"gold_loss":0.0,"damage_taken":0.0},{"damage_healed":0.0,"max_hp_gain":0.0,"max_hp_loss":0.0,"gold_gain":0.0,"event_name":"Duplicator","player_choice":"Copied","floor":21.0,"gold_loss":0.0,"damage_taken":0.0,"cards_obtained":["Capacitor"]},{"damage_healed":0.0,"max_hp_gain":0.0,"max_hp_loss":0.0,"gold_gain":0.0,"event_name":"Addict","player_choice":"Stole Relic","floor":27.0,"gold_loss":0.0,"damage_taken":0.0,"relics_obtained":["Shuriken"],"cards_obtained":["Shame"]}],"is_beta":false,"boss_relics":[{"not_picked":["SacredBark","Fusion Hammer"],"picked":"Tiny House"}],"items_purged_floors":[],"is_endless":false,"potions_floor_spawned":[13,14,18,24],"killed_by":"Cultist and Chosen","ascension_level":0}}