{"host":"7oiwk103j2prpym5","time":1614005975,"event":{"mods":["BaseMod","BetterRewards","Colored Map","Colored Powertips","GifTheSpireLib","Infinite Spire","Minty Spire (QoL Compilation)","Permanent Neow","Relic Filter Mod","Reliquary","Remove Card Discount Mod","Replay The Spire","StSLib","Stuff the Spire","Weighted Paths"],"gold_per_floor":[113,131,206,222,240,240,267,267,267,280,280,134,134,150,150,254,254,272,292,292,306,306,336,353,353,353,363,380,392,392,392,392],"floor_reached":31,"language":"ENG","playtime":2113,"items_purged":["Strike_R","Defend_R","Strike_R","Languid"],"score":361,"play_id":"c0c4c7f6-da43-4af9-a50d-818128479b09","local_time":"20210222085935","is_ascension_mode":false,"campfire_choices":[{"floor":6,"key":"REST"},{"floor":11,"key":"RECALL"},{"data":"Flex","floor":15,"key":"SMITH"},{"floor":30,"key":"REST"}],"circlet_count":0,"master_deck":["Bash","Armaments","Pommel Strike+1","Thunderclap","Rage","Flex+1","Demon Form","Infernal Blade","Body Slam","Whirlwind","Barricade","StuffTheSpire:Incineration","Sword Boomerang","ReplayTheSpireMod:Stacked","Cleave","Spot Weakness+1","Injury","infinitespire:Collect","ReplayTheSpireMod:Muscle Training","Flex","True Grit"],"relics":["Burning Blood","Torii","Iron Hammer","Mirror","Pen Nib","Pandora\u0027s Box","The Courier","Replay:Baseball","Philosopher\u0027s Stone","reliquary:Sod"],"acts_visited":["Exordium","TheCity"],"potions_floor_usage":[16,19,23,24,28],"damage_taken":[{"damage":1,"enemies":"Cultist","floor":1,"turns":4},{"damage":1,"enemies":"2 Louse","floor":2,"turns":2},{"damage":2,"enemies":"Jaw Worm","floor":4,"turns":4},{"damage":21,"enemies":"Exordium Wildlife","floor":5,"turns":6},{"damage":3,"enemies":"Replay:BlueRogue","floor":7,"turns":7},{"damage":2,"enemies":"Looter","floor":10,"turns":3},{"damage":0,"enemies":"2 Fungi Beasts","floor":14,"turns":3},{"damage":37,"enemies":"The Guardian","floor":16,"turns":10},{"damage":12,"enemies":"2 Thieves","floor":18,"turns":3},{"damage":16,"enemies":"3 Byrds","floor":19,"turns":5},{"damage":0,"enemies":"3 Cultists","floor":21,"turns":2},{"damage":28,"enemies":"Book of Stabbing","floor":23,"turns":4},{"damage":12,"enemies":"Cultist and Chosen","floor":24,"turns":4},{"damage":25,"enemies":"Snake Plant","floor":27,"turns":2},{"damage":14,"enemies":"Centurion and Healer","floor":28,"turns":3},{"damage":1,"enemies":"Cultist and Chosen","floor":29,"turns":3},{"damage":44,"enemies":"Nightmare","floor":31,"turns":3}],"seed_played":"-2641183533741051814","potions_obtained":[{"floor":1,"key":"FearPotion"},{"floor":5,"key":"Swift Potion"},{"floor":18,"key":"Energy Potion"},{"floor":19,"key":"DistilledChaos"},{"floor":27,"key":"SkillPotion"},{"floor":29,"key":"Energy Potion"}],"is_trial":false,"path_per_floor":["M","M","?","M","M","R","E","T","T","M","R","$","?","M","R","B",null,"M","M","?","M","?","E","M","AVR","T","M","M","M","R","NM"],"character_chosen":"IRONCLAD","items_purchased":["Torii","Pen Nib"],"campfire_rested":2,"item_purchase_floors":[0,12],"current_hp_per_floor":[74,79,68,72,57,80,80,80,80,80,80,80,80,80,80,49,80,74,64,64,70,70,48,42,42,42,23,15,20,44,0,0],"gold":392,"neow_bonus":"","is_daily":false,"chose_seed":false,"campfire_upgraded":1,"win_rate":0.0,"timestamp":1614005975,"path_taken":["M","?","?","M","M","R","E","?","T","M","R","?","?","M","R","BOSS","M","M","?","M","?","E","M","AVR","T","M","?","?","R","NM"],"items_purchased_type":["Relic","Relic"],"build_version":"2020-12-22","purchased_purges":4,"victory":false,"max_hp_per_floor":[80,80,80,80,80,80,80,80,80,80,80,80,80,80,80,80,80,80,80,80,80,80,80,80,80,80,80,80,80,80,80,80],"card_choices":[{"not_picked":["Headbutt","Bloodletting"],"picked":"Armaments","floor":1},{"not_picked":["Anger","StuffTheSpire:Slingshot"],"picked":"Pommel Strike","floor":2},{"not_picked":["Abandon","Bludgeon"],"picked":"Thunderclap","floor":4},{"not_picked":["StuffTheSpire:Incineration","Evolve","Armaments"],"picked":"SKIP","floor":5},{"not_picked":["Exhume","Wild Strike"],"picked":"Rage","floor":7},{"not_picked":["Dual Wield","Dark Embrace","Wild Strike"],"picked":"SKIP","floor":10},{"not_picked":["Wild Strike","Sever Soul"],"picked":"Flex","floor":14},{"not_picked":["Feed","Brutality"],"picked":"Demon Form","floor":16},{"not_picked":["Dark Embrace","Dual Wield","Fire Breathing+1"],"picked":"SKIP","floor":18},{"not_picked":["Headbutt","Rupture"],"picked":"ReplayTheSpireMod:Stacked","floor":19},{"not_picked":["Searing Blow","Headbutt"],"picked":"Spot Weakness+1","floor":21},{"not_picked":["infinitespire:NeuralNetwork","infinitespire:FinalStrike"],"picked":"infinitespire:Collect","floor":22},{"not_picked":["Corruption","Body Slam","Headbutt+1"],"picked":"SKIP","floor":23},{"not_picked":["Warcry","Seeing Red+1"],"picked":"ReplayTheSpireMod:Muscle Training","floor":24},{"not_picked":["Spot Weakness+1","Anger"],"picked":"Flex","floor":27},{"not_picked":["ReplayTheSpireMod:Corrosion Curse","Pummel+1"],"picked":"True Grit","floor":28},{"not_picked":["Clash","Run Through","Replay:Undeath\u0027s Touch"],"picked":"SKIP","floor":29}],"player_experience":895202,"relics_obtained":[{"floor":7,"key":"Iron Hammer"},{"floor":9,"key":"Mirror"},{"floor":23,"key":"The Courier"},{"floor":26,"key":"reliquary:Sod"}],"event_choices":[{"damage_healed":0,"gold_gain":75,"player_choice":"Gather Gold","damage_taken":11,"max_hp_gain":0,"max_hp_loss":0,"event_name":"World of Goop","floor":3,"gold_loss":0},{"damage_healed":0,"gold_gain":0,"player_choice":"Read","damage_taken":0,"max_hp_gain":0,"max_hp_loss":0,"event_name":"The Library","floor":20,"gold_loss":0,"cards_obtained":["Cleave"]}],"is_beta":false,"boss_relics":[{"not_picked":["reliquary:Craggleroot","Painkiller Herb"],"picked":"Pandora\u0027s Box"}],"items_purged_floors":[0,0,0,25],"is_endless":false,"potions_floor_spawned":[1,5,18,19,27,29],"killed_by":"Nightmare","ascension_level":0}}