{"host":"zxd2l8an9de7z7b9","time":1614016915,"event":{"mods":["100% Spire Juice","2.2 Compatiblity","AchievementEnabler","BaseMod","CapriCore","Colored Map","Colored Powertips","Marisa£¨Ùöéë¡¡Øª×âÞÞ£©","Minty Spire (QoL Compilation)","Rare Cards Sparkle","StSLib","SuperFastMode","Td1madao Mod","everything is the same but u backflip on backflip"],"gold_per_floor":[114,132,57,57,74,74,107,107,107,127,47,63,77,77,77,174,174,190,90,109,127,141,141,141,141],"floor_reached":24,"language":"KOR","playtime":541,"items_purged":["Strike_R","Defend_R","Strike_R"],"score":200,"play_id":"bf3b8bd6-3b3a-4630-87a8-eb8de863b529","local_time":"20210223030155","is_ascension_mode":false,"campfire_choices":[{"data":"Bash","floor":6.0,"key":"SMITH"},{"data":"Strike_R","floor":8.0,"key":"SMITH"},{"data":"Defend_R","floor":15.0,"key":"SMITH"},{"floor":23.0,"key":"REST"}],"circlet_count":0,"master_deck":["Strike_R","Strike_R","Strike_R+1","Defend_R+1","Defend_R","Defend_R","Bash+1","Dual Wield","Dropkick+1"],"relics":["Black Blood","NeowsBlessing","The Courier","Bronze Scales","Matryoshka"],"acts_visited":["Exordium","TheCity"],"potions_floor_usage":[],"damage_taken":[{"damage":0.0,"enemies":"Small Slimes","floor":1.0,"turns":1.0},{"damage":0.0,"enemies":"Cultist","floor":2.0,"turns":1.0},{"damage":0.0,"enemies":"2 Louse","floor":5.0,"turns":1.0},{"damage":20.0,"enemies":"Gremlin Nob","floor":7.0,"turns":4.0},{"damage":11.0,"enemies":"Blue Slaver","floor":10.0,"turns":4.0},{"damage":8.0,"enemies":"Large Slime","floor":12.0,"turns":5.0},{"damage":7.0,"enemies":"2 Fungi Beasts","floor":13.0,"turns":4.0},{"damage":52.0,"enemies":"Hexaghost","floor":16.0,"turns":11.0},{"damage":28.0,"enemies":"Shell Parasite","floor":18.0,"turns":8.0},{"damage":8.0,"enemies":"3 Byrds","floor":20.0,"turns":3.0},{"damage":8.0,"enemies":"Snecko","floor":21.0,"turns":8.0},{"damage":55.0,"enemies":"Chosen and Byrds","floor":22.0,"turns":8.0},{"damage":0,"enemies":"Book of Stabbing","floor":24,"turns":1}],"seed_played":"-1454546313607607979","potions_obtained":[{"floor":2.0,"key":"Weak Potion"},{"floor":7.0,"key":"SkillPotion"},{"floor":12.0,"key":"FearPotion"},{"floor":20.0,"key":"HeartOfIron"}],"is_trial":false,"path_per_floor":["M","M","$","?","M","R","E","R","T","M","$","M","M","?","R","B",null,"M","$","M","M","M","R","E"],"character_chosen":"IRONCLAD","items_purchased":[],"campfire_rested":1,"item_purchase_floors":[],"current_hp_per_floor":[80,80,80,85,85,85,71,71,71,66,66,64,63,60,60,14,85,69,69,73,77,34,59,59,59],"gold":141,"neow_bonus":"THREE_ENEMY_KILL","is_daily":false,"chose_seed":false,"campfire_upgraded":3,"win_rate":0.0,"timestamp":1614016915,"path_taken":["M","M","$","?","M","R","E","R","T","M","$","M","M","?","R","BOSS","M","$","M","M","M","R","E"],"items_purchased_type":[],"build_version":"2020-12-22","purchased_purges":3,"victory":false,"max_hp_per_floor":[80,80,80,85,85,85,85,85,85,85,85,85,85,85,85,85,85,85,85,85,85,85,85,85,85],"card_choices":[{"not_picked":["Clothesline","Flex","Headbutt"],"picked":"SKIP","floor":1.0},{"not_picked":["Whirlwind","Blood for Blood","Burning Pact"],"picked":"SKIP","floor":2.0},{"not_picked":["Combust","Rage","Body Slam"],"picked":"SKIP","floor":5.0},{"not_picked":["Cleave","Havoc","Feel No Pain"],"picked":"SKIP","floor":7.0},{"not_picked":["Heavy Blade","True Grit","Thunderclap"],"picked":"SKIP","floor":10.0},{"not_picked":["Pummel","Wild Strike","Flex"],"picked":"SKIP","floor":12.0},{"not_picked":["Impervious","Clothesline"],"picked":"Dual Wield","floor":13.0},{"not_picked":["Dark Embrace","Fire Breathing","Pummel"],"picked":"SKIP","floor":18.0},{"not_picked":["Shrug It Off","Intimidate","Heavy Blade"],"picked":"SKIP","floor":20.0},{"not_picked":["Clothesline","Iron Wave","Perfected Strike"],"picked":"SKIP","floor":21.0},{"not_picked":["Anger+1","Wild Strike"],"picked":"Dropkick+1","floor":22.0}],"player_experience":443527,"relics_obtained":[{"floor":7.0,"key":"The Courier"},{"floor":9.0,"key":"Bronze Scales"}],"event_choices":[{"damage_healed":0.0,"max_hp_gain":5.0,"max_hp_loss":0.0,"gold_gain":0.0,"event_name":"Big Fish","player_choice":"Donut","floor":4.0,"gold_loss":0.0,"damage_taken":0.0},{"damage_healed":0.0,"max_hp_gain":0.0,"max_hp_loss":0.0,"gold_gain":0.0,"event_name":"Scrap Ooze","player_choice":"Success","floor":14.0,"gold_loss":0.0,"damage_taken":3.0,"relics_obtained":["Matryoshka"]}],"is_beta":false,"boss_relics":[{"not_picked":["Snecko Eye","Velvet Choker"],"picked":"Black Blood"}],"items_purged_floors":[3,11,19],"is_endless":false,"potions_floor_spawned":[2,7,12,20],"killed_by":"Book of Stabbing","ascension_level":0}}