{"host":"i1peby39mt3us2ef","time":1614028554,"event":{"mods":["BaseMod","Downfall","Minty Spire (QoL Compilation)","Replay The Spire","StSLib","The Cursed"],"gold_per_floor":[119,136,136,52,62,62,62,62,62,237,249,266,281,298,298,396,396,410,410,410,422,440,440,440,440,440,440,453,453,453,463,463,463],"floor_reached":32,"language":"ENG","playtime":2315,"items_purged":[],"score":234,"play_id":"274a0b37-a643-4f18-9151-8607fa9fe590","local_time":"20210222141554","is_ascension_mode":false,"campfire_choices":[{"floor":6,"key":"RECALL"},{"floor":8,"key":"REST"},{"floor":15,"key":"REST"},{"floor":23,"key":"REST"},{"floor":25,"key":"REST"},{"floor":27,"key":"REST"}],"circlet_count":0,"master_deck":["Strike_G+1","Strike_G+1","Strike_G+1","Strike_G+1","Strike_G+1","Defend_G+1","Defend_G+1","Defend_G+1","Defend_G+1","Defend_G+1","Survivor","Neutralize","Dagger Spray","Quick Slash","Deadly Poison+1","Cloak And Dagger","Flying Knee","Doubt","Toxin Wave","Eviscerate","PiercingWail","Toxin Wave","Glass Knife","Blade Dance","Bane","Outmaneuver","Blade Dance","Poisoned Stab"],"relics":["SacredBark","Replay:Wax Seal","Ring of Chaos","Replay:Ringing Soul","Frozen Egg 2"],"acts_visited":["Exordium","TheCity"],"potions_floor_usage":[11,16,16,18,31,32],"damage_taken":[{"damage":10,"enemies":"Jaw Worm","floor":1,"turns":5},{"damage":5,"enemies":"Cultist","floor":2,"turns":6},{"damage":1,"enemies":"2 Louse","floor":5,"turns":2},{"damage":32,"enemies":"Exordium Thugs","floor":11,"turns":7},{"damage":7,"enemies":"Looter","floor":12,"turns":3},{"damage":1,"enemies":"Exordium Wildlife","floor":13,"turns":3},{"damage":1,"enemies":"Red Slaver","floor":14,"turns":3},{"damage":29,"enemies":"Hexaghost","floor":16,"turns":11},{"damage":21,"enemies":"2 Thieves","floor":18,"turns":4},{"damage":26,"enemies":"Spheric Guardian","floor":21,"turns":7},{"damage":10,"enemies":"Snake Plant","floor":22,"turns":4},{"damage":39,"enemies":"Centurion and Healer","floor":28,"turns":6},{"damage":35,"enemies":"Sentry and Sphere","floor":31,"turns":7},{"damage":9,"enemies":"Snecko","floor":32,"turns":2}],"seed_played":"-1432562374911581022","potions_obtained":[{"floor":1,"key":"SneckoOil"},{"floor":2,"key":"PowerPotion"},{"floor":11,"key":"BlessingOfTheForge"},{"floor":13,"key":"Elixir"},{"floor":16,"key":"Explosive Potion"},{"floor":21,"key":"Energy Potion"},{"floor":31,"key":"Milkshake"}],"is_trial":false,"path_per_floor":["M","M","?","$","M","R","$","R","T","?","M","M","M","M","R","B",null,"M","?","T","M","M","R","?","R","T","R","M","PTL","PTL","M","M"],"character_chosen":"THE_SILENT","items_purchased":["Deadly Poison+1","Cloak And Dagger"],"campfire_rested":5,"item_purchase_floors":[4,4],"current_hp_per_floor":[60,55,55,55,54,54,54,70,70,70,38,31,30,29,50,21,70,49,49,49,26,19,41,41,63,63,76,40,40,40,8,0,0],"gold":463,"neow_bonus":"BOSS_RELIC","is_daily":false,"chose_seed":false,"campfire_upgraded":0,"win_rate":0.0,"timestamp":1614028554,"path_taken":["M","M","?","?","M","R","$","R","T","?","M","M","M","?","R","BOSS","M","?","?","?","M","R","?","R","T","R","M","PTL","PTL","M","M"],"items_purchased_type":["Card","Card"],"build_version":"2020-12-22","purchased_purges":0,"victory":false,"max_hp_per_floor":[70,70,70,70,70,70,70,70,70,70,70,70,70,70,70,70,70,70,70,70,73,76,76,76,76,76,76,79,79,79,82,82,82],"card_choices":[{"not_picked":["Replay:Poison Smokescreen","Quick Slash"],"picked":"Dagger Spray","floor":1},{"not_picked":["Distraction","Flying Knee"],"picked":"Quick Slash","floor":2},{"not_picked":["Choke","ReplayTheSpireMod:Scrap Shanks"],"picked":"Flying Knee","floor":5},{"not_picked":["Tactician","Hidden Blade"],"picked":"Toxin Wave","floor":11},{"not_picked":["Heel Hook","Prepared"],"picked":"Eviscerate","floor":12},{"not_picked":["Masterful Stab","ReplayTheSpireMod:Scrap Shanks"],"picked":"PiercingWail","floor":13},{"not_picked":["Outmaneuver","Unload"],"picked":"Toxin Wave","floor":14},{"not_picked":["Atom Bomb","Malaise"],"picked":"Glass Knife","floor":16},{"not_picked":["Quick Slash","Hidden Blade+1"],"picked":"Blade Dance","floor":18},{"not_picked":["Hidden Blade","Tactician"],"picked":"Bane","floor":21},{"not_picked":["Caltrops","Glass Knife"],"picked":"Outmaneuver","floor":22},{"not_picked":["Outmaneuver","Flying Knee"],"picked":"Blade Dance","floor":28},{"not_picked":["Riddle With Holes","Dagger Spray+1"],"picked":"Poisoned Stab","floor":31}],"player_experience":69187,"relics_obtained":[{"floor":20,"key":"Replay:Ringing Soul"},{"floor":26,"key":"Frozen Egg 2"}],"event_choices":[{"damage_healed":0,"gold_gain":0,"player_choice":"Gave Potion","damage_taken":0,"relics_obtained":["Replay:Wax Seal"],"max_hp_gain":0,"max_hp_loss":0,"event_name":"WeMeetAgain","floor":3,"gold_loss":0},{"damage_healed":0,"gold_gain":175,"player_choice":"AGREE","damage_taken":0,"max_hp_gain":0,"max_hp_loss":0,"event_name":"Liars Game","floor":10,"gold_loss":0,"cards_obtained":["Doubt"]},{"damage_healed":0,"gold_gain":0,"player_choice":"Simplicity","damage_taken":0,"max_hp_gain":0,"max_hp_loss":0,"event_name":"Back to Basics","floor":19,"gold_loss":0,"cards_upgraded":["Strike_G","Strike_G","Strike_G","Strike_G","Strike_G","Defend_G","Defend_G","Defend_G","Defend_G","Defend_G"]},{"damage_healed":0,"gold_gain":0,"player_choice":"Ignored","damage_taken":0,"max_hp_gain":0,"max_hp_loss":0,"event_name":"Ghosts","floor":24,"gold_loss":0}],"is_beta":false,"boss_relics":[{"not_picked":["Busted Crown","Runic Dome"],"picked":"Ring of Chaos"}],"items_purged_floors":[],"is_endless":false,"potions_floor_spawned":[1,2,11,13,16,21,31],"killed_by":"Snecko","ascension_level":0}}