{"host":"03jd0k347uuzjnun","time":1614030895,"event":{"mods":["BaseMod","Bestiary","Minty Spire (QoL Compilation)","Permanent Neow","Quick Restart","Random Character Button","Relic Stats"],"gold_per_floor":[110,128,143,68,68,102,125,163,163,163,196,4,154,170,170,261,261,280,320,9,23,23,23,66,66,138,159,159,200,216,216,216,287,287,325,337,1336,1352,1371,1406,1457,1008,1008,1008,833,867,886,609,609,609,609,609,609,102,128,128],"floor_reached":57,"language":"ENG","playtime":5670,"items_purged":["Doubt","Normality","Normality","Bullet Time","Eviscerate"],"score":3011,"play_id":"92d7b4c9-38de-45b1-9464-99deddf49f27","local_time":"20210222225455","is_ascension_mode":true,"campfire_choices":[{"floor":10,"key":"REST"},{"floor":15,"key":"REST"},{"data":"Wraith Form v2","floor":23,"key":"SMITH"},{"data":"Burst","floor":25,"key":"SMITH"},{"data":"Calculated Gamble","floor":28,"key":"SMITH"},{"data":"Accuracy","floor":32,"key":"SMITH"},{"floor":49,"key":"RECALL"},{"data":"Glass Knife","floor":53,"key":"PURGE"}],"circlet_count":0,"master_deck":["AscendersBane","Survivor","Neutralize","Underhanded Strike","Backflip+1","PiercingWail","Corpse Explosion","Crippling Poison+1","Calculated Gamble+1","Blade Dance","Accuracy+1","Adrenaline","Skewer","Accuracy","Burst+1","Die Die Die","Wraith Form v2+1","Escape Plan+1","Blade Dance","Blade Dance+1","Leg Sweep+1","Accuracy","Cloak And Dagger+1","Deflect+1","Tactician+1","Outmaneuver+1","Tools of the Trade","Acrobatics+1","Acrobatics+1","Outmaneuver+1","Cloak And Dagger+1","Acrobatics+1","Escape Plan+1","Terror+1","Prepared+1","After Image+1","Acrobatics+1","Outmaneuver+1","Cloak And Dagger+1","Tactician+1","Cloak And Dagger+1","Caltrops+1","Accuracy+1","Venomology+1"],"relics":["Runic Pyramid","Bloody Idol","Oddly Smooth Stone","Blue Candle","Kunai","Juzu Bracelet","Membership Card","Pandora\u0027s Box","Red Mask","Toxic Egg 2","TwistedFunnel","Mummified Hand","Toy Ornithopter","War Paint","Coffee Dripper","Turnip","Peace Pipe","Lee\u0027s Waffle","Torii","Strawberry","Pear","Frozen Egg 2","TheAbacus","Letter Opener","Orrery","Orichalcum","Sundial"],"acts_visited":["Exordium","TheCity","TheBeyond","TheEnding"],"potions_floor_usage":[8,16,16,19,19,33,35,39,40,45,54,55,56],"damage_taken":[{"damage":1.0,"enemies":"Small Slimes","floor":1.0,"turns":4.0},{"damage":4.0,"enemies":"Jaw Worm","floor":2.0,"turns":4.0},{"damage":0.0,"enemies":"Cultist","floor":3.0,"turns":4.0},{"damage":40.0,"enemies":"Gremlin Nob","floor":6.0,"turns":5.0},{"damage":2.0,"enemies":"3 Louse","floor":7.0,"turns":3.0},{"damage":1,"enemies":"3 Sentries","floor":8,"turns":5},{"damage":17,"enemies":"Lagavulin","floor":11,"turns":13},{"damage":10,"enemies":"Large Slime","floor":14,"turns":5},{"damage":8,"enemies":"The Guardian","floor":16,"turns":15},{"damage":21,"enemies":"2 Thieves","floor":18,"turns":4},{"damage":4,"enemies":"Masked Bandits","floor":19,"turns":3},{"damage":0,"enemies":"3 Byrds","floor":21,"turns":2},{"damage":0,"enemies":"Gremlin Leader","floor":24,"turns":4},{"damage":0,"enemies":"Snecko","floor":27,"turns":3},{"damage":0,"enemies":"Book of Stabbing","floor":29,"turns":4},{"damage":0,"enemies":"Snake Plant","floor":30,"turns":3},{"damage":11,"enemies":"Collector","floor":33,"turns":7},{"damage":9,"enemies":"3 Darklings","floor":35,"turns":4},{"damage":0,"enemies":"3 Shapes","floor":36,"turns":3},{"damage":9,"enemies":"Writhing Mass","floor":38,"turns":5},{"damage":45,"enemies":"Transient","floor":39,"turns":6},{"damage":26,"enemies":"Reptomancer","floor":40,"turns":5},{"damage":10,"enemies":"2 Orb Walkers","floor":41,"turns":5},{"damage":2,"enemies":"Giant Head","floor":46,"turns":3},{"damage":0,"enemies":"Maw","floor":47,"turns":5},{"damage":26,"enemies":"Time Eater","floor":50,"turns":8},{"damage":36,"enemies":"Awakened One","floor":51,"turns":9},{"damage":3,"enemies":"Shield and Spear","floor":55,"turns":6},{"damage":60,"enemies":"The Heart","floor":56,"turns":8}],"seed_played":"-5803122184113221838","potions_obtained":[{"floor":3.0,"key":"SteroidPotion"},{"floor":7.0,"key":"PowerPotion"},{"floor":14,"key":"EntropicBrew"},{"floor":16,"key":"PowerPotion"},{"floor":30,"key":"AttackPotion"},{"floor":33,"key":"ColorlessPotion"},{"floor":36,"key":"Fire Potion"},{"floor":38,"key":"Regen Potion"},{"floor":39,"key":"Fruit Juice"}],"is_trial":false,"path_per_floor":["M","M","M","?","?","E","M","E","T","R","E","$","?","M","R","B",null,"M","?","$","M","T","R","E","R","T","M","R","E","M","?","R","B",null,"M","M","?","M","M","E","?","$","T","?","$","E","M","$","R","B","B",null,"R","$","E","B",null],"character_chosen":"THE_SILENT","items_purchased":["Membership Card","Blade Dance","Toxic Egg 2","Blade Dance+1","Leg Sweep+1","TwistedFunnel","Lee\u0027s Waffle","Torii","Strawberry","Acrobatics+1","LiquidBronze","Escape Plan+1","Terror+1","BlessingOfTheForge","After Image+1","Acrobatics+1","TheAbacus","Outmaneuver+1","Cloak And Dagger+1","Letter Opener","Fruit Juice","Regen Potion","Orrery","Orichalcum"],"campfire_rested":2,"item_purchase_floors":[12,12,20,20,20,20,42,42,42,42,42,45,45,45,48,48,48,48,54,54,54,54,54,54],"current_hp_per_floor":[58,54,54,54,54,14,12,11,11,29,12,12,12,2,20,27,52,31,27,27,27,27,27,27,27,27,27,27,27,27,27,27,26,52,58,60,60,56,21,19,14,74,84,84,89,89,89,89,89,63,27,74,74,84,94,39],"gold":128,"neow_bonus":"BOSS_RELIC","is_daily":false,"chose_seed":false,"campfire_upgraded":4,"win_rate":0.0,"timestamp":1614030895,"path_taken":["M","M","M","?","?","E","M","E","T","R","E","$","?","M","R","BOSS","M","?","$","M","?","R","E","R","T","M","R","E","M","?","R","BOSS","M","M","?","M","M","E","?","$","T","?","?","E","M","$","R","BOSS","BOSS","R","$","E","BOSS"],"items_purchased_type":["Relic","Card","Relic","Card","Card","Relic","Relic","Relic","Relic","Card","Potion","Card","Card","Potion","Card","Card","Relic","Card","Card","Relic","Potion","Potion","Relic","Relic"],"build_version":"2020-12-22","purchased_purges":5,"victory":true,"max_hp_per_floor":[66,66,66,66,60,60,60,60,60,60,60,60,60,60,60,60,60,60,60,60,60,60,60,60,60,60,60,60,60,60,60,60,60,60,60,60,60,60,60,60,60,74,84,84,89,89,89,89,89,89,89,89,89,94,94,94],"relic_stats":{"Lee\u0027s Waffle":53,"Torii":32,"counters":[29,155],"Blue Candle":[11],"Juzu Bracelet":1,"Letter Opener":[75],"War Paint":["Crippling Poison","Backflip"],"Orichalcum":[12],"Peace Pipe":1,"TheAbacus":[36],"Mummified Hand":[77],"Sundial":[0],"Bloody Idol":39,"Pandora\u0027s Box":["Skewer","Underhanded Strike","Glass Knife","Accuracy","Burst","Eviscerate","Die Die Die","Wraith Form v2","Bullet Time"],"Turnip":[8],"Kunai":[114],"obtain_stats":[{"TwistedFunnel":20,"Torii":42,"Juzu Bracelet":11,"TheAbacus":48,"Mummified Hand":22,"Sundial":55,"Strawberry":42,"Red Mask":19,"Kunai":9,"Toxic Egg 2":20,"Ring of the Snake":0,"Runic Pyramid":0,"Lee\u0027s Waffle":42,"Pear":43,"Golden Idol":5,"Blue Candle":8,"Oddly Smooth Stone":6,"Letter Opener":54,"War Paint":29,"Frozen Egg 2":46,"Orichalcum":54,"Peace Pipe":41,"Bloody Idol":31,"Orrery":54,"Pandora\u0027s Box":17,"Turnip":40,"Coffee Dripper":34,"Membership Card":12,"Toy Ornithopter":24},{"TwistedFunnel":11,"Torii":23,"Juzu Bracelet":7,"TheAbacus":25,"Mummified Hand":12,"Sundial":28,"Strawberry":23,"Red Mask":11,"Kunai":6,"Toxic Egg 2":11,"Ring of the Snake":0,"Runic Pyramid":0,"Lee\u0027s Waffle":23,"Pear":23,"Golden Idol":3,"Blue Candle":6,"Oddly Smooth Stone":4,"Letter Opener":27,"War Paint":15,"Frozen Egg 2":24,"Orichalcum":27,"Peace Pipe":23,"Bloody Idol":16,"Orrery":27,"Pandora\u0027s Box":9,"Turnip":22,"Coffee Dripper":17,"Membership Card":7,"Toy Ornithopter":13},{"TwistedFunnel":65,"Torii":116,"Juzu Bracelet":38,"TheAbacus":124,"Mummified Hand":67,"Sundial":147,"Strawberry":116,"Red Mask":65,"Kunai":25,"Toxic Egg 2":65,"Ring of the Snake":0,"Runic Pyramid":0,"Lee\u0027s Waffle":116,"Pear":116,"Golden Idol":12,"Blue Candle":25,"Oddly Smooth Stone":17,"Letter Opener":141,"War Paint":78,"Frozen Egg 2":119,"Orichalcum":141,"Peace Pipe":116,"Bloody Idol":81,"Orrery":141,"Pandora\u0027s Box":58,"Turnip":111,"Coffee Dripper":88,"Membership Card":38,"Toy Ornithopter":71}],"Toy Ornithopter":35},"card_choices":[{"not_picked":["Backflip","Bouncing Flask"],"picked":"Underhanded Strike","floor":1.0},{"not_picked":["Choke","Blade Dance"],"picked":"Backflip","floor":2.0},{"not_picked":["Backflip","Cloak And Dagger"],"picked":"PiercingWail","floor":3.0},{"not_picked":["Backflip","Slice"],"picked":"Corpse Explosion","floor":6.0},{"not_picked":["Infinite Blades","Dagger Spray"],"picked":"Crippling Poison","floor":7.0},{"not_picked":["PiercingWail","Dagger Spray","Finisher"],"picked":"SKIP","floor":8},{"not_picked":["Dodge and Roll","Terror"],"picked":"Calculated Gamble","floor":11},{"not_picked":["Dodge and Roll","Underhanded Strike"],"picked":"Accuracy","floor":14},{"not_picked":["Venomology","Bullet Time"],"picked":"Adrenaline","floor":16},{"not_picked":["Underhanded Strike","Quick Slash+1"],"picked":"Escape Plan+1","floor":18},{"not_picked":["Backflip","Underhanded Strike"],"picked":"Blade Dance","floor":19},{"not_picked":["Crippling Poison+1","Reflex+1"],"picked":"Accuracy","floor":21},{"not_picked":["Glass Knife","Masterful Stab"],"picked":"Cloak And Dagger+1","floor":24},{"not_picked":["Bane","PiercingWail+1"],"picked":"Deflect+1","floor":27},{"not_picked":["Predator","Blade Dance+1"],"picked":"Tactician+1","floor":29},{"not_picked":["Masterful Stab","Leg Sweep+1"],"picked":"Outmaneuver+1","floor":30},{"not_picked":["Wraith Form v2","Unload"],"picked":"Tools of the Trade","floor":33},{"not_picked":["Deflect+1","Underhanded Strike"],"picked":"Acrobatics+1","floor":35},{"not_picked":["Deflect+1","Catalyst+1"],"picked":"Acrobatics+1","floor":36},{"not_picked":["Underhanded Strike","Expertise+1","Setup+1"],"picked":"SKIP","floor":38},{"not_picked":["Skewer+1","Flying Knee+1","Expertise+1"],"picked":"SKIP","floor":39},{"not_picked":["Footwork","Unload"],"picked":"Outmaneuver+1","floor":40},{"not_picked":["Flechettes+1","PiercingWail+1"],"picked":"Cloak And Dagger+1","floor":41},{"not_picked":["Dash","Sucker Punch","Dagger Throw+1"],"picked":"SKIP","floor":46},{"not_picked":["Dagger Throw","Sucker Punch"],"picked":"Prepared+1","floor":47},{"not_picked":["Prepared+1","Masterful Stab"],"picked":"Tactician+1","floor":54},{"not_picked":["All Out Attack","Riddle With Holes+1"],"picked":"Cloak And Dagger+1","floor":54},{"not_picked":["Dash+1","Bouncing Flask+1"],"picked":"Caltrops+1","floor":54},{"not_picked":["Finisher","Bouncing Flask+1"],"picked":"Accuracy+1","floor":54},{"not_picked":["Masterful Stab","Predator+1"],"picked":"Venomology+1","floor":55}],"player_experience":1435441,"relics_obtained":[{"floor":6.0,"key":"Oddly Smooth Stone"},{"floor":8,"key":"Blue Candle"},{"floor":9,"key":"Kunai"},{"floor":11,"key":"Juzu Bracelet"},{"floor":19,"key":"Red Mask"},{"floor":22,"key":"Mummified Hand"},{"floor":24,"key":"Toy Ornithopter"},{"floor":29,"key":"War Paint"},{"floor":40,"key":"Turnip"},{"floor":41,"key":"Peace Pipe"},{"floor":43,"key":"Pear"},{"floor":46,"key":"Frozen Egg 2"},{"floor":55,"key":"Sundial"}],"event_choices":[{"cards_removed":["Strike_G"],"damage_healed":0.0,"max_hp_gain":0.0,"max_hp_loss":0.0,"gold_gain":0.0,"event_name":"The Cleric","player_choice":"Card Removal","floor":4.0,"gold_loss":75.0,"damage_taken":0.0},{"damage_healed":0.0,"max_hp_gain":0.0,"max_hp_loss":6.0,"gold_gain":0.0,"event_name":"Golden Idol","player_choice":"Lose Max HP","floor":5.0,"gold_loss":0.0,"damage_taken":0.0,"relics_obtained":["Golden Idol"]},{"damage_healed":0,"gold_gain":150,"player_choice":"AGREE","damage_taken":0,"max_hp_gain":0,"max_hp_loss":0,"event_name":"Liars Game","floor":13,"gold_loss":0,"cards_obtained":["Doubt"]},{"damage_healed":0,"gold_gain":0,"player_choice":"Fought Bandits","damage_taken":0,"max_hp_gain":0,"max_hp_loss":0,"event_name":"Masked Bandits","floor":19,"gold_loss":0},{"damage_healed":0,"gold_gain":0,"player_choice":"Gave Idol","damage_taken":0,"relics_obtained":["Bloody Idol"],"max_hp_gain":0,"max_hp_loss":0,"event_name":"Forgotten Altar","floor":31,"relics_lost":["Golden Idol"],"gold_loss":0},{"damage_healed":0,"gold_gain":999,"player_choice":"Gold","damage_taken":0,"max_hp_gain":0,"max_hp_loss":0,"event_name":"MindBloom","floor":37,"gold_loss":0,"cards_obtained":["Normality","Normality"]},{"damage_healed":0,"gold_gain":0,"player_choice":"Fight","damage_taken":0,"max_hp_gain":0,"max_hp_loss":0,"event_name":"Mysterious Sphere","floor":41,"gold_loss":0},{"cards_removed":["Underhanded Strike"],"damage_healed":0,"gold_gain":0,"player_choice":"Removed Attack","damage_taken":0,"max_hp_gain":0,"max_hp_loss":0,"event_name":"Falling","floor":44,"gold_loss":0}],"is_beta":false,"boss_relics":[{"not_picked":["SacredBark","Snecko Eye"],"picked":"Pandora\u0027s Box"},{"not_picked":["Runic Dome","Busted Crown"],"picked":"Coffee Dripper"}],"items_purged_floors":[20,42,45,48,54],"is_endless":false,"potions_floor_spawned":[3,7,14,16,18,30,33,36,38,39,47],"ascension_level":20}}