{"host":"28p8ce41sjwa6lzf","time":1614005087,"event":{"mods":["BaseMod","Bestiary","Colored Map","Colored Powertips","Dark Map","Highlight Path","Minty Spire (QoL Compilation)","Permanent Neow","Quick Restart","Random Character Button","Rare Cards Sparkle","Relic Stats","StSLib","Unceasing Turn Reminder"],"gold_per_floor":[165,175,191,29,40,40,40,40],"floor_reached":7,"language":"ENG","playtime":281,"items_purged":[],"score":86,"play_id":"6f2bc7bd-e9c5-4c80-be9b-f19cff646555","local_time":"20210222084447","is_ascension_mode":true,"campfire_choices":[{"data":"Hologram","floor":6.0,"key":"SMITH"}],"circlet_count":0,"master_deck":["AscendersBane","Strike_B","Strike_B","Strike_B","Strike_B","Defend_B","Defend_B","Defend_B","Defend_B+1","Zap","Dualcast","Streamline","Defragment","Glacier","Hologram+1","Self Repair"],"relics":["Tiny House","Runic Capacitor"],"acts_visited":["Exordium"],"potions_floor_usage":[7],"damage_taken":[{"damage":1.0,"enemies":"Cultist","floor":1.0,"turns":3.0},{"damage":2.0,"enemies":"Jaw Worm","floor":2.0,"turns":5.0},{"damage":4.0,"enemies":"Small Slimes","floor":3.0,"turns":5.0},{"damage":0.0,"enemies":"Blue Slaver","floor":5.0,"turns":6.0},{"damage":75,"enemies":"Gremlin Nob","floor":7,"turns":6}],"seed_played":"-5061022974819678064","potions_obtained":[{"floor":0.0,"key":"Fruit Juice"},{"floor":5.0,"key":"EssenceOfSteel"}],"is_trial":false,"path_per_floor":["M","M","M","$","M","R","E"],"character_chosen":"DEFECT","items_purchased":["Runic Capacitor"],"campfire_rested":0,"item_purchase_floors":[4],"current_hp_per_floor":[68,66,62,62,62,62,0,0],"gold":40,"neow_bonus":"BOSS_RELIC","is_daily":false,"chose_seed":false,"campfire_upgraded":1,"win_rate":0.0,"timestamp":1614005087,"path_taken":["M","?","M","$","M","R","E"],"items_purchased_type":["Relic"],"build_version":"2020-12-22","purchased_purges":0,"victory":false,"max_hp_per_floor":[76,76,76,76,76,76,76,76],"relic_stats":{"counters":[5,25],"obtain_stats":[{"Tiny House":0,"Runic Capacitor":4,"Cracked Core":0},{"Tiny House":0,"Runic Capacitor":3,"Cracked Core":0},{"Tiny House":0,"Runic Capacitor":13,"Cracked Core":0}]},"card_choices":[{"not_picked":["Rebound","Go for the Eyes"],"picked":"Streamline","floor":0.0},{"not_picked":["Capacitor","Sweeping Beam"],"picked":"Defragment","floor":1.0},{"not_picked":["Coolheaded","Barrage"],"picked":"Glacier","floor":2.0},{"not_picked":["Tempest","Compile Driver"],"picked":"Hologram","floor":3.0},{"not_picked":["Steam","Stack"],"picked":"Self Repair","floor":5.0}],"player_experience":1361813,"relics_obtained":[],"event_choices":[],"is_beta":false,"boss_relics":[],"items_purged_floors":[],"is_endless":false,"potions_floor_spawned":[5],"killed_by":"Gremlin Nob","ascension_level":20}}