{"host":"me7pax5d7uwssv6n","time":1614019581,"event":{"mods":["Act Like it!","BaseMod","Gensokyo","Minty Spire (QoL Compilation)","Replay The Spire","StSLib","The Administrix","The Construct"],"gold_per_floor":[115,135,135,135,151,151,33,33,82,97,114,114,129,159,159,256,256,273,273,292,303,158,158,187,187,214,214,139,168,37,37,37,139,139,157,177,177,190,90,122,122,155,155,167,179,191,32,32,32,32,32,32],"floor_reached":53,"language":"ENG","playtime":7399,"items_purged":["Writhe","Hallucinations"],"score":849,"play_id":"11ff4241-347d-425c-ac57-232492bdde2a","local_time":"20210223024621","is_ascension_mode":false,"campfire_choices":[{"data":"AdministrixMod:JustRewards","floor":6,"key":"SMITH"},{"floor":12,"key":"REST"},{"data":"AdministrixMod:SealAway","floor":23,"key":"SMITH"},{"data":"AdministrixMod:Defend_Administrix","floor":25,"key":"PURGE"},{"floor":32,"key":"DIG"},{"data":"AdministrixMod:Strike_Administrix","floor":41,"key":"PURGE"},{"data":"AdministrixMod:BegetEternity","floor":46,"key":"SMITH"},{"data":"Crow Ritual","floor":51,"key":"SMITH"}],"circlet_count":0,"master_deck":["AdministrixMod:Strike_Administrix","AdministrixMod:RedCloak+1","AdministrixMod:Defend_Administrix","AdministrixMod:Defend_Administrix","AdministrixMod:Defend_Administrix+1","AdministrixMod:BlueCloak","AdministrixMod:Overdrive+1","AdministrixMod:JustRewards+1","AdministrixMod:BishamonBlessing+1","AdministrixMod:WifeLightning","AdministrixMod:SealAway+1","AdministrixMod:BishamonBlessing","AdministrixMod:RebukeDesires","AdministrixMod:CosmosControl","AdministrixMod:HaveItAll","AdministrixMod:BegetEternity+1","AdministrixMod:ShadowPlay+1","AdministrixMod:ShadowPlay+1","Crow Ritual+1"],"relics":["AdministrixMod:ConductorRitualBaton","NeowsBlessing","Strawberry","Dream Catcher","War Paint","ReplayFunnel","FossilizedHelix","SacredBark","Replay:Towering Pillar of Hats","Replay:Multitool","Lantern","Darkstone Periapt","ReplayTheSpireMod:TigerMarble","Replay:Rubber Ducky","Matryoshka","Replay:Kaleidoscope","Coffee Dripper","Anchor","Prayer Wheel","Counterbalance","Strawberry","MawBank","Kunai"],"acts_visited":["Exordium","Gensokyo:Gensokyo","Gensokyo:Gensokyoer"],"potions_floor_usage":[14,21,29,36,40],"damage_taken":[{"damage":0,"enemies":"Gensokyo:Gryphon","floor":1,"turns":1},{"damage":0,"enemies":"Gensokyo:Python","floor":2,"turns":1},{"damage":0,"enemies":"Gensokyo:3_Fairies","floor":5,"turns":1},{"damage":7,"enemies":"Gensokyo:CorruptedTreant","floor":10,"turns":3},{"damage":2,"enemies":"Gensokyo:2_Rabbits","floor":11,"turns":4},{"damage":0,"enemies":"Gensokyo:5_Fairies","floor":13,"turns":5},{"damage":12,"enemies":"Gensokyo:Cirno","floor":14,"turns":5},{"damage":8,"enemies":"Gensokyo:Kokoro","floor":16,"turns":8},{"damage":0,"enemies":"Gensokyo:Chomper","floor":18,"turns":6},{"damage":5,"enemies":"Gensokyo:AngelMirror","floor":20,"turns":4},{"damage":0,"enemies":"Gensokyo:Wraith","floor":21,"turns":5},{"damage":0,"enemies":"Gensokyo:Reisen","floor":24,"turns":4},{"damage":0,"enemies":"Gensokyo:Tenshi","floor":29,"turns":3},{"damage":4,"enemies":"Gensokyo:Kaguya","floor":33,"turns":14},{"damage":0,"enemies":"Gensokyo:3_Boulders","floor":35,"turns":8},{"damage":0,"enemies":"Gensokyo:AncientGuardian","floor":36,"turns":11},{"damage":0,"enemies":"Gensokyo:Sharpion","floor":38,"turns":7},{"damage":0,"enemies":"Gensokyo:Doremy","floor":40,"turns":7},{"damage":4,"enemies":"Gensokyo:Kasen","floor":42,"turns":6},{"damage":0,"enemies":"Gensokyo:Scarlet_Devils","floor":52,"turns":10}],"seed_played":"1752973456713011560","potions_obtained":[{"floor":1,"key":"Explosive Potion"},{"floor":11,"key":"LiquidMemories"},{"floor":14,"key":"Adrenaline Potion"},{"floor":16,"key":"FearPotion"},{"floor":20,"key":"Reflective Coating"},{"floor":21,"key":"SmokeBomb"},{"floor":35,"key":"SkillPotion"},{"floor":38,"key":"GamblersBrew"},{"floor":40,"key":"EssenceOfSteel"}],"is_trial":false,"path_per_floor":["M","M","?","?","M","R","COS","?","T","M","M","R","M","E","R","B",null,"M","?","M","M","$","R","E","R","T","?","$","E","COS","T","R","B",null,"M","M","?","M","$","E","R","E","T","?","?","R","$","?","PTL","PTL","R","B",null],"character_chosen":"TheAdministrix","items_purchased":["Lantern","Crow Ritual"],"campfire_rested":1,"item_purchase_floors":[22,47],"current_hp_per_floor":[65,65,62,48,48,48,48,48,48,41,39,60,60,48,69,61,72,72,67,62,62,62,62,62,62,62,68,68,68,68,68,68,64,73,73,73,79,79,79,79,79,82,82,82,82,82,82,82,82,82,82,82],"gold":32,"neow_bonus":"THREE_ENEMY_KILL","is_daily":false,"chose_seed":false,"campfire_upgraded":4,"win_rate":0.0,"timestamp":1614019581,"path_taken":["M","M","?","?","M","R","COS","?","T","M","M","R","M","E","R","BOSS","M","?","M","M","?","R","E","R","T","?","$","E","COS","?","R","BOSS","M","M","?","M","$","E","R","E","T","?","?","R","?","?","PTL","PTL","R","BOSS"],"items_purchased_type":["Relic","Card"],"build_version":"2020-12-22","purchased_purges":2,"victory":true,"max_hp_per_floor":[65,65,72,72,72,72,72,72,72,72,72,72,72,72,72,72,72,72,67,67,67,67,67,67,67,67,73,73,73,73,73,73,73,73,73,73,79,79,79,79,79,86,86,86,86,86,86,86,86,86,86,86],"card_choices":[{"not_picked":["AdministrixMod:NoblePath","AdministrixMod:BloodlessSapphire"],"picked":"AdministrixMod:Overdrive","floor":1},{"not_picked":["AdministrixMod:SipOfSparks","AdministrixMod:RebukeDesires"],"picked":"AdministrixMod:JustRewards","floor":2},{"not_picked":["AdministrixMod:ImmortalPurity","AdministrixMod:LightOfYourLife"],"picked":"AdministrixMod:BishamonBlessing","floor":5},{"not_picked":["AdministrixMod:PlateOfAntiquity","AdministrixMod:RisingSunPrince"],"picked":"AdministrixMod:WifeLightning","floor":10},{"not_picked":["AdministrixMod:FuneraryRites","AdministrixMod:DreamsMausoleum"],"picked":"AdministrixMod:TrickOfTheLight","floor":11},{"not_picked":["AdministrixMod:QuietConspiracy","AdministrixMod:HiddenPower"],"picked":"AdministrixMod:SealAway","floor":12},{"not_picked":["AdministrixMod:RisingSunPrince","AdministrixMod:UnstableVigor"],"picked":"AdministrixMod:BishamonBlessing","floor":13},{"not_picked":["AdministrixMod:RebukeDesires","AdministrixMod:NewWardrobe"],"picked":"AdministrixMod:BattleforgedBonds","floor":14},{"not_picked":["AdministrixMod:ChooseYourEnd","AdministrixMod:RegentEdict"],"picked":"AdministrixMod:RebukeDesires","floor":15},{"not_picked":["AdministrixMod:ImmortalClarity","AdministrixMod:HaveItAll"],"picked":"AdministrixMod:CosmosControl","floor":16},{"not_picked":["AdministrixMod:RebukeDesires","AdministrixMod:TrickOfTheLight"],"picked":"AdministrixMod:ShadowPlay","floor":18},{"not_picked":["AdministrixMod:TouchOfCinnabar+1","AdministrixMod:WickedPunishment","AdministrixMod:ImmortalGrace"],"picked":"SKIP","floor":20},{"not_picked":["AdministrixMod:FuneraryRites","AdministrixMod:TrickOfTheLight","AdministrixMod:HiddenPower"],"picked":"SKIP","floor":21},{"not_picked":["AdministrixMod:FuneraryRites","AdministrixMod:TrickOfTheLight","AdministrixMod:HiddenPower"],"picked":"SKIP","floor":21},{"not_picked":["AdministrixMod:NewWardrobe","AdministrixMod:DiversionaryTactic","AdministrixMod:TouchOfCinnabar"],"picked":"SKIP","floor":24},{"not_picked":["AdministrixMod:ShadowPlay","AdministrixMod:CastOffRegrets","AdministrixMod:ImmortalPurity"],"picked":"SKIP","floor":29},{"not_picked":["AdministrixMod:HopeInTheDark","AdministrixMod:GirlsDoItBetter"],"picked":"AdministrixMod:HaveItAll","floor":33},{"not_picked":["AdministrixMod:LightOfYourLife","AdministrixMod:SipOfSparks"],"picked":"AdministrixMod:BegetEternity","floor":35},{"not_picked":["AdministrixMod:ImmortalGrace+1","AdministrixMod:TouchOfCinnabar+1"],"picked":"AdministrixMod:ShadowPlay+1","floor":36},{"not_picked":["AdministrixMod:UnstableVigor+1","AdministrixMod:CastOffRegrets"],"picked":"AdministrixMod:ShadowPlay+1","floor":38},{"not_picked":["AdministrixMod:ShadowPlay","AdministrixMod:LuminaryPath","AdministrixMod:PassageOfAges+1"],"picked":"SKIP","floor":38},{"not_picked":["AdministrixMod:ShadowPlay+1","AdministrixMod:QuietConspiracy","AdministrixMod:DiversionaryTactic"],"picked":"SKIP","floor":40},{"not_picked":["AdministrixMod:ShadowPlay+1","AdministrixMod:QuietConspiracy","AdministrixMod:DiversionaryTactic"],"picked":"SKIP","floor":40},{"not_picked":["AdministrixMod:Overdrive+1","AdministrixMod:TouchOfCinnabar+1","AdministrixMod:UnstableVigor+1"],"picked":"SKIP","floor":42}],"player_experience":38938,"relics_obtained":[{"floor":9,"key":"War Paint"},{"floor":14,"key":"FossilizedHelix"},{"floor":24,"key":"Darkstone Periapt"},{"floor":26,"key":"ReplayTheSpireMod:TigerMarble"},{"floor":29,"key":"Replay:Rubber Ducky"},{"floor":31,"key":"Matryoshka"},{"floor":32,"key":"Replay:Kaleidoscope"},{"floor":40,"key":"Counterbalance"},{"floor":42,"key":"Strawberry"},{"floor":43,"key":"MawBank"},{"floor":43,"key":"Kunai"}],"event_choices":[],"is_beta":false,"boss_relics":[{"not_picked":["Runic Dome","Replay:Ancient Bell"],"picked":"SacredBark"},{"not_picked":["AdministrixMod:ElixirOfImmorality","Fusion Hammer"],"picked":"Coffee Dripper"}],"items_purged_floors":[28,39],"is_endless":false,"potions_floor_spawned":[1,11,14,16,20,21,35,38,40],"ascension_level":0}}