{"host":"89iuq2p5kwriuwfq","time":1614004416,"event":{"mods":["BaseMod","Curses Come First","Custom Start","Minty Spire (QoL Compilation)","Permanent Neow","StSLib"],"gold_per_floor":[117,117,117,117,127,157,157,173,197,197,197,229,229,264,264,339,339,353,144,160,173,190,215,225,225,225,225,225],"floor_reached":27,"language":"ENG","playtime":1450,"items_purged":["Strike_G"],"score":439,"play_id":"90e5239f-5b1e-4fc1-baaa-7fc607532669","local_time":"20210222143336","is_ascension_mode":true,"campfire_choices":[{"data":"Bouncing Flask","floor":7.0,"key":"SMITH"},{"floor":11.0,"key":"REST"},{"floor":13.0,"key":"REST"},{"data":"Wraith Form v2","floor":15.0,"key":"SMITH"}],"circlet_count":0,"master_deck":["AscendersBane","Strike_G","Strike_G","Strike_G","Defend_G","Defend_G","Defend_G","Defend_G","Survivor","Neutralize","Glass Knife+1","Bouncing Flask+1","Poisoned Stab","Quick Slash","Wraith Form v2+1","Noxious Fumes","Backflip","Poisoned Stab","Footwork+1","Bouncing Flask"],"relics":["Ring of the Snake","Snake Skull","Oddly Smooth Stone","Ninja Scroll","Regal Pillow","Empty Cage","Peace Pipe","Gambling Chip"],"acts_visited":["Exordium","TheCity"],"potions_floor_usage":[23,23],"damage_taken":[{"damage":1.0,"enemies":"Small Slimes","floor":1.0,"turns":4.0},{"damage":0.0,"enemies":"Jaw Worm","floor":5.0,"turns":4.0},{"damage":36.0,"enemies":"3 Sentries","floor":6.0,"turns":10.0},{"damage":0.0,"enemies":"Cultist","floor":8.0,"turns":2.0},{"damage":14.0,"enemies":"Lagavulin","floor":12.0,"turns":7.0},{"damage":6.0,"enemies":"Gremlin Nob","floor":14.0,"turns":3.0},{"damage":13.0,"enemies":"The Guardian","floor":16.0,"turns":8.0},{"damage":0.0,"enemies":"Chosen","floor":18.0,"turns":3.0},{"damage":4.0,"enemies":"Shell Parasite","floor":20.0,"turns":4.0},{"damage":20.0,"enemies":"Sentry and Sphere","floor":21.0,"turns":5.0},{"damage":9.0,"enemies":"Centurion and Healer","floor":22.0,"turns":6.0},{"damage":28,"enemies":"Book of Stabbing","floor":23,"turns":6},{"damage":3,"enemies":"Snake Plant","floor":24,"turns":4},{"damage":13,"enemies":"Colosseum Slavers","floor":27,"turns":4}],"seed_played":"-4967724179833935676","potions_obtained":[{"floor":12.0,"key":"SpeedPotion"},{"floor":18.0,"key":"Dexterity Potion"},{"floor":21.0,"key":"Fire Potion"},{"floor":22.0,"key":"Regen Potion"}],"is_trial":false,"path_per_floor":["M","?","?","?","M","E","R","M","T","?","R","E","R","E","R","B",null,"M","$","M","M","M","E","M","?","T","?"],"character_chosen":"THE_SILENT","items_purchased":["Noxious Fumes","Backflip"],"campfire_rested":2,"item_purchase_floors":[19,19],"current_hp_per_floor":[58,51,51,51,51,15,15,15,15,15,34,20,39,33,33,20,55,55,55,51,31,22,9,6,6,6,0,0],"gold":225,"neow_bonus":"THREE_RARE_CARDS","is_daily":false,"chose_seed":false,"campfire_upgraded":2,"win_rate":0.0,"timestamp":1614004416,"path_taken":["M","?","?","?","M","E","R","?","T","?","R","E","R","E","R","BOSS","M","$","M","M","M","E","M","?","T","?"],"items_purchased_type":["Card","Card"],"build_version":"2020-12-22","purchased_purges":1,"victory":false,"max_hp_per_floor":[66,66,66,66,66,66,66,66,66,66,66,66,66,66,66,66,66,66,66,66,66,66,66,66,66,66,66,66],"card_choices":[{"not_picked":["Wraith Form v2","Grand Finale"],"picked":"Glass Knife","floor":0.0},{"not_picked":["Cloak And Dagger","Flying Knee"],"picked":"Bouncing Flask","floor":1.0},{"not_picked":["Deadly Poison","Expertise"],"picked":"Poisoned Stab","floor":5.0},{"not_picked":["Eviscerate","Deflect","Dodge and Roll"],"picked":"SKIP","floor":6.0},{"not_picked":["Skewer","Distraction","Masterful Stab"],"picked":"SKIP","floor":8.0},{"not_picked":["Flechettes","Finisher"],"picked":"Quick Slash","floor":12.0},{"not_picked":["Terror","Dagger Throw"],"picked":"Wraith Form v2","floor":14.0},{"not_picked":["Prepared","Heel Hook","Reflex+1"],"picked":"SKIP","floor":18.0},{"not_picked":["Bane","Outmaneuver"],"picked":"Poisoned Stab","floor":20.0},{"not_picked":["Backflip","Flying Knee"],"picked":"Footwork+1","floor":21.0},{"not_picked":["Deflect","Tools of the Trade"],"picked":"Bouncing Flask","floor":22.0},{"not_picked":["Heel Hook","Flying Knee","Acrobatics+1"],"picked":"SKIP","floor":23},{"not_picked":["Masterful Stab+1","Blur","Skewer+1"],"picked":"SKIP","floor":24}],"player_experience":767383,"relics_obtained":[{"floor":6.0,"key":"Snake Skull"},{"floor":9.0,"key":"Oddly Smooth Stone"},{"floor":12.0,"key":"Ninja Scroll"},{"floor":14.0,"key":"Regal Pillow"},{"floor":23,"key":"Peace Pipe"},{"floor":26,"key":"Gambling Chip"}],"event_choices":[{"cards_removed":["Decay"],"damage_healed":0.0,"max_hp_gain":0.0,"max_hp_loss":0.0,"gold_gain":0.0,"event_name":"Golden Wing","player_choice":"Card Removal","floor":2.0,"gold_loss":0.0,"damage_taken":7.0},{"damage_healed":0.0,"max_hp_gain":0.0,"max_hp_loss":0.0,"gold_gain":0.0,"event_name":"Scrap Ooze","player_choice":"Fled","floor":3.0,"gold_loss":0.0,"damage_taken":0.0},{"damage_healed":0.0,"max_hp_gain":0.0,"max_hp_loss":0.0,"gold_gain":0.0,"event_name":"Liars Game","player_choice":"Ignored","floor":4.0,"gold_loss":0.0,"damage_taken":0.0},{"damage_healed":0.0,"max_hp_gain":0.0,"max_hp_loss":0.0,"gold_gain":0.0,"event_name":"Accursed Blacksmith","player_choice":"Forge","floor":10.0,"gold_loss":0.0,"damage_taken":0.0,"cards_upgraded":["Glass Knife"]},{"damage_healed":0,"gold_gain":0,"player_choice":"Ignored","damage_taken":0,"max_hp_gain":0,"max_hp_loss":0,"event_name":"Vampires","floor":25,"gold_loss":0},{"damage_healed":0,"gold_gain":0,"player_choice":"Fight","damage_taken":0,"max_hp_gain":0,"max_hp_loss":0,"event_name":"Colosseum","floor":27,"gold_loss":0}],"is_beta":false,"boss_relics":[{"not_picked":["Busted Crown","Ectoplasm"],"picked":"Empty Cage"}],"items_purged_floors":[19],"is_endless":false,"potions_floor_spawned":[12,18,21,22],"killed_by":"Colosseum Slavers","ascension_level":15}}