{"host":"2c84cb4cp1emursg","time":1614026617,"event":{"mods":["Act Like it!","BaseMod","Better Third Choice","Bossed Relics","Hermit","Minty Spire (QoL Compilation)","Permanent Neow","Shapeshifter Mod","StSLib"],"gold_per_floor":[212,58,77,96,21,21,56,69,69,100,100,135,159,159,159,258,258,272,272,292,292,73,99,99,128,128,158,83,83,13,42,42,143,143,157,168,168,184,184,215,215,215,215],"floor_reached":42,"language":"ENG","playtime":4006,"items_purged":["StSShapeShifter:ShapeShifter_Strike"],"score":701,"play_id":"863ac812-a172-4c25-890c-b715259fb128","local_time":"20210222134337","is_ascension_mode":true,"campfire_choices":[{"data":"StSShapeShifter:RitualOfTheExtinct","floor":6.0,"key":"SMITH"},{"data":"StSShapeShifter:DiverseSpirit","floor":11.0,"key":"SMITH"},{"data":"StSShapeShifter:ClimbTree","floor":15.0,"key":"SMITH"},{"data":"1","floor":29.0,"key":"LIFT"},{"data":"2","floor":32.0,"key":"LIFT"}],"circlet_count":0,"master_deck":["StSShapeShifter:ShapeShifter_Strike","StSShapeShifter:ShapeShifter_Strike","StSShapeShifter:ShapeShifter_Strike","StSShapeShifter:ShapeShifter_Defend+1","StSShapeShifter:ShapeShifter_Defend","StSShapeShifter:ShapeShifter_Defend","StSShapeShifter:ShapeShifter_Defend","StSShapeShifter:ShapeShifter_Defend","StSShapeShifter:DiverseSpirit+1","StSShapeShifter:RaptorForm","StSShapeShifter:MultiSpiritedStrike","StSShapeShifter:ShiftingStrike","StSShapeShifter:WaspSwarmForm","StSShapeShifter:FruitBasket","StSShapeShifter:ClimbTree+1","StSShapeShifter:RitualOfTheExtinct+1","StSShapeShifter:HippoForm","StSShapeShifter:Bonk","StSShapeShifter:FruitBasket","StSShapeShifter:RitualOfTheElders","StSShapeShifter:PorcupineForm","StSShapeShifter:MultiSpiritedStrike","StSShapeShifter:UnicornForm","StSShapeShifter:Garden+1","StSShapeShifter:RhinoCalfForm+1","StSShapeShifter:MultiSpiritedStrike","StSShapeShifter:PhoenixForm","StSShapeShifter:OwlForm","StSShapeShifter:ReplenishingNectar+1","StSShapeShifter:PowerShifter+1","StSShapeShifter:Hunt+1","StSShapeShifter:Bonk","Panacea","Thinking Ahead","Sadistic Nature+1","StSShapeShifter:HummingbirdForm+1","StSShapeShifter:StormGryphonForm","StSShapeShifter:VineHandcuffs+1"],"relics":["StSShapeShifter:AnimalHeart","StSShapeShifter:TheShapeShiftersMagnolia","Orrery","StSShapeShifter:EmeraldPantherFigurine","Frozen Egg 2","HornCleat","Gambling Chip","Odd Mushroom","Philosopher\u0027s Stone","Girya","Mummified Hand","War Paint","CaptainsWheel","Fusion Hammer","Ancient Tea Set"],"acts_visited":["Exordium","TheCity","TheBeyond"],"potions_floor_usage":[41],"damage_taken":[{"damage":2.0,"enemies":"2 Louse","floor":1.0,"turns":2.0},{"damage":0.0,"enemies":"Small Slimes","floor":3.0,"turns":3.0},{"damage":1.0,"enemies":"Jaw Worm","floor":4.0,"turns":4.0},{"damage":25.0,"enemies":"3 Sentries","floor":7.0,"turns":7.0},{"damage":0.0,"enemies":"Looter","floor":8.0,"turns":1.0},{"damage":18.0,"enemies":"Lagavulin","floor":10.0,"turns":3.0},{"damage":7.0,"enemies":"3 Sentries","floor":12.0,"turns":6.0},{"damage":8.0,"enemies":"The Mushroom Lair","floor":13.0,"turns":3.0},{"damage":15.0,"enemies":"Hexaghost","floor":16.0,"turns":8.0},{"damage":9.0,"enemies":"Spheric Guardian","floor":18.0,"turns":4.0},{"damage":0.0,"enemies":"3 Byrds","floor":20.0,"turns":3.0},{"damage":0.0,"enemies":"Gremlin Leader","floor":23.0,"turns":4.0},{"damage":15.0,"enemies":"Slavers","floor":25.0,"turns":5.0},{"damage":29.0,"enemies":"Book of Stabbing","floor":27.0,"turns":5.0},{"damage":0.0,"enemies":"Gremlin Leader","floor":31.0,"turns":4.0},{"damage":0.0,"enemies":"Collector","floor":33.0,"turns":9.0},{"damage":0.0,"enemies":"3 Darklings","floor":35.0,"turns":4.0},{"damage":0.0,"enemies":"Orb Walker","floor":36.0,"turns":3.0},{"damage":0.0,"enemies":"3 Darklings","floor":38.0,"turns":4.0},{"damage":75.0,"enemies":"Nemesis","floor":40.0,"turns":5.0},{"damage":0,"enemies":"Sphere and 2 Shapes","floor":41,"turns":1},{"damage":9,"enemies":"Giant Head","floor":42,"turns":1}],"seed_played":"-5646046323875354007","potions_obtained":[{"floor":1.0,"key":"Dexterity Potion"},{"floor":3.0,"key":"SteroidPotion"},{"floor":10.0,"key":"PowerPotion"},{"floor":16.0,"key":"Strength Potion"},{"floor":23.0,"key":"SmokeBomb"},{"floor":25.0,"key":"Fire Potion"},{"floor":31.0,"key":"Explosive Potion"},{"floor":33.0,"key":"ColorlessPotion"},{"floor":36.0,"key":"Explosive Potion"}],"is_trial":false,"path_per_floor":["M","$","M","M","$","R","E","M","T","E","R","E","?","?","R","B",null,"M","?","M","?","$","E","$","E","T","E","?","R","$","E","R","B",null,"M","M","?","M","?","E","M","E"],"character_chosen":"SHAPESHIFTER","items_purchased":["Orrery","StSShapeShifter:Garden+1","StSShapeShifter:RhinoCalfForm","StSShapeShifter:OwlForm"],"campfire_rested":0,"item_purchase_floors":[2,22,22,30],"current_hp_per_floor":[76,76,76,75,75,75,52,52,52,34,34,27,19,19,19,6,74,67,53,55,55,55,57,57,44,44,17,17,17,17,21,21,26,88,88,90,80,82,73,4,4,0,0],"gold":215,"neow_bonus":"HUNDRED_GOLD","is_daily":false,"chose_seed":false,"campfire_upgraded":3,"win_rate":0.0,"timestamp":1614026617,"path_taken":["M","$","M","M","$","R","E","M","T","E","R","E","?","?","R","BOSS","M","?","M","?","$","E","?","E","T","E","?","R","$","E","R","BOSS","M","M","?","M","?","E","M","E"],"items_purchased_type":["Relic","Card","Card","Card"],"build_version":"2020-12-22","purchased_purges":1,"victory":false,"max_hp_per_floor":[78,78,78,78,78,78,77,76,76,75,75,74,74,74,74,74,74,76,81,82,82,82,82,82,84,84,86,86,86,86,87,87,88,88,88,90,90,90,90,93,93,93,93],"card_choices":[{"not_picked":["StSShapeShifter:Roar","StSShapeShifter:Guard"],"picked":"StSShapeShifter:DiverseSpirit","floor":1.0},{"not_picked":["StSShapeShifter:FruitBasket","StSShapeShifter:ThornedSkin"],"picked":"StSShapeShifter:RaptorForm","floor":2.0},{"not_picked":["StSShapeShifter:Sapling","StSShapeShifter:SquirrelForm"],"picked":"StSShapeShifter:MultiSpiritedStrike","floor":2.0},{"not_picked":["StSShapeShifter:VileMushroom","StSShapeShifter:DeepWound"],"picked":"StSShapeShifter:ShiftingStrike","floor":2.0},{"not_picked":["StSShapeShifter:Maul","StSShapeShifter:BurstingSpore"],"picked":"StSShapeShifter:WaspSwarmForm","floor":2.0},{"not_picked":["StSShapeShifter:ThornToss","StSShapeShifter:BladeOfGrass"],"picked":"StSShapeShifter:FruitBasket","floor":2.0},{"not_picked":["StSShapeShifter:BloomingSlash","StSShapeShifter:Sapling"],"picked":"StSShapeShifter:ClimbTree","floor":3.0},{"not_picked":["StSShapeShifter:Roar","StSShapeShifter:ThornToss"],"picked":"StSShapeShifter:RitualOfTheExtinct","floor":4.0},{"not_picked":["StSShapeShifter:LeapingSlash","StSShapeShifter:BloomingSlash"],"picked":"StSShapeShifter:HippoForm","floor":7.0},{"not_picked":["StSShapeShifter:Maul","StSShapeShifter:Consume"],"picked":"StSShapeShifter:Bonk","floor":8.0},{"not_picked":["StSShapeShifter:Guard","StSShapeShifter:Maul","StSShapeShifter:BarkSkin"],"picked":"SKIP","floor":10.0},{"not_picked":["StSShapeShifter:OpportuneSwoop","StSShapeShifter:Evolution+1"],"picked":"StSShapeShifter:FruitBasket","floor":12.0},{"not_picked":["StSShapeShifter:PhoenixForm","StSShapeShifter:WolfsBane+1"],"picked":"StSShapeShifter:RitualOfTheElders","floor":16.0},{"not_picked":["StSShapeShifter:WaspSwarmForm+1","StSShapeShifter:MultiSpiritedStrike"],"picked":"StSShapeShifter:PorcupineForm","floor":18.0},{"not_picked":["StSShapeShifter:Maul+1","StSShapeShifter:FesteringBite"],"picked":"StSShapeShifter:MultiSpiritedStrike","floor":20.0},{"not_picked":["StSShapeShifter:OakBlade","StSShapeShifter:AdaptiveStrikes"],"picked":"StSShapeShifter:MultiSpiritedStrike","floor":23.0},{"not_picked":["StSShapeShifter:LeapingSlash","StSShapeShifter:Winter+1"],"picked":"StSShapeShifter:PhoenixForm","floor":25.0},{"not_picked":["StSShapeShifter:Guard","StSShapeShifter:ThornToss","StSShapeShifter:SunflowerShuriken+1"],"picked":"SKIP","floor":27.0},{"not_picked":["StSShapeShifter:Sapling","StSShapeShifter:BladeOfGrass+1"],"picked":"StSShapeShifter:ReplenishingNectar+1","floor":31.0},{"not_picked":["StSShapeShifter:RitualOfTheElders","StSShapeShifter:Spring+1"],"picked":"StSShapeShifter:PowerShifter+1","floor":33.0},{"not_picked":["StSShapeShifter:AdaptiveStrikes+1","StSShapeShifter:Sapling"],"picked":"StSShapeShifter:Hunt+1","floor":35.0},{"not_picked":["StSShapeShifter:Maul+1","StSShapeShifter:Mystical_Branch+1"],"picked":"StSShapeShifter:Bonk","floor":36.0},{"not_picked":["Forethought","Trip"],"picked":"Panacea","floor":37.0},{"not_picked":["Madness","Panacea"],"picked":"Thinking Ahead","floor":37.0},{"not_picked":["Discovery","Thinking Ahead"],"picked":"Sadistic Nature+1","floor":37.0},{"not_picked":["StSShapeShifter:Maul","StSShapeShifter:BloomingSlash+1"],"picked":"StSShapeShifter:HummingbirdForm+1","floor":38.0},{"not_picked":["StSShapeShifter:Maul","StSShapeShifter:BulwarkOfDiscovery+1"],"picked":"StSShapeShifter:VineHandcuffs+1","floor":40}],"player_experience":590024,"relics_obtained":[{"floor":7.0,"key":"StSShapeShifter:EmeraldPantherFigurine"},{"floor":9.0,"key":"Frozen Egg 2"},{"floor":10.0,"key":"HornCleat"},{"floor":12.0,"key":"Gambling Chip"},{"floor":13.0,"key":"Odd Mushroom"},{"floor":23.0,"key":"Girya"},{"floor":25.0,"key":"Mummified Hand"},{"floor":27.0,"key":"War Paint"},{"floor":31.0,"key":"CaptainsWheel"},{"floor":40,"key":"Ancient Tea Set"}],"event_choices":[{"damage_healed":0.0,"max_hp_gain":0.0,"max_hp_loss":0.0,"gold_gain":0.0,"event_name":"Mushrooms","player_choice":"Fought Mushrooms","floor":13.0,"gold_loss":0.0,"damage_taken":0.0},{"damage_healed":0.0,"max_hp_gain":0.0,"max_hp_loss":0.0,"gold_gain":0.0,"event_name":"Living Wall","player_choice":"Grow","floor":14.0,"gold_loss":0.0,"damage_taken":0.0,"cards_upgraded":["StSShapeShifter:Tortoise_Form"]},{"damage_healed":0.0,"max_hp_gain":5.0,"max_hp_loss":0.0,"gold_gain":0.0,"event_name":"Forgotten Altar","player_choice":"Shed Blood","floor":19.0,"gold_loss":0.0,"damage_taken":19.0},{"cards_removed":["StSShapeShifter:ShapeShifter_Strike"],"damage_healed":0.0,"max_hp_gain":0.0,"max_hp_loss":0.0,"gold_gain":0.0,"event_name":"Beggar","player_choice":"Gave Gold","floor":28.0,"gold_loss":75.0,"damage_taken":0.0},{"damage_healed":0.0,"max_hp_gain":0.0,"max_hp_loss":0.0,"gold_gain":0.0,"event_name":"SensoryStone","player_choice":"Memory 3","floor":37.0,"gold_loss":0.0,"damage_taken":10.0}],"is_beta":false,"boss_relics":[{"not_picked":["Black Star","Calling Bell"],"picked":"Philosopher\u0027s Stone"},{"not_picked":["Pandora\u0027s Box","SacredBark"],"picked":"Fusion Hammer"}],"items_purged_floors":[5],"is_endless":false,"potions_floor_spawned":[1,3,10,16,20,23,25,31,33,36],"killed_by":"Giant Head","ascension_level":1}}