{"host":"3l94tha3a4jgu0q4","time":1614002081,"event":{"mods":["2.2 Compatiblity","AchievementEnabler","Act Like it!","Aspiration","BaseMod","Colored Map","Colored Powertips","Googly Eyes","Hermit","Highlight Path","Hubris","Minty Spire (QoL Compilation)","Permanent Neow","Reliquary","Replay The Spire","Ruina","Spikes Relics","StSLib","SuperFastMode","The IronCluck","The Jungle","The Runesmith","slay the spire mod where everything is the same but ironclad has a cowboy hat"],"gold_per_floor":[112,112,112,124,124,70,70,104,104,104,120,152,152,2,2,105,105,123,151,4,4,14,14,78,78,78,8,43,71,87,121,121,222,222,241,141,191,191,191,191,34,34,34,34,53,53,53,53,81,111,111,111,111,111,13,75,75,75],"floor_reached":57,"language":"ENG","playtime":1846,"items_purged":["hermit:Strike_Hermit","hermit:Strike_Hermit","hermit:Strike_Hermit"],"score":752,"play_id":"892700b6-7025-4c8c-a7b8-845bb28fc921","local_time":"20210222055441","is_ascension_mode":false,"campfire_choices":[{"data":"hermit:Dive","floor":7.0,"key":"SMITH"},{"data":"hermit:BigShot","floor":10.0,"key":"SMITH"},{"data":"hermit:Snapshot","floor":13.0,"key":"SMITH"},{"data":"hermit:TakeAim","floor":15.0,"key":"SMITH"},{"data":"hermit:ItchyTrigger","floor":23.0,"key":"SMITH"},{"data":"hermit:TrackingShot","floor":25.0,"key":"SMITH"},{"data":"hermit:Combo","floor":32.0,"key":"SMITH"},{"data":"hermit:CursedWeapon","floor":40.0,"key":"SMITH"},{"data":"hermit:GoldenBullet","floor":44.0,"key":"SMITH"},{"floor":48.0,"key":"RECALL"},{"data":"hermit:Deadeye","floor":51.0,"key":"SMITH"},{"data":"hermit:LuckOfTheDraw","floor":54.0,"key":"SMITH"}],"circlet_count":0,"master_deck":["hermit:Defend_Hermit","hermit:Defend_Hermit","hermit:Snapshot+1","hermit:Covet+1","hermit:Dive+1","hermit:BigShot+1","hermit:TakeAim+1","hermit:DeadOrAlive","hermit:TrackingShot+1","hermit:ItchyTrigger+1","hermit:Headshot+1","hermit:GoldenBullet+1","hermit:Combo+1","hermit:Deadeye+1","hermit:CursedWeapon+1","ShadowRift","ReplayTheSpireMod:Shiv Toss","ReplayTheSpireMod:Speed Training","hermit:Headshot","hermit:LuckOfTheDraw+1","hubris:Lust","Sadistic Nature","hermit:Ricochet","hermit:Spite+1"],"relics":["Busted Crown","WarpedTongs","Spirit Poop","ShockBauble","Incense Burner","reliquary:Firecrackers","SlaversCollar","hubris:EmptyBottle","ReplayTheSpireMod:Lightbulb","Replay:WaspNest","aspiration:MobileForge","Pocketwatch","hubris:Towel","Membership Card","ReplayTheSpireMod:CursedCoin","reliquary:HotPoker"],"acts_visited":["Exordium","Exordium","TheBeyond","TheEnding"],"potions_floor_usage":[57,57,57,57],"damage_taken":[{"damage":0.0,"enemies":"2 Louse","floor":1.0,"turns":2.0},{"damage":3.0,"enemies":"Cultist","floor":4.0,"turns":3.0},{"damage":3.0,"enemies":"3 Sentries","floor":8.0,"turns":12.0},{"damage":0.0,"enemies":"Small Slimes","floor":11.0,"turns":3.0},{"damage":0.0,"enemies":"Replay:BlueRogue","floor":12.0,"turns":5.0},{"damage":30.0,"enemies":"Slime Boss","floor":16.0,"turns":11.0},{"damage":0.0,"enemies":"theJungle:GiantWrat","floor":18.0,"turns":8.0},{"damage":2.0,"enemies":"Shell Parasite","floor":19.0,"turns":6.0},{"damage":13.0,"enemies":"Snake Plant","floor":22.0,"turns":4.0},{"damage":0.0,"enemies":"theJungle:MamaSnecko","floor":24.0,"turns":6.0},{"damage":25.0,"enemies":"theJungle:JungleHuntersEncounter","floor":28.0,"turns":4.0},{"damage":14.0,"enemies":"theJungle:Lyon","floor":29.0,"turns":4.0},{"damage":15.0,"enemies":"Snake Plant","floor":30.0,"turns":3.0},{"damage":0.0,"enemies":"theJungle:Snecko_Cultist_And_Trap","floor":31.0,"turns":5.0},{"damage":0.0,"enemies":"theJungle:QueenSpyder","floor":33.0,"turns":5.0},{"damage":14.0,"enemies":"3 Darklings","floor":35.0,"turns":4.0},{"damage":34.0,"enemies":"2 Orb Walkers","floor":37.0,"turns":4.0},{"damage":16.0,"enemies":"3 Shapes","floor":45.0,"turns":3.0},{"damage":2.0,"enemies":"Spire Growth","floor":49.0,"turns":4.0},{"damage":11.0,"enemies":"4 Shapes","floor":50.0,"turns":5.0},{"damage":17.0,"enemies":"hubris:GrandSnecko","floor":52.0,"turns":8.0},{"damage":54.0,"enemies":"Shield and Spear","floor":56.0,"turns":4.0},{"damage":43,"enemies":"The Heart","floor":57,"turns":3}],"seed_played":"6869650068792814129","potions_obtained":[{"floor":4.0,"key":"Strength Potion"},{"floor":8.0,"key":"Regen Potion"},{"floor":12.0,"key":"Fire Potion"},{"floor":18.0,"key":"AttackPotion"},{"floor":19.0,"key":"Adrenaline Potion"},{"floor":24.0,"key":"SteroidPotion"},{"floor":29.0,"key":"ColorlessPotion"},{"floor":49.0,"key":"Strength Potion"},{"floor":50.0,"key":"AttackPotion"}],"is_trial":false,"path_per_floor":["M","?","?","M","?","$","R","E","T","R","M","E","R","$","R","B",null,"M","M","$","?","M","R","E","R","T","$","M","M","M","M","R","B",null,"M","$","?","?","?","R","$","?","T","R","M","PTL","PTL","R","M","M","R","B",null,"R","$","E","B"],"character_chosen":"HERMIT","items_purchased":["hermit:Dive","hermit:TakeAim","hubris:EmptyBottle","hermit:Combo","Membership Card","Block Potion","ReplayTheSpireMod:CursedCoin","Weak Potion","ColorlessPotion","Sadistic Nature","hermit:Ricochet"],"campfire_rested":0,"item_purchase_floors":[6,14,20,27,41,55,55,55,55,55,55],"current_hp_per_floor":[75,75,75,72,72,72,72,69,69,69,69,69,69,69,69,39,75,75,73,73,75,62,62,62,62,62,62,51,37,22,22,22,22,75,61,61,27,27,66,66,66,66,66,66,50,50,50,50,48,37,37,20,66,66,66,12,0,0],"gold":75,"neow_bonus":"BOSS_RELIC","is_daily":false,"chose_seed":false,"campfire_upgraded":11,"win_rate":0.0,"timestamp":1614002081,"path_taken":["M","?","?","?","?","?","R","E","T","R","M","E","R","$","R","BOSS","M","M","$","?","?","R","E","R","T","$","?","M","M","M","R","BOSS","M","$","?","?","?","R","?","?","T","R","M","PTL","PTL","R","M","?","R","BOSS","R","$","E","BOSS"],"items_purchased_type":["Card","Card","Relic","Card","Relic","Potion","Relic","Potion","Potion","Card","Card"],"build_version":"2020-12-22","purchased_purges":3,"victory":false,"max_hp_per_floor":[75,75,75,75,75,75,75,75,75,75,75,75,75,75,75,75,75,75,75,75,75,75,75,75,75,75,75,75,75,75,75,75,75,75,75,75,75,75,66,66,66,66,66,66,66,66,66,66,66,66,66,66,66,66,66,66,66,66],"card_choices":[{"not_picked":["hermit:HighCaliber"],"picked":"SKIP","floor":1.0},{"not_picked":["hermit:Misfire"],"picked":"SKIP","floor":4.0},{"not_picked":[],"picked":"hermit:BigShot","floor":8.0},{"not_picked":["hermit:Desperado"],"picked":"SKIP","floor":11.0},{"not_picked":["hermit:Gestalt"],"picked":"SKIP","floor":12.0},{"not_picked":[],"picked":"hermit:DeadOrAlive","floor":16.0},{"not_picked":[],"picked":"hermit:TrackingShot","floor":18.0},{"not_picked":[],"picked":"hermit:ItchyTrigger","floor":19.0},{"not_picked":[],"picked":"hermit:Headshot+1","floor":22.0},{"not_picked":[],"picked":"hermit:GoldenBullet","floor":24.0},{"not_picked":["hermit:Misfire"],"picked":"SKIP","floor":28.0},{"not_picked":["hermit:TakeCover"],"picked":"SKIP","floor":29.0},{"not_picked":["hermit:HighCaliber"],"picked":"SKIP","floor":30.0},{"not_picked":["hermit:Coalescence"],"picked":"SKIP","floor":31.0},{"not_picked":[],"picked":"hermit:Deadeye","floor":35.0},{"not_picked":[],"picked":"hermit:CursedWeapon","floor":37.0},{"not_picked":["hermit:ShadowCloak"],"picked":"SKIP","floor":45.0},{"not_picked":[],"picked":"hermit:Headshot","floor":49.0},{"not_picked":[],"picked":"hermit:LuckOfTheDraw","floor":50.0},{"not_picked":[],"picked":"hermit:Spite+1","floor":56}],"player_experience":1997588,"relics_obtained":[{"floor":8.0,"key":"ShockBauble"},{"floor":9.0,"key":"Incense Burner"},{"floor":12.0,"key":"reliquary:Firecrackers"},{"floor":24.0,"key":"ReplayTheSpireMod:Lightbulb"},{"floor":26.0,"key":"Replay:WaspNest"},{"floor":37.0,"key":"Pocketwatch"},{"floor":56,"key":"reliquary:HotPoker"}],"event_choices":[{"damage_healed":0.0,"max_hp_gain":0.0,"max_hp_loss":0.0,"gold_gain":0.0,"event_name":"Living Wall","player_choice":"Grow","floor":2.0,"gold_loss":0.0,"damage_taken":0.0,"cards_upgraded":["hermit:Covet"]},{"damage_healed":0.0,"max_hp_gain":0.0,"max_hp_loss":0.0,"gold_gain":0.0,"event_name":"Accursed Blacksmith","player_choice":"Rummage","floor":3.0,"gold_loss":0.0,"damage_taken":0.0,"relics_obtained":["WarpedTongs"],"cards_obtained":["Pain"]},{"cards_removed":["Pain"],"damage_healed":0.0,"max_hp_gain":0.0,"max_hp_loss":0.0,"gold_gain":0.0,"event_name":"Bonfire Elementals","player_choice":"Offered Curse","floor":5.0,"gold_loss":0.0,"damage_taken":0.0,"relics_obtained":["Spirit Poop"]},{"damage_healed":2.0,"max_hp_gain":0.0,"max_hp_loss":0.0,"gold_gain":0.0,"event_name":"Wheel of Change","player_choice":"Full Heal","floor":21.0,"gold_loss":0.0,"damage_taken":0.0},{"damage_healed":0.0,"max_hp_gain":0.0,"max_hp_loss":0.0,"gold_gain":0.0,"event_name":"Mysterious Sphere","player_choice":"Fight","floor":37.0,"gold_loss":0.0,"damage_taken":0.0},{"damage_healed":66.0,"max_hp_gain":0.0,"max_hp_loss":9.0,"gold_gain":0.0,"event_name":"The Moai Head","player_choice":"Heal","floor":39.0,"gold_loss":0.0,"damage_taken":0.0}],"is_beta":false,"boss_relics":[{"not_picked":["aspiration:IroncladSkillbook","hubris:GrandSneckoEye"],"picked":"SlaversCollar"},{"not_picked":["aspiration:DefectSkillbook","reliquary:ThirdArm"],"picked":"aspiration:MobileForge"}],"items_purged_floors":[14,36,55],"is_endless":false,"potions_floor_spawned":[4,8,12,18,19,24,29,49,50],"killed_by":"The Heart","ascension_level":0}}