{"host":"m2qkn877fkm57m2k","time":1614026666,"event":{"mods":["AchievementEnabler","Bartender","BaseMod","Colored Map","Magitek Elite","Minty Spire (QoL Compilation)","Permanent Neow","Relic Sorter","StSLib"],"gold_per_floor":[112,123,142,142,160,160,190,190,213,240,251,219,233,233,233],"floor_reached":14,"language":"ENG","playtime":901,"items_purged":[],"score":112,"play_id":"109d4951-9b26-4775-87e2-458a245461a4","local_time":"20210222214426","is_ascension_mode":true,"campfire_choices":[{"data":"Meteor","floor":6,"key":"SMITH"},{"data":"Protect_M","floor":8,"key":"SMITH"}],"circlet_count":0,"master_deck":["Strike_L","Strike_L","Defend_L","Defend_L","Defend_L","Defend_L","Defend_L","Fire2","Cure","Water","Flametongue","Dispel","Focus","Meteor+1","Protect_M+1","Rune_Blade","Esuna","Shell"],"relics":["Pendant","Bronze Scales","Boot","Ancient Tea Set"],"acts_visited":["Exordium"],"potions_floor_usage":[7,10,14,14,14],"damage_taken":[{"damage":4,"enemies":"Small Slimes","floor":1,"turns":5},{"damage":1,"enemies":"Cultist","floor":2,"turns":3},{"damage":1,"enemies":"2 Louse","floor":3,"turns":3},{"damage":11,"enemies":"Blue Slaver","floor":5,"turns":4},{"damage":33,"enemies":"3 Sentries","floor":7,"turns":9},{"damage":6,"enemies":"Lagavulin","floor":10,"turns":5},{"damage":18,"enemies":"Large Slime","floor":11,"turns":5},{"damage":19,"enemies":"Looter","floor":13,"turns":4},{"damage":11,"enemies":"3 Sentries","floor":14,"turns":5}],"seed_played":"-3193551945066233244","potions_obtained":[{"floor":1,"key":"LiquidMemories"},{"floor":5,"key":"LiquidBronze"},{"floor":7,"key":"Explosive Potion"},{"floor":11,"key":"EssenceOfSteel"},{"floor":13,"key":"LiquidBronze"}],"is_trial":false,"path_per_floor":["M","M","M","?","M","R","E","R","T","E","M","?","M","E"],"character_chosen":"MAGITEKELITE","items_purchased":[],"campfire_rested":0,"item_purchase_floors":[],"current_hp_per_floor":[63,63,62,62,57,57,30,30,30,30,18,18,5,0,0],"gold":233,"neow_bonus":"TRANSFORM_CARD","is_daily":false,"chose_seed":false,"campfire_upgraded":2,"win_rate":0.0,"timestamp":1614026666,"path_taken":["M","M","M","?","?","R","E","R","T","E","M","?","M","E"],"items_purchased_type":[],"build_version":"2020-12-22","purchased_purges":0,"victory":false,"max_hp_per_floor":[63,63,63,63,63,63,63,63,63,63,63,63,63,63,63],"card_choices":[{"not_picked":["Rasp","Man_Eater"],"picked":"Flametongue","floor":1},{"not_picked":["Mythril_Knife","Water"],"picked":"Dispel","floor":2},{"not_picked":["Flare","Gladius","Enhancer"],"picked":"SKIP","floor":3},{"not_picked":["Gladius","Gaia_Gear"],"picked":"Meteor","floor":5},{"not_picked":["Magnus_Hat","Blood_Hilt"],"picked":"Protect_M","floor":7},{"not_picked":["Vox","Remember"],"picked":"Rune_Blade","floor":10},{"not_picked":["Water","Mirage_Vest"],"picked":"Esuna","floor":11},{"not_picked":["Barrier","Gaia_Gear"],"picked":"Shell","floor":13}],"player_experience":33115,"relics_obtained":[{"floor":7,"key":"Bronze Scales"},{"floor":9,"key":"Boot"},{"floor":10,"key":"Ancient Tea Set"}],"event_choices":[{"damage_healed":0,"gold_gain":0,"cards_transformed":["Strike_L"],"player_choice":"Transformed","damage_taken":0,"max_hp_gain":0,"max_hp_loss":0,"event_name":"Transmorgrifier","floor":4,"gold_loss":0,"cards_obtained":["Focus"]},{"damage_healed":0,"gold_gain":0,"player_choice":"Left Gold","damage_taken":0,"max_hp_gain":0,"max_hp_loss":0,"event_name":"World of Goop","floor":12,"gold_loss":32}],"is_beta":false,"boss_relics":[],"items_purged_floors":[],"is_endless":false,"potions_floor_spawned":[1,5,7,11,13],"killed_by":"3 Sentries","ascension_level":2}}