{"host":"qc8p2flj7wsy3zpg","time":1614022281,"event":{"mods":["BaseMod","Highlight Path","Minty Spire (QoL Compilation)","Monster List Patch","Relic Stats","StSLib"],"gold_per_floor":[362,362,377,377,392,392,72,86,86,86,103,120,120,132,132,235,235,245,245,13,27,42,42,61,78,150,202,212,212,223,223,239,239,239,239],"floor_reached":34,"language":"ENG","playtime":682,"items_purged":["Defend_G"],"score":250,"play_id":"c27f2f44-b8c5-4ef0-8350-d70147af6b8a","local_time":"20210222133121","is_ascension_mode":false,"campfire_choices":[{"data":"Blade Dance","floor":6.0,"key":"SMITH"},{"floor":10.0,"key":"REST"},{"data":"Finisher","floor":13.0,"key":"SMITH"},{"data":"Blade Dance","floor":15.0,"key":"SMITH"},{"data":"Corpse Explosion","floor":23.0,"key":"SMITH"},{"floor":29.0,"key":"REST"},{"data":"Unload","floor":31.0,"key":"SMITH"},{"floor":33.0,"key":"REST"}],"circlet_count":0,"master_deck":["Strike_G","Strike_G","Strike_G","Strike_G","Defend_G","Defend_G","Defend_G","Defend_G","Survivor","Neutralize","Blade Dance+1","Blade Dance+1","Calculated Gamble","Unload+1","Blade Dance+1","Poisoned Stab","Finisher+1","Corpse Explosion+1","Quick Slash","PanicButton","Dagger Spray+1"],"relics":["Ring of the Snake","Mummified Hand","DollysMirror","Sundial","Busted Crown","Letter Opener"],"acts_visited":["Exordium","TheCity"],"potions_floor_usage":[34,34,34],"damage_taken":[{"damage":0.0,"enemies":"Small Slimes","floor":1.0,"turns":3.0},{"damage":0.0,"enemies":"Cultist","floor":3.0,"turns":3.0},{"damage":0.0,"enemies":"2 Louse","floor":5.0,"turns":2.0},{"damage":11.0,"enemies":"Gremlin Gang","floor":8.0,"turns":4.0},{"damage":5.0,"enemies":"Looter","floor":11.0,"turns":2.0},{"damage":0.0,"enemies":"Large Slime","floor":12.0,"turns":4.0},{"damage":1.0,"enemies":"Red Slaver","floor":14.0,"turns":2.0},{"damage":19.0,"enemies":"Hexaghost","floor":16.0,"turns":6.0},{"damage":0.0,"enemies":"Spheric Guardian","floor":18.0,"turns":1.0},{"damage":0.0,"enemies":"Chosen","floor":21.0,"turns":4.0},{"damage":0.0,"enemies":"Snecko","floor":22.0,"turns":2.0},{"damage":6.0,"enemies":"Chosen and Byrds","floor":24.0,"turns":3.0},{"damage":12.0,"enemies":"3 Cultists","floor":25.0,"turns":3.0},{"damage":24.0,"enemies":"Snake Plant","floor":28.0,"turns":4.0},{"damage":0.0,"enemies":"Snecko","floor":30.0,"turns":3.0},{"damage":18.0,"enemies":"Shelled Parasite and Fungi","floor":32.0,"turns":3.0},{"damage":57,"enemies":"Collector","floor":34,"turns":5}],"seed_played":"-3486585820734565129","potions_obtained":[{"floor":3.0,"key":"DuplicationPotion"},{"floor":5.0,"key":"Energy Potion"},{"floor":11.0,"key":"Strength Potion"},{"floor":18.0,"key":"EssenceOfSteel"},{"floor":25.0,"key":"GamblersBrew"}],"is_trial":false,"path_per_floor":["M","?","M","?","M","R","$","M","T","R","M","M","R","M","R","B",null,"M","?","$","M","M","R","M","M","T","T","M","R","M","R","M","R","B"],"character_chosen":"THE_SILENT","items_purchased":["Unload","DollysMirror","Poison Potion","Quick Slash","PanicButton"],"campfire_rested":3,"item_purchase_floors":[7,7,20,20,20],"current_hp_per_floor":[49,42,42,39,39,39,39,28,28,49,44,44,44,43,43,24,70,70,70,70,70,70,70,64,52,52,52,28,49,49,49,31,52,0,0],"gold":239,"neow_bonus":"TWO_FIFTY_GOLD","is_daily":false,"chose_seed":false,"campfire_upgraded":5,"win_rate":0.0,"timestamp":1614022281,"path_taken":["M","?","M","?","M","R","$","M","T","R","M","M","R","M","R","BOSS","M","?","$","M","M","R","M","M","T","T","?","R","M","R","M","R","BOSS"],"items_purchased_type":["Card","Relic","Potion","Card","Card"],"build_version":"2020-12-22","purchased_purges":1,"victory":false,"max_hp_per_floor":[70,70,70,70,70,70,70,70,70,70,70,70,70,70,70,70,70,70,70,70,70,70,70,70,70,70,70,70,70,70,70,70,70,70,70],"relic_stats":{"Busted Crown":16,"counters":[17,54],"Mummified Hand":[0],"Sundial":[4],"Letter Opener":[7],"obtain_stats":[{"Busted Crown":17,"Mummified Hand":4,"DollysMirror":7,"Sundial":9,"Letter Opener":26,"Ring of the Snake":0},{"Busted Crown":8,"Mummified Hand":2,"DollysMirror":3,"Sundial":4,"Letter Opener":13,"Ring of the Snake":0},{"Busted Crown":26,"Mummified Hand":6,"DollysMirror":8,"Sundial":12,"Letter Opener":39,"Ring of the Snake":0}],"Ring of the Snake":[34]},"card_choices":[{"not_picked":["Deflect","Bane"],"picked":"Blade Dance","floor":1.0},{"not_picked":["Flechettes","Sucker Punch"],"picked":"Blade Dance","floor":3.0},{"not_picked":["Footwork","Setup"],"picked":"Calculated Gamble","floor":5.0},{"not_picked":["Slice","Deadly Poison"],"picked":"Poisoned Stab","floor":11.0},{"not_picked":["Concentrate","Deadly Poison"],"picked":"Finisher","floor":12.0},{"not_picked":["After Image","Adrenaline"],"picked":"Corpse Explosion","floor":16.0},{"not_picked":[],"picked":"Dagger Spray+1","floor":32.0}],"player_experience":2418583,"relics_obtained":[{"floor":9.0,"key":"Sundial"},{"floor":26.0,"key":"Letter Opener"}],"event_choices":[{"cards_removed":["Strike_G"],"damage_healed":0.0,"max_hp_gain":0.0,"max_hp_loss":0.0,"gold_gain":0.0,"event_name":"Golden Wing","player_choice":"Card Removal","floor":2.0,"gold_loss":0.0,"damage_taken":7.0},{"damage_healed":0.0,"max_hp_gain":0.0,"max_hp_loss":0.0,"gold_gain":0.0,"event_name":"Scrap Ooze","player_choice":"Success","floor":4.0,"gold_loss":0.0,"damage_taken":3.0,"relics_obtained":["Mummified Hand"]},{"damage_healed":0.0,"max_hp_gain":0.0,"max_hp_loss":0.0,"gold_gain":0.0,"event_name":"Wheel of Change","player_choice":"Full Heal","floor":19.0,"gold_loss":0.0,"damage_taken":0.0}],"is_beta":false,"boss_relics":[{"not_picked":["Ectoplasm","SacredBark"],"picked":"Busted Crown"}],"items_purged_floors":[20],"is_endless":false,"potions_floor_spawned":[3,5,11,18,25,30,32],"killed_by":"Collector","ascension_level":0}}