{"host":"qyjrmrr57odine7m","time":1614011103,"event":{"mods":["AchievementEnabler","BaseMod","Bestiary","Block Reminder","Card Forge","Highlight Path","Minty Spire (QoL Compilation)","Permanent Neow","Rare Cards Sparkle","StSLib"],"gold_per_floor":[113,126,54,69,69,101,101,121,148,148,223,248,261,279,279,375,375,391,411,440,450,469,496,516,527,551,551,551,570,570,605,605,701,701,716,730,657,657,673,702,714,714,768,768,798,815,865,900,900,900],"floor_reached":51,"language":"ENG","playtime":3578,"items_purged":[],"score":941,"play_id":"f0dd001b-6912-4fbf-b2dd-28db01142eb3","local_time":"20210222162503","is_ascension_mode":false,"campfire_choices":[{"floor":7.0,"key":"REST"},{"floor":10.0,"key":"REST"},{"floor":15.0,"key":"REST"},{"floor":30,"key":"REST"},{"floor":32,"key":"REST"},{"floor":44,"key":"REST"},{"floor":49,"key":"REST"}],"circlet_count":0,"master_deck":["Survivor+1","Backflip+1","PiercingWail+1","Accuracy+1","Cloak And Dagger+1","Blade Dance+1","Accuracy+1","Leg Sweep+1","Storm of Steel+1","Footwork+1","Well Laid Plans+1","Blur+1","Bouncing Flask+1","Riddle With Holes+1","Deflect+1"],"relics":["Ring of the Snake","Hammer of Thor","Seething Fire","Anvil of the Gods","Juzu Bracelet","Art of War","Pen Nib","Sozu","Red Mask","Anchor","Boot","Frozen Egg 2","WristBlade","MealTicket","Regal Pillow","Akabeko","Centennial Puzzle","Gremlin Horn"],"acts_visited":["Exordium","TheCity","TheBeyond"],"potions_floor_usage":[19,20,50],"damage_taken":[{"damage":0.0,"enemies":"Cultist","floor":1.0,"turns":3.0},{"damage":0.0,"enemies":"Jaw Worm","floor":2.0,"turns":4.0},{"damage":0.0,"enemies":"Small Slimes","floor":4.0,"turns":3.0},{"damage":0.0,"enemies":"Lagavulin","floor":6.0,"turns":6.0},{"damage":0.0,"enemies":"2 Fungi Beasts","floor":8.0,"turns":4.0},{"damage":4.0,"enemies":"Gremlin Nob","floor":12.0,"turns":3.0},{"damage":0.0,"enemies":"3 Louse","floor":13.0,"turns":4.0},{"damage":0.0,"enemies":"Exordium Wildlife","floor":14.0,"turns":3.0},{"damage":0.0,"enemies":"The Guardian","floor":16.0,"turns":6.0},{"damage":0,"enemies":"Chosen","floor":18,"turns":1},{"damage":0,"enemies":"Shell Parasite","floor":19,"turns":2},{"damage":0,"enemies":"Masked Bandits","floor":20,"turns":1},{"damage":0,"enemies":"Cultist and Chosen","floor":21,"turns":3},{"damage":2,"enemies":"Snecko","floor":22,"turns":5},{"damage":0,"enemies":"Slavers","floor":23,"turns":3},{"damage":0,"enemies":"Centurion and Healer","floor":24,"turns":3},{"damage":0,"enemies":"3 Cultists","floor":25,"turns":3},{"damage":0,"enemies":"Snake Plant","floor":29,"turns":3},{"damage":0,"enemies":"Gremlin Leader","floor":31,"turns":3},{"damage":32,"enemies":"Collector","floor":33,"turns":4},{"damage":0,"enemies":"Orb Walker","floor":35,"turns":2},{"damage":0,"enemies":"3 Darklings","floor":36,"turns":3},{"damage":6,"enemies":"Maw","floor":39,"turns":5},{"damage":2,"enemies":"Reptomancer","floor":40,"turns":5},{"damage":0,"enemies":"Spire Growth","floor":41,"turns":4},{"damage":0,"enemies":"Nemesis","floor":45,"turns":5},{"damage":2,"enemies":"Transient","floor":46,"turns":5},{"damage":0,"enemies":"Giant Head","floor":48,"turns":5},{"damage":20,"enemies":"Awakened One","floor":50,"turns":10}],"seed_played":"5878419925762164332","potions_obtained":[{"floor":1.0,"key":"Weak Potion"},{"floor":13.0,"key":"Fruit Juice"},{"floor":14.0,"key":"Swift Potion"}],"is_trial":false,"path_per_floor":["M","M","$","M","$","E","R","M","T","R","?","E","M","M","R","B",null,"M","M","?","M","M","E","M","M","T","?","?","M","R","E","R","B",null,"M","M","$","?","M","E","M","?","T","R","E","M","T","E","R","B",null],"character_chosen":"THE_SILENT","items_purchased":["Accuracy","Bouncing Flask"],"campfire_rested":7,"item_purchase_floors":[3,37],"current_hp_per_floor":[49,49,49,49,49,49,70,70,70,70,59,55,60,60,75,75,75,75,75,75,75,73,73,73,73,73,73,73,73,75,75,75,43,75,75,75,75,75,69,67,67,67,67,75,75,73,73,73,75,55],"gold":900,"neow_bonus":"TRANSFORM_TWO_CARDS","is_daily":false,"chose_seed":false,"campfire_upgraded":0,"win_rate":0.0,"timestamp":1614011103,"path_taken":["M","M","$","M","$","E","R","M","T","R","?","E","M","M","R","BOSS","M","M","?","M","M","E","M","M","T","?","?","M","R","E","R","BOSS","M","M","$","?","M","E","M","?","T","R","E","M","?","E","R","BOSS"],"items_purchased_type":["Card","Card"],"build_version":"2020-12-22","purchased_purges":0,"victory":true,"max_hp_per_floor":[70,70,70,70,70,70,70,70,70,70,70,70,75,75,75,75,75,75,75,75,75,75,75,75,75,75,75,75,75,75,75,75,75,75,75,75,75,75,75,75,75,75,75,75,75,75,75,75,75,75],"card_choices":[{"not_picked":["Acrobatics","Bane"],"picked":"PiercingWail","floor":1.0},{"not_picked":["Backflip","Slice"],"picked":"Infinite Blades","floor":2.0},{"not_picked":["Dagger Throw","Poisoned Stab"],"picked":"Cloak And Dagger","floor":4.0},{"not_picked":["Concentrate","Flying Knee"],"picked":"Envenom","floor":6.0},{"not_picked":["Backflip","Underhanded Strike","Endless Agony"],"picked":"SKIP","floor":8.0},{"not_picked":["Flying Knee","Underhanded Strike"],"picked":"Blade Dance","floor":12.0},{"not_picked":["Dash","Bullet Time"],"picked":"Accuracy","floor":13.0},{"not_picked":["PiercingWail","Poisoned Stab"],"picked":"Leg Sweep","floor":14.0},{"not_picked":["Grand Finale","Venomology"],"picked":"Storm of Steel","floor":16.0},{"not_picked":["Backflip","Underhanded Strike"],"picked":"Infinite Blades","floor":18},{"not_picked":["Slice","Flying Knee","Choke"],"picked":"SKIP","floor":19},{"not_picked":["Poisoned Stab+1","Acrobatics"],"picked":"Deadly Poison","floor":20},{"not_picked":["Dagger Throw+1","PiercingWail","Prepared"],"picked":"SKIP","floor":21},{"not_picked":["Endless Agony","Dagger Throw","Underhanded Strike+1"],"picked":"SKIP","floor":22},{"not_picked":["Tools of the Trade","Outmaneuver+1","Deadly Poison+1"],"picked":"SKIP","floor":23},{"not_picked":["Eviscerate+1","Outmaneuver"],"picked":"Footwork","floor":24},{"not_picked":["Underhanded Strike+1","Prepared","Reflex"],"picked":"SKIP","floor":25},{"not_picked":["Slice","Quick Slash+1","Blade Dance+1"],"picked":"SKIP","floor":29},{"not_picked":["Underhanded Strike","Escape Plan"],"picked":"Blur","floor":31},{"not_picked":["Unload","Burst"],"picked":"After Image+1","floor":33},{"not_picked":["Acrobatics+1","Noxious Fumes+1","Backflip+1"],"picked":"SKIP","floor":35},{"not_picked":["Prepared","PiercingWail","Tactician"],"picked":"SKIP","floor":36},{"not_picked":["Dagger Spray","Reflex+1","Acrobatics+1"],"picked":"SKIP","floor":39},{"not_picked":["Endless Agony+1","Deadly Poison+1"],"picked":"Riddle With Holes","floor":40},{"not_picked":["Caltrops+1","Glass Knife","Setup"],"picked":"SKIP","floor":41},{"not_picked":["PiercingWail","Poisoned Stab"],"picked":"Deflect+1","floor":45},{"not_picked":["Prepared","PiercingWail+1","Riddle With Holes"],"picked":"SKIP","floor":46},{"not_picked":["Tactician+1","Prepared","Riddle With Holes+1"],"picked":"SKIP","floor":48}],"player_experience":1279289,"relics_obtained":[{"floor":6.0,"key":"Juzu Bracelet"},{"floor":9.0,"key":"Art of War"},{"floor":12.0,"key":"Pen Nib"},{"floor":20,"key":"Red Mask"},{"floor":23,"key":"Anchor"},{"floor":26,"key":"Boot"},{"floor":31,"key":"Frozen Egg 2"},{"floor":40,"key":"MealTicket"},{"floor":43,"key":"Regal Pillow"},{"floor":45,"key":"Akabeko"},{"floor":47,"key":"Centennial Puzzle"},{"floor":48,"key":"Gremlin Horn"}],"event_choices":[{"damage_healed":0.0,"max_hp_gain":0.0,"max_hp_loss":0.0,"gold_gain":75.0,"event_name":"World of Goop","player_choice":"Gather Gold","floor":11.0,"gold_loss":0.0,"damage_taken":11.0},{"damage_healed":0,"gold_gain":0,"player_choice":"Fought Bandits","damage_taken":0,"max_hp_gain":0,"max_hp_loss":0,"event_name":"Masked Bandits","floor":20,"gold_loss":0},{"damage_healed":0,"gold_gain":0,"player_choice":"Ignored","damage_taken":0,"max_hp_gain":0,"max_hp_loss":0,"event_name":"Beggar","floor":27,"gold_loss":0},{"damage_healed":0,"gold_gain":0,"player_choice":"Read","damage_taken":0,"max_hp_gain":0,"max_hp_loss":0,"event_name":"The Library","floor":28,"gold_loss":0,"cards_obtained":["Well Laid Plans"]},{"damage_healed":0,"gold_gain":0,"player_choice":"Got Potions","damage_taken":0,"max_hp_gain":0,"max_hp_loss":0,"event_name":"Lab","floor":38,"gold_loss":0},{"damage_healed":0,"gold_gain":0,"player_choice":"Ignored","damage_taken":0,"max_hp_gain":0,"max_hp_loss":0,"event_name":"Purifier","floor":42,"gold_loss":0}],"is_beta":false,"boss_relics":[{"not_picked":["Busted Crown","Calling Bell"],"picked":"Sozu"},{"not_picked":["Runic Dome","Runic Pyramid"],"picked":"WristBlade"}],"items_purged_floors":[],"is_endless":false,"potions_floor_spawned":[1,12,13,14,18,23,24,25,31,36,41,45],"ascension_level":0}}