{"host":"ul3z8ex5o8l5j7mh","time":1614024572,"event":{"mods":["2.2 Compatiblity","AchievementEnabler","BaseMod","Bestiary","Colored Map","Colored Powertips","Curses Come First","DeckTracker","Highlight Path","Keyboard Shortcuts","Minty Spire (QoL Compilation)","Relic Sorter","Relic Stats","StSLib","SuperFastMode"],"gold_per_floor":[119,119,119,137,147,147,182,182,182,182,199,53,53,73,73,168,168,187,187,187,0,10,10,26,26,102,113,113,113,131,145,145,145,145],"floor_reached":33,"language":"ENG","playtime":1700,"items_purged":[],"score":309,"play_id":"9640d9fb-bf3a-4833-bafa-421d34605688","local_time":"20210222210932","is_ascension_mode":true,"campfire_choices":[{"data":"Setup","floor":6.0,"key":"SMITH"},{"data":"Underhanded Strike","floor":10.0,"key":"SMITH"},{"floor":15.0,"key":"REST"},{"data":"Bite","floor":23.0,"key":"SMITH"},{"floor":25.0,"key":"REST"},{"data":"Bite","floor":29,"key":"SMITH"},{"data":"RitualDagger","floor":32,"key":"SMITH"}],"circlet_count":0,"master_deck":["Defend_G","Defend_G+1","Defend_G","Defend_G","Defend_G","Survivor","Neutralize+1","Underhanded Strike+1","Dodge and Roll","Envenom","Quick Slash","RitualDagger+1","Bite+1","Bite+1","Bite","Bite","Bite","Choke","Blur+1"],"relics":["Busted Crown","Pear","StrikeDummy","PreservedInsect","Snecko Eye","Medical Kit","Sundial"],"acts_visited":["Exordium","TheCity"],"potions_floor_usage":[27,33],"damage_taken":[{"damage":0.0,"enemies":"Small Slimes","floor":1.0,"turns":3.0},{"damage":0.0,"enemies":"2 Louse","floor":4.0,"turns":4.0},{"damage":2.0,"enemies":"Jaw Worm","floor":5.0,"turns":4.0},{"damage":32.0,"enemies":"3 Sentries","floor":7.0,"turns":11.0},{"damage":7.0,"enemies":"2 Fungi Beasts","floor":11.0,"turns":3.0},{"damage":12.0,"enemies":"Lots of Slimes","floor":14.0,"turns":4.0},{"damage":34.0,"enemies":"The Guardian","floor":16.0,"turns":15.0},{"damage":0.0,"enemies":"Chosen","floor":18.0,"turns":4.0},{"damage":40.0,"enemies":"3 Byrds","floor":22.0,"turns":6.0},{"damage":43.0,"enemies":"Sentry and Sphere","floor":24.0,"turns":6.0},{"damage":9,"enemies":"Cultist and Chosen","floor":27,"turns":5},{"damage":13,"enemies":"Centurion and Healer","floor":30,"turns":5},{"damage":32,"enemies":"Shelled Parasite and Fungi","floor":31,"turns":6},{"damage":96,"enemies":"Collector","floor":33,"turns":10}],"seed_played":"-4472277512021071666","potions_obtained":[{"floor":1.0,"key":"Explosive Potion"},{"floor":5.0,"key":"Weak Potion"},{"floor":22.0,"key":"GamblersBrew"},{"floor":27,"key":"EssenceOfSteel"}],"is_trial":false,"path_per_floor":["M","?","?","M","M","R","E","?","T","R","M","$","$","M","R","B",null,"M","?","?","$","M","R","M","R","T","M","?","R","M","M","R","B"],"character_chosen":"THE_SILENT","items_purchased":["PreservedInsect","Medical Kit","Choke"],"campfire_rested":2,"item_purchase_floors":[12,21,21],"current_hp_per_floor":[70,68,52,52,50,50,18,44,44,44,39,39,39,29,53,21,80,80,74,74,74,48,48,23,47,47,51,80,80,80,63,63,0,0],"gold":145,"neow_bonus":"BOSS_RELIC","is_daily":false,"chose_seed":false,"campfire_upgraded":5,"win_rate":0.0,"timestamp":1614024572,"path_taken":["M","?","?","M","M","R","E","?","T","R","M","?","$","M","R","BOSS","M","?","?","$","M","R","M","R","T","M","?","R","?","M","R","BOSS"],"items_purchased_type":["Relic","Relic","Card"],"build_version":"2020-12-22","purchased_purges":0,"victory":false,"max_hp_per_floor":[70,80,80,80,80,80,80,80,80,80,80,80,80,80,80,80,80,80,80,80,80,80,80,80,80,80,80,80,80,80,80,80,80,80],"relic_stats":{"Busted Crown":26,"counters":[14,86],"Sundial":[6],"Snecko Eye":[82,78,72,68],"PreservedInsect":0,"Medical Kit":[3],"obtain_stats":[{"Blood Vial":7,"Busted Crown":0,"Pear":2,"Sundial":26,"Snecko Eye":17,"PreservedInsect":12,"StrikeDummy":9,"Medical Kit":21,"Ring of the Snake":0},{"Blood Vial":4,"Busted Crown":0,"Pear":1,"Sundial":10,"Snecko Eye":7,"PreservedInsect":5,"StrikeDummy":4,"Medical Kit":8,"Ring of the Snake":0},{"Blood Vial":22,"Busted Crown":0,"Pear":3,"Sundial":60,"Snecko Eye":44,"PreservedInsect":25,"StrikeDummy":22,"Medical Kit":48,"Ring of the Snake":0}]},"card_choices":[{"not_picked":[],"picked":"Setup","floor":1.0},{"not_picked":["Deadly Poison"],"picked":"SKIP","floor":4.0},{"not_picked":["Eviscerate"],"picked":"SKIP","floor":5.0},{"not_picked":["Eviscerate"],"picked":"SKIP","floor":5.0},{"not_picked":[],"picked":"Underhanded Strike","floor":7.0},{"not_picked":["Sucker Punch"],"picked":"SKIP","floor":11.0},{"not_picked":[],"picked":"Dodge and Roll","floor":14.0},{"not_picked":[],"picked":"Envenom","floor":16.0},{"not_picked":[],"picked":"Quick Slash","floor":18.0},{"not_picked":["Predator"],"picked":"SKIP","floor":22.0},{"not_picked":["Dagger Throw"],"picked":"SKIP","floor":24.0},{"not_picked":["Prepared"],"picked":"SKIP","floor":27},{"not_picked":[],"picked":"Blur+1","floor":30},{"not_picked":["Acrobatics"],"picked":"SKIP","floor":31}],"player_experience":425366,"relics_obtained":[{"floor":7.0,"key":"Blood Vial"},{"floor":9.0,"key":"StrikeDummy"},{"floor":26.0,"key":"Sundial"}],"event_choices":[{"damage_healed":0.0,"max_hp_gain":0.0,"max_hp_loss":0.0,"gold_gain":0.0,"event_name":"Scrap Ooze","player_choice":"Success","floor":2.0,"gold_loss":0.0,"damage_taken":12.0,"relics_obtained":["Pear"]},{"damage_healed":0.0,"max_hp_gain":0.0,"max_hp_loss":0.0,"gold_gain":0.0,"event_name":"Shining Light","player_choice":"Entered Light","floor":3.0,"gold_loss":0.0,"damage_taken":16.0,"cards_upgraded":["Defend_G","Neutralize"]},{"damage_healed":26.0,"max_hp_gain":0.0,"max_hp_loss":0.0,"gold_gain":0.0,"event_name":"Big Fish","player_choice":"Banana","floor":8.0,"gold_loss":0.0,"damage_taken":0.0},{"damage_healed":0.0,"max_hp_gain":0.0,"max_hp_loss":0.0,"gold_gain":0.0,"event_name":"Nest","player_choice":"Joined the Cult","floor":19.0,"gold_loss":0.0,"damage_taken":6.0,"cards_obtained":["RitualDagger"]},{"damage_healed":0.0,"max_hp_gain":0.0,"max_hp_loss":0.0,"gold_gain":0.0,"event_name":"Vampires","player_choice":"Became a vampire (Vial)","floor":20.0,"relics_lost":["Blood Vial"],"gold_loss":0.0,"damage_taken":0.0,"cards_obtained":["Bite","Bite","Bite","Bite","Bite"]},{"cards_removed":["Setup"],"damage_healed":29,"gold_gain":0,"player_choice":"Offered Uncommon","damage_taken":0,"max_hp_gain":0,"max_hp_loss":0,"event_name":"Bonfire Elementals","floor":28,"gold_loss":0}],"is_beta":false,"boss_relics":[{"not_picked":["Ectoplasm","Runic Dome"],"picked":"Snecko Eye"}],"items_purged_floors":[],"is_endless":false,"potions_floor_spawned":[1,5,22,27],"killed_by":"Collector","ascension_level":3}}