{"host":"0k7350af1t8odskw","time":1614024390,"event":{"mods":["AchievementEnabler","BaseMod","Better Vampires","BetterRewards","Colored Map","Downfall","Highlight Path","Hubris","Lobotomy","Marisa£®ÏF”Í°°ƒß¿Ì…≥£©","Minty Spire (QoL Compilation)","Quick Restart","Replay The Spire","Shop Mod","StSLib","The Administrix","The Death Knight","The Runesmith","Youmu£®ªÍ∆«—˝√Œ£©"],"gold_per_floor":[116,116,133,133,150,150,124,124,124,154,154,154,154,166,166,271,271,287,287,287,287],"floor_reached":20,"language":"ZHS","playtime":1150,"items_purged":[],"score":170,"play_id":"bb359ef0-d2bd-4c4f-9c25-7c5cdb5527a8","local_time":"20210222120630","is_ascension_mode":false,"campfire_choices":[{"data":"Runesmith:Grindstone","floor":6,"key":"SMITH"},{"data":"Runesmith:LithiumIon","floor":8,"key":"SMITH"},{"floor":13,"key":"REST"},{"data":"Runesmith:BackupBattery","floor":15,"key":"SMITH"}],"circlet_count":0,"master_deck":["Runesmith:Strike_RS","Runesmith:Strike_RS","Runesmith:Strike_RS","Runesmith:Defend_RS","Runesmith:Defend_RS","Runesmith:Defend_RS","Runesmith:Defend_RS","Runesmith:CraftFirestone+1","Runesmith:Fortify+1","Runesmith:ChaoticBlast+1","Runesmith:BackupBattery+1","Runesmith:LithiumIon+1","Chrysalis","Runesmith:Overpower","Runesmith:Grindstone+1","Runesmith:CraftSpiculum","Runesmith:DuctTape+1","Runesmith:HeatedChisel","Runesmith:EarthShield","Runesmith:ChaoticBlast+1","Runesmith:Empowerment","Runesmith:CraftPrismatica","Runesmith:EnergizedChisel+1"],"relics":["Runesmith:BrokenRuby","War Paint","Lizard Tail","Gremlin Horn","Garlic","Sozu","hubris:Towel"],"acts_visited":["Exordium","TheCity"],"potions_floor_usage":[],"damage_taken":[{"damage":5,"enemies":"Small Slimes","floor":1,"turns":4},{"damage":0,"enemies":"2 Louse","floor":3,"turns":2},{"damage":0,"enemies":"Jaw Worm","floor":5,"turns":2},{"damage":24,"enemies":"Lagavulin","floor":10,"turns":8},{"damage":7,"enemies":"Looter","floor":14,"turns":3},{"damage":45,"enemies":"Fading Forest","floor":16,"turns":11},{"damage":27,"enemies":"Chosen","floor":18,"turns":8},{"damage":35,"enemies":"Spheric Guardian","floor":20,"turns":6}],"seed_played":"1120773591382652883","potions_obtained":[{"floor":1,"key":"FearPotion"},{"floor":16,"key":"Swift Potion"}],"is_trial":false,"path_per_floor":["M","$","M","?","M","R","$","R","T","E","?","?","R","M","R","B",null,"M","?","M"],"character_chosen":"RUNESMITH_CLASS","items_purchased":["War Paint","Runesmith:ChaoticBlast+1","Runesmith:BackupBattery","Runesmith:LithiumIon","Chrysalis","Runesmith:EarthShield"],"campfire_rested":1,"item_purchase_floors":[0,0,0,0,0,7],"current_hp_per_floor":[33,33,33,33,33,33,33,33,33,9,9,9,30,23,23,36,70,43,43,8,8],"gold":287,"neow_bonus":"","is_daily":false,"chose_seed":false,"campfire_upgraded":3,"win_rate":0.0,"timestamp":1614024390,"path_taken":["M","$","M","?","M","R","$","R","T","E","?","?","R","M","R","BOSS","M","?","M"],"items_purchased_type":["Relic","Card","Card","Card","Card","Card"],"build_version":"2020-12-22","purchased_purges":0,"victory":false,"max_hp_per_floor":[70,70,70,70,70,70,70,70,70,70,70,70,70,70,70,70,70,70,70,70,70],"card_choices":[{"not_picked":["Runesmith:Prism","Runesmith:Augment"],"picked":"Runesmith:Grindstone","floor":1},{"not_picked":["Runesmith:RuneHurl","Runesmith:Attraction"],"picked":"Runesmith:CraftSpiculum","floor":3},{"not_picked":["Runesmith:HammerThrow","Runesmith:ChiselStab"],"picked":"Runesmith:HeatedChisel","floor":5},{"not_picked":["Runesmith:LightningRod","Runesmith:ChiselStab"],"picked":"Runesmith:ChaoticBlast","floor":10},{"not_picked":["Runesmith:RuneHurl","Runesmith:HammerThrow"],"picked":"Runesmith:Empowerment","floor":14},{"not_picked":["Runesmith:GrandSlam","Runesmith:LastStand"],"picked":"Runesmith:CraftPrismatica","floor":16},{"not_picked":["Runesmith:Permafrost","Runesmith:Refine+1"],"picked":"Runesmith:EnergizedChisel+1","floor":18}],"player_experience":104400,"relics_obtained":[{"floor":9,"key":"Gremlin Horn"},{"floor":10,"key":"Garlic"}],"event_choices":[{"damage_healed":0,"gold_gain":0,"player_choice":"Ignored","damage_taken":0,"max_hp_gain":0,"max_hp_loss":0,"event_name":"Shining Light","floor":12,"gold_loss":0}],"is_beta":false,"boss_relics":[{"not_picked":["hubris:Backtick","Kintsugi"],"picked":"Sozu"}],"items_purged_floors":[],"is_endless":false,"potions_floor_spawned":[1,16],"killed_by":"Spheric Guardian","ascension_level":0}}