{"host":"e8hwgc5hwysw32tq","time":1614028316,"event":{"mods":["BaseMod","Downfall","Googly Eyes","Minty Spire (QoL Compilation)","StSLib","Together in Spire"],"gold_per_floor":[99,99,118,138,48,59,111,127,137,137,160,67,67,15,32,137,137,137,152,163,163,183,22,72,72,72,72],"floor_reached":25,"language":"ENG","playtime":2085,"items_purged":["hexamod:Strike"],"score":243,"play_id":"fb636864-62f5-4246-a4b2-6404919f6c02","local_time":"20210222131156","is_ascension_mode":false,"campfire_choices":[{"data":"Apotheosis","floor":1,"key":"SMITH"},{"data":"hexamod:EmpoweredFlame","floor":13,"key":"SMITH"},{"data":"hexamod:UnlimitedPower","floor":18,"key":"SMITH"}],"circlet_count":0,"master_deck":["hexamod:Strike","hexamod:Strike","hexamod:Strike","hexamod:Defend","hexamod:Defend","hexamod:Defend","hexamod:Sear","hexamod:Float","Apotheosis+1","hexamod:HauntingEcho","hexamod:GhostOfSpirePast","hexamod:ThermalTransfer","hexamod:Hexaguard","hexamod:ExtraCrispy","hexamod:EmpoweredFlame+1","hexamod:GhostflameInferno","hexamod:EmpoweredFlame","hexamod:RadiantFlame","hexamod:PhantomCloak","hexamod:UnlimitedPower+1","hexamod:GhostOfSpireFuture+1","hexamod:FastForward+1","hexamod:AdvancingGuard+1"],"relics":["hexamod:SpiritBrand","Odd Mushroom","Black Star","downfall:RedIOU","Strange Spoon","Orichalcum"],"acts_visited":["Exordium","TheCity"],"potions_floor_usage":[16,23,23,23],"damage_taken":[{"damage":0,"enemies":"2 Louse","floor":3,"turns":2},{"damage":6,"enemies":"Jaw Worm","floor":4,"turns":3},{"damage":5,"enemies":"downfall:FleeingMerchant","floor":5,"turns":4},{"damage":0,"enemies":"Cultist","floor":6,"turns":3},{"damage":8,"enemies":"Exordium Thugs","floor":8,"turns":4},{"damage":0,"enemies":"Large Slime","floor":9,"turns":5},{"damage":0,"enemies":"The Mushroom Lair","floor":11,"turns":4},{"damage":0,"enemies":"downfall:FleeingMerchant","floor":12,"turns":4},{"damage":7,"enemies":"downfall:FleeingMerchant","floor":14,"turns":4},{"damage":2,"enemies":"Blue Slaver","floor":15,"turns":3},{"damage":0,"enemies":"IC_STATUS_ARCHETYPE","floor":16,"turns":8},{"damage":2,"enemies":"downfall:LooterAlt2","floor":19,"turns":5},{"damage":11,"enemies":"Chosen","floor":20,"turns":6},{"damage":38,"enemies":"Sentry and Sphere","floor":22,"turns":10},{"damage":13,"enemies":"downfall:FleeingMerchant","floor":23,"turns":4},{"damage":5,"enemies":"Centurion and Healer","floor":25,"turns":3}],"seed_played":"-3379586778862439955","potions_obtained":[{"floor":3,"key":"Block Potion"},{"floor":6,"key":"hexamod:EctoCoolerPotion"},{"floor":11,"key":"hexamod:InfernoChargePotion"},{"floor":16,"key":"bronze:BurnAndBuffPotion"}],"is_trial":false,"path_per_floor":["R","?","M","M","$","M","T","M","M","?","?","$","R","$","M","B",null,"R","M","M","?","M","$","T","M"],"character_chosen":"THE_SPIRIT","items_purchased":["hexamod:EmpoweredFlame","hexamod:PhantomCloak","Strange Spoon"],"campfire_rested":0,"item_purchase_floors":[12,14,23],"current_hp_per_floor":[63,68,68,62,57,57,57,49,49,49,49,49,49,42,40,40,68,68,66,55,55,17,4,4,0,0,0],"gold":72,"neow_bonus":"RANDOM_COLORLESS_2","is_daily":false,"chose_seed":false,"campfire_upgraded":3,"win_rate":0.0,"timestamp":1614028316,"path_taken":["R","?","M","M","$","M","T","M","M","?","?","$","R","$","M","BOSS","R","M","M","?","M","$","T","M"],"items_purchased_type":["Card","Card","Relic"],"build_version":"2020-12-22","purchased_purges":1,"victory":false,"max_hp_per_floor":[63,68,68,68,68,68,68,68,68,68,68,68,68,68,68,68,68,68,68,68,68,68,68,68,68,68,68],"card_choices":[{"not_picked":["Thinking Ahead","Master of Strategy"],"picked":"Apotheosis","floor":0},{"not_picked":["hexamod:BurningTouch","hexamod:SpectersWail"],"picked":"hexamod:HauntingEcho","floor":3},{"not_picked":["hexamod:RecurringNightmare","hexamod:PhantomFireball","hexamod:Rewind"],"picked":"SKIP","floor":4},{"not_picked":["hexamod:SpectralSpark","hexamod:SoulSteal"],"picked":"hexamod:GhostOfSpirePast","floor":5},{"not_picked":["hexamod:BacktrackSmack","hexamod:GhostShield"],"picked":"hexamod:ThermalTransfer","floor":6},{"not_picked":["hexamod:SpectralSpark","hexamod:InspiringFlames"],"picked":"hexamod:Hexaguard","floor":8},{"not_picked":["hexamod:PowerFromBeyond","hexamod:SpectralAdrenaline"],"picked":"hexamod:ExtraCrispy","floor":9},{"not_picked":["hexamod:InspiringFlames","hexamod:SoulSteal"],"picked":"hexamod:EmpoweredFlame","floor":11},{"not_picked":["hexamod:NightmareStrike","hexamod:NightmareGuise"],"picked":"hexamod:GhostflameInferno","floor":12},{"not_picked":["hexamod:SkipABeat","hexamod:FlamesFromBeyond"],"picked":"hexamod:RadiantFlame","floor":14},{"not_picked":["hexamod:NightmareStrike","hexamod:SecondSeal","hexamod:Haunt"],"picked":"SKIP","floor":15},{"not_picked":["hexamod:TurnItUp","hexamod:GhostflameInferno"],"picked":"hexamod:UnlimitedPower","floor":16},{"not_picked":["hexamod:SecondSeal","hexamod:HauntingEcho+1"],"picked":"hexamod:GhostOfSpireFuture+1","floor":19},{"not_picked":["hexamod:PhantomCloak","hexamod:ThermalTransfer"],"picked":"hexamod:FastForward+1","floor":20},{"not_picked":["hexamod:HeatMetal","hexamod:Firestarter","hexamod:Again"],"picked":"SKIP","floor":22},{"not_picked":["hexamod:ThermalTransfer","hexamod:NightmareGuise+1"],"picked":"hexamod:AdvancingGuard+1","floor":23}],"player_experience":470972,"relics_obtained":[{"floor":7,"key":"hexamod:MatchstickCase"},{"floor":11,"key":"Odd Mushroom"},{"floor":24,"key":"Orichalcum"}],"event_choices":[{"damage_healed":0,"gold_gain":0,"player_choice":"Donut","damage_taken":0,"max_hp_gain":5,"max_hp_loss":0,"event_name":"Big Fish","floor":2,"gold_loss":0},{"cards_removed":["hexamod:Defend"],"damage_healed":0,"gold_gain":0,"player_choice":"Card Removal","damage_taken":0,"max_hp_gain":0,"max_hp_loss":0,"event_name":"The Cleric","floor":10,"gold_loss":0},{"damage_healed":0,"gold_gain":0,"player_choice":"Fought Mushrooms","damage_taken":0,"max_hp_gain":0,"max_hp_loss":0,"event_name":"Mushrooms","floor":11,"gold_loss":0}],"is_beta":false,"boss_relics":[{"not_picked":["Runic Pyramid","Tiny House"],"picked":"Black Star"}],"items_purged_floors":[5],"is_endless":false,"potions_floor_spawned":[3,6,11,16,20,22],"killed_by":"Centurion and Healer","ascension_level":0}}