{"host":"ut3qe46kys7sl3ey","time":1614032928,"event":{"mods":["2.2 Compatiblity","AchievementEnabler","Bard","BaseMod","Bestiary","Better Altar","Better Match","Better Note","Better Sensory Stone","Better Skull","Better Third Choice","BetterRewards","Block Reminder","Colored Map","Colored Powertips","Curses Come First","DeckTracker","Downfall","Energized Spire","Friendly Minions","Highlight Path","Hubris","Infinite Spire","Minty Spire (QoL Compilation)","Permanent Neow","Quick Restart","Random Character Button","Relic Sorter","Relic Stats","Reliquary","Replay The Spire","StSLib","The Blue Laboratory","The Bug Knight","The Construct","The Cursed","The Jungle","The Mystic","The Spell Scribe","Unceasing Turn Reminder","Unknown Chances","Wandering Minibosses"],"gold_per_floor":[10,24,42,53,72,107,121,138,185,205,231,231,249,249,249,348,348,361,361,372,372,372,372,398,398,421,421,435,435,453,485,485,586,586,607,190,213,213,213,253,253,288,288,288,343,377,377,393,393,490,490,495,495,491,509,526,547,616,616,670,670,676,681,692,702,702,771,821,831,847,855,855,563,563,144,144,144,144,144,150,146,149,149,216,216,203,203,203],"floor_reached":87,"language":"ENG","playtime":7725,"items_purged":["Shame","downfall:Aged","Languid","Strike_B","Rip and Tear","Self Repair+1"],"score":1713,"play_id":"f5054cc9-62d6-4c63-8370-658b2e59d905","local_time":"20210223002848","is_ascension_mode":false,"campfire_choices":[{"floor":15,"key":"REST"},{"data":"Rainbow","floor":23,"key":"SMITH"},{"data":"Mirror Shield","floor":29,"key":"SMITH"},{"data":"infinitespire:Oblivion","floor":32,"key":"SMITH"},{"data":"BasicCrystalCard","floor":41,"key":"SMITH"},{"data":"Zap","floor":44,"key":"SMITH"},{"data":"Turbo","floor":49,"key":"SMITH"},{"floor":59,"key":"REST"},{"data":"infinitespire:Starlight","floor":61,"key":"SMITH"},{"floor":66,"key":"DIG"},{"data":"Chill","floor":74,"key":"SMITH"},{"data":"infinitespire:FutureSight","floor":76,"key":"SMITH"},{"data":"Hello World+1","floor":83,"key":"PURGE"}],"circlet_count":0,"master_deck":["Dualcast","Rainbow+1","Conserve Battery","Go for the Eyes","Turbo+1","Ball Lightning+1","Mirror Shield+1","Chill+1","BasicCrystalCard+1","Blizzard+1","Hello World+1","FTL+1","Core Surge","Capacitor+1","infinitespire:Punishment+1","Stack","infinitespire:Starlight+1","infinitespire:Oblivion+1","Panic Button","Electrodynamics+1","infinitespire:SealOfDarkness+","Meteor Strike","wanderingMiniBosses:FinaleOfPromise","Recycle","Leap","hubris:PowerSurge+1","Storm+1","Redo","infinitespire:FutureSight+1","Mayhem+1","Madness","Static Discharge+1","Crystallizer+1","Machine Learning+1","FIFO Queue+1","Seek","Loop+1"],"relics":["Cracked Core","Frozen Egg 2","hubris:BallOfYels","infinitespire:EmpoweringShard","hubris:Towel","Busted Crown","theJungle:SpiritDisease","Lantern","theJungle:PaperFaux","reliquary:PorcupineQuills","Whetstone","hubris:Zylophone","Replay:Ancient Bell","PreservedInsect","InkBottle","Thread and Needle","reliquary:ExpiredCoupon","Simple Rune","infinitespire:BottledMercury","Ring of Panic","Quantum Egg","reliquary:IridiumChain","Blue Candle","hubris:MedicalManual","Carrot","Sozu","Membership Card","wanderingMiniBosses:Blackblade","Odd Mushroom","Iron Hammer","hubris:RGBLights","Pet Ghost","reliquary:Sod","Nunchaku","Tiny House","hubris:BottledHeart","reliquary:WeakTea","Blue Doll","HandDrill","Replay:Baseball","Chemical X","reliquary:QuartzCube","Letter Opener","hubris:Icosahedron","Pandora\u0027s Box"],"acts_visited":["Exordium","Exordium","TheBeyond","Exordium","TheCity","TheBeyond"],"potions_floor_usage":[6,6,16,37],"damage_taken":[{"damage":4,"enemies":"Jaw Worm","floor":1,"turns":3},{"damage":1,"enemies":"Small Slimes","floor":2,"turns":4},{"damage":0,"enemies":"2 Louse","floor":3,"turns":2},{"damage":8,"enemies":"2 Fungi Beasts","floor":4,"turns":4},{"damage":8,"enemies":"Looter","floor":5,"turns":3},{"damage":3,"enemies":"Gremlin Nob","floor":6,"turns":3},{"damage":12,"enemies":"Exordium Wildlife","floor":7,"turns":6},{"damage":0,"enemies":"3 Louse","floor":8,"turns":3},{"damage":6,"enemies":"Red Slaver","floor":10,"turns":3},{"damage":4,"enemies":"3 Sentries","floor":11,"turns":8},{"damage":0,"enemies":"Exordium Wildlife","floor":13,"turns":4},{"damage":24,"enemies":"Fading Forest","floor":16,"turns":11},{"damage":3,"enemies":"theJungle:Flameango_and_Byrd","floor":18,"turns":4},{"damage":0,"enemies":"theJungle:GiantWrat","floor":20,"turns":3},{"damage":27,"enemies":"Nightmare","floor":24,"turns":6},{"damage":3,"enemies":"theJungle:Snecko_Cultist_And_Trap","floor":28,"turns":3},{"damage":0,"enemies":"theJungle:2_Snecko_Cultists","floor":30,"turns":2},{"damage":0,"enemies":"theJungle:Cassacara","floor":31,"turns":5},{"damage":20,"enemies":"theJungle:TotemBoss","floor":33,"turns":6},{"damage":0,"enemies":"3 Darklings","floor":35,"turns":3},{"damage":19,"enemies":"3 Shapes","floor":37,"turns":2},{"damage":0,"enemies":"Nightmare","floor":40,"turns":4},{"damage":5,"enemies":"Reptomancer","floor":42,"turns":3},{"damage":0,"enemies":"Mind Bloom Boss Battle","floor":45,"turns":3},{"damage":9,"enemies":"Giant Head","floor":46,"turns":4},{"damage":3,"enemies":"Writhing Mass","floor":48,"turns":2},{"damage":24,"enemies":"Donu and Deca","floor":50,"turns":5},{"damage":9,"enemies":"Small Slimes","floor":52,"turns":2},{"damage":0,"enemies":"Cultist","floor":54,"turns":5},{"damage":8,"enemies":"The Mushroom Lair","floor":55,"turns":2},{"damage":0,"enemies":"Jaw Worm","floor":56,"turns":1},{"damage":51,"enemies":"Nightmare_Alpha","floor":57,"turns":2},{"damage":0,"enemies":"Blue Slaver","floor":62,"turns":1},{"damage":0,"enemies":"2 Fungi Beasts","floor":63,"turns":2},{"damage":0,"enemies":"Gremlin Nob","floor":64,"turns":2},{"damage":0,"enemies":"3 Louse","floor":65,"turns":1},{"damage":0,"enemies":"Fading Forest","floor":67,"turns":6},{"damage":0,"enemies":"3 Byrds","floor":69,"turns":1},{"damage":0,"enemies":"Shell Parasite","floor":70,"turns":1},{"damage":0,"enemies":"Sentry and Sphere","floor":71,"turns":2},{"damage":0,"enemies":"Centurion and Healer","floor":80,"turns":3},{"damage":0,"enemies":"Cultist and Chosen","floor":81,"turns":3},{"damage":0,"enemies":"Shelled Parasite and Fungi","floor":82,"turns":2},{"damage":0,"enemies":"Pondfish","floor":84,"turns":5},{"damage":0,"enemies":"3 Darklings","floor":86,"turns":3}],"seed_played":"-5666170259115863229","potions_obtained":[{"floor":4,"key":"Fire Potion"},{"floor":5,"key":"blueLaboratory:BiasPotion"},{"floor":6,"key":"Strength Potion"},{"floor":7,"key":"blueLaboratory:PhilterOfMotion"},{"floor":8,"key":"Energy Potion"},{"floor":11,"key":"Doom Potion"},{"floor":16,"key":"blueLaboratory:FrostheartPotion"},{"floor":18,"key":"Languid Potion"},{"floor":28,"key":"blueLaboratory:LouseDecoction"},{"floor":30,"key":"blueLaboratory:CoolantVial"},{"floor":37,"key":"blueLaboratory:BottleOfRum"},{"floor":46,"key":"Adrenaline Potion"}],"is_trial":false,"path_per_floor":["M","M","M","M","M","E","M","M","T","M","E","?","M","?","R","B",null,"M","?","M","?","?","R","NM","?","T","AVR","M","R","M","E","R","B",null,"M","$","M","AVR","?","NM","R","E","T","R","?","E","?","M","R","B",null,"M","AVR","M","?","M","NM","T","R","T","R","M","M","E","M","R_BF","B",null,"M","M","M","?","$","R","$","R","T","?","?","M","M","M","R_BF","B",null,"M","?"],"character_chosen":"DEFECT","items_purchased":["reliquary:ExpiredCoupon","Simple Rune","Hello World+1","reliquary:WeakTea","Blue Doll","Self Repair+1","HandDrill","Replay:Baseball","Mayhem+1","Chemical X","reliquary:QuartzCube","Madness"],"campfire_rested":2,"item_purchase_floors":[36,36,36,73,73,73,73,75,75,75,75,75],"current_hp_per_floor":[71,70,70,62,54,51,39,39,39,33,29,29,29,29,51,45,75,72,72,72,72,72,72,45,45,45,45,42,42,42,52,52,42,75,75,75,56,56,56,66,66,61,61,61,61,62,62,59,59,35,75,75,75,75,67,67,16,16,38,38,38,38,53,68,68,68,75,80,80,80,80,1,1,1,1,1,1,1,1,1,1,1,1,1,1,1,0,0],"gold":203,"neow_bonus":"THREE_RARE_CARDS","is_daily":false,"chose_seed":false,"campfire_upgraded":9,"win_rate":0.0,"timestamp":1614032928,"path_taken":["M","M","M","M","M","E","M","M","T","M","E","?","M","?","R","BOSS","M","?","M","?","?","R","NM","?","T","AVR","M","R","M","E","R","BOSS","M","$","M","AVR","?","NM","R","E","T","R","?","E","?","M","R","BOSS","M","AVR","M","?","M","NM","?","R","T","R","M","M","E","M","R_BF","BOSS","M","?","M","?","$","R","$","R","T","?","?","M","M","M","R_BF","BOSS","M","?"],"items_purchased_type":["Relic","Relic","Card","Relic","Relic","Card","Relic","Relic","Card","Relic","Relic","Card"],"build_version":"2020-12-22","purchased_purges":6,"victory":false,"max_hp_per_floor":[75,75,75,75,75,75,75,75,75,75,75,75,75,75,75,75,75,75,75,75,75,75,75,75,75,75,75,75,75,75,75,75,75,75,75,75,75,75,75,75,75,75,75,75,75,75,75,75,75,75,75,75,75,75,75,75,75,75,75,75,75,75,75,75,75,75,75,80,80,80,80,1,1,1,1,1,1,1,1,1,1,1,1,1,1,1,1,1],"relic_stats":{"counters":[45,153],"Blue Candle":[0],"PreservedInsect":444,"Whetstone":["Ball Lightning","Blizzard"],"Letter Opener":[85],"Sozu":9,"Nunchaku":[2],"Busted Crown":206,"Pandora\u0027s Box":["FIFO Queue","Seek","Loop"],"HandDrill":[4],"Chemical X":[2],"obtain_stats":[{"hubris:BallOfYels":9,"infinitespire:BottledMercury":38,"Lantern":24,"Carrot":46,"Tiny House":68,"Blue Doll":73,"Whetstone":27,"theJungle:PaperFaux":25,"reliquary:QuartzCube":75,"Pet Ghost":60,"Sozu":51,"Nunchaku":66,"hubris:Icosahedron":78,"Iron Hammer":57,"HandDrill":73,"Chemical X":75,"Ring of Panic":39,"Cracked Core":0,"InkBottle":34,"hubris:RGBLights":58,"Quantum Egg":40,"Blue Candle":43,"Thread and Needle":34,"PreservedInsect":34,"hubris:MedicalManual":45,"theJungle:SpiritDisease":22,"Replay:Ancient Bell":34,"reliquary:WeakTea":73,"Letter Opener":77,"Frozen Egg 2":6,"hubris:Towel":12,"Odd Mushroom":55,"reliquary:IridiumChain":42,"hubris:Zylophone":31,"reliquary:Sod":64,"reliquary:ExpiredCoupon":36,"Replay:Baseball":75,"Busted Crown":17,"reliquary:PorcupineQuills":26,"wanderingMiniBosses:Blackblade":54,"hubris:BottledHeart":72,"Simple Rune":36,"Pandora\u0027s Box":85,"infinitespire:EmpoweringShard":11,"Membership Card":53},{"hubris:BallOfYels":8,"infinitespire:BottledMercury":21,"Lantern":15,"Carrot":25,"Tiny House":37,"Blue Doll":40,"Whetstone":15,"theJungle:PaperFaux":15,"reliquary:QuartzCube":40,"Pet Ghost":32,"Sozu":27,"Nunchaku":36,"hubris:Icosahedron":40,"Iron Hammer":32,"HandDrill":40,"Chemical X":40,"Ring of Panic":21,"Cracked Core":0,"InkBottle":19,"hubris:RGBLights":32,"Quantum Egg":22,"Blue Candle":23,"Thread and Needle":19,"PreservedInsect":19,"hubris:MedicalManual":24,"theJungle:SpiritDisease":14,"Replay:Ancient Bell":19,"reliquary:WeakTea":40,"Letter Opener":40,"Frozen Egg 2":6,"hubris:Towel":10,"Odd Mushroom":30,"reliquary:IridiumChain":23,"hubris:Zylophone":18,"reliquary:Sod":35,"reliquary:ExpiredCoupon":20,"Replay:Baseball":40,"Busted Crown":12,"reliquary:PorcupineQuills":15,"wanderingMiniBosses:Blackblade":29,"hubris:BottledHeart":40,"Simple Rune":20,"Pandora\u0027s Box":44,"infinitespire:EmpoweringShard":10,"Membership Card":28},{"hubris:BallOfYels":28,"infinitespire:BottledMercury":88,"Lantern":67,"Carrot":102,"Tiny House":133,"Blue Doll":137,"Whetstone":67,"theJungle:PaperFaux":67,"reliquary:QuartzCube":137,"Pet Ghost":121,"Sozu":109,"Nunchaku":127,"hubris:Icosahedron":137,"Iron Hammer":121,"HandDrill":137,"Chemical X":137,"Ring of Panic":88,"Cracked Core":0,"InkBottle":83,"hubris:RGBLights":121,"Quantum Egg":92,"Blue Candle":95,"Thread and Needle":83,"PreservedInsect":83,"hubris:MedicalManual":98,"theJungle:SpiritDisease":61,"Replay:Ancient Bell":83,"reliquary:WeakTea":137,"Letter Opener":137,"Frozen Egg 2":19,"hubris:Towel":39,"Odd Mushroom":118,"reliquary:IridiumChain":95,"hubris:Zylophone":77,"reliquary:Sod":126,"reliquary:ExpiredCoupon":86,"Replay:Baseball":137,"Busted Crown":54,"reliquary:PorcupineQuills":67,"wanderingMiniBosses:Blackblade":116,"hubris:BottledHeart":137,"Simple Rune":86,"Pandora\u0027s Box":150,"infinitespire:EmpoweringShard":39,"Membership Card":111}],"InkBottle":[31]},"card_choices":[{"not_picked":["Fission","Multi-Cast"],"picked":"Rainbow","floor":0},{"not_picked":["Coolheaded","Turbo"],"picked":"Conserve Battery","floor":1},{"not_picked":["Rebound","Beam Cell"],"picked":"Go for the Eyes","floor":2},{"not_picked":["Rebound","Hologram"],"picked":"Turbo","floor":3},{"not_picked":["Go for the Eyes","Steam","Steam Power"],"picked":"SKIP","floor":4},{"not_picked":["Streamline","hubris:Ukulele"],"picked":"Ball Lightning","floor":5},{"not_picked":["Cold Snap","Heatsinks+1"],"picked":"Mirror Shield","floor":6},{"not_picked":["hubris:Ukulele","Go for the Eyes"],"picked":"Chill","floor":7},{"not_picked":["Rebound","Sweeping Beam","ReplayTheSpireMod:GoodbyeWorld+1"],"picked":"SKIP","floor":8},{"not_picked":["ReplaySort","Sweeping Beam"],"picked":"BasicCrystalCard","floor":10},{"not_picked":["Lockon","Seek"],"picked":"Blizzard","floor":11},{"not_picked":["Tempest","ReplaySolidLightProjector"],"picked":"Hello World+1","floor":13},{"not_picked":["hubris:Prefetch","Multi-Cast"],"picked":"Core Surge","floor":16},{"not_picked":[],"picked":"Capacitor+1","floor":18},{"not_picked":[],"picked":"Stack","floor":20},{"not_picked":["ReplayTheSpireMod:Haul","infinitespire:TheBestDefense"],"picked":"infinitespire:Starlight","floor":24},{"not_picked":["Recycle"],"picked":"SKIP","floor":24},{"not_picked":[],"picked":"Panic Button","floor":28},{"not_picked":["Double Energy"],"picked":"SKIP","floor":30},{"not_picked":["Glacier"],"picked":"SKIP","floor":31},{"not_picked":[],"picked":"Electrodynamics+1","floor":33},{"not_picked":[],"picked":"hubris:Greed","floor":34},{"not_picked":[],"picked":"Languid","floor":34},{"not_picked":[],"picked":"downfall:Aged","floor":34},{"not_picked":["Rebound"],"picked":"SKIP","floor":35},{"not_picked":["Gash"],"picked":"SKIP","floor":37},{"not_picked":["hubris:Prefetch"],"picked":"SKIP","floor":40},{"not_picked":["Stack"],"picked":"SKIP","floor":42},{"not_picked":["Rebound"],"picked":"SKIP","floor":46},{"not_picked":["Stack+1"],"picked":"SKIP","floor":48},{"not_picked":[],"picked":"Meteor Strike","floor":50},{"not_picked":["Sweeping Beam"],"picked":"SKIP","floor":52},{"not_picked":[],"picked":"wanderingMiniBosses:FinaleOfPromise","floor":54},{"not_picked":[],"picked":"Recycle","floor":54},{"not_picked":["Barrage"],"picked":"SKIP","floor":56},{"not_picked":["Stack"],"picked":"SKIP","floor":57},{"not_picked":["Stack"],"picked":"SKIP","floor":57},{"not_picked":[],"picked":"Leap","floor":62},{"not_picked":["Rebound"],"picked":"SKIP","floor":63},{"not_picked":[],"picked":"hubris:PowerSurge+1","floor":64},{"not_picked":[],"picked":"Storm+1","floor":65},{"not_picked":[],"picked":"Rip and Tear","floor":68},{"not_picked":["Beam Cell"],"picked":"SKIP","floor":69},{"not_picked":[],"picked":"Redo","floor":70},{"not_picked":["Cold Snap"],"picked":"SKIP","floor":71},{"not_picked":["Replay:Fractal Strike","infinitespire:Punishment"],"picked":"infinitespire:FutureSight","floor":73},{"not_picked":["Coolheaded"],"picked":"SKIP","floor":80},{"not_picked":[],"picked":"Static Discharge+1","floor":81},{"not_picked":[],"picked":"Crystallizer+1","floor":82},{"not_picked":[],"picked":"Machine Learning+1","floor":84},{"not_picked":["Steam+1"],"picked":"SKIP","floor":86}],"player_experience":206584,"relics_obtained":[{"floor":6,"key":"Frozen Egg 2"},{"floor":9,"key":"hubris:BallOfYels"},{"floor":11,"key":"infinitespire:EmpoweringShard"},{"floor":24,"key":"Lantern"},{"floor":26,"key":"reliquary:PorcupineQuills"},{"floor":31,"key":"hubris:Zylophone"},{"floor":39,"key":"Ring of Panic"},{"floor":40,"key":"Quantum Egg"},{"floor":42,"key":"reliquary:IridiumChain"},{"floor":43,"key":"Blue Candle"},{"floor":45,"key":"hubris:MedicalManual"},{"floor":46,"key":"Carrot"},{"floor":54,"key":"wanderingMiniBosses:Blackblade"},{"floor":55,"key":"Odd Mushroom"},{"floor":57,"key":"Iron Hammer"},{"floor":58,"key":"hubris:RGBLights"},{"floor":60,"key":"Pet Ghost"},{"floor":64,"key":"reliquary:Sod"},{"floor":66,"key":"Nunchaku"},{"floor":77,"key":"Letter Opener"}],"event_choices":[{"cards_removed":["Mirror Shield"],"damage_healed":0,"gold_gain":0,"player_choice":"Take \u0026 Give","damage_taken":0,"max_hp_gain":0,"max_hp_loss":0,"event_name":"betterNote:BetterNote","floor":19,"gold_loss":0,"cards_obtained":["infinitespire:Punishment"]},{"damage_healed":0,"gold_gain":0,"player_choice":"Fight","damage_taken":0,"max_hp_gain":0,"max_hp_loss":0,"event_name":"MindBloom","floor":45,"gold_loss":0},{"cards_removed":["hubris:Greed"],"damage_healed":0,"gold_gain":0,"player_choice":"Removed Curses","damage_taken":0,"max_hp_gain":0,"max_hp_loss":0,"event_name":"Fountain of Cleansing","floor":47,"gold_loss":0},{"damage_healed":0,"gold_gain":0,"player_choice":"Fought Mushrooms","damage_taken":0,"max_hp_gain":0,"max_hp_loss":0,"event_name":"Mushrooms","floor":55,"gold_loss":0},{"cards_removed":["Zap"],"damage_healed":0,"gold_gain":0,"player_choice":"Purged","damage_taken":0,"max_hp_gain":0,"max_hp_loss":0,"event_name":"Purifier","floor":79,"gold_loss":0}],"is_beta":false,"boss_relics":[{"not_picked":["Honey Jar","Coffee Dripper"],"picked":"Busted Crown"},{"not_picked":["hubris:GrandSneckoEye","Replay:Grab Bag"],"picked":"Replay:Ancient Bell"},{"not_picked":["reliquary:TuningFork","Nunchaku"],"picked":"PreservedInsect"},{"not_picked":["White Beast Statue","hubris:Reverence"],"picked":"InkBottle"},{"not_picked":["CaptainsWheel","Gambling Chip"],"picked":"Thread and Needle"},{"not_picked":["Cursed Key","reliquary:KinkedSpring"],"picked":"Sozu"},{"not_picked":["SacredBark","Coffee Dripper"],"picked":"Tiny House"},{"not_picked":["Snecko Eye","Runic Dome"],"picked":"Pandora\u0027s Box"}],"items_purged_floors":[27,36,38,53,73,75],"is_endless":true,"potions_floor_spawned":[4,5,6,7,8,11,16,18,28,30,37,46,50,52,54,63,67,80,81,82,86],"ascension_level":0}}