{"host":"kj5ejyofr70ax6r3","time":1614013606,"event":{"mods":["BaseMod","BetterRewards","Colored Map","Downfall","GifTheSpireLib","Minty Spire (QoL Compilation)","Replay The Spire","Shop Mod","StSLib"],"gold_per_floor":[119,119,119,139,151,151,161,184,184,204,204,204],"floor_reached":11,"language":"ENG","playtime":286,"items_purged":[],"score":65,"play_id":"58edcd06-0a3e-4b83-aab4-c024c879beda","local_time":"20210222110646","is_ascension_mode":false,"campfire_choices":[],"circlet_count":0,"master_deck":["Strike_B","Strike_B","Strike_B+1","Strike_B+1","Defend_B","Defend_B","Defend_B+1","Defend_B","Zap","Dualcast","Heatsinks","Consume","Time Bomb","Conserve Battery","Ball Lightning"],"relics":["Cracked Core","Replay:Antivirus Software","Shuriken","Prayer Wheel"],"acts_visited":["Exordium"],"potions_floor_usage":[10,11],"damage_taken":[{"damage":0,"enemies":"Small Slimes","floor":1,"turns":2},{"damage":1,"enemies":"2 Louse","floor":4,"turns":2},{"damage":1,"enemies":"Jaw Worm","floor":5,"turns":3},{"damage":8,"enemies":"2 Fungi Beasts","floor":7,"turns":4},{"damage":18,"enemies":"Lots of Slimes","floor":10,"turns":3},{"damage":54,"enemies":"Gremlin Nob","floor":11,"turns":4}],"seed_played":"-1828527940827854947","potions_obtained":[{"floor":1,"key":"AttackPotion"},{"floor":10,"key":"Toxic Potion"}],"is_trial":false,"path_per_floor":["M","?","?","M","M","?","M","T","T","M","E"],"character_chosen":"DEFECT","items_purchased":[],"campfire_rested":0,"item_purchase_floors":[],"current_hp_per_floor":[75,75,75,74,73,58,50,50,50,32,0,0],"gold":204,"neow_bonus":"RANDOM_COMMON_RELIC","is_daily":false,"chose_seed":false,"campfire_upgraded":0,"win_rate":0.0,"timestamp":1614013606,"path_taken":["M","?","?","M","M","?","M","?","T","?","E"],"items_purchased_type":[],"build_version":"2020-12-22","purchased_purges":0,"victory":false,"max_hp_per_floor":[75,75,75,75,75,75,75,75,75,75,75,75],"card_choices":[{"not_picked":["Beam Cell","ReplayTheSpireMod:Reroute Power"],"picked":"Heatsinks","floor":1},{"not_picked":["Glacier","Barrage"],"picked":"Consume","floor":4},{"not_picked":["Rebound","Compile Driver"],"picked":"Time Bomb","floor":5},{"not_picked":["Hologram","Skim"],"picked":"ReplayTheSpireMod:Fabricate Wheel","floor":7},{"not_picked":["Gash","Rebound"],"picked":"Conserve Battery","floor":10},{"not_picked":["Streamline","Stack"],"picked":"Ball Lightning","floor":10}],"player_experience":194560,"relics_obtained":[{"floor":9,"key":"Shuriken"}],"event_choices":[{"damage_healed":0,"gold_gain":0,"player_choice":"Ignored","damage_taken":0,"max_hp_gain":0,"max_hp_loss":0,"event_name":"Golden Wing","floor":3,"gold_loss":0},{"damage_healed":0,"gold_gain":0,"player_choice":"Entered Light","damage_taken":15,"max_hp_gain":0,"max_hp_loss":0,"event_name":"Shining Light","floor":6,"gold_loss":0,"cards_upgraded":["Defend_B","Strike_B"]}],"is_beta":false,"boss_relics":[],"items_purged_floors":[],"is_endless":false,"potions_floor_spawned":[1,10],"killed_by":"Gremlin Nob","ascension_level":0}}