{"host":"3n5xmnb54n2y5mb4","time":1614036719,"event":{"mods":["BaseMod","Colored Map","Colored Powertips","Minty Spire (QoL Compilation)","Permanent Neow","StSLib","Unceasing Turn Reminder","everything is the same but u backflip on backflip"],"gold_per_floor":[364,382,347,347,28,60,60,86,134,134,209,209,224,241,241,339,339,359,339,357,373,25,55,55,55,55,84,94,106,135,145,145,241,241,258,308,308,358,358,358,371,401,401,434,434,451,103,157,157,157],"floor_reached":51,"language":"ENG","playtime":2368,"items_purged":["Defend_P"],"score":985,"play_id":"07a86729-55c2-412f-ae7a-3a8e79e79b22","local_time":"20210222183159","is_ascension_mode":true,"campfire_choices":[{"floor":7.0,"key":"REST"},{"data":"Perseverance","floor":10.0,"key":"SMITH"},{"floor":12.0,"key":"REST"},{"data":"Eruption","floor":15.0,"key":"SMITH"},{"floor":24,"key":"REST"},{"floor":32,"key":"REST"},{"data":"Apotheosis","floor":40,"key":"SMITH"},{"floor":45,"key":"REST"},{"floor":49,"key":"REST"}],"circlet_count":0,"master_deck":["Strike_P","Strike_P","Defend_P","Defend_P+1","Eruption+1","Vigilance","Perseverance+1","Adaptation","Brilliance","Finesse+1","FollowUp","FlyingSleeves","EmptyBody","Crescendo","Devotion","BattleHymn+1","Wish+1","MentalFortress+1","FlurryOfBlows","WindmillStrike","ClearTheMind","Apotheosis+1","Devotion","FlurryOfBlows","Ghostly","Ghostly","Ghostly","Ghostly","Ghostly","InnerPeace","Tantrum","Ragnarok","Indignation","ConjureBlade","TalkToTheHand+1","Mind Blast","FlurryOfBlows+1","Pray","Halt"],"relics":["PureWater","Bag of Preparation","Centennial Puzzle","Meat on the Bone","Toy Ornithopter","Astrolabe","DollysMirror","War Paint","Mercury Hourglass","Strawberry","Smiling Mask","Philosopher\u0027s Stone","Thread and Needle","Akabeko","Frozen Egg 2","HornCleat","Art of War","Oddly Smooth Stone","Mango"],"acts_visited":["Exordium","TheCity","TheBeyond"],"potions_floor_usage":[16,20,21,21,30,36,38,48,50,50,50],"damage_taken":[{"damage":0.0,"enemies":"Small Slimes","floor":1.0,"turns":2.0},{"damage":0.0,"enemies":"2 Louse","floor":2.0,"turns":1.0},{"damage":32.0,"enemies":"3 Sentries","floor":6.0,"turns":9.0},{"damage":10.0,"enemies":"Gremlin Nob","floor":8.0,"turns":3.0},{"damage":0.0,"enemies":"Cultist","floor":13.0,"turns":2.0},{"damage":6.0,"enemies":"Blue Slaver","floor":14.0,"turns":2.0},{"damage":7,"enemies":"Hexaghost","floor":16,"turns":7},{"damage":4,"enemies":"Spheric Guardian","floor":18,"turns":3},{"damage":0,"enemies":"Chosen","floor":20,"turns":3},{"damage":30,"enemies":"Snake Plant","floor":21,"turns":5},{"damage":50,"enemies":"Book of Stabbing","floor":23,"turns":4},{"damage":6,"enemies":"Gremlin Leader","floor":27,"turns":5},{"damage":1,"enemies":"Centurion and Healer","floor":28,"turns":4},{"damage":4,"enemies":"Snecko","floor":29,"turns":4},{"damage":6,"enemies":"Slavers","floor":30,"turns":4},{"damage":2,"enemies":"3 Cultists","floor":31,"turns":4},{"damage":10,"enemies":"Automaton","floor":33,"turns":6},{"damage":3,"enemies":"3 Darklings","floor":35,"turns":3},{"damage":2,"enemies":"Mind Bloom Boss Battle","floor":36,"turns":5},{"damage":0,"enemies":"Orb Walker","floor":38,"turns":3},{"damage":0,"enemies":"Sphere and 2 Shapes","floor":41,"turns":4},{"damage":0,"enemies":"Giant Head","floor":42,"turns":6},{"damage":16,"enemies":"Reptomancer","floor":44,"turns":6},{"damage":5,"enemies":"Writhing Mass","floor":46,"turns":4},{"damage":13,"enemies":"2 Orb Walkers","floor":48,"turns":4},{"damage":14,"enemies":"Awakened One","floor":50,"turns":7}],"seed_played":"4523484910410901565","potions_obtained":[{"floor":6.0,"key":"ColorlessPotion"},{"floor":8.0,"key":"FearPotion"},{"floor":13.0,"key":"Block Potion"},{"floor":14.0,"key":"Regen Potion"},{"floor":19,"key":"EssenceOfSteel"},{"floor":28,"key":"Explosive Potion"},{"floor":29,"key":"LiquidMemories"},{"floor":31,"key":"EssenceOfSteel"},{"floor":35,"key":"DistilledChaos"},{"floor":36,"key":"Ambrosia"},{"floor":44,"key":"Block Potion"},{"floor":48,"key":"Dexterity Potion"}],"is_trial":false,"path_per_floor":["M","M","?","?","$","E","R","E","T","R","?","R","M","M","R","B",null,"M","?","M","M","$","E","R","?","T","E","M","M","E","M","R","B",null,"M","?","?","M","?","R","M","E","T","E","R","M","$","?","R","B",null],"character_chosen":"WATCHER","items_purchased":["Bag of Preparation","Brilliance","Finesse","Apotheosis","DollysMirror","Art of War","Oddly Smooth Stone"],"campfire_rested":6,"item_purchase_floors":[5,5,5,22,22,47,47],"current_hp_per_floor":[51,51,69,69,69,37,58,48,48,48,37,58,58,52,52,50,72,68,68,72,52,52,14,35,35,35,36,35,31,30,28,40,30,43,40,41,41,43,43,43,43,43,43,27,39,34,34,40,57,43],"gold":157,"neow_bonus":"TWO_FIFTY_GOLD","is_daily":false,"chose_seed":false,"campfire_upgraded":3,"win_rate":0.0,"timestamp":1614036719,"path_taken":["M","M","?","?","$","E","R","E","T","R","?","R","M","M","R","BOSS","M","?","?","M","$","E","R","?","T","E","M","M","E","M","R","BOSS","M","?","?","M","?","R","?","E","T","E","R","M","$","?","R","BOSS"],"items_purchased_type":["Relic","Card","Card","Card","Relic","Relic","Relic"],"build_version":"2020-12-22","purchased_purges":1,"victory":true,"max_hp_per_floor":[72,72,72,72,72,72,72,72,72,72,72,72,72,72,72,72,72,72,72,72,72,72,72,72,36,36,43,43,43,43,43,43,43,43,43,43,43,43,43,43,43,43,43,43,43,43,43,57,57,57],"card_choices":[{"not_picked":["Evaluate","Protect"],"picked":"Perseverance","floor":1.0},{"not_picked":["SashWhip","WaveOfTheHand"],"picked":"Adaptation","floor":2.0},{"not_picked":["BowlingBash","CutThroughFate"],"picked":"FollowUp","floor":6.0},{"not_picked":["Weave","Halt"],"picked":"FlyingSleeves","floor":8.0},{"not_picked":["JustLucky","Study"],"picked":"EmptyBody","floor":13.0},{"not_picked":["Adaptation","PathToVictory"],"picked":"Crescendo","floor":14.0},{"not_picked":["Establishment","Ragnarok"],"picked":"Devotion","floor":16},{"not_picked":["CutThroughFate","Evaluate"],"picked":"FlurryOfBlows","floor":18},{"not_picked":["Protect+1","FearNoEvil"],"picked":"WindmillStrike","floor":20},{"not_picked":["EmptyBody","CutThroughFate"],"picked":"ClearTheMind","floor":21},{"not_picked":["SandsOfTime","DevaForm"],"picked":"FlurryOfBlows","floor":23},{"not_picked":["Prostrate","EmptyMind+1"],"picked":"InnerPeace","floor":27},{"not_picked":["Swivel","Crescendo"],"picked":"Tantrum","floor":28},{"not_picked":["Adaptation","Crescendo","Evaluate"],"picked":"SKIP","floor":29},{"not_picked":["FearNoEvil","Wish"],"picked":"Ragnarok","floor":30},{"not_picked":["Wallop+1","Crescendo"],"picked":"Indignation","floor":31},{"not_picked":["SpiritShield","Vault"],"picked":"ConjureBlade","floor":33},{"not_picked":["SashWhip","Crescendo+1","JustLucky"],"picked":"SKIP","floor":35},{"not_picked":["SignatureMove+1","WreathOfFlame"],"picked":"TalkToTheHand+1","floor":36},{"not_picked":["PanicButton","Transmutation"],"picked":"Mind Blast","floor":37},{"not_picked":["FlyingSleeves+1","SandsOfTime","Consecrate+1"],"picked":"SKIP","floor":38},{"not_picked":["BowlingBash","EmptyBody+1"],"picked":"FlurryOfBlows+1","floor":41},{"not_picked":["WreathOfFlame+1","EmptyBody","ReachHeaven"],"picked":"SKIP","floor":42},{"not_picked":["ClearTheMind","FollowUp+1","EmptyMind"],"picked":"SKIP","floor":44},{"not_picked":["FearNoEvil","Evaluate"],"picked":"Pray","floor":46},{"not_picked":["InnerPeace","Judgement"],"picked":"Halt","floor":48}],"player_experience":1005137,"relics_obtained":[{"floor":6.0,"key":"Centennial Puzzle"},{"floor":8.0,"key":"Meat on the Bone"},{"floor":9.0,"key":"Toy Ornithopter"},{"floor":23,"key":"War Paint"},{"floor":26,"key":"Mercury Hourglass"},{"floor":27,"key":"Strawberry"},{"floor":30,"key":"Smiling Mask"},{"floor":36,"key":"Thread and Needle"},{"floor":42,"key":"Akabeko"},{"floor":43,"key":"Frozen Egg 2"},{"floor":44,"key":"HornCleat"},{"floor":48,"key":"Mango"}],"event_choices":[{"damage_healed":18.0,"max_hp_gain":0.0,"max_hp_loss":0.0,"gold_gain":0.0,"event_name":"The Cleric","player_choice":"Healed","floor":3.0,"gold_loss":35.0,"damage_taken":0.0},{"damage_healed":0.0,"max_hp_gain":0.0,"max_hp_loss":0.0,"gold_gain":0.0,"event_name":"Golden Wing","player_choice":"Ignored","floor":4.0,"gold_loss":0.0,"damage_taken":0.0},{"damage_healed":0.0,"max_hp_gain":0.0,"max_hp_loss":0.0,"gold_gain":75.0,"event_name":"World of Goop","player_choice":"Gather Gold","floor":11.0,"gold_loss":0.0,"damage_taken":11.0},{"damage_healed":0,"gold_gain":0,"player_choice":"Bought 1 Potion","damage_taken":0,"max_hp_gain":0,"max_hp_loss":0,"event_name":"The Woman in Blue","floor":19,"gold_loss":0},{"damage_healed":0,"gold_gain":0,"player_choice":"Became a Ghost","damage_taken":0,"max_hp_gain":0,"max_hp_loss":36,"event_name":"Ghosts","floor":25,"gold_loss":0,"cards_obtained":["Ghostly","Ghostly","Ghostly","Ghostly","Ghostly"]},{"damage_healed":0,"gold_gain":0,"player_choice":"Fight","damage_taken":0,"max_hp_gain":0,"max_hp_loss":0,"event_name":"MindBloom","floor":36,"gold_loss":0},{"damage_healed":0,"gold_gain":0,"player_choice":"Memory 1","damage_taken":0,"max_hp_gain":0,"max_hp_loss":0,"event_name":"SensoryStone","floor":37,"gold_loss":0},{"damage_healed":0,"gold_gain":0,"player_choice":"Ignored","damage_taken":0,"max_hp_gain":0,"max_hp_loss":0,"event_name":"SecretPortal","floor":39,"gold_loss":0},{"damage_healed":0,"gold_gain":0,"player_choice":"Fight","damage_taken":0,"max_hp_gain":0,"max_hp_loss":0,"event_name":"Mysterious Sphere","floor":48,"gold_loss":0}],"is_beta":false,"boss_relics":[{"not_picked":["Runic Dome","Pandora\u0027s Box"],"picked":"Astrolabe"},{"not_picked":["Calling Bell","Snecko Eye"],"picked":"Philosopher\u0027s Stone"}],"items_purged_floors":[47],"is_endless":false,"potions_floor_spawned":[6,8,13,14,28,29,31,35,36,44,46,48],"ascension_level":3}}