{"host":"w14xfy17z3c5mpoi","time":1614025512,"event":{"mods":["AchievementEnabler","BaseMod","Minty Spire (QoL Compilation)","Relic Stats"],"gold_per_floor":[118,136,211,228,241,273,273,61,61,61,61,79,108,118,118,195,195,205,222,240,17,17,17,17],"floor_reached":23,"language":"ENG","playtime":1039,"items_purged":["Strike_G","Strike_G"],"score":345,"play_id":"a537c21d-5894-4f9c-a59f-f6a705b9531f","local_time":"20210222152512","is_ascension_mode":true,"campfire_choices":[{"floor":7,"key":"REST"},{"data":"Phantasmal Killer","floor":11,"key":"SMITH"},{"data":"Bouncing Flask","floor":15,"key":"SMITH"}],"circlet_count":0,"master_deck":["AscendersBane","Strike_G","Strike_G","Defend_G","Defend_G","Defend_G","Defend_G","Defend_G","Survivor","Neutralize","Phantasmal Killer+1","Sucker Punch","Flying Knee","Cloak And Dagger","Footwork","Dagger Throw","Malaise","Dagger Spray","Bouncing Flask+1","Venomology","Catalyst","Deadly Poison","Well Laid Plans"],"relics":["Ring of the Snake","Bag of Marbles","Lantern","White Beast Statue","Black Star"],"acts_visited":["Exordium","TheCity"],"potions_floor_usage":[6,12,13,18,18,19,20,20,23],"damage_taken":[{"damage":1,"enemies":"2 Louse","floor":1,"turns":3},{"damage":4,"enemies":"Cultist","floor":2,"turns":5},{"damage":9,"enemies":"Small Slimes","floor":4,"turns":4},{"damage":6,"enemies":"Looter","floor":5,"turns":3},{"damage":22,"enemies":"Gremlin Nob","floor":6,"turns":4},{"damage":1,"enemies":"Blue Slaver","floor":12,"turns":5},{"damage":4,"enemies":"3 Sentries","floor":13,"turns":10},{"damage":12,"enemies":"Gremlin Gang","floor":14,"turns":4},{"damage":2,"enemies":"Hexaghost","floor":16,"turns":9},{"damage":13,"enemies":"2 Thieves","floor":18,"turns":4},{"damage":16,"enemies":"Spheric Guardian","floor":19,"turns":7},{"damage":22,"enemies":"Centurion and Healer","floor":20,"turns":9},{"damage":11,"enemies":"Slavers","floor":23,"turns":2}],"seed_played":"-3886300039537144787","potions_obtained":[{"floor":2,"key":"PowerPotion"},{"floor":5,"key":"Regen Potion"},{"floor":6,"key":"Fire Potion"},{"floor":14,"key":"Dexterity Potion"},{"floor":16,"key":"LiquidMemories"},{"floor":18,"key":"EntropicBrew"},{"floor":19,"key":"FairyPotion"},{"floor":20,"key":"BlessingOfTheForge"}],"is_trial":false,"path_per_floor":["M","M","?","M","M","E","R","$","T","?","R","M","E","M","R","B",null,"M","M","M","$","?","E"],"character_chosen":"THE_SILENT","items_purchased":["Malaise","Well Laid Plans","Poison Potion"],"campfire_rested":1,"item_purchase_floors":[8,21,21],"current_hp_per_floor":[58,54,48,39,33,11,30,30,30,30,30,43,39,27,27,25,56,43,27,5,5,5,19,19],"gold":17,"neow_bonus":"ONE_RANDOM_RARE_CARD","is_daily":false,"chose_seed":false,"campfire_upgraded":2,"win_rate":0.0,"timestamp":1614025512,"path_taken":["M","M","?","M","?","E","R","$","T","?","R","M","E","M","R","BOSS","M","?","M","$","?","E"],"items_purchased_type":["Card","Card","Potion"],"build_version":"2020-12-22","purchased_purges":2,"victory":false,"max_hp_per_floor":[66,66,66,66,66,66,66,66,66,66,66,66,66,66,66,66,66,66,66,66,66,66,66,66],"relic_stats":{"counters":[13,69],"Black Star":0,"obtain_stats":[{"Lantern":9,"Bag of Marbles":6,"Black Star":17,"White Beast Statue":13,"Ring of the Snake":0},{"Lantern":5,"Bag of Marbles":5,"Black Star":9,"White Beast Statue":7,"Ring of the Snake":0},{"Lantern":19,"Bag of Marbles":19,"Black Star":47,"White Beast Statue":34,"Ring of the Snake":0}],"Ring of the Snake":[26]},"card_choices":[{"not_picked":["Cloak And Dagger","PiercingWail"],"picked":"Sucker Punch","floor":1},{"not_picked":["Setup","Acrobatics"],"picked":"Flying Knee","floor":2},{"not_picked":["Outmaneuver","Acrobatics"],"picked":"Cloak And Dagger","floor":4},{"not_picked":["Catalyst","Cloak And Dagger"],"picked":"Footwork","floor":5},{"not_picked":["Expertise","Quick Slash"],"picked":"Dagger Throw","floor":6},{"not_picked":["Infinite Blades","Slice","Prepared"],"picked":"SKIP","floor":12},{"not_picked":["Prepared","Storm of Steel"],"picked":"Dagger Spray","floor":13},{"not_picked":["Backflip","PiercingWail"],"picked":"Bouncing Flask","floor":14},{"not_picked":["Glass Knife","After Image"],"picked":"Venomology","floor":16},{"not_picked":["Underhanded Strike","Poisoned Stab+1"],"picked":"Catalyst","floor":18},{"not_picked":["Cloak And Dagger","Underhanded Strike"],"picked":"Deadly Poison","floor":19},{"not_picked":["Tools of the Trade","Dodge and Roll","Eviscerate"],"picked":"SKIP","floor":20}],"player_experience":777582,"relics_obtained":[{"floor":6,"key":"Bag of Marbles"},{"floor":9,"key":"Lantern"},{"floor":13,"key":"White Beast Statue"}],"event_choices":[{"damage_healed":0,"gold_gain":75,"player_choice":"Touch","damage_taken":6,"max_hp_gain":0,"max_hp_loss":0,"event_name":"FaceTrader","floor":3,"gold_loss":0},{"cards_removed":["Strike_G"],"damage_healed":0,"gold_gain":0,"player_choice":"Offered Basic","damage_taken":0,"max_hp_gain":0,"max_hp_loss":0,"event_name":"Bonfire Elementals","floor":10,"gold_loss":0},{"damage_healed":0,"gold_gain":0,"player_choice":"Ignored","damage_taken":0,"max_hp_gain":0,"max_hp_loss":0,"event_name":"Vampires","floor":22,"gold_loss":0}],"is_beta":false,"boss_relics":[{"not_picked":["SlaversCollar","Runic Pyramid"],"picked":"Black Star"}],"items_purged_floors":[8,21],"is_endless":false,"potions_floor_spawned":[2,5,6,14,16,18,19,20],"killed_by":"Slavers","ascension_level":14}}