{"host":"106a9i1yxyuuvaq3","time":1614033282,"event":{"mods":["2.2 Compatiblity","A Magickal Journey","AchievementEnabler","Act Like it!","AlwaysNeverKeys","Astrologer","BaseMod","Better Altar","Better Match","Better Note","Better Sensory Stone","Better Skull","Better Third Choice","BetterRewards","Colored Map","Colored Powertips","Defuse TimeMaze Blight","Friendly Minions","Gensokyo","Highlight Path","Hubris","Infinite Spire","KinomotoSakuraMod(????)","LagranYue(???·?)","Lobotomy","Minty Spire (QoL Compilation)","Prisma Mod","Quick Restart","Random Character Button","Relic Filter","Relic Sorter","Replay The Spire","Spicy Shops","StSLib","SuperFastMode","Unceasing Turn Reminder","Waifu the Spire"],"gold_per_floor":[113,126,126,146,146,146,181,196,196,210,235,235,235,248,248,352,352,367,348,364,382,382,395,395,395,395,415,440,94,122,122,122,225,225,235,255,255,255,255,284,302,302,354,366,391,391,491,504,504,524,524,524,1,26,26],"floor_reached":56,"language":"ENG","playtime":5440,"items_purged":["PrismaMod:IllyaAlice","PrismaMod:IllyaAlice","PrismaMod:IllyaUncommonAttack"],"score":2409,"play_id":"9ab9a6ad-60a7-4ea0-afcd-bad3afa0ab9d","local_time":"20210222233442","is_ascension_mode":true,"campfire_choices":[{"data":"PrismaMod:IllyaUncommonDefend","floor":6.0,"key":"SMITH"},{"data":"PrismaMod:IllyaCheapAttack","floor":15.0,"key":"SMITH"},{"data":"infinitespire:SevenWalls","floor":24,"key":"SMITH"},{"data":"PrismaMod:IllyaSaphire","floor":32,"key":"SMITH"},{"data":"hubris:Fate","floor":42,"key":"SMITH"},{"data":"infinitespire:UltimateForm","floor":46,"key":"SMITH"},{"data":"infinitespire:FutureSight","floor":49,"key":"SMITH"},{"data":"PrismaMod:IllyaGrail","floor":52,"key":"SMITH"}],"circlet_count":0,"master_deck":["PrismaMod:IllyaCommonAttack","PrismaMod:IllyaCommonDefend","PrismaMod:IllyaCommonAttack","PrismaMod:IllyaCommonDefend","PrismaMod:IllyaCommonAttack","PrismaMod:IllyaCommonDefend","PrismaMod:IllyaCommonAttack","PrismaMod:IllyaCommonDefend","PrismaMod:IllyaCommonAttack","PrismaMod:IllyaCommonDefend","PrismaMod:IllyaUncommonAttack","PrismaMod:IllyaUncommonDefend+1","PrismaMod:IllyaInstallRuler","PrismaMod:IllyaUncommonDefend+1","Discovery","PrismaMod:IllyaRubysPotion","PrismaMod:IllyaSaphire+1","PrismaMod:IllyaCarnivalAttack","PrismaMod:IllyaRapidFire","infinitespire:SevenWalls+1","infinitespire:Execution+1","hubris:Fate+1","PrismaMod:IllyaGrail+1","infinitespire:SevenWalls+1","infinitespire:UltimateForm+1","infinitespire:FutureSight+1","PrismaMod:IllyaCommandSeal","ReplayTheSpireMod:Brewmster","PrismaMod:IllyaGrail"],"relics":["PrismaMod:PrismaRuby","LagranYue:RandomDrawCardRelic","Membership Card","Omamori","Anchor","hubris:Towel","Blue Candle","The Courier","Bottled Lightning","PrismaMod:AliceRelic","hubris:BottledRain","hubris:EvacipatedBox","hubris:FruitBowl","Mango","ReplayFunnel","hubris:Backtick","Ice Cream","PrismaMod:PrismaZwei","ReplayTheSpireMod:EnergyBall","infinitespire:FocusingShard","infinitespire:Bottled Soul","Simple Rune","Replay:Rubber Ducky","DollysMirror","Replay:Ringing Soul","hubris:TenFootPole","Ancient Tea Set","FossilizedHelix","hubris:TerracottaHorce","Ring of Chaos","hubris:DeckOfHolding","Lizard Tail","Blue Doll","Lantern","Replay:Kaleidoscope","ClockworkSouvenir","ReplayTheSpireMod:ShopPack","ReplayTheSpireMod:Lightbulb","Pen Nib","Bronze Scales","ReplayTheSpireMod:TigerMarble","Vajra","Strawberry","Replay:Baseball"],"acts_visited":["Exordium","TheCity","TheBeyond","TheEnding"],"potions_floor_usage":[55,55,55,55,55,55,55],"damage_taken":[{"damage":5.0,"enemies":"Cultist","floor":1.0,"turns":4.0},{"damage":0.0,"enemies":"Jaw Worm","floor":2.0,"turns":3.0},{"damage":0.0,"enemies":"Small Slimes","floor":4.0,"turns":3.0},{"damage":0.0,"enemies":"Lagavulin","floor":7.0,"turns":17.0},{"damage":20.0,"enemies":"2 Fungi Beasts","floor":8.0,"turns":8.0},{"damage":10.0,"enemies":"Blue Slaver","floor":10.0,"turns":7.0},{"damage":0.0,"enemies":"Gremlin Nob","floor":11.0,"turns":3.0},{"damage":4.0,"enemies":"3 Louse","floor":14.0,"turns":4.0},{"damage":8.0,"enemies":"The Guardian","floor":16.0,"turns":15.0},{"damage":5.0,"enemies":"Chosen","floor":18.0,"turns":6.0},{"damage":8.0,"enemies":"2 Thieves","floor":19.0,"turns":4.0},{"damage":17,"enemies":"Sentry and Sphere","floor":20,"turns":12},{"damage":3,"enemies":"Shelled Parasite and Fungi","floor":21,"turns":10},{"damage":0,"enemies":"Centurion and Healer","floor":23,"turns":8},{"damage":0,"enemies":"3 Cultists","floor":27,"turns":6},{"damage":0,"enemies":"Book of Stabbing","floor":28,"turns":7},{"damage":0,"enemies":"Nightmare","floor":30,"turns":10},{"damage":0,"enemies":"Champ","floor":33,"turns":11},{"damage":0,"enemies":"3 Darklings","floor":35,"turns":6},{"damage":0,"enemies":"3 Shapes","floor":36,"turns":4},{"damage":0,"enemies":"R_Hoarder","floor":40,"turns":1},{"damage":0,"enemies":"Jaw Worm Horde","floor":41,"turns":5},{"damage":0,"enemies":"Spire Growth","floor":44,"turns":5},{"damage":0,"enemies":"Nemesis","floor":45,"turns":7},{"damage":0,"enemies":"infinitespire:Three Voidlings","floor":47,"turns":5},{"damage":14,"enemies":"Nightmare_Alpha","floor":47,"turns":9},{"damage":0,"enemies":"Sphere and 2 Shapes","floor":48,"turns":5},{"damage":0,"enemies":"infinitespire:MassOfShapes","floor":50,"turns":9},{"damage":0,"enemies":"Shield and Spear","floor":54,"turns":4},{"damage":0,"enemies":"The Heart","floor":55,"turns":6}],"seed_played":"-2767817025146511130","potions_obtained":[{"floor":4.0,"key":"Dexterity Potion"},{"floor":8.0,"key":"Reflective Coating"},{"floor":14.0,"key":"Fruit Juice"},{"floor":16.0,"key":"EssenceOfSteel"},{"floor":40,"key":"Regen Potion"},{"floor":41,"key":"PowerPotion"}],"is_trial":false,"path_per_floor":["M","M","?","M","T","R","E","M","T","M","E","$","?","M","R","B",null,"M","M","M","M","AVR","M","R","?","T","M","E","$","NM","?","R","B",null,"M","M","?","?","AVR","E","M","R","T","M","E","R","?","M","R","B",null,"R","$","E","B",null],"character_chosen":"ILLYA","items_purchased":["PrismaMod:IllyaInstallRuler","PrismaMod:IllyaAlice","PrismaMod:IllyaAlice","PrismaMod:IllyaUncommonAttack","PrismaMod:IllyaCheapAttack","Membership Card","PrismaMod:IllyaUncommonDefend+1","PrismaMod:IllyaPoisonTippedWeapons","Omamori","Discovery","Anchor","Strength Potion","hubris:EvacipatedBox","hubris:FruitBowl","Mango","ReplayFunnel","Simple Rune","Replay:Rubber Ducky","DollysMirror","Replay:Ringing Soul","hubris:TenFootPole","ClockworkSouvenir","ReplayTheSpireMod:ShopPack","ReplayTheSpireMod:Lightbulb","Pen Nib","Bronze Scales","LifebloodPotion","ReplayTheSpireMod:TigerMarble","Vajra","Strawberry"],"campfire_rested":0,"item_purchase_floors":[0,0,0,0,0,0,0,0,0,0,0,0,12,12,12,12,29,29,29,29,29,53,53,53,53,53,53,53,53,53],"current_hp_per_floor":[75,75,75,75,75,75,75,75,75,75,75,7,7,20,20,17,103,103,95,85,87,87,92,92,92,92,97,102,102,103,103,103,103,103,103,103,103,103,107,111,111,111,111,111,111,111,107,111,111,111,111,111,125,129,129],"gold":26,"neow_bonus":"","is_daily":false,"chose_seed":false,"campfire_upgraded":8,"win_rate":0.0,"timestamp":1614033282,"path_taken":["M","?","?","M","?","R","E","M","T","M","E","?","?","M","R","BOSS","M","M","M","M","AVR","M","R","?","T","M","E","$","NM","?","R","BOSS","M","M","?","?","AVR","E","M","R","T","M","E","R","?","M","R","BOSS","R","$","E","BOSS"],"items_purchased_type":["Card","Card","Card","Card","Card","Relic","Card","Card","Relic","Card","Relic","Potion","Relic","Relic","Relic","Relic","Relic","Relic","Relic","Relic","Relic","Relic","Relic","Relic","Relic","Relic","Potion","Relic","Relic","Relic"],"build_version":"2020-12-22","purchased_purges":3,"victory":true,"max_hp_per_floor":[75,75,75,75,75,75,75,75,75,75,75,96,96,103,103,103,103,103,103,103,103,103,103,103,103,103,103,103,103,103,103,103,103,103,103,103,103,103,107,111,111,111,111,111,111,111,111,111,111,111,111,111,125,129,129],"card_choices":[{"not_picked":["PrismaMod:IllyaRussianRoulette","PrismaMod:IllyaPoisonBlock"],"picked":"PrismaMod:IllyaRubysPotion","floor":1.0},{"not_picked":["PrismaMod:IllyaPoisonBomb","PrismaMod:IllyaAlice","PrismaMod:IllyaUncommonAttack"],"picked":"SKIP","floor":2.0},{"not_picked":["PrismaMod:IllyaPoisonBomb","PrismaMod:IllyaAlice","PrismaMod:IllyaUncommonAttack"],"picked":"SKIP","floor":2.0},{"not_picked":["PrismaMod:IllyaMaid","PrismaMod:IllyaFriendMaker"],"picked":"PrismaMod:IllyaSaphire","floor":4.0},{"not_picked":["PrismaMod:IllyaUberAttackChannel","PrismaMod:IllyaPoisoningPhantasm","PrismaMod:IllyaCommonEvoke"],"picked":"SKIP","floor":7.0},{"not_picked":["PrismaMod:IllyaRubysPotion","PrismaMod:IllyaUpgradeOrbs","PrismaMod:IllyaUncommonAttack"],"picked":"SKIP","floor":8.0},{"not_picked":["PrismaMod:IllyaGun","PrismaMod:IllyaEvokeAll","PrismaMod:IllyaCheapChannelPoison"],"picked":"SKIP","floor":10.0},{"not_picked":["PrismaMod:IllyaFeed","PrismaMod:IllyaPoisonBlock","PrismaMod:IllyaPoisonBomb"],"picked":"SKIP","floor":11.0},{"not_picked":["PrismaMod:IllyaPoisonBomb","PrismaMod:IllyaMaid","PrismaMod:IllyaPoisonTippedWeapons"],"picked":"SKIP","floor":14.0},{"not_picked":["PrismaMod:IllyaUberDefendChannel","PrismaMod:IllyaUberPoisonChannel"],"picked":"PrismaMod:IllyaCarnivalAttack","floor":16.0},{"not_picked":["PrismaMod:IllyaFeed","PrismaMod:IllyaBride+1","PrismaMod:IllyaCheapChannelPoison"],"picked":"SKIP","floor":18.0},{"not_picked":["PrismaMod:IllyaUberPoisonBlock","PrismaMod:IllyaMinorZwei"],"picked":"PrismaMod:IllyaRapidFire","floor":19.0},{"not_picked":["PrismaMod:IllyaMaid","PrismaMod:IllyaDetonatingBlow","PrismaMod:IllyaUberPoisonBlock"],"picked":"SKIP","floor":20},{"not_picked":["PrismaMod:IllyaCheapChannelPoison","PrismaMod:IllyaRussianRoulette","PrismaMod:IllyaUncommonAttack"],"picked":"SKIP","floor":21},{"not_picked":["PrismaMod:IllyaBride","PrismaMod:IllyaRapidFire"],"picked":"PrismaMod:IllyaGrail","floor":23},{"not_picked":["PrismaMod:IllyaDualEvoke","PrismaMod:IllyaCheapChannelAttack","PrismaMod:IllyaMinorZwei"],"picked":"SKIP","floor":27},{"not_picked":["PrismaMod:IllyaCheapDefend","PrismaMod:IllyaPoisonBlock","PrismaMod:IllyaFeed+1"],"picked":"SKIP","floor":28},{"not_picked":["PrismaMod:IllyaPoisonBomb+1","PrismaMod:IllyaUncommonEvoke","PrismaMod:IllyaMaid+1"],"picked":"SKIP","floor":30},{"not_picked":["PrismaMod:IllyaCheapChannelAttack+1","PrismaMod:IllyaRubysPotion","PrismaMod:IllyaCheapChannelPoison"],"picked":"SKIP","floor":35},{"not_picked":["PrismaMod:IllyaBride","PrismaMod:IllyaUpgradeOrbs","PrismaMod:IllyaDevil"],"picked":"SKIP","floor":36},{"not_picked":["PrismaMod:IllyaDetonatingBlow","PrismaMod:IllyaUberPoisonChannel"],"picked":"PrismaMod:IllyaCommandSeal","floor":40},{"not_picked":["PrismaMod:IllyaCheapChannelPoison+1","PrismaMod:IllyaAlice+1","PrismaMod:IllyaFeed+1"],"picked":"SKIP","floor":41},{"not_picked":["PrismaMod:IllyaMaid+1","PrismaMod:IllyaDetonatingBlow+1","PrismaMod:IllyaPoisonTippedWeapons"],"picked":"SKIP","floor":44},{"not_picked":["PrismaMod:IllyaReinForce+1","PrismaMod:IllyaAOECommonAttack+1","PrismaMod:IllyaPoisonTippedWeapons+1"],"picked":"SKIP","floor":45},{"not_picked":["PrismaMod:IllyaBerserCAR","PrismaMod:IllyaCommandSeal+1","PrismaMod:IllyaUncommonAttack+1"],"picked":"SKIP","floor":48},{"not_picked":["Master of Strategy","Replay:Dark Deal"],"picked":"ReplayTheSpireMod:Brewmster","floor":53},{"not_picked":["PrismaMod:IllyaUncommonAOEAttack","PrismaMod:IllyaAssassinRevenge"],"picked":"PrismaMod:IllyaGrail","floor":54}],"player_experience":182998,"relics_obtained":[{"floor":5.0,"key":"Blue Candle"},{"floor":7.0,"key":"The Courier"},{"floor":9.0,"key":"Bottled Lightning"},{"floor":11.0,"key":"hubris:BottledRain"},{"floor":26,"key":"infinitespire:FocusingShard"},{"floor":28,"key":"infinitespire:Bottled Soul"},{"floor":30,"key":"Ancient Tea Set"},{"floor":40,"key":"Lizard Tail"},{"floor":43,"key":"Blue Doll"},{"floor":45,"key":"Lantern"},{"floor":47,"key":"Replay:Kaleidoscope"},{"floor":54,"key":"Replay:Baseball"}],"event_choices":[{"damage_healed":7.0,"max_hp_gain":0.0,"max_hp_loss":96.0,"gold_gain":0.0,"event_name":"betterThird:BetterShining","player_choice":"Leave","floor":13.0,"gold_loss":0.0,"damage_taken":0.0},{"damage_healed":0,"gold_gain":0,"player_choice":"Upgraded","damage_taken":0,"max_hp_gain":0,"max_hp_loss":0,"event_name":"Upgrade Shrine","floor":25,"gold_loss":0,"cards_upgraded":["infinitespire:Execution"]},{"cards_removed":["PrismaMod:IllyaCheapAttack"],"damage_healed":0,"gold_gain":0,"player_choice":"Gave Card","damage_taken":0,"relics_obtained":["FossilizedHelix"],"max_hp_gain":0,"max_hp_loss":0,"event_name":"WeMeetAgain","floor":31,"gold_loss":0},{"cards_removed":["PrismaMod:IllyaPoisonTippedWeapons"],"damage_healed":0,"gold_gain":0,"player_choice":"Removed Power","damage_taken":0,"max_hp_gain":0,"max_hp_loss":0,"event_name":"Falling","floor":37,"gold_loss":0}],"is_beta":false,"boss_relics":[{"not_picked":["Kintsugi","hubris:HollowSoul","LagranYue:ContractPerformanceRelic"],"picked":"hubris:Backtick"},{"not_picked":["SacredBark","Philosopher\u0027s Stone","hubris:ScarierMask"],"picked":"hubris:TerracottaHorce"}],"items_purged_floors":[12,12,12],"is_endless":false,"potions_floor_spawned":[4,8,11,14,16,18,21,27,28,33,40,41,44,45,48,54],"ascension_level":6}}