{"host":"2q4w55ev63ot6isg","time":1614011913,"event":{"mods":["Aspiration","BaseMod","Downfall","Hubris","Marisa????????","Minty Spire (QoL Compilation)","Replay The Spire","StSLib","The Cursed","The Jungle","The Servant 0.9.4"],"gold_per_floor":[212,212,212,63,74,74,94,128,174,174,174,195,195,195,195,323,323,343,90,104,119,138,182,200,200,250,250,273,286,307,50,50,173,173,186,186,186,201,7,7,7,7],"floor_reached":41,"language":"ENG","playtime":1851,"items_purged":["Strike_R","Strike_R"],"score":625,"play_id":"5de546df-9444-4199-9726-ad4821298225","local_time":"20210222083833","is_ascension_mode":true,"campfire_choices":[{"floor":6,"key":"RECALL"},{"data":"Metallicize","floor":10,"key":"SMITH"},{"data":"Neutralize","floor":13,"key":"SMITH"},{"floor":15,"key":"REST"},{"data":"Eclipse","floor":25,"key":"SMITH"},{"floor":32,"key":"REST"},{"floor":40,"key":"REST"}],"circlet_count":0,"master_deck":["Strike_R+1","Strike_R","Strike_R+1","Defend_R","Defend_R+1","Defend_R+1","Defend_R+1","Shrug It Off","Survivor","Neutralize+1","Metallicize+1","Iron Wave","Evolve+1","Injury","Eclipse+1","Burning Pact+1","Mayhem","Dual Wield+1","Infernal Blade+1","Wild Strike","Shrug It Off+1","RitualDagger","Seeing Red+1","Barricade","Brutality+1","Ghostly Armor+1","Writhe","Midas Touch"],"relics":["Burning Blood","Ring of Misfortune","champ:Barbells","King of Hearts","Golden Idol","hubris:EvacipatedBox","sneckomod:BlankCard","Mark of Pain","Regal Pillow","Gremlin Food","SlaversCollar"],"acts_visited":["Exordium","TheCity","TheBeyond"],"potions_floor_usage":[8,16,16,33,35,35,35,41],"damage_taken":[{"damage":1,"enemies":"2 Louse","floor":1,"turns":4},{"damage":2,"enemies":"Small Slimes","floor":5,"turns":5},{"damage":0,"enemies":"Jaw Worm","floor":7,"turns":5},{"damage":40,"enemies":"Lagavulin","floor":8,"turns":10},{"damage":0,"enemies":"Blue Slaver","floor":12,"turns":6},{"damage":0,"enemies":"Fading Forest","floor":16,"turns":11},{"damage":0,"enemies":"3 Byrds","floor":18,"turns":8},{"damage":0,"enemies":"Shell Parasite","floor":20,"turns":9},{"damage":15,"enemies":"Chosen and Byrds","floor":21,"turns":7},{"damage":24,"enemies":"Centurion and Healer","floor":22,"turns":5},{"damage":10,"enemies":"Book of Stabbing","floor":23,"turns":5},{"damage":0,"enemies":"Snecko","floor":24,"turns":5},{"damage":15,"enemies":"Snake Plant","floor":28,"turns":6},{"damage":12,"enemies":"Cultist and Chosen","floor":29,"turns":6},{"damage":22,"enemies":"Sentry and Sphere","floor":30,"turns":7},{"damage":28,"enemies":"hubris:MusketHawk","floor":33,"turns":10},{"damage":43,"enemies":"3 Darklings","floor":35,"turns":4},{"damage":7,"enemies":"3 Shapes","floor":38,"turns":5},{"damage":83,"enemies":"Reptomancer","floor":41,"turns":3}],"seed_played":"-3667069392587263700","potions_obtained":[{"floor":1,"key":"Dexterity Potion"},{"floor":7,"key":"Venom Potion"},{"floor":8,"key":"FearPotion"},{"floor":16,"key":"SteroidPotion"},{"floor":18,"key":"Fire Potion"},{"floor":22,"key":"Explosive Potion"},{"floor":33,"key":"Explosive Potion"},{"floor":35,"key":"Block Potion"}],"is_trial":false,"path_per_floor":["M","?","?","$","M","R","M","E","T","R","?","M","R","$","R","B",null,"M","$","M","M","M","E","M","R","T","?","M","M","M","$","R","B",null,"M","?","?","M","$","R","E"],"character_chosen":"IRONCLAD","items_purchased":["champ:Barbells","hubris:EvacipatedBox","sneckomod:BlankCard","Mayhem","Barricade","Midas Touch"],"campfire_rested":3,"item_purchase_floors":[4,14,14,19,31,39],"current_hp_per_floor":[77,77,77,77,80,80,80,46,46,46,46,52,52,23,47,61,75,80,80,80,71,53,49,55,55,55,49,40,34,18,18,57,35,69,32,32,52,51,51,80,0,0],"gold":7,"neow_bonus":"HUNDRED_GOLD","is_daily":false,"chose_seed":false,"campfire_upgraded":3,"win_rate":0.0,"timestamp":1614011913,"path_taken":["M","?","?","$","M","R","M","E","T","R","?","M","R","?","R","BOSS","M","$","?","M","?","E","M","R","T","?","M","M","M","$","R","BOSS","M","?","?","M","?","R","E"],"items_purchased_type":["Relic","Relic","Relic","Card","Card","Card"],"build_version":"2020-12-22","purchased_purges":2,"victory":false,"max_hp_per_floor":[80,80,80,80,80,80,80,80,80,80,80,80,80,80,80,80,80,80,80,80,80,80,80,80,80,80,80,80,80,80,80,80,80,80,80,80,80,80,80,80,80,80],"card_choices":[{"not_picked":["Disarm","Cleave"],"picked":"Shrug It Off","floor":1},{"not_picked":["Run Through","Clothesline"],"picked":"Metallicize","floor":5},{"not_picked":["Havoc","Searing Blow"],"picked":"Iron Wave","floor":7},{"not_picked":["Exhume","Combust"],"picked":"Evolve","floor":8},{"not_picked":["Iron Wave","True Grit"],"picked":"Warcry","floor":12},{"not_picked":["Double Tap","Demonic Infusion"],"picked":"Eclipse","floor":16},{"not_picked":["Rampage","Clothesline"],"picked":"Burning Pact","floor":18},{"not_picked":["Spot Weakness","ReplayTheSpireMod:Limb From Limb+1"],"picked":"Dual Wield+1","floor":20},{"not_picked":["Searing Blow","Fire Breathing"],"picked":"Infernal Blade+1","floor":21},{"not_picked":["Warcry","Headbutt+1"],"picked":"Wild Strike","floor":22},{"not_picked":["Intimidate","Bloodletting"],"picked":"Shrug It Off+1","floor":23},{"not_picked":["Searing Blow","Thunderclap","Anger"],"picked":"SKIP","floor":24},{"not_picked":["Cleave+1","Flex"],"picked":"Seeing Red","floor":28},{"not_picked":["hubris:ReadiedAction+1","Shrug It Off","hubris:SharpeningStone"],"picked":"SKIP","floor":29},{"not_picked":["Blood for Blood","ReplayTheSpireMod:Muscle Training","Shockwave"],"picked":"SKIP","floor":30},{"not_picked":["Feed","Replay:Many Hands"],"picked":"Brutality","floor":33},{"not_picked":["Perfected Strike","Iron Wave"],"picked":"Ghostly Armor+1","floor":35},{"not_picked":["hubris:ReadiedAction","Twin Strike","Intimidate"],"picked":"SKIP","floor":38}],"player_experience":263702,"relics_obtained":[{"floor":2,"key":"Ring of Misfortune"},{"floor":8,"key":"King of Hearts"},{"floor":23,"key":"Regal Pillow"},{"floor":26,"key":"Gremlin Food"}],"event_choices":[{"damage_healed":0,"gold_gain":0,"player_choice":"Take Wound","damage_taken":0,"relics_obtained":["Golden Idol"],"max_hp_gain":0,"max_hp_loss":0,"event_name":"Golden Idol","floor":11,"gold_loss":0,"cards_obtained":["Injury"]},{"damage_healed":0,"gold_gain":0,"player_choice":"Joined the Cult","damage_taken":6,"max_hp_gain":0,"max_hp_loss":0,"event_name":"Nest","floor":27,"gold_loss":0,"cards_obtained":["RitualDagger"]},{"cards_removed":["Warcry"],"damage_healed":0,"gold_gain":0,"player_choice":"Removed Skill","damage_taken":0,"max_hp_gain":0,"max_hp_loss":0,"event_name":"Falling","floor":36,"gold_loss":0},{"damage_healed":20,"gold_gain":0,"player_choice":"Writhe","damage_taken":0,"max_hp_gain":0,"max_hp_loss":0,"event_name":"Winding Halls","floor":37,"gold_loss":0,"cards_obtained":["Writhe"]}],"is_beta":false,"boss_relics":[{"not_picked":["hubris:CrackedHourglass","aspiration:ServantSkillbook","hubris:GrandSneckoEye"],"picked":"Mark of Pain"},{"not_picked":["Replay:Drink Me","aspiration:FutureDiary","Philosopher\u0027s Stone"],"picked":"SlaversCollar"}],"items_purged_floors":[19,31],"is_endless":false,"potions_floor_spawned":[1,7,8,16,18,22,28,33,35],"killed_by":"Reptomancer","ascension_level":7}}