{"host":"928gv66myv2vlnsd","time":1614011337,"event":{"mods":["BaseMod","Highlight Path","Minty Spire (QoL Compilation)","Relic Stats","StSLib"],"gold_per_floor":[110,130,149,149,162,162,194,194,272,272,272],"floor_reached":10,"language":"ENG","playtime":399,"items_purged":[],"score":136,"play_id":"6a65ebc9-294f-4b14-aebc-12ab8e5bf7c2","local_time":"20210222112857","is_ascension_mode":true,"campfire_choices":[{"floor":6,"key":"REST"}],"circlet_count":0,"master_deck":["AscendersBane","Strike_G","Strike_G","Strike_G","Strike_G","Strike_G","Defend_G","Defend_G","Defend_G","Defend_G","Defend_G","Survivor","Neutralize","Dagger Throw","Skewer","Dagger Spray","Bouncing Flask","Leg Sweep"],"relics":["Ring of the Snake","NeowsBlessing","StoneCalendar"],"acts_visited":["Exordium"],"potions_floor_usage":[10],"damage_taken":[{"damage":0,"enemies":"Small Slimes","floor":1,"turns":1},{"damage":0,"enemies":"2 Louse","floor":2,"turns":1},{"damage":0,"enemies":"Cultist","floor":3,"turns":1},{"damage":27,"enemies":"Large Slime","floor":5,"turns":7},{"damage":28,"enemies":"Lagavulin","floor":7,"turns":8},{"damage":30,"enemies":"3 Sentries","floor":10,"turns":4}],"seed_played":"-4734208804344706190","potions_obtained":[{"floor":1,"key":"SneckoOil"},{"floor":7,"key":"FearPotion"}],"is_trial":false,"path_per_floor":["M","M","M","?","M","R","E","?","T","E"],"character_chosen":"THE_SILENT","items_purchased":[],"campfire_rested":1,"item_purchase_floors":[],"current_hp_per_floor":[59,59,59,59,32,51,23,23,23,0,0],"gold":272,"neow_bonus":"THREE_ENEMY_KILL","is_daily":false,"chose_seed":false,"campfire_upgraded":0,"win_rate":0.0,"timestamp":1614011337,"path_taken":["M","M","M","?","M","R","E","?","T","E"],"items_purchased_type":[],"build_version":"2020-12-22","purchased_purges":0,"victory":false,"max_hp_per_floor":[66,66,66,66,66,66,66,66,66,66,66],"relic_stats":{"counters":[6,22],"StoneCalendar":[0],"obtain_stats":[{"NeowsBlessing":0,"StoneCalendar":7,"Ring of the Snake":0},{"NeowsBlessing":0,"StoneCalendar":5,"Ring of the Snake":0},{"NeowsBlessing":0,"StoneCalendar":18,"Ring of the Snake":0}],"Ring of the Snake":[12]},"card_choices":[{"not_picked":["Concentrate","Infinite Blades"],"picked":"Dagger Throw","floor":1},{"not_picked":["Deflect","Outmaneuver"],"picked":"Skewer","floor":2},{"not_picked":["Escape Plan","PiercingWail"],"picked":"Dagger Spray","floor":3},{"not_picked":["Backflip","Dagger Spray"],"picked":"Bouncing Flask","floor":5},{"not_picked":["Poisoned Stab","Skewer"],"picked":"Leg Sweep","floor":7}],"player_experience":1477341,"relics_obtained":[{"floor":7,"key":"StoneCalendar"}],"event_choices":[{"damage_healed":0,"gold_gain":0,"player_choice":"Ignored","damage_taken":0,"max_hp_gain":0,"max_hp_loss":0,"event_name":"Liars Game","floor":4,"gold_loss":0},{"damage_healed":0,"gold_gain":0,"player_choice":"Ignored","damage_taken":0,"max_hp_gain":0,"max_hp_loss":0,"event_name":"Shining Light","floor":8,"gold_loss":0}],"is_beta":false,"boss_relics":[],"items_purged_floors":[],"is_endless":false,"potions_floor_spawned":[1,7],"killed_by":"3 Sentries","ascension_level":20}}