{"host":"yrr8h8i6xyokjw1v","time":1614029608,"event":{"mods":["Act Like it!","Ascension Reborn","BaseMod","BetterRewards","Downfall","Duelist Mod","Gensokyo","Hermit","Minty Spire (QoL Compilation)","READ ME - Guardian Mod","Replay The Spire","Ruina","StSLib","The Construct","The Cursed","The Disciple","The Marked","The Mystic","The Necromancer","The Problem Sleuth","The Runesmith","The Servant 0.9.4","TheFirefly","TheSwordswoman"],"gold_per_floor":[110,110,110,30,41,41,67,84,111,121,136,136,136,59,59,180,180,194,194,294,313,24,24,45,320,347,362,407,407],"floor_reached":28,"language":"ENG","playtime":1447,"items_purged":[],"score":393,"play_id":"b7b751b5-6665-44be-8659-f2880031a4d6","local_time":"20210222213328","is_ascension_mode":true,"campfire_choices":[{"floor":6,"key":"RECALL"},{"floor":15,"key":"REST"},{"floor":23,"key":"REST"}],"circlet_count":0,"master_deck":["Strike_W","Strike_W","Strike_W+1","Strike_W","Defend_W","Defend_W+1","Defend_W+1","Defend_W","Negative_Energy_Arrows","Bone_Wall","Death_Knell","Amnesia","Summon_Lich","Death_March_Dance","Life_Tap","Pandemic","Blood_Whip","Deaths_Shadow","Blood_for_Blood","Skeleton_Dragon","Negative_Energy_Mist","downfall:Haunted","downfall:Haunted","Injury","theDuelist:GravekeeperCurse","Blood_Magic","theDuelist:GravekeeperCurse","Bone_Armory","Pot Of Greed","Pot Of Greed","Pot Of Greed+1","Bone_Bullets","Regret","Summon_Undead_Army"],"relics":["Vampire_Amulet","NeowsBlessing","ReplayTheSpireMod:Ring of Exchange","ReplayTheSpireMod:Ring of Challenge","Unceasing Top","Golden Idol","Runesmith:Nanobots","Honey Jar","MutagenicStrength","Darkstone Periapt","Grinning Jar","ReplayTheSpireMod:TigerMarble","War Paint"],"acts_visited":["Exordium","TheCity"],"potions_floor_usage":[16,16,27],"damage_taken":[{"damage":0,"enemies":"Jaw Worm","floor":1,"turns":1},{"damage":0,"enemies":"Small Slimes","floor":5,"turns":1},{"damage":0,"enemies":"Gremlin Nob","floor":7,"turns":1},{"damage":2,"enemies":"Cultist","floor":8,"turns":3},{"damage":5,"enemies":"3 Louse","floor":10,"turns":3},{"damage":17,"enemies":"Exordium Wildlife","floor":11,"turns":3},{"damage":38,"enemies":"Fading Forest","floor":16,"turns":11},{"damage":55,"enemies":"Shell Parasite","floor":18,"turns":7},{"damage":30,"enemies":"Chosen","floor":21,"turns":4},{"damage":48,"enemies":"Centurion and Healer","floor":24,"turns":6},{"damage":38,"enemies":"Cultist and Chosen","floor":27,"turns":7},{"damage":5,"enemies":"Snake Plant","floor":28,"turns":1}],"seed_played":"1778420000265045006","potions_obtained":[{"floor":1,"key":"Venom Potion"},{"floor":5,"key":"SteroidPotion"},{"floor":7,"key":"ColorlessPotion"},{"floor":24,"key":"ColorlessPotion"}],"is_trial":false,"path_per_floor":["M","?","?","$","M","R","E","M","T","M","M","?","T","$","R","B",null,"M","?","?","M","$","R","M","?","T","M","M"],"character_chosen":"NECROMANCER","items_purchased":["Summon_Lich","Blood_for_Blood","Grinning Jar","ReplayTheSpireMod:TigerMarble"],"campfire_rested":2,"item_purchase_floors":[4,14,22,22],"current_hp_per_floor":[75,75,60,60,64,64,66,66,66,67,54,36,36,36,58,38,75,22,22,57,29,29,62,33,39,39,5,0,0],"gold":407,"neow_bonus":"THREE_ENEMY_KILL","is_daily":false,"chose_seed":false,"campfire_upgraded":0,"win_rate":0.0,"timestamp":1614029608,"path_taken":["M","?","?","?","M","R","E","M","T","?","M","?","?","$","R","BOSS","M","?","?","M","$","R","M","?","T","?","M"],"items_purchased_type":["Card","Card","Relic","Relic"],"build_version":"2020-12-22","purchased_purges":0,"victory":false,"max_hp_per_floor":[75,75,75,75,75,75,75,75,75,75,75,75,75,75,75,75,75,75,75,110,110,110,110,110,116,116,116,116,116],"card_choices":[{"not_picked":["Plague_Bolt","Blood_Curse"],"picked":"Death_Knell","floor":1},{"not_picked":["Exploit","Negative_Energy_Sphere"],"picked":"Death_March_Dance","floor":5},{"not_picked":["Bone_Shift","Acid_Javelin"],"picked":"Life_Tap","floor":7},{"not_picked":["Bones_to_Steel","Bone_Armor"],"picked":"Pandemic","floor":8},{"not_picked":["Chill_Blood","Bone_Spikes"],"picked":"Blood_Whip","floor":10},{"not_picked":["Spectral_Armor","Flesh_Made_Foul"],"picked":"Deaths_Shadow","floor":11},{"not_picked":["Blood_Wake","Grasp_Heart"],"picked":"Skeleton_Dragon","floor":16},{"not_picked":["Blood_for_Blood","Summon_Undead_Army","Siphon_Strength"],"picked":"Negative_Energy_Mist","floor":18},{"not_picked":["Spectral_Armor","Negative_Energy_Javelin","Scare+1"],"picked":"Bone_Armory","floor":21},{"not_picked":["Blood_Curse","Negative_Energy_Javelin","Finger_Of_Death"],"picked":"Bone_Bullets","floor":24},{"not_picked":["Uncharnel","Chill_Blood","Bones_to_Steel+1"],"picked":"Summon_Undead_Army","floor":27}],"player_experience":133252,"relics_obtained":[{"floor":2,"key":"ReplayTheSpireMod:Ring of Exchange"},{"floor":2,"key":"ReplayTheSpireMod:Ring of Challenge"},{"floor":7,"key":"Unceasing Top"},{"floor":13,"key":"Runesmith:Nanobots"},{"floor":26,"key":"War Paint"}],"event_choices":[{"damage_healed":0,"gold_gain":0,"player_choice":"Entered Light","damage_taken":15,"max_hp_gain":0,"max_hp_loss":0,"event_name":"Shining Light","floor":3,"gold_loss":0,"cards_upgraded":["Defend_W","Strike_W"]},{"damage_healed":0,"gold_gain":0,"player_choice":"Take Damage","damage_taken":18,"relics_obtained":["Golden Idol"],"max_hp_gain":0,"max_hp_loss":0,"event_name":"Golden Idol","floor":12,"gold_loss":0},{"damage_healed":0,"gold_gain":0,"player_choice":"Inject Mutagens","damage_taken":0,"relics_obtained":["MutagenicStrength"],"max_hp_gain":0,"max_hp_loss":0,"event_name":"Drug Dealer","floor":19,"gold_loss":0},{"damage_healed":0,"gold_gain":275,"player_choice":"Desecrate","damage_taken":0,"max_hp_gain":0,"max_hp_loss":0,"event_name":"Golden Shrine","floor":25,"gold_loss":0,"cards_obtained":["Regret"]}],"is_beta":false,"boss_relics":[{"not_picked":["construct:WeddingRing","Orrery"],"picked":"Honey Jar"}],"items_purged_floors":[],"is_endless":false,"potions_floor_spawned":[1,5,7,24],"killed_by":"Snake Plant","ascension_level":0}}