{"host":"c64dsqyrqv0ei9yn","time":1614014641,"event":{"mods":["Act Like it!","Arknights","BaseMod","Bestiary","CapriCore","Chen","Colored Map","Colored Powertips","Curses Come First","Hermit","Koishi","LagranYue(ùfäiòNÅEåé)","MarisaÅiñ∂âJÅ@ñÇóùçπÅj","Minty Spire (QoL Compilation)","Prisma Mod","Random Character Button","ReimuÅiîé??öÎÅj","RemiliaÅiÂQïƒ‰ª?Åj","StSLib","The Administrix","The Alterego","The Immortal","The Marked","The Saiyan","The Senshi","The Servant 0.9.4","The Wild Card","TheSwordswoman","Waifu the Spire","WarShipGirlsR/??è≠èóR mod","slay the spire mod where everything is the same but ironclad has a cowboy hat"],"gold_per_floor":[216,80,92,104,55,55,67,80,107,107,139,170,216,247,259,375,387,414,277,292,310,320,345,345,364,410,410,410,420,454,236,236,333,333,343,356,120,138,152,152,165,196,220,237,237,0,0,12,12,12],"floor_reached":51,"language":"ENG","playtime":3670,"items_purged":[],"score":735,"play_id":"b76c7b98-c644-43e2-94b2-e9f63fb2b119","local_time":"20210222172401","is_ascension_mode":false,"campfire_choices":[{"data":"ats:Emotion Absorption","floor":6,"key":"SMITH"},{"data":"ats:Armor Crushing Shot","floor":10,"key":"SMITH"},{"floor":15,"key":"REST"},{"floor":24,"key":"REST"},{"floor":27,"key":"REST"},{"data":"ats:Healing Strengthening","floor":32,"key":"SMITH"},{"data":"ats:Thorns","floor":40,"key":"SMITH"},{"floor":45,"key":"REST"},{"data":"ats:Fractured Body","floor":49,"key":"SMITH"}],"circlet_count":0,"master_deck":["ats:Strike C","ats:Strike G","ats:Strike S","ats:Strike V","ats:Armor Crushing Shot+1","ats:Defend","ats:Defend","ats:Defend","ats:Defend","ats:Emotion Absorption+1","ats:Sunburst","ats:Sword Rain","ats:Healing Drone","ats:Chain Hook","ats:Charging Defense","ats:Shell Defense","ats:Directed Diagnosis","ats:Cat Scratch","ats:Thorns","ats:Rat Pack","ats:Explosion Area Strengthen","ats:Fractured Body","ats:Thermite Blade+1","ats:Thorns+1","ats:Blood Oath","ats:Soul Absorption+1","ats:Nebulous Foxfire","ats:Part Time Job+1","ats:Apocalypse","ats:Blood Oath","ats:Demon Strength","ats:Healing Strengthening+1","ats:Thorns","ats:Shadow Assault+1","ats:Thorns","ats:Guard Mode","ats:Overload","ats:Fractured Body+1","Injury","ats:Part Time Job+1","ats:Healing Strengthening","ats:Song Of Battle"],"relics":["ats:Sanity","Bag of Marbles","ats:Originium","MawBank","ats:Berate","Sozu","Dream Catcher","LagranYue:ReturningEmperorRelic","MealTicket","Tiny Chest","Oddly Smooth Stone","Cursed Key","Juzu Bracelet","Whetstone","theSenshi:SailorFukuRelic","Red Mask"],"acts_visited":["Exordium","TheCity","TheBeyond"],"potions_floor_usage":[22,23,29],"damage_taken":[{"damage":1,"enemies":"Cultist","floor":1,"turns":4},{"damage":10,"enemies":"Jaw Worm","floor":3,"turns":4},{"damage":0,"enemies":"Small Slimes","floor":4,"turns":3},{"damage":0,"enemies":"2 Fungi Beasts","floor":7,"turns":4},{"damage":0,"enemies":"Exordium Wildlife","floor":8,"turns":3},{"damage":27,"enemies":"Gremlin Nob","floor":11,"turns":4},{"damage":22,"enemies":"Exordium Thugs","floor":12,"turns":6},{"damage":16,"enemies":"3 Sentries","floor":13,"turns":7},{"damage":1,"enemies":"Looter","floor":14,"turns":4},{"damage":77,"enemies":"Hexaghost","floor":16,"turns":16},{"damage":24,"enemies":"Spheric Guardian","floor":18,"turns":5},{"damage":20,"enemies":"Shell Parasite","floor":20,"turns":6},{"damage":10,"enemies":"Sentry and Sphere","floor":21,"turns":3},{"damage":28,"enemies":"Cultist and Chosen","floor":22,"turns":8},{"damage":41,"enemies":"Book of Stabbing","floor":23,"turns":5},{"damage":40,"enemies":"3 Cultists","floor":25,"turns":7},{"damage":28,"enemies":"Shelled Parasite and Fungi","floor":29,"turns":7},{"damage":50,"enemies":"Gremlin Leader","floor":30,"turns":8},{"damage":94,"enemies":"Collector","floor":33,"turns":12},{"damage":27,"enemies":"3 Darklings","floor":35,"turns":4},{"damage":21,"enemies":"3 Shapes","floor":36,"turns":7},{"damage":27,"enemies":"Sphere and 2 Shapes","floor":38,"turns":4},{"damage":49,"enemies":"Maw","floor":39,"turns":10},{"damage":10,"enemies":"3 Darklings","floor":41,"turns":5},{"damage":86,"enemies":"Giant Head","floor":42,"turns":11},{"damage":86,"enemies":"Transient","floor":44,"turns":5},{"damage":26,"enemies":"Jaw Worm Horde","floor":48,"turns":6},{"damage":173,"enemies":"Donu and Deca","floor":50,"turns":15}],"seed_played":"-3623656645936909678","potions_obtained":[{"floor":3,"key":"Regen Potion"},{"floor":8,"key":"Explosive Potion"},{"floor":12,"key":"FearPotion"}],"is_trial":false,"path_per_floor":["M","$","M","M","$","R","M","M","T","R","E","M","E","M","R","B",null,"M","$","M","M","M","E","R","M","T","R","?","M","E","$","R","B",null,"M","M","$","M","M","R","M","E","T","M","R","?","?","M","R","B",null],"character_chosen":"DOCTOR_CLASS","items_purchased":["ats:Sword Rain","ats:Healing Drone","ats:Shell Defense","Dream Catcher","Oddly Smooth Stone","ats:Thorns","Juzu Bracelet","ats:Thorns","ats:Guard Mode"],"campfire_rested":4,"item_purchase_floors":[2,2,5,19,31,31,37,37,37],"current_hp_per_floor":[71,71,67,72,72,72,72,72,72,72,45,34,18,23,44,4,72,52,52,46,41,35,11,32,19,19,40,40,51,40,55,55,72,72,50,72,72,59,72,72,72,71,71,14,35,35,35,72,72,72],"gold":12,"neow_bonus":"HUNDRED_GOLD","is_daily":false,"chose_seed":false,"campfire_upgraded":5,"win_rate":0.0,"timestamp":1614014641,"path_taken":["M","$","?","M","$","R","M","M","T","R","E","M","E","M","R","BOSS","M","$","M","M","M","E","R","M","T","R","?","M","E","$","R","BOSS","M","?","$","M","M","R","M","E","T","M","R","?","?","M","R","BOSS"],"items_purchased_type":["Card","Card","Card","Relic","Relic","Card","Relic","Card","Card"],"build_version":"2020-12-22","purchased_purges":0,"victory":true,"max_hp_per_floor":[72,72,72,72,72,72,72,72,72,72,72,72,72,72,72,72,72,72,72,72,72,72,72,72,72,72,72,72,72,72,72,72,72,72,72,72,72,72,72,72,72,72,72,72,72,72,72,72,72,72],"card_choices":[{"not_picked":["ats:Powerful Strike","ats:Flexible Camouflage"],"picked":"ats:Sunburst","floor":1},{"not_picked":["ats:Assault Order","ats:Apocalypse"],"picked":"ats:Chain Hook","floor":3},{"not_picked":["ats:Leaping Hammer","ats:Defend Order"],"picked":"ats:Charging Defense","floor":4},{"not_picked":["ats:Poison Spread","ats:Phantom","ats:Curse Doll"],"picked":"SKIP","floor":7},{"not_picked":["ats:Hammer On","ats:Poison Spread"],"picked":"ats:Directed Diagnosis","floor":8},{"not_picked":["ats:Sashimi Platter","ats:Guard Mode"],"picked":"ats:Cat Scratch","floor":11},{"not_picked":["ats:Consecutive Shot Auto","ats:Thermite Blade"],"picked":"ats:Thorns","floor":12},{"not_picked":["ats:Hammer On","ats:Consecutive Shot Auto"],"picked":"ats:Rat Pack","floor":13},{"not_picked":["ats:Closed Bolt Burst Fire","ats:Consecutive Shot Auto"],"picked":"ats:Explosion Area Strengthen","floor":14},{"not_picked":["ats:Ambush","ats:Volcano"],"picked":"ats:Fractured Body","floor":16},{"not_picked":["ats:Literary Storm+1","ats:Healing Strengthening"],"picked":"ats:Thermite Blade","floor":18},{"not_picked":["ats:Ignite","ats:Guard Mode"],"picked":"ats:Thorns","floor":20},{"not_picked":["ats:Powerful Strike","ats:Poison Spread"],"picked":"ats:Blood Oath","floor":21},{"not_picked":["ats:Curse Doll","ats:Explosion Area Strengthen+1"],"picked":"ats:Soul Absorption+1","floor":22},{"not_picked":["ats:Very Hot Blade+1","ats:Powerful Strike+1"],"picked":"ats:Nebulous Foxfire","floor":23},{"not_picked":["ats:Cat Scratch","ats:Shell Defense"],"picked":"ats:Part Time Job+1","floor":24},{"not_picked":["ats:Revitalization","ats:Curse Doll+1"],"picked":"ats:Apocalypse","floor":25},{"not_picked":["ats:Assault Order","ats:Curse Doll"],"picked":"ats:Demon Strength","floor":29},{"not_picked":["ats:Thermite Blade+1","ats:Guardian Obelisk"],"picked":"ats:Healing Strengthening","floor":30},{"not_picked":["ats:Calcification","ats:Roar Of Ursus"],"picked":"ats:Shadow Assault","floor":33},{"not_picked":["ats:Phantom+1","ats:Guard Mode","ats:Serious Mode"],"picked":"SKIP","floor":35},{"not_picked":["ats:Cat Scratch+1","ats:Burning Ground+1","ats:Literary Storm+1"],"picked":"SKIP","floor":36},{"not_picked":["ats:Blood Oath+1","ats:Revitalization+1","ats:Cat Scratch"],"picked":"SKIP","floor":38},{"not_picked":["ats:Poison Spread","ats:Serious Mode","ats:Assault Order+1"],"picked":"SKIP","floor":39},{"not_picked":["ats:Blood Oath+1","ats:Leaping Hammer+1"],"picked":"ats:Overload","floor":41},{"not_picked":["ats:Guard Mode","ats:Powerful Strike+1"],"picked":"ats:Fractured Body","floor":42},{"not_picked":["ats:Powerful Strike","ats:Hammer On"],"picked":"ats:Part Time Job+1","floor":44},{"not_picked":["ats:Collapsing Strike","ats:Neurotoxin+1"],"picked":"ats:Healing Strengthening","floor":45},{"not_picked":["ats:Mental Burst","ats:Cat Scratch"],"picked":"ats:Song Of Battle","floor":48}],"player_experience":148931,"relics_obtained":[{"floor":9,"key":"Bag of Marbles"},{"floor":11,"key":"ats:Originium"},{"floor":11,"key":"MawBank"},{"floor":13,"key":"ats:Originium"},{"floor":13,"key":"ats:Berate"},{"floor":23,"key":"ats:Originium"},{"floor":23,"key":"LagranYue:ReturningEmperorRelic"},{"floor":26,"key":"MealTicket"},{"floor":30,"key":"ats:Originium"},{"floor":30,"key":"Tiny Chest"},{"floor":42,"key":"Whetstone"},{"floor":43,"key":"theSenshi:SailorFukuRelic"}],"event_choices":[{"damage_healed":0,"gold_gain":0,"player_choice":"1 cards matched","damage_taken":0,"max_hp_gain":0,"max_hp_loss":0,"event_name":"Match and Keep!","floor":28,"gold_loss":0,"cards_obtained":["ats:Blood Oath"]},{"damage_healed":0,"gold_gain":0,"player_choice":"Paid","damage_taken":0,"relics_obtained":["Red Mask"],"max_hp_gain":0,"max_hp_loss":0,"event_name":"Tomb of Lord Red Mask","floor":46,"gold_loss":237},{"damage_healed":0,"gold_gain":0,"player_choice":"Ignored","damage_taken":0,"max_hp_gain":0,"max_hp_loss":0,"event_name":"Mysterious Sphere","floor":47,"gold_loss":0}],"is_beta":false,"boss_relics":[{"not_picked":["Astrolabe","Coffee Dripper"],"picked":"Sozu"},{"not_picked":["Fusion Hammer","Calling Bell"],"picked":"Cursed Key"}],"items_purged_floors":[],"is_endless":false,"potions_floor_spawned":[3,8,12,16,18,21,33,35,38,48],"ascension_level":0}}