{"host":"30jsp143e4v19aze","time":1614005755,"event":{"mods":["BaseMod","Colored Map","Colored Powertips","Curses Come First","DeckTracker","Highlight Path","Minty Spire (QoL Compilation)","Quick Restart","Relic Stats","StSLib","everything is the same but u backflip on backflip","slay the spire mod where everything is the same but ironclad has a cowboy hat"],"gold_per_floor":[123,112,112,262,337,337,372,372,398,398,428,439,457,457,484,484,562,562,575,575,500,500,19,45,62,75,75,101,101,126,137,170,170,170,170],"floor_reached":33,"language":"ENG","playtime":1022,"items_purged":["Writhe"],"score":848,"play_id":"01fee2cd-5df0-49fc-b3bd-a52703ad042c","local_time":"20210222155555","is_ascension_mode":true,"campfire_choices":[{"data":"Inflame","floor":7,"key":"SMITH"},{"data":"Sword Boomerang","floor":15,"key":"SMITH"},{"data":"Offering","floor":28,"key":"SMITH"},{"data":"Ghostly","floor":32,"key":"SMITH"}],"circlet_count":0,"master_deck":["AscendersBane","Strike_R","Strike_R","Strike_R","Strike_R","Strike_R","Defend_R","Defend_R+1","Defend_R","Defend_R","Bash+1","Inflame+1","Shrug It Off","Headbutt","Iron Wave","Sword Boomerang+1","Fiend Fire","Offering+1","Shrug It Off","Ghostly+1","Ghostly","Ghostly","Flame Barrier","Intimidate","Flame Barrier","Feed","Shrug It Off"],"relics":["Burning Blood","NeowsBlessing","Shuriken","PreservedInsect","Meat on the Bone","Oddly Smooth Stone","Tiny Chest","Pantograph","Snecko Eye","Pear","Paper Frog","Akabeko","Kunai","Self Forming Clay","Orichalcum","WingedGreaves"],"acts_visited":["Exordium","TheCity"],"potions_floor_usage":[14,16,23,27,29,33,33],"damage_taken":[{"damage":0,"enemies":"Small Slimes","floor":1,"turns":1},{"damage":0,"enemies":"Lagavulin","floor":6,"turns":1},{"damage":0,"enemies":"Gremlin Nob","floor":8,"turns":1},{"damage":29,"enemies":"3 Sentries","floor":10,"turns":8},{"damage":6,"enemies":"Jaw Worm","floor":11,"turns":3},{"damage":0,"enemies":"2 Louse","floor":12,"turns":3},{"damage":8,"enemies":"Lagavulin","floor":14,"turns":4},{"damage":53,"enemies":"Hexaghost","floor":16,"turns":8},{"damage":38,"enemies":"2 Thieves","floor":18,"turns":4},{"damage":37,"enemies":"Gremlin Leader","floor":23,"turns":4},{"damage":6,"enemies":"3 Byrds","floor":24,"turns":5},{"damage":8,"enemies":"Centurion and Healer","floor":25,"turns":6},{"damage":30,"enemies":"Book of Stabbing","floor":27,"turns":5},{"damage":11,"enemies":"Slavers","floor":29,"turns":6},{"damage":1,"enemies":"Snake Plant","floor":30,"turns":3},{"damage":6,"enemies":"Book of Stabbing","floor":31,"turns":4},{"damage":50,"enemies":"Automaton","floor":33,"turns":8}],"seed_played":"-8079817948970814856","potions_obtained":[{"floor":6,"key":"Weak Potion"},{"floor":11,"key":"SkillPotion"},{"floor":16,"key":"PowerPotion"},{"floor":24,"key":"DuplicationPotion"},{"floor":30,"key":"SpeedPotion"},{"floor":31,"key":"Dexterity Potion"}],"is_trial":false,"path_per_floor":["M","?","?","?","?","E","R","E","T","E","M","M","?","E","R","B",null,"M","?","?","?","$","E","M","M","T","E","R","E","M","E","R","B"],"character_chosen":"IRONCLAD","items_purchased":["Flame Barrier","Paper Frog","Swift Potion"],"campfire_rested":0,"item_purchase_floors":[22,22,22],"current_hp_per_floor":[15,74,51,51,40,65,71,71,75,75,52,52,58,23,33,33,23,62,42,52,52,42,42,23,35,33,33,21,21,28,33,36,36,0,0],"gold":170,"neow_bonus":"THREE_ENEMY_KILL","is_daily":false,"chose_seed":false,"campfire_upgraded":4,"win_rate":0.0,"timestamp":1614005755,"path_taken":["M","?","?","?","?","E","R","E","T","E","M","M","?","E","R","BOSS","M","?","?","?","$","E","M","M","T","E","R","E","M","E","R","BOSS"],"items_purchased_type":["Card","Relic","Potion"],"build_version":"2020-12-22","purchased_purges":1,"victory":false,"max_hp_per_floor":[89,75,75,75,75,75,75,75,75,75,75,75,75,75,75,75,75,75,75,85,85,42,42,42,42,42,42,42,42,42,42,45,45,45,45],"relic_stats":{"counters":[17,74],"Shuriken":[14],"Self Forming Clay":[27],"Pantograph":34,"Snecko Eye":[86,78,87,81],"Tiny Chest":0,"PreservedInsect":239,"Kunai":[5],"Orichalcum":[18],"obtain_stats":[{"Pear":19,"NeowsBlessing":0,"Self Forming Clay":27,"Oddly Smooth Stone":10,"PreservedInsect":8,"Orichalcum":29,"Burning Blood":0,"Akabeko":23,"Shuriken":6,"Pantograph":14,"Snecko Eye":17,"Tiny Chest":13,"WingedGreaves":31,"Kunai":26,"Meat on the Bone":9,"Paper Frog":22},{"Pear":9,"NeowsBlessing":0,"Self Forming Clay":13,"Oddly Smooth Stone":4,"PreservedInsect":3,"Orichalcum":14,"Burning Blood":0,"Akabeko":10,"Shuriken":2,"Pantograph":7,"Snecko Eye":8,"Tiny Chest":6,"WingedGreaves":16,"Kunai":12,"Meat on the Bone":3,"Paper Frog":9},{"Pear":33,"NeowsBlessing":0,"Self Forming Clay":53,"Oddly Smooth Stone":11,"PreservedInsect":3,"Orichalcum":59,"Burning Blood":0,"Akabeko":37,"Shuriken":2,"Pantograph":21,"Snecko Eye":29,"Tiny Chest":17,"WingedGreaves":66,"Kunai":48,"Meat on the Bone":3,"Paper Frog":33}],"Burning Blood":94,"Meat on the Bone":84},"card_choices":[{"not_picked":["Pommel Strike","True Grit"],"picked":"Inflame","floor":1},{"not_picked":["Thunderclap","Fire Breathing"],"picked":"Shrug It Off","floor":6},{"not_picked":["Warcry","Body Slam"],"picked":"Headbutt","floor":8},{"not_picked":["Flex","Dual Wield"],"picked":"Iron Wave","floor":10},{"not_picked":["Havoc","Warcry","Flex"],"picked":"SKIP","floor":11},{"not_picked":["Inflame","Havoc"],"picked":"Sword Boomerang","floor":12},{"not_picked":["Shockwave","Armaments"],"picked":"Fiend Fire","floor":14},{"not_picked":["Exhume","Juggernaut"],"picked":"Offering","floor":16},{"not_picked":["Pommel Strike","Metallicize"],"picked":"Shrug It Off","floor":18},{"not_picked":["Body Slam","Anger+1"],"picked":"Intimidate","floor":23},{"not_picked":["Clothesline","Dark Embrace"],"picked":"Flame Barrier","floor":24},{"not_picked":["Inflame","Body Slam","Carnage"],"picked":"SKIP","floor":25},{"not_picked":["Iron Wave","Bloodletting+1","Armaments"],"picked":"SKIP","floor":27},{"not_picked":["Wild Strike","Sever Soul"],"picked":"Feed","floor":29},{"not_picked":["Warcry","Thunderclap","Uppercut"],"picked":"SKIP","floor":30},{"not_picked":["Berserk","Thunderclap"],"picked":"Shrug It Off","floor":31}],"player_experience":3298752,"relics_obtained":[{"floor":6,"key":"Shuriken"},{"floor":8,"key":"PreservedInsect"},{"floor":9,"key":"Meat on the Bone"},{"floor":10,"key":"Oddly Smooth Stone"},{"floor":14,"key":"Pantograph"},{"floor":23,"key":"Akabeko"},{"floor":26,"key":"Kunai"},{"floor":27,"key":"Self Forming Clay"},{"floor":29,"key":"Orichalcum"},{"floor":31,"key":"WingedGreaves"}],"event_choices":[{"damage_healed":0,"gold_gain":0,"player_choice":"Entered Light","damage_taken":23,"max_hp_gain":0,"max_hp_loss":0,"event_name":"Shining Light","floor":2,"gold_loss":0,"cards_upgraded":["Bash","Defend_R"]},{"damage_healed":0,"gold_gain":150,"player_choice":"AGREE","damage_taken":0,"max_hp_gain":0,"max_hp_loss":0,"event_name":"Liars Game","floor":3,"gold_loss":0,"cards_obtained":["Doubt"]},{"damage_healed":0,"gold_gain":75,"player_choice":"Gather Gold","damage_taken":11,"max_hp_gain":0,"max_hp_loss":0,"event_name":"World of Goop","floor":4,"gold_loss":0},{"damage_healed":25,"gold_gain":0,"player_choice":"Banana","damage_taken":0,"max_hp_gain":0,"max_hp_loss":0,"event_name":"Big Fish","floor":5,"gold_loss":0},{"damage_healed":0,"gold_gain":0,"player_choice":"Success","damage_taken":35,"relics_obtained":["Tiny Chest"],"max_hp_gain":0,"max_hp_loss":0,"event_name":"Scrap Ooze","floor":13,"gold_loss":0},{"damage_healed":0,"gold_gain":0,"player_choice":"Opened","damage_taken":0,"relics_obtained":["Pear"],"max_hp_gain":0,"max_hp_loss":0,"event_name":"The Mausoleum","floor":19,"gold_loss":0,"cards_obtained":["Writhe"]},{"cards_removed":["Doubt"],"damage_healed":0,"gold_gain":0,"player_choice":"Gave Gold","damage_taken":0,"max_hp_gain":0,"max_hp_loss":0,"event_name":"Beggar","floor":20,"gold_loss":75},{"damage_healed":0,"gold_gain":0,"player_choice":"Became a Ghost","damage_taken":0,"max_hp_gain":0,"max_hp_loss":43,"event_name":"Ghosts","floor":21,"gold_loss":0,"cards_obtained":["Ghostly","Ghostly","Ghostly"]}],"is_beta":false,"boss_relics":[{"not_picked":["Pandora\u0027s Box","SacredBark"],"picked":"Snecko Eye"}],"items_purged_floors":[22],"is_endless":false,"potions_floor_spawned":[6,11,16,24,30,31],"killed_by":"Automaton","ascension_level":20}}