{"host":"8zzc9mdnfkdiyxma","time":1614006546,"event":{"mods":["2.2 Compatiblity","BaseMod","Better Altar","Better Match","Better Note","Better Sensory Stone","Better Skull","Better Third Choice","Better Vampires","Colored Map","Colored Powertips","Dark Map","Emptier Cage","Extra Virgin Snecko Oil","Minty Spire (QoL Compilation)","Permanent Neow","RNG Fix","Rare Cards Sparkle","Relic Filter","Reliquary","SacredBarkPlus","Smile Girya","StSLib","Waifu the Spire"],"gold_per_floor":[114,114,114,181,231,256,7,157,157,207,207,257,257,289,289,363,363,376,134,210,223,273,273,284,297,297,362,362,380,0,26,26,97,97,112,31,41,58,154,154,179,249,300,300,330,394,394,444,444,444,444],"floor_reached":50,"language":"ENG","playtime":3244,"items_purged":["Strike_G","Strike_G"],"score":1202,"play_id":"4d6388d7-4449-47a3-a2fa-dc1927edff67","local_time":"20210222100906","is_ascension_mode":true,"campfire_choices":[{"data":"Noxious Fumes","floor":11,"key":"SMITH"},{"data":"Dodge and Roll","floor":13,"key":"SMITH"},{"data":"Envenom","floor":15,"key":"SMITH"},{"data":"Adrenaline","floor":23,"key":"SMITH"},{"floor":28,"key":"REST"},{"data":"Adrenaline","floor":32,"key":"SMITH"},{"floor":40,"key":"REST"},{"floor":47,"key":"RECALL"},{"floor":49,"key":"REST"}],"circlet_count":0,"master_deck":["AscendersBane","Strike_G","Strike_G","Defend_G","Defend_G","Survivor","Neutralize","Predator+1","Dodge and Roll+1","Noxious Fumes+1","Unload","Envenom+1","Adrenaline+1","Blade Dance+1","Bouncing Flask+1","Bouncing Flask+1","All Out Attack+1","Crippling Poison","After Image+1","Dagger Spray+1","Bane","Dodge and Roll","Adrenaline+1","Burst","PiercingWail+1","Predator+1","Well Laid Plans+1","Catalyst+1"],"relics":["Ring of the Snake","NeowsBlessing","SsserpentHead","Darkstone Periapt","Tiny Chest","Question Card","reliquary:RadioactivePellet","Ancient Tea Set","Gambling Chip","Astrolabe","ClockworkSouvenir","Nunchaku","Membership Card","Meat on the Bone","reliquary:RoseTintedGlasses","Fusion Hammer","reliquary:PorcupineQuills","reliquary:TuningFork","Boot","Smiling Mask","reliquary:HotPoker"],"acts_visited":["Exordium","TheCity","TheBeyond"],"potions_floor_usage":[16,21,21,33,44],"damage_taken":[{"damage":0,"enemies":"Cultist","floor":1,"turns":1},{"damage":0,"enemies":"2 Louse","floor":4,"turns":1},{"damage":0,"enemies":"Gremlin Nob","floor":6,"turns":1},{"damage":6,"enemies":"Lagavulin","floor":14,"turns":5},{"damage":3,"enemies":"The Guardian","floor":16,"turns":9},{"damage":22,"enemies":"Shell Parasite","floor":18,"turns":4},{"damage":0,"enemies":"2 Thieves","floor":21,"turns":2},{"damage":0,"enemies":"Snake Plant","floor":24,"turns":4},{"damage":0,"enemies":"Snecko","floor":25,"turns":4},{"damage":15,"enemies":"Sentry and Sphere","floor":27,"turns":5},{"damage":5,"enemies":"Snake Plant","floor":29,"turns":4},{"damage":13,"enemies":"Book of Stabbing","floor":31,"turns":5},{"damage":17,"enemies":"Collector","floor":33,"turns":6},{"damage":0,"enemies":"3 Darklings","floor":35,"turns":2},{"damage":0,"enemies":"3 Shapes","floor":37,"turns":3},{"damage":18,"enemies":"Jaw Worm Horde","floor":38,"turns":4},{"damage":36,"enemies":"Giant Head","floor":41,"turns":6},{"damage":4,"enemies":"Transient","floor":42,"turns":6},{"damage":0,"enemies":"Reptomancer","floor":44,"turns":2},{"damage":0,"enemies":"4 Shapes","floor":46,"turns":4},{"damage":64,"enemies":"Time Eater","floor":50,"turns":5}],"seed_played":"-6711674140542123547","potions_obtained":[{"floor":1,"key":"SteroidPotion"},{"floor":14,"key":"GamblersBrew"},{"floor":18,"key":"Fire Potion"},{"floor":29,"key":"EssenceOfSteel"},{"floor":38,"key":"SmokeBomb"},{"floor":41,"key":"BlessingOfTheForge"},{"floor":45,"key":"Dexterity Potion"}],"is_trial":false,"path_per_floor":["M","?","?","M","?","E","$","?","T","?","R","T","R","E","R","B",null,"M","$","T","M","?","R","M","M","T","M","R","M","$","E","R","B",null,"M","$","M","M","T","R","E","M","T","E","?","M","R","T","R","B"],"character_chosen":"THE_SILENT","items_purchased":["Tiny Chest","Unload","ClockworkSouvenir","Membership Card","Adrenaline","Meat on the Bone","reliquary:PorcupineQuills"],"campfire_rested":3,"item_purchase_floors":[7,7,19,30,30,30,36],"current_hp_per_floor":[59,59,59,59,59,59,59,59,59,43,43,43,43,37,37,34,58,36,36,36,36,36,36,36,36,36,21,40,35,35,34,34,29,57,57,57,57,39,39,58,34,42,42,42,42,42,42,42,61,0,0],"gold":444,"neow_bonus":"THREE_ENEMY_KILL","is_daily":false,"chose_seed":false,"campfire_upgraded":5,"win_rate":0.0,"timestamp":1614006546,"path_taken":["M","?","?","?","?","E","$","?","T","?","R","?","R","E","R","BOSS","M","$","?","M","?","R","M","M","T","?","R","M","$","E","R","BOSS","M","?","M","M","?","R","E","?","T","E","?","?","R","?","R","BOSS"],"items_purchased_type":["Relic","Card","Relic","Relic","Card","Relic","Relic"],"build_version":"2020-12-22","purchased_purges":2,"victory":false,"max_hp_per_floor":[66,66,66,66,66,66,66,66,66,66,66,66,66,66,66,66,66,66,66,66,66,66,66,66,66,66,66,66,66,66,66,66,66,66,66,66,66,66,66,66,66,66,66,66,66,66,66,66,66,66,66],"card_choices":[{"not_picked":["PiercingWail","Blade Dance"],"picked":"Predator","floor":1},{"not_picked":["Prepared","Outmaneuver"],"picked":"Dodge and Roll","floor":4},{"not_picked":["Blur","Catalyst"],"picked":"Noxious Fumes","floor":6},{"not_picked":["Terror","Crippling Poison","Catalyst"],"picked":"Envenom","floor":14},{"not_picked":["Corpse Explosion","Malaise","A Thousand Cuts"],"picked":"Adrenaline","floor":16},{"not_picked":["Acrobatics+1","Blade Dance","Quick Slash"],"picked":"All Out Attack+1","floor":18},{"not_picked":["Deadly Poison","Venomology","Blade Dance+1"],"picked":"Crippling Poison","floor":21},{"not_picked":["Poisoned Stab","Finisher","Caltrops"],"picked":"Dagger Spray+1","floor":24},{"not_picked":["Underhanded Strike","Acrobatics","Eviscerate"],"picked":"Bane","floor":25},{"not_picked":["Concentrate","Outmaneuver+1","Noxious Fumes"],"picked":"Dodge and Roll","floor":27},{"not_picked":["Noxious Fumes","Distraction","Expertise","Quick Slash"],"picked":"SKIP","floor":29},{"not_picked":["Dagger Throw","Endless Agony","Predator","Riddle With Holes"],"picked":"SKIP","floor":31},{"not_picked":["Unload","Doppelganger","Bullet Time"],"picked":"Burst","floor":33},{"not_picked":["Riddle With Holes","Backflip","Deadly Poison"],"picked":"PiercingWail+1","floor":35},{"not_picked":["Poisoned Stab","Riddle With Holes","Underhanded Strike"],"picked":"Predator+1","floor":37},{"not_picked":["Outmaneuver","Quick Slash","Deflect","Flying Knee"],"picked":"SKIP","floor":38},{"not_picked":["Blur","Venomology","Cloak And Dagger"],"picked":"Well Laid Plans+1","floor":41},{"not_picked":["PiercingWail","Sucker Punch","Outmaneuver"],"picked":"Catalyst+1","floor":42},{"not_picked":["Deadly Poison+1","Blade Dance","Dagger Spray","Flechettes"],"picked":"SKIP","floor":46}],"player_experience":1009004,"relics_obtained":[{"floor":6,"key":"Darkstone Periapt"},{"floor":9,"key":"Question Card"},{"floor":12,"key":"Ancient Tea Set"},{"floor":14,"key":"Gambling Chip"},{"floor":20,"key":"Nunchaku"},{"floor":31,"key":"reliquary:RoseTintedGlasses"},{"floor":39,"key":"reliquary:TuningFork"},{"floor":41,"key":"Boot"},{"floor":43,"key":"Smiling Mask"},{"floor":48,"key":"reliquary:HotPoker"}],"event_choices":[{"damage_healed":0,"gold_gain":0,"player_choice":"Upgraded","damage_taken":0,"max_hp_gain":0,"max_hp_loss":0,"event_name":"Upgrade Shrine","floor":2,"gold_loss":0,"cards_upgraded":["Predator"]},{"damage_healed":0,"gold_gain":0,"player_choice":"Trade","damage_taken":0,"relics_obtained":["SsserpentHead"],"max_hp_gain":0,"max_hp_loss":0,"event_name":"FaceTrader","floor":3,"gold_loss":0},{"cards_removed":["Defend_G"],"damage_healed":0,"gold_gain":0,"player_choice":"Purged","damage_taken":0,"max_hp_gain":0,"max_hp_loss":0,"event_name":"Purifier","floor":5,"gold_loss":0},{"damage_healed":0,"gold_gain":100,"player_choice":"Gold","damage_taken":0,"max_hp_gain":0,"max_hp_loss":0,"event_name":"Wheel of Change","floor":8,"gold_loss":0},{"damage_healed":0,"gold_gain":0,"player_choice":"RE ","damage_taken":18,"relics_obtained":["reliquary:RadioactivePellet"],"max_hp_gain":0,"max_hp_loss":0,"event_name":"betterSkull:BetterSkull","floor":10,"gold_loss":0,"cards_upgraded":[]},{"cards_removed":["Envenom"],"damage_healed":0,"gold_gain":0,"player_choice":"Take \u0026 Give","damage_taken":0,"max_hp_gain":0,"max_hp_loss":0,"event_name":"betterNote:BetterNote","floor":22,"gold_loss":0,"cards_obtained":["After Image"]},{"damage_healed":0,"gold_gain":0,"player_choice":"Bought 1 Potion","damage_taken":0,"max_hp_gain":0,"max_hp_loss":0,"event_name":"The Woman in Blue","floor":45,"gold_loss":0}],"is_beta":false,"boss_relics":[{"not_picked":["Snecko Eye","reliquary:WritOfMandamus"],"picked":"Astrolabe"},{"not_picked":["Runic Pyramid","Empty Cage"],"picked":"Fusion Hammer"}],"items_purged_floors":[19,36],"is_endless":false,"potions_floor_spawned":[1,14,18,29,38,41,44],"killed_by":"Time Eater","ascension_level":20}}