{"host":"8ztb9kwpjc2zof9s","time":1614031856,"event":{"mods":["BaseMod","Block Reminder","Curses Come First","Minty Spire (QoL Compilation)","Relic Stats","StSLib"],"gold_per_floor":[113,113,113,137,155,155,183,183,210,210,210,249,49,67,67,157,157,181,63,77,96,109,109,9,0,25,41,41,65,88,88,88,181,181,197,228,228,252,273,308,308,346,400,414,414,414,457,28,28,28],"floor_reached":51,"language":"ENG","playtime":2858,"items_purged":["Strike_G","Strike_G","Strike_G"],"score":1307,"play_id":"36b412c8-2766-4c63-8a61-ddbd2908c649","local_time":"20210222141056","is_ascension_mode":true,"campfire_choices":[{"data":"Noxious Fumes","floor":6.0,"key":"SMITH"},{"data":"Neutralize","floor":8.0,"key":"SMITH"},{"data":"Well Laid Plans","floor":11.0,"key":"SMITH"},{"data":"Flechettes","floor":15.0,"key":"SMITH"},{"data":"Concentrate","floor":23.0,"key":"SMITH"},{"data":"Adrenaline","floor":32.0,"key":"SMITH"},{"data":"Burst","floor":41.0,"key":"SMITH"},{"floor":45,"key":"REST"},{"data":"Footwork","floor":49,"key":"SMITH"}],"circlet_count":0,"master_deck":["AscendersBane","Strike_G","Defend_G","Defend_G","Defend_G","Defend_G","Defend_G","Survivor","Neutralize+1","Noxious Fumes+1","Well Laid Plans+1","Flechettes+1","Dash","Die Die Die","Cloak And Dagger","Backflip","Adrenaline+1","Backflip","Acrobatics","Concentrate+1","Cloak And Dagger","Backflip","Accuracy","Blade Dance+1","Acrobatics","Deflect","Burst+1","Flying Knee","PiercingWail","Leg Sweep","Deflect+1","PiercingWail","Outmaneuver","Footwork+1","Skewer"],"relics":["Ring of the Snake","NeowsBlessing","Nunchaku","Lantern","Tiny Chest","Golden Idol","Bag of Marbles","WristBlade","Regal Pillow","MutagenicStrength","InkBottle","Philosopher\u0027s Stone","WingedGreaves","Omamori","Torii","Happy Flower","Ice Cream","Pen Nib","Membership Card","Eternal Feather"],"acts_visited":["Exordium","TheCity","TheBeyond"],"potions_floor_usage":[42,47,47],"damage_taken":[{"damage":0.0,"enemies":"Cultist","floor":1.0,"turns":1.0},{"damage":0.0,"enemies":"2 Louse","floor":5.0,"turns":1.0},{"damage":0.0,"enemies":"Lagavulin","floor":7.0,"turns":1.0},{"damage":14.0,"enemies":"3 Sentries","floor":12.0,"turns":7.0},{"damage":0.0,"enemies":"Jaw Worm","floor":14.0,"turns":2.0},{"damage":14.0,"enemies":"Hexaghost","floor":16.0,"turns":11.0},{"damage":0.0,"enemies":"3 Byrds","floor":18.0,"turns":3.0},{"damage":12.0,"enemies":"Spheric Guardian","floor":20.0,"turns":4.0},{"damage":0.0,"enemies":"3 Cultists","floor":21.0,"turns":5.0},{"damage":0.0,"enemies":"Snake Plant","floor":22.0,"turns":3.0},{"damage":2.0,"enemies":"Centurion and Healer","floor":27.0,"turns":4.0},{"damage":0.0,"enemies":"3 Cultists","floor":29.0,"turns":4.0},{"damage":0.0,"enemies":"Snake Plant","floor":30.0,"turns":2.0},{"damage":24.0,"enemies":"Automaton","floor":33.0,"turns":6.0},{"damage":0.0,"enemies":"3 Shapes","floor":35.0,"turns":2.0},{"damage":0.0,"enemies":"Mind Bloom Boss Battle","floor":36.0,"turns":8.0},{"damage":0.0,"enemies":"3 Darklings","floor":38.0,"turns":2.0},{"damage":0.0,"enemies":"Jaw Worm Horde","floor":39.0,"turns":3.0},{"damage":8.0,"enemies":"Nemesis","floor":40.0,"turns":5.0},{"damage":22,"enemies":"Reptomancer","floor":42,"turns":4},{"damage":11,"enemies":"Writhing Mass","floor":44,"turns":5},{"damage":16,"enemies":"Nemesis","floor":47,"turns":7},{"damage":29,"enemies":"Donu and Deca","floor":50,"turns":10}],"seed_played":"-9205000828510778599","potions_obtained":[{"floor":5.0,"key":"BlessingOfTheForge"},{"floor":7.0,"key":"Explosive Potion"},{"floor":14.0,"key":"Swift Potion"},{"floor":16.0,"key":"DistilledChaos"},{"floor":21.0,"key":"SmokeBomb"},{"floor":22.0,"key":"CultistPotion"},{"floor":35.0,"key":"SkillPotion"},{"floor":39.0,"key":"PowerPotion"},{"floor":40.0,"key":"BlessingOfTheForge"},{"floor":42,"key":"Block Potion"}],"is_trial":false,"path_per_floor":["M","?","?","T","M","R","E","R","T","?","R","E","$","M","R","B",null,"M","$","M","M","M","R","$","?","T","M","?","M","M","T","R","B",null,"M","?","?","M","M","E","R","E","T","M","R","T","E","$","R","B",null],"character_chosen":"THE_SILENT","items_purchased":["Die Die Die","Cloak And Dagger","Acrobatics","Concentrate","Footwork","Membership Card","Eternal Feather","Skewer"],"campfire_rested":1,"item_purchase_floors":[13,13,19,19,48,48,48,48],"current_hp_per_floor":[59,52,52,52,52,52,52,52,52,52,52,38,38,38,38,24,51,51,51,39,39,39,39,39,39,39,37,37,37,37,37,37,13,48,48,48,48,48,48,40,40,18,18,7,40,40,24,24,45,16],"gold":28,"neow_bonus":"THREE_ENEMY_KILL","is_daily":false,"chose_seed":false,"campfire_upgraded":8,"win_rate":0.0,"timestamp":1614031856,"path_taken":["M","?","?","?","?","R","E","R","T","?","R","E","$","M","R","BOSS","M","$","M","M","M","R","$","?","T","M","?","M","M","?","R","BOSS","M","?","?","?","M","E","R","E","T","M","R","?","E","$","R","BOSS"],"items_purchased_type":["Card","Card","Card","Card","Card","Relic","Relic","Card"],"build_version":"2020-12-22","purchased_purges":3,"victory":true,"max_hp_per_floor":[66,66,66,66,66,66,66,66,66,60,60,60,60,60,60,60,60,60,60,60,60,60,60,60,60,60,60,60,60,60,60,60,60,60,60,60,60,60,60,60,60,60,60,60,60,60,60,60,60,60],"relic_stats":{"Nunchaku":[26],"Regal Pillow":15,"Torii":0,"Happy Flower":[7],"counters":[23,100],"Golden Idol":141,"Tiny Chest":2,"Eternal Feather":21,"Pen Nib":[3],"obtain_stats":[{"Ice Cream":46,"Lantern":7,"Regal Pillow":26,"NeowsBlessing":0,"Torii":42,"Happy Flower":43,"Golden Idol":10,"Eternal Feather":48,"Pen Nib":47,"Omamori":40,"Nunchaku":4,"WristBlade":17,"MutagenicStrength":28,"Tiny Chest":9,"Philosopher\u0027s Stone":34,"WingedGreaves":36,"Bag of Marbles":12,"Membership Card":48,"InkBottle":31,"Ring of the Snake":0},{"Ice Cream":21,"Lantern":3,"Regal Pillow":10,"NeowsBlessing":0,"Torii":20,"Happy Flower":20,"Golden Idol":3,"Eternal Feather":22,"Pen Nib":22,"Omamori":19,"Nunchaku":1,"WristBlade":6,"MutagenicStrength":11,"Tiny Chest":3,"Philosopher\u0027s Stone":14,"WingedGreaves":16,"Bag of Marbles":4,"Membership Card":22,"InkBottle":13,"Ring of the Snake":0},{"Ice Cream":83,"Lantern":3,"Regal Pillow":38,"NeowsBlessing":0,"Torii":78,"Happy Flower":78,"Golden Idol":3,"Eternal Feather":90,"Pen Nib":90,"Omamori":74,"Nunchaku":1,"WristBlade":23,"MutagenicStrength":42,"Tiny Chest":3,"Philosopher\u0027s Stone":54,"WingedGreaves":64,"Bag of Marbles":10,"Membership Card":90,"InkBottle":48,"Ring of the Snake":0}],"InkBottle":[42],"Ring of the Snake":[46]},"card_choices":[{"not_picked":["Sucker Punch","Tactician"],"picked":"Noxious Fumes","floor":1.0},{"not_picked":["Sucker Punch","Dash"],"picked":"Well Laid Plans","floor":5.0},{"not_picked":["Endless Agony","Deflect"],"picked":"Flechettes","floor":7.0},{"not_picked":["Underhanded Strike","Infinite Blades"],"picked":"Dash","floor":12.0},{"not_picked":["Concentrate","Blade Dance"],"picked":"Backflip","floor":14.0},{"not_picked":["Night Terror","Die Die Die"],"picked":"Adrenaline","floor":16.0},{"not_picked":["Underhanded Strike","Bane"],"picked":"Backflip","floor":18.0},{"not_picked":["Concentrate","Dodge and Roll+1"],"picked":"Cloak And Dagger","floor":20.0},{"not_picked":["Finisher","Setup"],"picked":"Backflip","floor":21.0},{"not_picked":["Deadly Poison","Heel Hook"],"picked":"Accuracy","floor":22.0},{"not_picked":["Blur","Caltrops"],"picked":"Blade Dance+1","floor":27.0},{"not_picked":["Dagger Spray","Dagger Throw"],"picked":"Acrobatics","floor":29.0},{"not_picked":["Riddle With Holes","Cloak And Dagger"],"picked":"Deflect","floor":30.0},{"not_picked":["Envenom","Unload"],"picked":"Burst","floor":33.0},{"not_picked":["Dagger Spray","Terror+1"],"picked":"Flying Knee","floor":35.0},{"not_picked":["Acrobatics","Deadly Poison"],"picked":"PiercingWail","floor":36.0},{"not_picked":["Heel Hook","Deadly Poison","A Thousand Cuts"],"picked":"SKIP","floor":38.0},{"not_picked":["Caltrops","Poisoned Stab"],"picked":"Leg Sweep","floor":39.0},{"not_picked":["Tactician","Bane"],"picked":"Deflect+1","floor":40.0},{"not_picked":["Flying Knee","Choke"],"picked":"PiercingWail","floor":42},{"not_picked":["Skewer","Acrobatics","Poisoned Stab"],"picked":"SKIP","floor":44},{"not_picked":["Heel Hook","Burst"],"picked":"Outmaneuver","floor":47}],"player_experience":376555,"relics_obtained":[{"floor":4.0,"key":"Nunchaku"},{"floor":7.0,"key":"Lantern"},{"floor":9.0,"key":"Tiny Chest"},{"floor":12.0,"key":"Bag of Marbles"},{"floor":26.0,"key":"Regal Pillow"},{"floor":31.0,"key":"InkBottle"},{"floor":36.0,"key":"WingedGreaves"},{"floor":40.0,"key":"Omamori"},{"floor":42,"key":"Torii"},{"floor":43,"key":"Happy Flower"},{"floor":46,"key":"Ice Cream"},{"floor":47,"key":"Pen Nib"}],"event_choices":[{"cards_removed":["Strike_G"],"damage_healed":0.0,"max_hp_gain":0.0,"max_hp_loss":0.0,"gold_gain":0.0,"event_name":"Golden Wing","player_choice":"Card Removal","floor":2.0,"gold_loss":0.0,"damage_taken":7.0},{"damage_healed":0.0,"max_hp_gain":0.0,"max_hp_loss":0.0,"gold_gain":0.0,"event_name":"Shining Light","player_choice":"Ignored","floor":3.0,"gold_loss":0.0,"damage_taken":0.0},{"damage_healed":0.0,"max_hp_gain":0.0,"max_hp_loss":6.0,"gold_gain":0.0,"event_name":"Golden Idol","player_choice":"Lose Max HP","floor":10.0,"gold_loss":0.0,"damage_taken":0.0,"relics_obtained":["Golden Idol"]},{"damage_healed":0.0,"max_hp_gain":0.0,"max_hp_loss":0.0,"gold_gain":0.0,"event_name":"Masked Bandits","player_choice":"Paid Fearfully","floor":25.0,"gold_loss":9.0,"damage_taken":0.0},{"damage_healed":0.0,"max_hp_gain":0.0,"max_hp_loss":0.0,"gold_gain":0.0,"event_name":"Drug Dealer","player_choice":"Inject Mutagens","floor":28.0,"gold_loss":0.0,"damage_taken":0.0,"relics_obtained":["MutagenicStrength"]},{"damage_healed":0.0,"max_hp_gain":0.0,"max_hp_loss":0.0,"gold_gain":0.0,"event_name":"MindBloom","player_choice":"Fight","floor":36.0,"gold_loss":0.0,"damage_taken":0.0},{"damage_healed":0.0,"max_hp_gain":0.0,"max_hp_loss":0.0,"gold_gain":0.0,"event_name":"Transmorgrifier","player_choice":"Ignored","floor":37.0,"gold_loss":0.0,"damage_taken":0.0}],"is_beta":false,"boss_relics":[{"not_picked":["Black Star","Velvet Choker"],"picked":"WristBlade"},{"not_picked":["Pandora\u0027s Box","Fusion Hammer"],"picked":"Philosopher\u0027s Stone"}],"items_purged_floors":[13,24,48],"is_endless":false,"potions_floor_spawned":[5,7,14,16,21,22,30,35,39,40,42],"ascension_level":15}}