{"host":"pptp7dign1ra93gk","time":1614002837,"event":{"mods":["Act Like it!","Aspiration","BaseMod","Conspire","Downfall","Gensokyo","Marisa£®ÏF”Í°°ƒß¿Ì…≥£©","Minty Spire (QoL Compilation)","Remilia£®¿Ÿ√◊¿Ú—«£©","Replay The Spire","StSLib","The Construct","The Cursed","The Servant 0.9.4","Youmu£®ªÍ∆«—˝√Œ£©","Yuyuko","≤–¡Ù÷ÆŒÔ"],"gold_per_floor":[115,2,2,2,13,47,59,74,156,175,226,226,244,278,278,278,278],"floor_reached":16,"language":"ZHS","playtime":1038,"items_purged":["Defend_MRS"],"score":137,"play_id":"6ef2ae02-5555-49d1-ad87-d7836a937fdd","local_time":"20210222220717","is_ascension_mode":false,"campfire_choices":[{"data":"Singularity","floor":12,"key":"SMITH"}],"circlet_count":0,"master_deck":["Strike_MRS","Strike_MRS","Strike_MRS","Defend_MRS","MasterSpark","UpSweep","OrrerysSun","ReplayTheSpireMod:Necrosis","Atom Bomb","ReplayTheSpireMod:Speed Training","DoubleSpark","ChargingUp","ShootingEcho","Singularity+1","Singularity","UnstableBomb"],"relics":["MiniHakkero","NeowsBlessing","Sundial","aspiration:FrozenJewel","Dream Catcher","Eternal Feather","Pear"],"acts_visited":["Exordium"],"potions_floor_usage":[14,16],"damage_taken":[{"damage":0,"enemies":"Gensokyo:3_Fairies","floor":1,"turns":1},{"damage":0,"enemies":"Gensokyo:2_Kodama","floor":5,"turns":1},{"damage":0,"enemies":"Gensokyo:Cirno","floor":6,"turns":2},{"damage":0,"enemies":"Gensokyo:Python","floor":7,"turns":2},{"damage":12,"enemies":"Gensokyo:2_Rabbits","floor":8,"turns":3},{"damage":10,"enemies":"Gensokyo:Kitsune","floor":10,"turns":3},{"damage":13,"enemies":"Gensokyo:Gryphon_and_Rabbit","floor":13,"turns":4},{"damage":6,"enemies":"Gensokyo:Aya","floor":14,"turns":4},{"damage":47,"enemies":"Gensokyo:Reimu","floor":16,"turns":4}],"seed_played":"-7898521047924986246","potions_obtained":[{"floor":1,"key":"Adrenaline Potion"},{"floor":5,"key":"Slimebound:ThreeZeroPotion"},{"floor":6,"key":"conspire:TimeTravelPotion"}],"is_trial":false,"path_per_floor":["M","$","?","$","M","E","M","M","T","M","?","R","M","E","R","B"],"character_chosen":"MARISA","items_purchased":["OrrerysSun"],"campfire_rested":0,"item_purchase_floors":[2],"current_hp_per_floor":[75,75,75,75,75,75,75,63,63,53,53,53,40,34,38,0,0],"gold":278,"neow_bonus":"THREE_ENEMY_KILL","is_daily":false,"chose_seed":false,"campfire_upgraded":1,"win_rate":0.0,"timestamp":1614002837,"path_taken":["M","$","?","?","?","E","M","M","T","M","?","R","M","E","R","BOSS"],"items_purchased_type":["Card"],"build_version":"2020-12-22","purchased_purges":1,"victory":false,"max_hp_per_floor":[75,75,75,75,75,75,75,75,75,75,75,75,75,75,85,85,85],"card_choices":[{"not_picked":["DragonMeteor","DC","GalacticHalo"],"picked":"SKIP","floor":1},{"not_picked":["WitchOfGreed","OneTimeOff"],"picked":"DoubleSpark","floor":5},{"not_picked":["ShootTheMoon","SuperPerseids"],"picked":"ChargingUp","floor":6},{"not_picked":["MilkyWay","MysteriousBeam"],"picked":"ShootingEcho","floor":7},{"not_picked":["MilkyWay","DoubleSpark","GravityBeat"],"picked":"SKIP","floor":8},{"not_picked":["GravityBeat","DeepEcoloBomb"],"picked":"Singularity","floor":10},{"not_picked":["GravityBeat","MachineGunSpark"],"picked":"Singularity","floor":11},{"not_picked":["SporeBomb","6A"],"picked":"UnstableBomb","floor":13},{"not_picked":["MagicChant","OneTimeOff","WitchOfGreed"],"picked":"SKIP","floor":14}],"player_experience":134393,"relics_obtained":[{"floor":6,"key":"Sundial"},{"floor":9,"key":"aspiration:FrozenJewel"},{"floor":11,"key":"Dream Catcher"},{"floor":14,"key":"Eternal Feather"}],"event_choices":[],"is_beta":false,"boss_relics":[],"items_purged_floors":[2],"is_endless":false,"potions_floor_spawned":[1,5,6,7],"killed_by":"Gensokyo:Reimu","ascension_level":0}}