{"host":"s4ojoik2izpnmj7q","time":1614007885,"event":{"mods":["ATMod(°¢èªMod)","Act Like it!","BaseMod","Minty Spire (QoL Compilation)","MostiFishMod","StSLib"],"gold_per_floor":[117,196,211,136,136,167,167,197,221,241,5,5,5,5,5,82,82,127,127,137,199,114,195,265,99,99,99,181,249,249,300,300,427,427,497,497,557,620,233,313,313,391,416,566,705,705,874,966,966,1041,1141,1141,1141,141,216,241],"floor_reached":57,"language":"ZHS","playtime":1874,"items_purged":["Defend_P","Strike_P","Strike_P+1"],"score":3541,"play_id":"266d3fa3-82c4-4408-8590-6909d434a1a2","local_time":"20210222233125","is_ascension_mode":true,"campfire_choices":[{"data":"Eruption","floor":7.0,"key":"SMITH"},{"data":"Adaptation","floor":13.0,"key":"SMITH"},{"data":"DeusExMachina","floor":15.0,"key":"SMITH"},{"data":"Adaptation","floor":32.0,"key":"SMITH"},{"floor":46.0,"key":"RECALL"},{"data":"TalkToTheHand","floor":49.0,"key":"SMITH"},{"data":"Strike_P","floor":53,"key":"PURGE"}],"circlet_count":0,"master_deck":["AscendersBane","Defend_P","Eruption+1","Vigilance","TalkToTheHand+1","Regret","DeusExMachina+1","BowlingBash","Adaptation+1","InnerPeace","AT_IrregularMenstruation","Crescendo","Wish","Wish","WheelKick+1","Adaptation+1","FearNoEvil","AT_ChampionStep+1","MostiFishMod:FlowState","Scrawl","TalkToTheHand+1"],"relics":["DaveBox","AT_ATBox","ChiXiaoBlade","AT_TrinityForce","SynthV:TestCard","Blue Candle","Yang","Vajra","Bag of Preparation","MealTicket","Orrery","Runic Dome","AT_SunfireAegis","Sundial","Civilization","Anchor","Oddly Smooth Stone","Mummified Hand","TimeKeys","Bottled Tornado","Peace Pipe","AT_MibuBalloonWealth","Pen Nib","Whetstone","Kunai","AT_LudenTempest","ChiLing","Chi","Ling","CaptainsWheel"],"acts_visited":["Exordium","TheCity","TheBeyond","TheEnding"],"potions_floor_usage":[51,56,56,56],"damage_taken":[{"damage":0.0,"enemies":"Cultist","floor":1.0,"turns":1.0},{"damage":0.0,"enemies":"2 Louse","floor":3.0,"turns":2.0},{"damage":26.0,"enemies":"Lagavulin","floor":6.0,"turns":5.0},{"damage":14.0,"enemies":"Gremlin Nob","floor":8.0,"turns":3.0},{"damage":2.0,"enemies":"Small Slimes","floor":10.0,"turns":2.0},{"damage":25.0,"enemies":"Hexaghost","floor":16.0,"turns":5.0},{"damage":22.0,"enemies":"Shell Parasite","floor":18.0,"turns":2.0},{"damage":1.0,"enemies":"Spheric Guardian","floor":20.0,"turns":1.0},{"damage":1.0,"enemies":"Shelled Parasite and Fungi","floor":21.0,"turns":3.0},{"damage":1.0,"enemies":"Gremlin Leader","floor":23.0,"turns":2.0},{"damage":1.0,"enemies":"Sentry and Sphere","floor":24.0,"turns":2.0},{"damage":4.0,"enemies":"Book of Stabbing","floor":28.0,"turns":2.0},{"damage":2.0,"enemies":"Snake Plant","floor":29.0,"turns":2.0},{"damage":0.0,"enemies":"Gremlin Leader","floor":31.0,"turns":1.0},{"damage":1.0,"enemies":"Collector","floor":33.0,"turns":2.0},{"damage":1.0,"enemies":"3 Darklings","floor":35.0,"turns":1.0},{"damage":1.0,"enemies":"Orb Walker","floor":37.0,"turns":2.0},{"damage":0.0,"enemies":"Spire Growth","floor":38.0,"turns":2.0},{"damage":1.0,"enemies":"Giant Head","floor":40.0,"turns":3.0},{"damage":0.0,"enemies":"Nemesis","floor":42.0,"turns":1.0},{"damage":2.0,"enemies":"Reptomancer","floor":44.0,"turns":1.0},{"damage":0.0,"enemies":"Sphere and 2 Shapes","floor":45.0,"turns":1.0},{"damage":0.0,"enemies":"4 Shapes","floor":47.0,"turns":1.0},{"damage":1.0,"enemies":"Spire Growth","floor":48.0,"turns":1.0},{"damage":19.0,"enemies":"Time Eater","floor":50.0,"turns":4.0},{"damage":1,"enemies":"Donu and Deca","floor":51,"turns":1},{"damage":2,"enemies":"Shield and Spear","floor":55,"turns":1},{"damage":6,"enemies":"The Heart","floor":56,"turns":4}],"seed_played":"-2509231489707358424","potions_obtained":[{"floor":6.0,"key":"Energy Potion"},{"floor":8.0,"key":"BlessingOfTheForge"},{"floor":21.0,"key":"GamblersBrew"},{"floor":29.0,"key":"Ambrosia"}],"is_trial":false,"path_per_floor":["M","T","M","?","?","E","R","E","T","M","$","?","R","$","R","B",null,"M","?","M","M","?","E","M","$","T","?","E","M","?","E","R","B",null,"M","?","M","M","$","E","T","E","T","E","M","R","M","M","R","B","B",null,"R","$","E","B",null],"character_chosen":"WATCHER","items_purchased":["Orrery","Civilization","Bottled Tornado","Kunai","AT_LudenTempest","ChiLing","EntropicBrew"],"campfire_rested":0,"item_purchase_floors":[11,25,39,54,54,54,54],"current_hp_per_floor":[61,61,61,61,61,35,35,21,21,19,34,34,34,49,49,24,57,35,35,34,33,33,32,31,46,46,46,43,43,43,46,46,49,71,75,75,79,84,93,97,97,102,102,105,110,110,115,119,119,105,109,127,127,133,136,135],"gold":241,"neow_bonus":"BOSS_RELIC","is_daily":false,"chose_seed":false,"campfire_upgraded":5,"win_rate":0.0,"timestamp":1614007885,"path_taken":["M","?","M","?","?","E","R","E","T","M","$","?","R","?","R","BOSS","M","?","M","?","?","E","M","$","T","?","E","?","?","E","R","BOSS","M","?","M","M","?","E","?","E","T","E","?","R","M","M","R","BOSS","BOSS","R","$","E","BOSS"],"items_purchased_type":["Relic","Relic","Relic","Relic","Relic","Relic","Potion"],"build_version":"2020-12-22","purchased_purges":3,"victory":true,"max_hp_per_floor":[68,68,68,68,68,68,68,68,68,68,68,68,68,68,68,68,68,68,68,68,68,68,68,68,68,68,68,69,71,71,74,74,78,78,83,83,88,93,93,98,98,103,103,108,113,113,118,123,123,128,133,133,133,133,138,143],"card_choices":[{"not_picked":["Consecrate","AT_OneInchPunch","ClearTheMind"],"picked":"SKIP","floor":1.0},{"not_picked":["Halt","PathToVictory","FlyingSleeves","FollowUp"],"picked":"TalkToTheHand","floor":3.0},{"not_picked":["Meditate","SashWhip","ConjureBlade","Protect"],"picked":"DeusExMachina","floor":6.0},{"not_picked":["EmptyFist","MostiFishMod:Nomercy","Meditate","Wallop"],"picked":"BowlingBash","floor":8.0},{"not_picked":["FlyingSleeves","JustLucky","BowlingBash","EmptyFist"],"picked":"Adaptation","floor":10.0},{"not_picked":["MostiFishMod:FlowState","PathToVictory","EmptyFist","FlyingSleeves"],"picked":"InnerPeace","floor":11.0},{"not_picked":["WindmillStrike","MostiFishMod:LegendTransform","CrushJoints","Protect"],"picked":"AT_IrregularMenstruation","floor":11.0},{"not_picked":["ClearTheMind","EmptyBody","Prostrate","CutThroughFate"],"picked":"Crescendo","floor":11.0},{"not_picked":["AT_MachinaRedman","DeusExMachina","SpiritShield","Establishment"],"picked":"Wish","floor":16.0},{"not_picked":["Evaluate","Meditate","Consecrate","Crescendo","Halt"],"picked":"SKIP","floor":18.0},{"not_picked":["Study","EmptyBody","Perseverance+1","Sanctity"],"picked":"WheelKick","floor":20.0},{"not_picked":["ThirdEye","Halt","AT_RealFormLess","FlurryOfBlows"],"picked":"Adaptation","floor":21.0},{"not_picked":["CutThroughFate","Alpha","Establishment","MostiFishMod:Moonprays","PathToVictory"],"picked":"SKIP","floor":23.0},{"not_picked":["Swivel","Study+1","Protect","PathToVictory","EmptyFist"],"picked":"SKIP","floor":24.0},{"not_picked":["AT_OneInchPunch","CutThroughFate","FlyingSleeves","ThirdEye"],"picked":"FearNoEvil","floor":28.0},{"not_picked":["WreathOfFlame","BowlingBash","Prostrate","Crescendo"],"picked":"AT_ChampionStep+1","floor":29.0},{"not_picked":["Wallop+1","ClearTheMind","MostiFishMod:LegendTransform","ForeignInfluence","Evaluate"],"picked":"SKIP","floor":31.0},{"not_picked":["Meditate","Study","CrushJoints","Protect","FearNoEvil"],"picked":"SKIP","floor":35.0},{"not_picked":["PathToVictory","SandsOfTime","CrushJoints","MostiFishMod:Speedup"],"picked":"MostiFishMod:FlowState","floor":37.0},{"not_picked":["JustLucky","PathToVictory","Consecrate","FlurryOfBlows","EmptyFist+1"],"picked":"SKIP","floor":38.0},{"not_picked":["FollowUp","BattleHymn+1","InnerPeace","ThirdEye+1","LikeWater"],"picked":"SKIP","floor":40.0},{"not_picked":["MostiFishMod:KamiSmash","CutThroughFate+1","Devotion","EmptyBody"],"picked":"Scrawl","floor":42.0},{"not_picked":["ClearTheMind","CrushJoints","FlurryOfBlows","MostiFishMod:FlowState+1","AT_SoftenMuscles"],"picked":"SKIP","floor":44.0},{"not_picked":["Weave","ReachHeaven+1","ClearTheMind","FlurryOfBlows"],"picked":"TalkToTheHand+1","floor":45.0},{"not_picked":["WindmillStrike","Prostrate","EmptyFist","Wireheading","MostiFishMod:Speedup"],"picked":"SKIP","floor":47.0},{"not_picked":["MostiFishMod:StarHerder","PathToVictory","BowlingBash","Meditate","FlyingSleeves"],"picked":"SKIP","floor":48.0},{"not_picked":["SashWhip","Consecrate+1","BowlingBash","Protect","PathToVictory"],"picked":"SKIP","floor":55}],"player_experience":638044,"relics_obtained":[{"floor":1.0,"key":"SynthV:TestCard"},{"floor":2.0,"key":"Blue Candle"},{"floor":6.0,"key":"Vajra"},{"floor":8.0,"key":"Bag of Preparation"},{"floor":9.0,"key":"MealTicket"},{"floor":23.0,"key":"Sundial"},{"floor":26.0,"key":"Anchor"},{"floor":28.0,"key":"Oddly Smooth Stone"},{"floor":31.0,"key":"Mummified Hand"},{"floor":40.0,"key":"Peace Pipe"},{"floor":42.0,"key":"AT_MibuBalloonWealth"},{"floor":43.0,"key":"Pen Nib"},{"floor":44.0,"key":"Whetstone"},{"floor":55,"key":"CaptainsWheel"}],"event_choices":[{"cards_removed":["Defend_P"],"damage_healed":0.0,"max_hp_gain":0.0,"max_hp_loss":0.0,"gold_gain":0.0,"event_name":"The Cleric","player_choice":"Card Removal","floor":4.0,"gold_loss":75.0,"damage_taken":0.0},{"damage_healed":0.0,"max_hp_gain":0.0,"max_hp_loss":0.0,"gold_gain":0.0,"event_name":"Big Fish","player_choice":"Box","floor":5.0,"gold_loss":0.0,"damage_taken":0.0,"relics_obtained":["Yang"],"cards_obtained":["Regret"]},{"damage_healed":0.0,"max_hp_gain":0.0,"max_hp_loss":0.0,"gold_gain":0.0,"event_name":"Liars Game","player_choice":"Ignored","floor":12.0,"gold_loss":0.0,"damage_taken":0.0},{"damage_healed":0.0,"max_hp_gain":0.0,"max_hp_loss":0.0,"gold_gain":0.0,"event_name":"Duplicator","player_choice":"Copied","floor":19.0,"gold_loss":0.0,"damage_taken":0.0,"cards_obtained":["Wish"]},{"damage_healed":0.0,"max_hp_gain":0.0,"max_hp_loss":0.0,"gold_gain":0.0,"event_name":"Addict","player_choice":"Obtained Relic","floor":22.0,"gold_loss":85.0,"damage_taken":0.0,"relics_obtained":["AT_SunfireAegis"]},{"damage_healed":0.0,"max_hp_gain":0.0,"max_hp_loss":0.0,"gold_gain":0.0,"event_name":"Vampires","player_choice":"Ignored","floor":27.0,"gold_loss":0.0,"damage_taken":0.0},{"cards_removed":["Strike_P"],"damage_healed":0.0,"max_hp_gain":0.0,"max_hp_loss":0.0,"gold_gain":0.0,"event_name":"Back to Basics","player_choice":"Elegance","floor":30.0,"gold_loss":0.0,"damage_taken":0.0},{"cards_removed":["Defend_P"],"damage_healed":0.0,"max_hp_gain":0.0,"max_hp_loss":0.0,"gold_gain":0.0,"event_name":"Purifier","player_choice":"Purged","floor":36.0,"gold_loss":0.0,"damage_taken":0.0}],"is_beta":false,"boss_relics":[{"not_picked":["Snecko Eye","Runic Pyramid"],"picked":"Runic Dome"},{"not_picked":["MoonlightInvasionPlan","Velvet Choker"],"picked":"TimeKeys"}],"items_purged_floors":[11,39,54],"is_endless":false,"potions_floor_spawned":[6,8,20,21,23,29,31,35,42,45,47,55],"ascension_level":20}}