{"host":"8a72fthmlk1o8pdb","time":1614021814,"event":{"mods":["AchievementEnabler","Aspiration","Astrologer","Bard","BaseMod","Beaked The Cultist","Better Altar","Better Match","Better Note","Better Sensory Stone","Better Skull","Better Third Choice","ChefMod","Colored Map","Colored Powertips","Dark Map","Downfall","Friendly Minions","GifTheSpireLib","Googly Eyes","Gremlin Mod","Hermit","Hubris","JesterMod","Jorbs\u0027s Wanderer Trilogy","Marisa????????","Melee Mod","Minty Spire (QoL Compilation)","Monster B Gone","Permanent Neow","Pikachu Mod","Random Character Button","Rare Cards Sparkle","Relic Filter Mod","Relic Stats","Reliquary","Robot Space Explorer","Shade Mod","Shop Mod","Smile Girya","Somnambulant","Spire Arcade","Spire Birthday Party","StSLib","The Animator","The Blue Laboratory","The Construct","The Cursed","The Disciple","The Edgeheg","The Hayseed","The Hierophant","The Juggle","The Jungle","The Marked","The Mystic","The Necromancer","The Poker Player","The Problem Sleuth","The Runesmith","The Showman","TheBandit","TheFirefly","TheVacant","everything is the same but u backflip on backflip","thorton"],"gold_per_floor":[110,127,146,146,162,187,187,203,203,215,215,230,264,276,288,395,407,438,468,480,480],"floor_reached":20,"language":"ENG","playtime":1037,"items_purged":[],"score":207,"play_id":"fb249b83-4117-44fc-8586-d77d20863f27","local_time":"20210222112334","is_ascension_mode":true,"campfire_choices":[{"data":"Reaper","floor":7,"key":"SMITH"},{"data":"Trip","floor":11,"key":"SMITH"},{"data":"Anger","floor":15,"key":"SMITH"}],"circlet_count":0,"master_deck":["Strike_R","Strike_R","Strike_R","Strike_R","Strike_R","Defend_R","Defend_R","Defend_R","Defend_R","Bash","Trip+1","Cleave","Disarm","Anger+1","Carnage","Reaper+1","Disarm","Reckless Charge+1","hubris:StunningStrike","Burning Pact","Pommel Strike"],"relics":["Burning Blood","Smiling Mask","reliquary:Crutches","MawBank","reliquary:BigHammer"],"acts_visited":["Exordium","TheCity"],"potions_floor_usage":[20,20,20],"damage_taken":[{"damage":0,"enemies":"Small Slimes","floor":1,"turns":3},{"damage":14,"enemies":"Jaw Worm","floor":2,"turns":4},{"damage":1,"enemies":"Cultist","floor":3,"turns":3},{"damage":12,"enemies":"Blue Slaver","floor":5,"turns":4},{"damage":26,"enemies":"3 Sentries","floor":6,"turns":7},{"damage":4,"enemies":"Looter","floor":8,"turns":4},{"damage":6,"enemies":"Exordium Wildlife","floor":10,"turns":2},{"damage":19,"enemies":"Exordium Thugs","floor":12,"turns":3},{"damage":4,"enemies":"Gremlin Nob","floor":13,"turns":3},{"damage":38,"enemies":"Slime Boss","floor":16,"turns":9},{"damage":30,"enemies":"2 Thieves","floor":18,"turns":5},{"damage":53,"enemies":"Shell Parasite","floor":19,"turns":9},{"damage":9,"enemies":"Snake Plant","floor":20,"turns":1}],"seed_played":"-884510013899965992","potions_obtained":[{"floor":3,"key":"Ancient Potion"},{"floor":5,"key":"Weak Potion"},{"floor":6,"key":"blueLaboratory:BottleOfRum"},{"floor":8,"key":"LiquidBronze"}],"is_trial":false,"path_per_floor":["M","M","M","?","M","E","R","M","T","M","R","M","E","?","R","B",null,"M","M","M"],"character_chosen":"IRONCLAD","items_purchased":[],"campfire_rested":0,"item_purchase_floors":[],"current_hp_per_floor":[80,72,77,77,71,51,51,58,58,70,70,67,69,69,69,40,80,56,9,0,0],"gold":480,"neow_bonus":"RANDOM_COLORLESS","is_daily":false,"chose_seed":false,"campfire_upgraded":3,"win_rate":0.0,"timestamp":1614021814,"path_taken":["M","M","M","?","M","E","R","M","T","M","R","M","E","?","R","BOSS","M","M","?"],"items_purchased_type":[],"build_version":"2020-12-22","purchased_purges":0,"victory":false,"max_hp_per_floor":[80,80,80,80,80,80,80,80,80,80,80,80,80,80,80,80,80,80,80,80,80],"relic_stats":{"counters":[13,57],"Smiling Mask":0,"MawBank":84,"obtain_stats":[{"reliquary:Crutches":9,"reliquary:BigHammer":17,"Smiling Mask":6,"MawBank":13,"Burning Blood":0},{"reliquary:Crutches":6,"reliquary:BigHammer":10,"Smiling Mask":5,"MawBank":9,"Burning Blood":0},{"reliquary:Crutches":25,"reliquary:BigHammer":42,"Smiling Mask":21,"MawBank":33,"Burning Blood":0}],"Burning Blood":66},"card_choices":[{"not_picked":["Good Instincts","Deep Breath"],"picked":"Trip","floor":0},{"not_picked":["Warcry","Battle Trance"],"picked":"Cleave","floor":1},{"not_picked":["Ghostly Armor","Hemokinesis"],"picked":"Disarm","floor":2},{"not_picked":["Havoc","Heavy Blade"],"picked":"Anger","floor":3},{"not_picked":["Iron Wave","Anger"],"picked":"Carnage","floor":5},{"not_picked":["Searing Blow","Perfected Strike"],"picked":"Reaper","floor":6},{"not_picked":["Havoc","Clash","Clothesline"],"picked":"SKIP","floor":8},{"not_picked":["Iron Wave","Pummel","Anger"],"picked":"SKIP","floor":10},{"not_picked":["Body Slam","Perfected Strike"],"picked":"Disarm","floor":12},{"not_picked":["Anger","Clothesline","Reckless Charge"],"picked":"SKIP","floor":13},{"not_picked":["Anger","Clothesline"],"picked":"Reckless Charge","floor":13},{"not_picked":["Exhume","Offering"],"picked":"hubris:StunningStrike","floor":16},{"not_picked":["Wild Strike","Heavy Blade+1"],"picked":"Burning Pact","floor":18},{"not_picked":["Thunderclap","Twin Strike"],"picked":"Pommel Strike","floor":19}],"player_experience":262119,"relics_obtained":[{"floor":6,"key":"Smiling Mask"},{"floor":9,"key":"reliquary:Crutches"},{"floor":13,"key":"MawBank"}],"event_choices":[{"damage_healed":0,"gold_gain":0,"player_choice":"Ignored","damage_taken":146,"max_hp_gain":0,"max_hp_loss":0,"event_name":"betterThird:BetterSerpent","floor":4,"gold_loss":0},{"damage_healed":0,"gold_gain":0,"player_choice":"Upgraded","damage_taken":0,"max_hp_gain":0,"max_hp_loss":0,"event_name":"Upgrade Shrine","floor":14,"gold_loss":0,"cards_upgraded":["Reckless Charge"]}],"is_beta":false,"boss_relics":[{"not_picked":["hubris:GrandSneckoEye","jesterMod:MachoBrace"],"picked":"reliquary:BigHammer"}],"items_purged_floors":[],"is_endless":false,"potions_floor_spawned":[3,5,6,8,16],"killed_by":"Snake Plant","ascension_level":2}}