{"host":"a4s27ghlnr83kbqz","time":1614000728,"event":{"mods":["AchievementEnabler","BaseMod","Colored Map","Minty Spire (QoL Compilation)","Permanent Neow","SuperFastMode"],"gold_per_floor":[360,38,55,67,80,80,139,154,177,206,231,231,231,248,248,323,323,342,361,261,261,279,279,310,65,65,77,109,124,124,170,170,242,242,259,259,279,296,196,196,59,69,69,69,85,120,136,136,136],"floor_reached":48,"language":"KOR","playtime":1423,"items_purged":["Doubt","Strike_G","Strike_G","Strike_G","Defend_G"],"score":899,"play_id":"e2088cba-4987-4641-9f3d-ea791fec4587","local_time":"20210222223208","is_ascension_mode":true,"campfire_choices":[{"data":"Masterful Stab","floor":6,"key":"SMITH"},{"floor":12,"key":"REST"},{"data":"Bouncing Flask","floor":15,"key":"SMITH"},{"data":"Wraith Form v2","floor":23,"key":"SMITH"},{"floor":30,"key":"REST"},{"floor":32,"key":"REST"},{"data":"Catalyst","floor":40,"key":"SMITH"},{"data":"Adrenaline","floor":44,"key":"SMITH"}],"circlet_count":0,"master_deck":["AscendersBane","Defend_G","Defend_G","Defend_G","Defend_G","Survivor","Neutralize","Bouncing Flask+1","Corpse Explosion","Dagger Spray","Terror","Noxious Fumes","Leg Sweep","Wraith Form v2+1","Catalyst+1","Well Laid Plans","Prepared","Crippling Poison+1","PiercingWail","Footwork","Dodge and Roll","Adrenaline+1","Acrobatics","Backflip","Reflex","Dodge and Roll","Backflip"],"relics":["Ring of the Snake","Question Card","Oddly Smooth Stone","Tiny Chest","Ancient Tea Set","Odd Mushroom","Sozu","Bird Faced Urn","Membership Card","Gremlin Horn","StrikeDummy","Nunchaku","Runic Dome","Vajra","Kunai","Eternal Feather"],"acts_visited":["Exordium","TheCity","TheBeyond"],"potions_floor_usage":[7,10,10,28,33],"damage_taken":[{"damage":1,"enemies":"Small Slimes","floor":1,"turns":5},{"damage":7,"enemies":"Jaw Worm","floor":3,"turns":3},{"damage":0,"enemies":"Cultist","floor":4,"turns":4},{"damage":6,"enemies":"Red Slaver","floor":5,"turns":3},{"damage":14,"enemies":"3 Sentries","floor":7,"turns":4},{"damage":0,"enemies":"Gremlin Gang","floor":8,"turns":1},{"damage":16,"enemies":"Gremlin Nob","floor":10,"turns":4},{"damage":0,"enemies":"The Mushroom Lair","floor":11,"turns":2},{"damage":2,"enemies":"Exordium Thugs","floor":14,"turns":3},{"damage":10,"enemies":"The Guardian","floor":16,"turns":8},{"damage":1,"enemies":"Spheric Guardian","floor":18,"turns":4},{"damage":6,"enemies":"3 Byrds","floor":19,"turns":2},{"damage":3,"enemies":"Sentry and Sphere","floor":22,"turns":5},{"damage":16,"enemies":"Book of Stabbing","floor":24,"turns":5},{"damage":1,"enemies":"Cultist and Chosen","floor":27,"turns":7},{"damage":21,"enemies":"Slavers","floor":28,"turns":3},{"damage":10,"enemies":"Centurion and Healer","floor":29,"turns":6},{"damage":39,"enemies":"Automaton","floor":33,"turns":14},{"damage":5,"enemies":"3 Shapes","floor":35,"turns":3},{"damage":0,"enemies":"3 Darklings","floor":37,"turns":5},{"damage":4,"enemies":"Sphere and 2 Shapes","floor":38,"turns":6},{"damage":0,"enemies":"4 Shapes","floor":42,"turns":4},{"damage":3,"enemies":"Maw","floor":45,"turns":7},{"damage":43,"enemies":"Giant Head","floor":46,"turns":8},{"damage":15,"enemies":"Transient","floor":47,"turns":5},{"damage":18,"enemies":"Spire Growth","floor":48,"turns":1}],"seed_played":"-36347187683680889","potions_obtained":[{"floor":1,"key":"Block Potion"},{"floor":4,"key":"SkillPotion"},{"floor":7,"key":"Ancient Potion"},{"floor":10,"key":"SteroidPotion"},{"floor":11,"key":"Ancient Potion"}],"is_trial":false,"path_per_floor":["M","$","M","M","M","R","?","M","T","E","?","R","?","M","R","B",null,"M","M","$","?","M","R","E","$","T","M","E","M","R","T","R","B",null,"M","?","M","M","$","R","$","M","T","R","M","E","M","M"],"character_chosen":"THE_SILENT","items_purchased":["Question Card","Membership Card","Footwork","Backflip","Reflex","Dodge and Roll"],"campfire_rested":3,"item_purchase_floors":[2,25,25,39,41,41],"current_hp_per_floor":[58,58,51,51,45,45,31,31,31,15,15,34,34,32,32,22,55,54,48,48,48,45,45,29,29,29,34,15,13,32,32,51,20,55,52,52,60,63,63,63,63,66,66,66,63,23,14,0,0],"gold":136,"neow_bonus":"TWO_FIFTY_GOLD","is_daily":false,"chose_seed":false,"campfire_upgraded":5,"win_rate":0.0,"timestamp":1614000728,"path_taken":["M","$","M","M","M","R","?","M","T","E","?","R","?","M","R","BOSS","M","M","$","?","M","R","E","$","T","M","E","M","R","?","R","BOSS","M","?","M","M","$","R","$","M","T","R","M","E","M","M"],"items_purchased_type":["Relic","Relic","Card","Card","Card","Card"],"build_version":"2020-12-22","purchased_purges":5,"victory":false,"max_hp_per_floor":[66,66,66,66,66,66,66,66,66,66,66,66,66,66,66,66,66,66,66,66,66,66,66,66,66,66,66,66,66,66,66,66,66,66,66,66,66,66,66,66,66,66,66,66,66,66,66,66,66],"card_choices":[{"not_picked":["Deflect","Sucker Punch"],"picked":"Bouncing Flask","floor":1},{"not_picked":["Dagger Spray","Deadly Poison","Acrobatics"],"picked":"Corpse Explosion","floor":3},{"not_picked":["Predator","Backflip","Outmaneuver"],"picked":"Masterful Stab","floor":4},{"not_picked":["Prepared","Bouncing Flask","Outmaneuver","Slice"],"picked":"SKIP","floor":5},{"not_picked":["Prepared","Bouncing Flask","Outmaneuver","Slice"],"picked":"SKIP","floor":5},{"not_picked":["Reflex","PiercingWail","Deflect"],"picked":"Dagger Spray","floor":7},{"not_picked":["Well Laid Plans","Outmaneuver","Deflect"],"picked":"Terror","floor":8},{"not_picked":["Finisher","Phantasmal Killer","Slice"],"picked":"Noxious Fumes","floor":10},{"not_picked":["Slice","Endless Agony","Masterful Stab"],"picked":"Leg Sweep","floor":14},{"not_picked":["Bullet Time","Envenom","Grand Finale"],"picked":"Wraith Form v2","floor":16},{"not_picked":["Dagger Throw","Sucker Punch","Outmaneuver+1"],"picked":"Catalyst","floor":18},{"not_picked":["Deflect","Dagger Spray","Calculated Gamble","Outmaneuver"],"picked":"SKIP","floor":19},{"not_picked":["Underhanded Strike","Endless Agony","Acrobatics"],"picked":"Crippling Poison+1","floor":22},{"not_picked":["Flying Knee+1","Riddle With Holes","Escape Plan"],"picked":"PiercingWail","floor":24},{"not_picked":["Blade Dance","Predator","PiercingWail","Acrobatics"],"picked":"SKIP","floor":27},{"not_picked":["Catalyst","Accuracy","Dagger Spray"],"picked":"Dodge and Roll","floor":28},{"not_picked":["Terror","Outmaneuver+1","Malaise","Cloak And Dagger"],"picked":"SKIP","floor":29},{"not_picked":["After Image","Venomology","Burst"],"picked":"Adrenaline","floor":33},{"not_picked":["Concentrate","Flying Knee","Slice","Choke+1"],"picked":"SKIP","floor":35},{"not_picked":["Accuracy","Riddle With Holes","Slice+1"],"picked":"Acrobatics","floor":37},{"not_picked":["Terror","Caltrops","Masterful Stab","Bane"],"picked":"SKIP","floor":38},{"not_picked":["Dagger Throw","PiercingWail","Acrobatics","Dodge and Roll"],"picked":"SKIP","floor":42},{"not_picked":["Dagger Throw","PiercingWail","Acrobatics","Dodge and Roll"],"picked":"SKIP","floor":42},{"not_picked":["Setup","Endless Agony+1","Deflect+1","Quick Slash"],"picked":"SKIP","floor":45},{"not_picked":["Sucker Punch","Skewer","Cloak And Dagger","Outmaneuver"],"picked":"SKIP","floor":46},{"not_picked":["Caltrops","Unload","Flying Knee"],"picked":"Backflip","floor":47}],"player_experience":1148770,"relics_obtained":[{"floor":7,"key":"Oddly Smooth Stone"},{"floor":9,"key":"Tiny Chest"},{"floor":10,"key":"Ancient Tea Set"},{"floor":11,"key":"Odd Mushroom"},{"floor":24,"key":"Bird Faced Urn"},{"floor":26,"key":"Gremlin Horn"},{"floor":28,"key":"StrikeDummy"},{"floor":31,"key":"Nunchaku"},{"floor":43,"key":"Kunai"},{"floor":46,"key":"Eternal Feather"}],"event_choices":[{"damage_healed":0,"gold_gain":0,"player_choice":"Searched \u00271\u0027 times","damage_taken":0,"max_hp_gain":0,"max_hp_loss":0,"event_name":"Dead Adventurer","floor":7,"gold_loss":0},{"damage_healed":0,"gold_gain":0,"player_choice":"Fought Mushrooms","damage_taken":0,"max_hp_gain":0,"max_hp_loss":0,"event_name":"Mushrooms","floor":11,"gold_loss":0},{"damage_healed":0,"gold_gain":0,"player_choice":"Ignored","damage_taken":0,"max_hp_gain":0,"max_hp_loss":0,"event_name":"Liars Game","floor":13,"gold_loss":0},{"damage_healed":0,"gold_gain":0,"cards_transformed":["Strike_G","Strike_G"],"player_choice":"Became Test Subject","damage_taken":0,"max_hp_gain":0,"max_hp_loss":0,"event_name":"Drug Dealer","floor":21,"gold_loss":0,"cards_obtained":["Well Laid Plans","Prepared"]},{"cards_removed":["Masterful Stab"],"damage_healed":0,"gold_gain":0,"player_choice":"Gave Card","damage_taken":0,"relics_obtained":["Vajra"],"max_hp_gain":0,"max_hp_loss":0,"event_name":"WeMeetAgain","floor":36,"gold_loss":0}],"is_beta":false,"boss_relics":[{"not_picked":["Velvet Choker","WristBlade"],"picked":"Sozu"},{"not_picked":["Coffee Dripper","Fusion Hammer"],"picked":"Runic Dome"}],"items_purged_floors":[2,20,25,39,41],"is_endless":false,"potions_floor_spawned":[1,4,7,8,10,11,22,27,28,29,33,37,38,46,47],"killed_by":"Spire Growth","ascension_level":14}}