{"host":"sum4dy402bbv9y4o","time":1614010534,"event":{"mods":["Aspiration","BaseMod","Conspire","Highlight Path","Minty Spire (QoL Compilation)","StSLib"],"gold_per_floor":[114,114,133,2,18,61,84,84,84,108,108,108,78,103,103,202,202,226,253,271,271,42,86,86,86],"floor_reached":24,"language":"ENG","playtime":718,"items_purged":["Strike_P","Injury"],"score":482,"play_id":"9cd75fac-abe8-4f2e-9c9a-8a33b4a3a2c2","local_time":"20210222191534","is_ascension_mode":true,"campfire_choices":[{"data":"Eruption","floor":8,"key":"SMITH"},{"data":"CrushJoints","floor":11,"key":"SMITH"},{"data":"Conclude","floor":15,"key":"SMITH"}],"circlet_count":0,"master_deck":["AscendersBane","Strike_P","Strike_P","Strike_P","Defend_P","Defend_P","Defend_P","Defend_P","Eruption+1","Vigilance","BowlingBash","Conclude+1","FlyingSleeves","FlurryOfBlows","Weave","CrushJoints+1","FollowUp+1","LessonLearned+1","CurseOfTheBell","Swivel+1","FlurryOfBlows+1","Tantrum+1","DeceiveReality","SashWhip+1"],"relics":["PureWater","aspiration:Nostalgia","Burning Blood","Golden Idol","CaptainsWheel","Bird Faced Urn","Molten Egg 2","Calling Bell","Happy Flower","aspiration:SeaSaltIceCream","Vajra","conspire:InfiniteJournal","Strawberry","Oddly Smooth Stone"],"acts_visited":["Exordium","TheCity"],"potions_floor_usage":[6,6,10,14,16,23,24],"damage_taken":[{"damage":6,"enemies":"2 Louse","floor":1,"turns":3},{"damage":1,"enemies":"Small Slimes","floor":3,"turns":4},{"damage":0,"enemies":"Cultist","floor":5,"turns":3},{"damage":0,"enemies":"3 Sentries","floor":6,"turns":2},{"damage":0,"enemies":"3 Louse","floor":7,"turns":2},{"damage":8,"enemies":"Exordium Wildlife","floor":10,"turns":4},{"damage":8,"enemies":"Blue Slaver","floor":14,"turns":3},{"damage":39,"enemies":"The Guardian","floor":16,"turns":6},{"damage":35,"enemies":"Shell Parasite","floor":18,"turns":4},{"damage":6,"enemies":"Chosen","floor":20,"turns":6},{"damage":40,"enemies":"Slavers","floor":23,"turns":4},{"damage":21,"enemies":"Snake Plant","floor":24,"turns":3}],"seed_played":"-7100854593288118412","potions_obtained":[{"floor":1,"key":"Ancient Potion"},{"floor":5,"key":"Swift Potion"},{"floor":6,"key":"EssenceOfSteel"},{"floor":13,"key":"DistilledChaos"},{"floor":13,"key":"SneckoOil"},{"floor":18,"key":"SneckoOil"},{"floor":20,"key":"Strength Potion"}],"is_trial":false,"path_per_floor":["M","?","M","$","M","E","M","R","T","M","R","?","?","M","R","B",null,"M","T","M","?","$","E","M"],"character_chosen":"WATCHER","items_purchased":["BlessingOfTheForge","Tantrum+1","DeceiveReality"],"campfire_rested":0,"item_purchase_floors":[4,22,22],"current_hp_per_floor":[61,38,43,43,49,55,61,61,61,59,59,59,59,57,57,24,57,28,35,35,50,50,16,0,0],"gold":86,"neow_bonus":"NOSTALGIA","is_daily":false,"chose_seed":false,"campfire_upgraded":3,"win_rate":0.0,"timestamp":1614010534,"path_taken":["M","?","M","$","M","E","M","R","T","M","R","?","?","M","R","BOSS","M","?","M","?","$","E","M"],"items_purchased_type":["Potion","Card","Card"],"build_version":"2020-12-22","purchased_purges":2,"victory":false,"max_hp_per_floor":[68,68,68,68,68,68,68,68,68,68,68,68,68,68,68,68,68,68,75,75,75,75,75,75,75],"card_choices":[{"not_picked":["InnerPeace","WheelKick"],"picked":"BowlingBash","floor":1},{"not_picked":["EmptyBody","Pray"],"picked":"Conclude","floor":3},{"not_picked":["Prostrate","WindmillStrike"],"picked":"FlyingSleeves","floor":5},{"not_picked":["Halt","EmptyBody"],"picked":"FlurryOfBlows","floor":6},{"not_picked":["Wireheading","ClearTheMind"],"picked":"Weave","floor":7},{"not_picked":["CutThroughFate","Study"],"picked":"CrushJoints","floor":10},{"not_picked":["EmptyBody","Protect"],"picked":"FollowUp+1","floor":14},{"not_picked":["Alpha","Ragnarok+1"],"picked":"LessonLearned+1","floor":16},{"not_picked":["PathToVictory","ReachHeaven+1"],"picked":"Swivel+1","floor":18},{"not_picked":["Halt","Weave+1"],"picked":"FlurryOfBlows+1","floor":20},{"not_picked":["ThirdEye+1","Perseverance"],"picked":"SashWhip+1","floor":23}],"player_experience":3122934,"relics_obtained":[{"floor":6,"key":"CaptainsWheel"},{"floor":9,"key":"Bird Faced Urn"},{"floor":17,"key":"Happy Flower"},{"floor":17,"key":"aspiration:SeaSaltIceCream"},{"floor":17,"key":"conspire:InfiniteJournal"},{"floor":19,"key":"Strawberry"},{"floor":23,"key":"Oddly Smooth Stone"}],"event_choices":[{"damage_healed":0,"gold_gain":0,"player_choice":"Take Damage","damage_taken":23,"relics_obtained":["Golden Idol"],"max_hp_gain":0,"max_hp_loss":0,"event_name":"Golden Idol","floor":2,"gold_loss":0},{"damage_healed":0,"gold_gain":0,"player_choice":"Bought 2 Potions","damage_taken":0,"max_hp_gain":0,"max_hp_loss":0,"event_name":"The Woman in Blue","floor":13,"gold_loss":0},{"damage_healed":15,"gold_gain":0,"player_choice":"Heal","damage_taken":0,"max_hp_gain":0,"max_hp_loss":0,"event_name":"The Library","floor":21,"gold_loss":0}],"is_beta":false,"boss_relics":[{"not_picked":["conspire:RoyalGoblet","Ectoplasm"],"picked":"Calling Bell"}],"items_purged_floors":[4,22],"is_endless":false,"potions_floor_spawned":[1,5,6,18,20],"killed_by":"Snake Plant","ascension_level":20}}