{"host":"vk2xyavtylxbvrfq","time":1614016045,"event":{"mods":["Bard","BaseMod","Bestiary","Better Altar","Better Match","Better Note","Better Sensory Stone","Better Skull","Better Vampires","Block Reminder","Bossed Relics","Colored Map","Curses Come First","Displayed Cursed Tome","Downfall","Extra Virgin Snecko Oil","Fox Events","Hermit","Ironclad Rager","Marked Mod","Minty Spire (QoL Compilation)","Quick Restart","Rare Cards Sparkle","Relic Sorter","Reliquary","Robot Space Explorer","Shapeshifter Mod","StSLib","The Hayseed","The Marked","The Runesmith","Unceasing Turn Reminder"],"gold_per_floor":[114,189,189,289,308,337,354,364,391,409,440,45,62,80,80,185,185,206,12,32,32,32,32,42,42,42,63,13,13,45,65,65,167,167,190,190,250,300,69,100,100,115,138,138,138,138,152,176,176,181,181,181,30,66,66,66],"floor_reached":55,"language":"ENG","playtime":1805,"items_purged":["Normality"],"score":998,"play_id":"25f3c5fe-ad4d-4ce5-929b-787e2d44cc41","local_time":"20210222124725","is_ascension_mode":true,"campfire_choices":[{"floor":15.0,"key":"REST"},{"data":"hermit:ShadowCloak","floor":23.0,"key":"SMITH"},{"floor":25.0,"key":"REST"},{"floor":32.0,"key":"REST"},{"floor":41.0,"key":"REST"},{"data":"downfall:Aged","floor":45.0,"key":"PURGE"},{"floor":49.0,"key":"REST"},{"data":"hermit:Strike_Hermit","floor":52.0,"key":"PURGE"}],"circlet_count":0,"master_deck":["hermit:Strike_Hermit+1","hermit:Strike_Hermit","hermit:Strike_Hermit+1","hermit:Defend_Hermit","hermit:Defend_Hermit+1","hermit:Defend_Hermit","hermit:Defend_Hermit","hermit:Snapshot","hermit:Covet","hermit:EyeOfTheStorm","downfall:Haunted","downfall:Haunted","Decay","hermit:FinalCanter+1","hermit:Malice","hermit:Deadeye","hermit:Coalescence","hermit:Scavenge","hermit:Spite","hermit:ShadowCloak+1","hermit:Quickdraw","hermit:Grudge","hermit:Grudge","hermit:FinalCanter","CurseOfTheBell","hermit:Spite","hermit:Vantage+1","hermit:Glare+1","hermit:Coalescence+1","hermit:GhostlyPresence+1","hermit:FromBeyond","hermit:BigShot+1","hermit:Dive+1","hermit:Gambit","hermit:Determination+1","hermit:BigShot","Dark Shackles","Dark Shackles","hermit:FlashPowder","hermit:GhostlyPresence"],"relics":["hermit:Momento","NeowsBlessing","Du-Vu Doll","reliquary:PartyBalloon","Art of War","Whetstone","Vajra","Strawberry","Calling Bell","Pen Nib","Mercury Hourglass","hermit:CharredGlove","reliquary:TridentHead","FaceOfCleric","Torii","FossilizedHelix","Astrolabe","Peace Pipe","TungstenRod","Happy Flower","Bag of Marbles","Medical Kit","reliquary:BallBearing"],"acts_visited":["Exordium","TheCity","TheBeyond","TheEnding"],"potions_floor_usage":[],"damage_taken":[{"damage":0.0,"enemies":"Small Slimes","floor":1.0,"turns":1.0},{"damage":0.0,"enemies":"2 Louse","floor":5.0,"turns":1.0},{"damage":0.0,"enemies":"Lagavulin","floor":6.0,"turns":1.0},{"damage":0.0,"enemies":"Cultist","floor":7.0,"turns":2.0},{"damage":12.0,"enemies":"Exordium Thugs","floor":8.0,"turns":4.0},{"damage":10.0,"enemies":"3 Louse","floor":10.0,"turns":4.0},{"damage":23.0,"enemies":"3 Sentries","floor":11.0,"turns":6.0},{"damage":0.0,"enemies":"Blue Slaver","floor":13.0,"turns":2.0},{"damage":0.0,"enemies":"Large Slime","floor":14.0,"turns":2.0},{"damage":18.0,"enemies":"Slime Boss","floor":16.0,"turns":3.0},{"damage":3.0,"enemies":"Chosen","floor":18.0,"turns":3.0},{"damage":0.0,"enemies":"Spheric Guardian","floor":20.0,"turns":1.0},{"damage":17.0,"enemies":"Centurion and Healer","floor":24.0,"turns":4.0},{"damage":32.0,"enemies":"Sentry and Sphere","floor":27.0,"turns":5.0},{"damage":14.0,"enemies":"Book of Stabbing","floor":30.0,"turns":3.0},{"damage":9.0,"enemies":"Shelled Parasite and Fungi","floor":31.0,"turns":2.0},{"damage":28.0,"enemies":"Automaton","floor":33.0,"turns":8.0},{"damage":13.0,"enemies":"3 Darklings","floor":35.0,"turns":5.0},{"damage":0.0,"enemies":"2 Orb Walkers","floor":37.0,"turns":3.0},{"damage":0.0,"enemies":"Mind Bloom Boss Battle","floor":38.0,"turns":2.0},{"damage":16.0,"enemies":"Giant Head","floor":40.0,"turns":7.0},{"damage":0.0,"enemies":"Orb Walker","floor":42.0,"turns":1.0},{"damage":13.0,"enemies":"Transient","floor":47.0,"turns":5.0},{"damage":0.0,"enemies":"4 Shapes","floor":48.0,"turns":5.0},{"damage":31.0,"enemies":"Time Eater","floor":50.0,"turns":9.0},{"damage":40.0,"enemies":"Shield and Spear","floor":54.0,"turns":5.0},{"damage":54,"enemies":"The Heart","floor":55,"turns":8}],"seed_played":"381248443246028101","potions_obtained":[{"floor":6.0,"key":"FearPotion"},{"floor":7.0,"key":"hermit:Tonic"},{"floor":8.0,"key":"Regen Potion"},{"floor":10.0,"key":"Strength Potion"},{"floor":13.0,"key":"SteroidPotion"},{"floor":16.0,"key":"SteroidPotion"},{"floor":24.0,"key":"Energy Potion"},{"floor":30.0,"key":"Guardian:BlockOnCardUsePotion"},{"floor":31.0,"key":"DistilledChaos"},{"floor":37.0,"key":"Swift Potion"},{"floor":38.0,"key":"DistilledChaos"},{"floor":47.0,"key":"SteroidPotion"},{"floor":48.0,"key":"PowerPotion"},{"floor":54.0,"key":"Ancient Potion"}],"is_trial":false,"path_per_floor":["M","?","?","?","M","E","M","M","T","M","E","$","M","M","R","B",null,"M","$","M","?","$","R","M","R","T","M","?","?","E","M","R","B",null,"M","?","?","?","$","E","R","M","T","?","R","?","M","M","R","B",null,"R","$","E","B"],"character_chosen":"HERMIT","items_purchased":["Vajra","Strawberry","hermit:ShadowCloak","hermit:Quickdraw","reliquary:FerryPass","PowerPotion","Happy Flower","Medical Kit"],"campfire_rested":5,"item_purchase_floors":[12,12,12,12,19,19,39,53],"current_hp_per_floor":[68,57,42,47,47,47,47,35,35,37,14,21,21,21,47,29,73,70,70,70,70,70,70,53,79,79,47,67,67,54,46,72,45,79,67,67,68,69,69,54,82,83,83,83,83,83,71,72,97,67,90,90,90,51,0,0],"gold":66,"neow_bonus":"THREE_ENEMY_KILL","is_daily":false,"chose_seed":false,"campfire_upgraded":1,"win_rate":0.0,"timestamp":1614016045,"path_taken":["M","?","?","?","M","E","M","M","T","M","E","$","M","M","R","BOSS","M","$","M","?","?","R","M","R","T","?","?","?","E","M","R","BOSS","M","?","?","?","$","E","R","M","T","?","R","?","M","M","R","BOSS","R","$","E","BOSS"],"items_purchased_type":["Relic","Relic","Card","Card","Relic","Potion","Relic","Relic"],"build_version":"2020-12-22","purchased_purges":1,"victory":false,"max_hp_per_floor":[75,75,75,80,80,80,80,80,80,80,80,87,87,87,87,87,87,87,87,87,87,87,87,87,87,87,87,87,87,88,89,89,90,90,91,91,92,93,93,94,94,95,95,95,95,95,96,97,97,98,98,98,98,99,99,99],"card_choices":[{"not_picked":["hermit:Quickdraw","hermit:TakeCover"],"picked":"hermit:EyeOfTheStorm","floor":1.0},{"not_picked":["hermit:Manifest","hermit:Cheat"],"picked":"hermit:Malice","floor":5.0},{"not_picked":["hermit:Desperado","hermit:Quickdraw"],"picked":"hermit:Deadeye","floor":6.0},{"not_picked":["hermit:HighNoon","hermit:Feint"],"picked":"hermit:Coalescence","floor":7.0},{"not_picked":["hermit:Glare","hermit:WideOpen"],"picked":"hermit:Scavenge","floor":8.0},{"not_picked":["hermit:HighCaliber","hermit:BodyArmor","hermit:TrackingShot"],"picked":"SKIP","floor":10.0},{"not_picked":["hermit:Roulette","hermit:FullyLoaded"],"picked":"hermit:Spite","floor":11.0},{"not_picked":["hermit:HoleUp","hermit:Manifest"],"picked":"hermit:Grudge","floor":13.0},{"not_picked":["hermit:Dive","hermit:FinalCanter"],"picked":"hermit:Grudge","floor":14.0},{"not_picked":["hermit:BlackWind","hermit:HighNoon"],"picked":"hermit:FinalCanter","floor":16.0},{"not_picked":["hermit:PistolWhip","hermit:Feint"],"picked":"hermit:Spite","floor":18.0},{"not_picked":["hermit:CursedWeapon","hermit:BigShot"],"picked":"hermit:Vantage+1","floor":20.0},{"not_picked":["hermit:HighCaliber","hermit:ItchyTrigger"],"picked":"hermit:Glare+1","floor":24.0},{"not_picked":["hermit:Snipe","hermit:Glare"],"picked":"hermit:Dive","floor":27.0},{"not_picked":["hermit:TakeCover","hermit:ItchyTrigger"],"picked":"hermit:Coalescence+1","floor":30.0},{"not_picked":["hermit:Shortfuse","hermit:Manifest"],"picked":"hermit:GhostlyPresence+1","floor":31.0},{"not_picked":["hermit:BlackWind","hermit:Dissolve"],"picked":"hermit:FromBeyond","floor":33.0},{"not_picked":["hermit:Headshot","hermit:Quickdraw+1"],"picked":"hermit:BigShot+1","floor":35.0},{"not_picked":["hermit:TrackingShot+1","hermit:Roulette+1"],"picked":"hermit:Dive+1","floor":37.0},{"not_picked":["hermit:Headshot","hermit:HoleUp"],"picked":"hermit:Gambit","floor":38.0},{"not_picked":["hermit:ItchyTrigger","hermit:HighCaliber"],"picked":"hermit:Determination+1","floor":40.0},{"not_picked":["hermit:Showdown","hermit:Shortfuse+1"],"picked":"hermit:BigShot","floor":42.0},{"not_picked":["Trip","Jack Of All Trades"],"picked":"Dark Shackles","floor":46.0},{"not_picked":["Panache","Jack Of All Trades"],"picked":"Dark Shackles","floor":46.0},{"not_picked":["hermit:BodyArmor","hermit:Maintenance+1","hermit:TrackingShot+1"],"picked":"SKIP","floor":47.0},{"not_picked":["hermit:WideOpen+1","hermit:Manifest"],"picked":"hermit:FlashPowder","floor":48.0},{"not_picked":["hermit:Misfire","hermit:GoldenBullet"],"picked":"hermit:GhostlyPresence","floor":54.0}],"player_experience":1459645,"relics_obtained":[{"floor":6.0,"key":"reliquary:PartyBalloon"},{"floor":9.0,"key":"Art of War"},{"floor":11.0,"key":"Whetstone"},{"floor":17.0,"key":"Pen Nib"},{"floor":17.0,"key":"Mercury Hourglass"},{"floor":17.0,"key":"hermit:CharredGlove"},{"floor":26.0,"key":"reliquary:TridentHead"},{"floor":30.0,"key":"Torii"},{"floor":33.0,"key":"FossilizedHelix"},{"floor":37.0,"key":"Peace Pipe"},{"floor":38.0,"key":"TungstenRod"},{"floor":40.0,"key":"Bag of Marbles"},{"floor":54.0,"key":"reliquary:BallBearing"}],"event_choices":[{"damage_healed":0.0,"max_hp_gain":0.0,"max_hp_loss":0.0,"gold_gain":75.0,"event_name":"World of Goop","player_choice":"Gather Gold","floor":2.0,"gold_loss":0.0,"damage_taken":11.0},{"damage_healed":0.0,"max_hp_gain":0.0,"max_hp_loss":0.0,"gold_gain":0.0,"event_name":"Shining Light","player_choice":"Entered Light","floor":3.0,"gold_loss":0.0,"damage_taken":15.0,"cards_upgraded":["hermit:Strike_Hermit","hermit:Defend_Hermit"]},{"damage_healed":0.0,"max_hp_gain":0.0,"max_hp_loss":0.0,"gold_gain":0.0,"event_name":"betterNote:BetterNote","player_choice":"Ignored","floor":21.0,"gold_loss":0.0,"damage_taken":0.0,"cards_obtained":["hermit:NoHoldsBarred"]},{"damage_healed":0.0,"max_hp_gain":0.0,"max_hp_loss":0.0,"gold_gain":0.0,"event_name":"FaceTrader","player_choice":"Trade","floor":29.0,"gold_loss":0.0,"damage_taken":0.0,"relics_obtained":["FaceOfCleric"]},{"cards_removed":["hermit:Dive"],"damage_healed":0.0,"max_hp_gain":0.0,"max_hp_loss":0.0,"gold_gain":0.0,"event_name":"Falling","player_choice":"Removed Skill","floor":36.0,"gold_loss":0.0,"damage_taken":0.0},{"damage_healed":0.0,"max_hp_gain":0.0,"max_hp_loss":0.0,"gold_gain":0.0,"event_name":"Mysterious Sphere","player_choice":"Fight","floor":37.0,"gold_loss":0.0,"damage_taken":0.0},{"damage_healed":0.0,"max_hp_gain":0.0,"max_hp_loss":0.0,"gold_gain":0.0,"event_name":"MindBloom","player_choice":"Fight","floor":38.0,"gold_loss":0.0,"damage_taken":0.0},{"damage_healed":0.0,"max_hp_gain":0.0,"max_hp_loss":0.0,"gold_gain":3.0,"event_name":"betterStone:BetterStone","player_choice":"1","floor":46.0,"gold_loss":0.0,"damage_taken":0.0}],"is_beta":false,"boss_relics":[{"not_picked":["Runesmith:UraniumAnvil","SacredBark"],"picked":"Calling Bell"},{"not_picked":["Empty Cage","hermit:BartenderGlass"],"picked":"Astrolabe"}],"items_purged_floors":[39],"is_endless":false,"potions_floor_spawned":[6,7,8,10,13,16,24,30,31,37,38,47,48,54],"killed_by":"The Heart","ascension_level":7}}