{"host":"wqwfknj40rilnol1","time":1614007549,"event":{"mods":["BaseMod","BetterRewards","Block Reminder","Colored Map","Hubris","Minty Spire (QoL Compilation)","Permanent Neow","Relic Stats","StSLib","The Cursed"],"gold_per_floor":[117,117,129,149,164,164,190,190],"floor_reached":7,"language":"ENG","playtime":321,"items_purged":[],"score":53,"play_id":"54364c81-0c69-4418-b237-b5ee1f45db42","local_time":"20210222162549","is_ascension_mode":false,"campfire_choices":[{"data":"TheCursedMod:CursedMace","floor":6,"key":"SMITH"}],"circlet_count":0,"master_deck":["TheCursedMod:Strike_TheCursed","TheCursedMod:Strike_TheCursed","TheCursedMod:Strike_TheCursed","TheCursedMod:Strike_TheCursed","TheCursedMod:Defend_TheCursed","TheCursedMod:Defend_TheCursed","TheCursedMod:Defend_TheCursed","TheCursedMod:CursedWand","TheCursedMod:CleanUpWorkshop","TheCursedMod:Dregs","TheCursedMod:Wield","TheCursedMod:RapidMovement","hubris:DuctTapeCard"],"relics":["TheCursedMod:BlackMagic101","hubris:DuctTape"],"acts_visited":["Exordium"],"potions_floor_usage":[7],"damage_taken":[{"damage":2,"enemies":"Small Slimes","floor":1,"turns":3},{"damage":3,"enemies":"Cultist","floor":3,"turns":3},{"damage":5,"enemies":"2 Louse","floor":4,"turns":3},{"damage":0,"enemies":"Large Slime","floor":5,"turns":5},{"damage":26,"enemies":"3 Sentries","floor":7,"turns":7}],"seed_played":"217657060099176793","potions_obtained":[{"floor":1,"key":"SkillPotion"},{"floor":7,"key":"LiquidBronze"}],"is_trial":false,"path_per_floor":["M","?","M","M","M","R","E"],"character_chosen":"THE_CURSED","items_purchased":[],"campfire_rested":0,"item_purchase_floors":[],"current_hp_per_floor":[73,73,70,65,65,65,39,39],"gold":190,"neow_bonus":"REMOVE_CARD","is_daily":false,"chose_seed":false,"campfire_upgraded":1,"win_rate":0.0,"timestamp":1614007549,"path_taken":["M","?","M","M","?","R","E"],"items_purchased_type":[],"build_version":"2020-12-22","purchased_purges":0,"victory":false,"max_hp_per_floor":[75,75,75,75,75,75,75,75],"relic_stats":{"counters":[5,21],"obtain_stats":[{"TheCursedMod:BlackMagic101":0,"hubris:DuctTape":7},{"TheCursedMod:BlackMagic101":0,"hubris:DuctTape":5},{"TheCursedMod:BlackMagic101":0,"hubris:DuctTape":21}]},"card_choices":[{"not_picked":["TheCursedMod:Mangle","TheCursedMod:CursedBlade"],"picked":"TheCursedMod:CursedMace","floor":1},{"not_picked":["TheCursedMod:CursedBoomerang","TheCursedMod:Grudge"],"picked":"TheCursedMod:CursedMace","floor":3},{"not_picked":["TheCursedMod:AbyssShockwave","TheCursedMod:CursedShiv"],"picked":"TheCursedMod:Wield","floor":4},{"not_picked":["TheCursedMod:SoulCrush","TheCursedMod:CursedStaff"],"picked":"TheCursedMod:RapidMovement","floor":5}],"player_experience":289294,"relics_obtained":[{"floor":7,"key":"hubris:DuctTape"}],"event_choices":[{"damage_healed":0,"gold_gain":0,"player_choice":"Ignored","damage_taken":0,"max_hp_gain":0,"max_hp_loss":0,"event_name":"NoteForYourself","floor":2,"gold_loss":0}],"is_beta":false,"boss_relics":[],"items_purged_floors":[],"is_endless":false,"potions_floor_spawned":[1,7],"killed_by":"3 Sentries","ascension_level":0}}