{"host":"4yf2n7l3ni368tvf","time":1614005719,"event":{"mods":["AchievementEnabler","BaseMod","Colored Map","DeckTracker","Minty Spire (QoL Compilation)","SuperFastMode"],"gold_per_floor":[111,186,202,202,202,202,232,232,283,283,311,311,336,25,25,25,25],"floor_reached":16,"language":"KOR","playtime":500,"items_purged":[],"score":205,"play_id":"0f92ff77-d3e5-43b3-a090-f2c82f75602f","local_time":"20210222235519","is_ascension_mode":true,"campfire_choices":[{"data":"Entrench","floor":6.0,"key":"SMITH"},{"floor":8.0,"key":"REST"},{"floor":10.0,"key":"REST"},{"floor":12.0,"key":"REST"},{"floor":15,"key":"REST"}],"circlet_count":0,"master_deck":["Strike_R","Strike_R","Strike_R","Strike_R","Strike_R","Defend_R","Defend_R","Defend_R","Bash","Entrench+1","Headbutt","Twin Strike","Twin Strike","Feed"],"relics":["Burning Blood","Pen Nib","Boot","Happy Flower","Juzu Bracelet","Ice Cream"],"acts_visited":["Exordium"],"potions_floor_usage":[16],"damage_taken":[{"damage":8.0,"enemies":"Jaw Worm","floor":1.0,"turns":4.0},{"damage":6.0,"enemies":"2 Louse","floor":3.0,"turns":3.0},{"damage":50.0,"enemies":"3 Sentries","floor":7.0,"turns":12.0},{"damage":50.0,"enemies":"Lagavulin","floor":11.0,"turns":6.0},{"damage":32,"enemies":"Gremlin Nob","floor":13,"turns":4}],"seed_played":"-3129536042341353549","potions_obtained":[{"floor":1.0,"key":"ElixirPotion"},{"floor":4.0,"key":"SteroidPotion"},{"floor":4.0,"key":"FairyPotion"},{"floor":4.0,"key":"DistilledChaos"}],"is_trial":false,"path_per_floor":["M","?","M","?","$","R","E","R","T","R","E","R","E","$","R","B"],"character_chosen":"IRONCLAD","items_purchased":["Ice Cream"],"campfire_rested":4,"item_purchase_floors":[14],"current_hp_per_floor":[78,67,67,67,67,67,23,47,47,71,27,51,25,25,49,0,0],"gold":25,"neow_bonus":"REMOVE_CARD","is_daily":false,"chose_seed":false,"campfire_upgraded":1,"win_rate":0.0,"timestamp":1614005719,"path_taken":["M","?","M","?","$","R","E","R","T","R","E","R","E","$","R","BOSS"],"items_purchased_type":["Relic"],"build_version":"2020-12-22","purchased_purges":0,"victory":false,"max_hp_per_floor":[80,80,80,80,80,80,80,80,80,80,80,80,80,80,80,80,80],"card_choices":[{"not_picked":["Feel No Pain","Combust"],"picked":"Entrench","floor":1.0},{"not_picked":["Clash","Iron Wave"],"picked":"Headbutt","floor":3.0},{"not_picked":["Spot Weakness","Evolve"],"picked":"Twin Strike","floor":7.0},{"not_picked":["Combust","Uppercut"],"picked":"Twin Strike","floor":11.0},{"not_picked":["Flex","Pummel"],"picked":"Feed","floor":13}],"player_experience":267740,"relics_obtained":[{"floor":7.0,"key":"Pen Nib"},{"floor":9.0,"key":"Boot"},{"floor":11.0,"key":"Happy Flower"},{"floor":13,"key":"Juzu Bracelet"}],"event_choices":[{"damage_healed":0.0,"max_hp_gain":0.0,"max_hp_loss":0.0,"gold_gain":75.0,"event_name":"World of Goop","player_choice":"Gather Gold","floor":2.0,"gold_loss":0.0,"damage_taken":11.0},{"damage_healed":0.0,"max_hp_gain":0.0,"max_hp_loss":0.0,"gold_gain":0.0,"event_name":"Lab","player_choice":"Got Potions","floor":4.0,"gold_loss":0.0,"damage_taken":0.0}],"is_beta":false,"boss_relics":[],"items_purged_floors":[],"is_endless":false,"potions_floor_spawned":[1],"killed_by":"The Guardian","ascension_level":5}}