{"host":"luxqpzmfgmumo25y","time":1614016619,"event":{"mods":["BaseMod","Colored Map","Colored Powertips","DeckTracker","Downfall","Googly Eyes","Minty Spire (QoL Compilation)","StSLib"],"gold_per_floor":[99,99,113,113,113,113,137,156,170,205,205,2,2,2,20,129,129,129,154,154,173,43,68,94,94,94,94,116,16,44,37,55,159,159,59,87,133,133,350,350,350,250,264,280,280,44,72,93,118,118,118,154,6,6,6,6,6,6],"floor_reached":56,"language":"ENG","playtime":5324,"items_purged":["Regret","hexamod:ThirdSeal","hexamod:SixthSeal","hexamod:FourthSeal"],"score":772,"play_id":"86ff6135-623f-4b9a-8623-7a50be954e9f","local_time":"20210222185659","is_ascension_mode":false,"campfire_choices":[{"data":"hexamod:Float","floor":1,"key":"SMITH"},{"floor":6,"key":"REST"},{"data":"hexamod:InspiringFlames","floor":11,"key":"SMITH"},{"data":"hexamod:ThermalTransfer","floor":13,"key":"SMITH"},{"data":"hexamod:GhostflameInferno","floor":18,"key":"SMITH"},{"floor":27,"key":"REST"},{"floor":29,"key":"REST"},{"floor":35,"key":"RECALL"},{"floor":40,"key":"REST"},{"floor":42,"key":"REST"},{"floor":54,"key":"REST"}],"circlet_count":0,"master_deck":["hexamod:Strike+1","hexamod:Strike+1","hexamod:Strike+1","hexamod:Strike+1","hexamod:Defend+1","hexamod:Defend+1","hexamod:Defend+1","hexamod:Defend+1","hexamod:Sear+1","hexamod:Float+1","hexamod:ThermalTransfer+1","hexamod:WildfireWeapon+1","hexamod:SecondSeal","hexamod:FirstSeal","hexamod:InspiringFlames+1","hexamod:GhostOfSpirePast+1","hexamod:GhostflameInferno+1","hexamod:BurningTouch+1","hexamod:PowerFromBeyond+1","hexamod:FastForward+1","hexamod:GhostflameBarrier+1","hexamod:FastForward+1","hexamod:ExtraCrispy+1","hexamod:CatchUp+1","hexamod:VolcanoVisage+1","hexamod:HexaLevel+1","hexamod:Rewind+1","expansioncontent:QuickStudy","hexamod:Rewind+1"],"relics":["hexamod:SpiritBrand","Frozen Egg 2","downfall:ShatteredFragment","Pen Nib","Bottled Flame","Membership Card","hexamod:IceCube","Happy Flower","Nilry\u0027s Codex","Fusion Hammer","Lizard Tail","Blood Vial","Regal Pillow","Strawberry","Gremlin Horn","Oddly Smooth Stone"],"acts_visited":["Exordium","TheCity","TheBeyond","TheEnding"],"potions_floor_usage":[16,21,21,28,33,33,33,36,37,44,44,47,50,50,52,55,55],"damage_taken":[{"damage":3,"enemies":"Jaw Worm","floor":3,"turns":4},{"damage":6,"enemies":"2 Louse","floor":8,"turns":3},{"damage":2,"enemies":"Cultist","floor":9,"turns":3},{"damage":2,"enemies":"Gremlin Nob","floor":10,"turns":4},{"damage":2,"enemies":"downfall:FleeingMerchant","floor":12,"turns":4},{"damage":8,"enemies":"2 Fungi Beasts","floor":15,"turns":4},{"damage":61,"enemies":"WA_ARCHETYPE_RETAIN","floor":16,"turns":8},{"damage":31,"enemies":"Shell Parasite","floor":19,"turns":7},{"damage":10,"enemies":"downfall:LooterAlt2","floor":21,"turns":2},{"damage":6,"enemies":"downfall:FleeingMerchant","floor":22,"turns":4},{"damage":9,"enemies":"Centurion and Healer","floor":23,"turns":6},{"damage":15,"enemies":"Snake Plant","floor":28,"turns":4},{"damage":11,"enemies":"Cultist and Chosen","floor":30,"turns":5},{"damage":0,"enemies":"downfall:FleeingMerchant","floor":31,"turns":4},{"damage":26,"enemies":"Sentry and Sphere","floor":32,"turns":6},{"damage":52,"enemies":"DF_ARCHETYPE_CLAW","floor":33,"turns":8},{"damage":26,"enemies":"3 Shapes","floor":36,"turns":5},{"damage":62,"enemies":"2 Orb Walkers","floor":37,"turns":5},{"damage":2,"enemies":"downfall:FleeingMerchant","floor":39,"turns":4},{"damage":14,"enemies":"Orb Walker","floor":43,"turns":3},{"damage":18,"enemies":"3 Darklings","floor":44,"turns":4},{"damage":6,"enemies":"4 Shapes","floor":47,"turns":5},{"damage":0,"enemies":"Maw","floor":48,"turns":6},{"damage":8,"enemies":"Sphere and 2 Shapes","floor":49,"turns":6},{"damage":7,"enemies":"SI_POISON_ARCHETYPE","floor":50,"turns":8},{"damage":140,"enemies":"downfall:CharBossMerchant","floor":52,"turns":9},{"damage":43,"enemies":"downfall:NeowBoss","floor":55,"turns":14},{"damage":91,"enemies":"downfall:NeowBossFinal","floor":56,"turns":8}],"seed_played":"6467788387621418666","potions_obtained":[{"floor":3,"key":"champ:CounterPotion"},{"floor":15,"key":"FairyPotion"},{"floor":16,"key":"Slimebound:ThreeZeroPotion"},{"floor":16,"key":"hexamod:EctoCoolerPotion"},{"floor":19,"key":"Ancient Potion"},{"floor":22,"key":"Dexterity Potion"},{"floor":23,"key":"SteroidPotion"},{"floor":23,"key":"Dexterity Potion"},{"floor":26,"key":"CultistPotion"},{"floor":28,"key":"Fruit Juice"},{"floor":28,"key":"SteroidPotion"},{"floor":30,"key":"Slimebound:ThreeZeroPotion"},{"floor":33,"key":"AttackPotion"},{"floor":33,"key":"champ:CounterPotion"},{"floor":36,"key":"BlessingOfTheForge"},{"floor":37,"key":"hexamod:DoubleChargePotion"},{"floor":37,"key":"Slimebound:ThreeZeroPotion"},{"floor":44,"key":"sneckomod:MuddlingPotion"},{"floor":44,"key":"Fire Potion"},{"floor":47,"key":"Fruit Juice"},{"floor":48,"key":"FearPotion"},{"floor":48,"key":"PowerPotion"},{"floor":52,"key":"Strength Potion"},{"floor":52,"key":"ColorlessPotion"}],"is_trial":false,"path_per_floor":["R","?","M","?","?","R","T","M","M","E","R","$","R","?","M","B",null,"R","M","?","M","$","M","T","?","?","R","M","R","M","$","M","B",null,"R","M","?","?","$","R","T","R","M","M","?","?","M","M","M","B",null,"E","$","R","B","B"],"character_chosen":"THE_SPIRIT","items_purchased":["Membership Card","hexamod:SecondSeal","Happy Flower","Blood Vial","Strawberry","expansioncontent:QuickStudy","Oddly Smooth Stone"],"campfire_rested":6,"item_purchase_floors":[12,12,22,39,46,46,53],"current_hp_per_floor":[77,77,74,53,53,76,76,70,68,66,66,64,64,57,56,30,77,77,53,53,43,37,35,35,19,19,42,39,76,72,79,60,15,92,92,73,18,18,16,43,43,85,73,64,64,71,79,88,89,91,94,54,54,94,58,0,0,0],"gold":6,"neow_bonus":"TEN_PERCENT_HP_BONUS","is_daily":false,"chose_seed":false,"campfire_upgraded":4,"win_rate":0.0,"timestamp":1614016619,"path_taken":["R","?","M","?","?","R","T","M","?","E","R","$","R","?","M","BOSS","R","M","?","M","?","M","T","?","?","R","M","R","?","$","M","BOSS","R","M","?","?","$","R","T","R","M","M","?","?","M","M","M","BOSS","E","$","R","BOSS","BOSS"],"items_purchased_type":["Relic","Card","Relic","Relic","Relic","Card","Relic"],"build_version":"2020-12-22","purchased_purges":4,"victory":false,"max_hp_per_floor":[77,77,77,77,77,77,77,77,77,77,77,77,77,77,77,77,77,77,77,77,77,77,77,77,77,77,77,82,92,92,92,92,92,92,92,92,92,92,92,92,92,92,92,92,82,89,94,94,94,94,94,94,94,94,94,94,94,94],"card_choices":[{"not_picked":["hexamod:FastForward","hexamod:SpectralAdrenaline"],"picked":"hexamod:ThermalTransfer","floor":3},{"not_picked":["hexamod:Hexaguard","hexamod:EtherealExpedition"],"picked":"hexamod:InspiringFlames","floor":8},{"not_picked":["hexamod:GhostLash","hexamod:Haunt","hexamod:HeatMetal"],"picked":"SKIP","floor":9},{"not_picked":["hexamod:Firestarter","hexamod:HeatMetal"],"picked":"hexamod:WildfireWeapon+1","floor":10},{"not_picked":["hexamod:HauntingEcho","hexamod:FlamesFromBeyond"],"picked":"hexamod:FourthSeal","floor":12},{"not_picked":["hexamod:SecondSeal","hexamod:EtherealExpedition"],"picked":"hexamod:InspiringFlames","floor":15},{"not_picked":["hexamod:GhostShield","hexamod:FlamesFromBeyond"],"picked":"hexamod:GhostOfSpirePast+1","floor":15},{"not_picked":["hexamod:UnleashSpirits","hexamod:SearingWound"],"picked":"hexamod:SixthSeal","floor":16},{"not_picked":["hexamod:TimeOfNeed","hexamod:TimeWarp"],"picked":"hexamod:GhostflameInferno","floor":16},{"not_picked":["hexamod:SpectersWail+1","hexamod:SwordOfDarkness+1"],"picked":"hexamod:BurningTouch","floor":19},{"not_picked":["hexamod:GhostShield","hexamod:Firestarter+1"],"picked":"hexamod:PowerFromBeyond","floor":19},{"not_picked":["hexamod:HauntingEcho","hexamod:ShieldOfDarkness+1"],"picked":"hexamod:FastForward","floor":21},{"not_picked":["hexamod:FirstSeal","hexamod:GhostOfSpirePast+1","hexamod:ThermalTransfer+1"],"picked":"SKIP","floor":21},{"not_picked":["hexamod:ForkedFlame","hexamod:Firestarter","hexamod:RetreatToShadows"],"picked":"SKIP","floor":22},{"not_picked":["hexamod:SwordOfDarkness","hexamod:ShieldOfDarkness","hexamod:NightmareStrike"],"picked":"SKIP","floor":22},{"not_picked":["hexamod:CatchUp","hexamod:HeatCrush"],"picked":"hexamod:GhostflameBarrier+1","floor":23},{"not_picked":["hexamod:GhostflameBarrier+1","hexamod:SwordOfDarkness+1"],"picked":"hexamod:FastForward","floor":23},{"not_picked":["hexamod:InspiringFlames+1","hexamod:AdvancingGuard","hexamod:RetreatToShadows"],"picked":"SKIP","floor":28},{"not_picked":["hexamod:SecondSeal","hexamod:NightmareGuise","hexamod:FlamesFromBeyond"],"picked":"SKIP","floor":28},{"not_picked":["hexamod:StepThrough","hexamod:BacktrackSmack"],"picked":"hexamod:ExtraCrispy+1","floor":30},{"not_picked":["hexamod:FastForward","hexamod:Again","hexamod:BacktrackSmack+1"],"picked":"SKIP","floor":30},{"not_picked":["hexamod:GhostOfSpirePresent+1","hexamod:GhostOfSpirePast+1","hexamod:FastForward"],"picked":"SKIP","floor":31},{"not_picked":["hexamod:HexaLevel+1","hexamod:FastForward+1","hexamod:BacktrackSmack+1"],"picked":"SKIP","floor":31},{"not_picked":["hexamod:NightmareStrike","hexamod:EtherealExpedition+1"],"picked":"hexamod:CatchUp+1","floor":32},{"not_picked":["hexamod:FastForward","hexamod:NightmareGuise","hexamod:SwordOfDarkness"],"picked":"SKIP","floor":32},{"not_picked":["hexamod:TurnItUp","hexamod:ForkedFlame"],"picked":"hexamod:VolcanoVisage+1","floor":33},{"not_picked":["hexamod:ForkedFlame","hexamod:TurnItUp"],"picked":"hexamod:HexaLevel+1","floor":33},{"not_picked":["hexamod:HeatMetal+1","hexamod:NightmareStrike+1"],"picked":"hexamod:Rewind+1","floor":36},{"not_picked":["hexamod:GhostOfSpirePast+1","hexamod:RetreatToShadows+1","hexamod:Again+1"],"picked":"SKIP","floor":39},{"not_picked":["hexamod:NightmareStrike","hexamod:BacktrackSmack","hexamod:BurningTouch+1"],"picked":"SKIP","floor":39},{"not_picked":["hexamod:RecurringNightmare","hexamod:HeatCrush","hexamod:FlamesFromBeyond"],"picked":"SKIP","floor":43},{"not_picked":["hexamod:HeatCrush+1","hexamod:Incineration","hexamod:SixthSeal"],"picked":"SKIP","floor":44},{"not_picked":["hexamod:BacktrackSmack+1","hexamod:SecondSeal","hexamod:HeatMetal+1"],"picked":"SKIP","floor":47},{"not_picked":["hexamod:Again","hexamod:Firestarter+1"],"picked":"hexamod:Rewind+1","floor":48},{"not_picked":["hexamod:AdvancingGuard+1","hexamod:ThermalTransfer","hexamod:FlamesFromBeyond"],"picked":"SKIP","floor":49},{"not_picked":["hexamod:AdvancingGuard","hexamod:FirstSeal","hexamod:SpectersWail+1"],"picked":"SKIP","floor":52}],"player_experience":210131,"relics_obtained":[{"floor":7,"key":"Pen Nib"},{"floor":10,"key":"Bottled Flame"},{"floor":25,"key":"Nilry\u0027s Codex"},{"floor":37,"key":"Lizard Tail"},{"floor":41,"key":"Regal Pillow"},{"floor":52,"key":"Gremlin Horn"}],"event_choices":[{"damage_healed":0,"gold_gain":0,"player_choice":"Box","damage_taken":0,"relics_obtained":["Frozen Egg 2"],"max_hp_gain":0,"max_hp_loss":0,"event_name":"Big Fish","floor":2,"gold_loss":0,"cards_obtained":["Regret"]},{"damage_healed":0,"gold_gain":0,"player_choice":"Forge","damage_taken":0,"max_hp_gain":0,"max_hp_loss":0,"event_name":"Accursed Blacksmith","floor":5,"gold_loss":0,"cards_upgraded":["hexamod:Sear"]},{"damage_healed":0,"gold_gain":0,"player_choice":"Fight","damage_taken":0,"max_hp_gain":0,"max_hp_loss":0,"event_name":"Mysterious Sphere","floor":37,"gold_loss":0}],"is_beta":false,"boss_relics":[{"not_picked":["Runic Dome","Sozu"],"picked":"hexamod:IceCube"},{"not_picked":["Runic Pyramid","bronze:MakeshiftBattery"],"picked":"Fusion Hammer"}],"items_purged_floors":[22,39,46,53],"is_endless":false,"potions_floor_spawned":[3,16,23,28,32,33,37,43,44,48,49,52],"killed_by":"downfall:NeowBossFinal","ascension_level":0}}