{"host":"8akdrwfmzu5ai7mr","time":1614005589,"event":{"mods":["BaseMod","Colored Powertips","Decade(Õı–°√˜)","Downfall","Marisa£®ÏF”Í°°ƒß¿Ì…≥£©","Minty Spire (QoL Compilation)","Quick Restart","Reimu£®≤©¿ˆ¡È√Œ£©","Remilia£®¿Ÿ√◊¿Ú—«£©","Replay The Spire","StSLib","The Administrix","The Runesmith","The Servant 0.9.4","Youmu£®ªÍ∆«—˝√Œ£©","°æ“≈ŒÔø®≈∆°øREMEMod"],"gold_per_floor":[119,194,205,216,246,274,293,312,312,342,342,342,342,360,360,478,578,595,612,612,612,642,747,747,707,707,718,748,765,765,800,800,903,903,915,945,965,553,553,553,578,578,605,622,622,647,666,677,677,697],"floor_reached":51,"language":"ZHS","playtime":5284,"items_purged":[],"score":1338,"play_id":"4d238e4c-7223-4a85-bd37-92e8f4898c39","local_time":"20210222225309","is_ascension_mode":false,"campfire_choices":[{"data":"MastersStateliness","floor":13,"key":"SMITH"},{"data":"ScarletDream","floor":15,"key":"SMITH"},{"data":"BlasphemousPunishment","floor":24,"key":"SMITH"},{"data":"TricksterDevil","floor":30,"key":"SMITH"},{"data":"BloodHunter","floor":32,"key":"SMITH"},{"data":"BloodRain","floor":40,"key":"SMITH"},{"data":"RedMoon","floor":42,"key":"SMITH"}],"circlet_count":0,"master_deck":["Strike_RM","Strike_RM","Strike_RM","Strike_RM","Defend_RM","Defend_RM+1","Defend_RM","Defend_RM","RedMoon+1","ScarletShoot","DeusExMachina","FavorOfDestiny","BloodHunter+1","MastersStateliness+1","Septette","ScarletDream+1","ScarletDevil","UnstableMagic","StarOfDavid","CharismaGuard","KillingBlow","ScarletDream+1","AfternoonTea","FavorOfDestiny+1","BlasphemousPunishment+1","Writhe","Amnesia","RedRainbow","VampireFantasy","TricksterDevil+1","Stigmanizer+1","BloodRain+1","NightDance+1","Ultimatum+1","ReincarnationDial+1","BombardNight+1","Replay:Sluggish","Parasite","LeisurelyOfLord+1","BloodyTrap+1","StarOfDavid+1","BloodHunter+1","Ultimatum+1"],"relics":["ScarletHat","REME_ComplimentaryCards","NeowsBlessing","Replay:Ringing Soul","Gremlin Horn","Pantograph","Ring of Fury","ReplayTheSpireMod:Ring of Addiction","Toy Ornithopter","White Beast Statue","Replay:Wanted Poster","Bird Faced Urn","downfall:ExtraCursedKey","AntiCross","ZunR:ReiMu","Divine Protection","Snack Pack","Replay:Grab Bag","ChewingGum","SlaversCollar","REME_LowDesire","Pen Nib","Happy Flower","Garlic","TentaclePot:ReiMu","Potion Belt","Gremlin Food","Eternal Feather"],"acts_visited":["Exordium","TheCity","TheBeyond"],"potions_floor_usage":[6,6,10,14,16,19,22,23,23,23,23,23,23,23,23,23,28,28,29,33,33,33,33,36,37,41,41,44,46,48,50,50,50],"damage_taken":[{"damage":0,"enemies":"Cultist","floor":1,"turns":1},{"damage":0,"enemies":"Small Slimes","floor":3,"turns":2},{"damage":0,"enemies":"Jaw Worm","floor":4,"turns":1},{"damage":2,"enemies":"Red Slaver","floor":5,"turns":6},{"damage":20,"enemies":"Gremlin Nob","floor":6,"turns":5},{"damage":11,"enemies":"3 Louse","floor":7,"turns":4},{"damage":3,"enemies":"Looter","floor":8,"turns":3},{"damage":0,"enemies":"3 Sentries","floor":10,"turns":2},{"damage":8,"enemies":"Exordium Thugs","floor":14,"turns":3},{"damage":23,"enemies":"Fading Forest","floor":16,"turns":11},{"damage":5,"enemies":"2 Thieves","floor":18,"turns":2},{"damage":0,"enemies":"3 Byrds","floor":19,"turns":1},{"damage":0,"enemies":"Snecko","floor":22,"turns":4},{"damage":42,"enemies":"REME_1_Revenger","floor":23,"turns":3},{"damage":2,"enemies":"Shelled Parasite and Fungi","floor":27,"turns":2},{"damage":0,"enemies":"Snake Plant","floor":28,"turns":2},{"damage":10,"enemies":"Snecko","floor":29,"turns":3},{"damage":2,"enemies":"Book of Stabbing","floor":31,"turns":3},{"damage":15,"enemies":"Pondfish","floor":33,"turns":3},{"damage":0,"enemies":"Orb Walker","floor":35,"turns":2},{"damage":0,"enemies":"3 Shapes","floor":36,"turns":2},{"damage":2,"enemies":"Transient","floor":37,"turns":5},{"damage":2,"enemies":"Nemesis","floor":41,"turns":3},{"damage":0,"enemies":"Jaw Worm Horde","floor":44,"turns":1},{"damage":2,"enemies":"Reptomancer","floor":46,"turns":2},{"damage":0,"enemies":"3 Darklings","floor":47,"turns":1},{"damage":18,"enemies":"Sphere and 2 Shapes","floor":48,"turns":2},{"damage":179,"enemies":"Awakened One","floor":50,"turns":5}],"seed_played":"-3214619893258346132","potions_obtained":[{"floor":3,"key":"EssenceOfSteel"},{"floor":3,"key":"Regen Potion"},{"floor":4,"key":"Milkshake"},{"floor":6,"key":"Ancient Potion"},{"floor":7,"key":"GamblersBrew"},{"floor":10,"key":"Energy Potion"},{"floor":11,"key":"Fire Potion"},{"floor":14,"key":"FearPotion"},{"floor":16,"key":"BlessingOfTheForge"},{"floor":18,"key":"Adrenaline Potion"},{"floor":19,"key":"EntropicBrew"},{"floor":22,"key":"SkillPotion"},{"floor":23,"key":"BlessingOfTheForge"},{"floor":27,"key":"FearPotion"},{"floor":27,"key":"Strength Potion"},{"floor":28,"key":"ColorlessPotion"},{"floor":29,"key":"Swift Potion"},{"floor":33,"key":"Swift Potion"},{"floor":33,"key":"Doom Potion"},{"floor":35,"key":"Dexterity Potion"},{"floor":36,"key":"PowerPotion"},{"floor":37,"key":"Milkshake"},{"floor":41,"key":"Explosive Potion"},{"floor":44,"key":"Toxic Potion"},{"floor":46,"key":"Elixir"},{"floor":47,"key":"DistilledChaos"},{"floor":48,"key":"SkillPotion"}],"is_trial":false,"path_per_floor":["M","?","M","M","M","E","M","M","T","E","?","?","R","M","R","B",null,"M","M","?","?","M","E","R","?","T","M","M","M","R","E","R","B",null,"M","M","M","$","?","R","E","R","T","M","?","E","M","M","R","B",null],"character_chosen":"REMILIA","items_purchased":["Garlic","TentaclePot:ReiMu"],"campfire_rested":0,"item_purchase_floors":[38,38],"current_hp_per_floor":[75,64,66,66,65,64,56,59,59,64,64,64,64,66,66,77,93,94,102,102,102,105,86,86,86,89,93,108,110,110,121,121,122,122,125,128,131,131,131,131,132,132,135,138,138,141,144,131,150,150],"gold":697,"neow_bonus":"THREE_ENEMY_KILL","is_daily":false,"chose_seed":false,"campfire_upgraded":7,"win_rate":0.0,"timestamp":1614005589,"path_taken":["M","?","M","M","M","E","M","M","T","E","?","?","R","M","R","BOSS","M","M","?","?","M","E","R","?","T","M","?","M","R","E","R","BOSS","M","M","M","$","?","R","E","R","T","M","?","E","M","M","R","BOSS"],"items_purchased_type":["Relic","Relic"],"build_version":"2020-12-22","purchased_purges":0,"victory":true,"max_hp_per_floor":[75,75,75,75,75,78,81,84,84,87,87,87,87,90,90,93,93,99,102,102,102,105,108,108,108,111,112,115,118,118,121,121,122,122,125,128,131,131,131,131,132,132,135,138,138,141,144,147,150,150],"card_choices":[{"not_picked":["EternalNight","SuperhumanBloodyKnife"],"picked":"FavorOfDestiny","floor":1},{"not_picked":["StarOfDavid","UltimateOffering"],"picked":"BloodHunter","floor":3},{"not_picked":["RedRainbow","CharismaGuard"],"picked":"MastersStateliness","floor":4},{"not_picked":["BlasphemousPunishment","BloodHunter"],"picked":"Septette","floor":5},{"not_picked":["HellCatastrophe","MastersStateliness"],"picked":"ScarletDream","floor":6},{"not_picked":["BloodHunter","FavorOfDestiny"],"picked":"ScarletDevil","floor":7},{"not_picked":["AfternoonTea","BombardNight"],"picked":"UnstableMagic","floor":8},{"not_picked":["UnderTheZenith","ScarletDevil"],"picked":"StarOfDavid","floor":10},{"not_picked":["BlasphemousPunishment","BombardNight"],"picked":"CharismaGuard","floor":14},{"not_picked":["BloodySeventeenLaser","HellCatastrophe"],"picked":"KillingBlow","floor":16},{"not_picked":["VampireKiss","CharismaGuard"],"picked":"ScarletDream+1","floor":18},{"not_picked":["FavorOfDestiny","MastersStateliness"],"picked":"AfternoonTea","floor":19},{"not_picked":["BloodyTrap+1","MastersStateliness"],"picked":"FavorOfDestiny+1","floor":22},{"not_picked":["EndlessAdversity","ScarletDream"],"picked":"BlasphemousPunishment","floor":23},{"not_picked":["EndlessAdversity","ScarletImprint"],"picked":"RedRainbow","floor":27},{"not_picked":["UnderTheZenith","BombardNight"],"picked":"VampireFantasy","floor":28},{"not_picked":["SuperhumanBloodyKnife+1","ChainGang"],"picked":"TricksterDevil","floor":29},{"not_picked":["ScarletSymphony+1","DiffusionOfMisfortune"],"picked":"Stigmanizer+1","floor":31},{"not_picked":["BloodyHallows","ForecastOfChange"],"picked":"BloodRain","floor":33},{"not_picked":["Maim","UnderTheZenith+1","Magnetism"],"picked":"NightDance+1","floor":35},{"not_picked":["ScarletImprint","BlasphemousPunishment","Metamorphosis"],"picked":"Ultimatum+1","floor":36},{"not_picked":["StarOfDavid","ScarletGensokyo","Poisoned Strike"],"picked":"ReincarnationDial+1","floor":37},{"not_picked":["Stigmanizer+1","StarOfDavid+1","Replay:Sssssssssshield"],"picked":"BombardNight+1","floor":41},{"not_picked":["ScarletDevilSign+1","ScarletImprint","ReplayUltimateDefense"],"picked":"LeisurelyOfLord+1","floor":44},{"not_picked":["MastersStateliness+1","StarOfDavid","ReplayTheSpireMod:Uncanny Aura"],"picked":"BloodyTrap+1","floor":46},{"not_picked":["BlasphemousPunishment+1","RedRainbow","Blind"],"picked":"StarOfDavid+1","floor":47},{"not_picked":["RedMagic+1","BombardNight+1","Forethought+1"],"picked":"BloodHunter+1","floor":48}],"player_experience":129203,"relics_obtained":[{"floor":6,"key":"Replay:Ringing Soul"},{"floor":9,"key":"Gremlin Horn"},{"floor":10,"key":"Pantograph"},{"floor":11,"key":"Ring of Fury"},{"floor":11,"key":"ReplayTheSpireMod:Ring of Addiction"},{"floor":11,"key":"Toy Ornithopter"},{"floor":11,"key":"White Beast Statue"},{"floor":23,"key":"AntiCross"},{"floor":26,"key":"Divine Protection"},{"floor":31,"key":"Snack Pack"},{"floor":34,"key":"Pen Nib"},{"floor":34,"key":"Happy Flower"},{"floor":41,"key":"Potion Belt"},{"floor":43,"key":"Gremlin Food"},{"floor":46,"key":"Eternal Feather"}],"event_choices":[{"damage_healed":0,"gold_gain":75,"player_choice":"Gather Gold","damage_taken":11,"max_hp_gain":0,"max_hp_loss":0,"event_name":"World of Goop","floor":2,"gold_loss":0},{"damage_healed":0,"gold_gain":0,"player_choice":"Ignored","damage_taken":0,"max_hp_gain":0,"max_hp_loss":0,"event_name":"NoteForYourself","floor":12,"gold_loss":0},{"damage_healed":0,"gold_gain":0,"player_choice":"π∫¬Ú…Òæ∆","damage_taken":0,"relics_obtained":["ZunR:ReiMu"],"max_hp_gain":0,"max_hp_loss":0,"event_name":"ZunEvent","floor":25,"gold_loss":40},{"damage_healed":0,"gold_gain":0,"player_choice":"Ignored","damage_taken":0,"max_hp_gain":0,"max_hp_loss":0,"event_name":"Tomb of Lord Red Mask","floor":39,"gold_loss":0},{"damage_healed":0,"gold_gain":0,"player_choice":"Ignored","damage_taken":0,"max_hp_gain":0,"max_hp_loss":0,"event_name":"Purifier","floor":45,"gold_loss":0},{"damage_healed":0,"gold_gain":0,"player_choice":"Copied","damage_taken":0,"max_hp_gain":0,"max_hp_loss":0,"event_name":"Duplicator","floor":49,"gold_loss":0,"cards_obtained":["Ultimatum"]}],"is_beta":false,"boss_relics":[{"not_picked":["Ring of Chaos","bronze:MakeshiftBattery"],"picked":"Replay:Wanted Poster"},{"not_picked":["Kintsugi","Honey Jar"],"picked":"Replay:Grab Bag"},{"not_picked":["Runic Dome","Busted Crown"],"picked":"ChewingGum"},{"not_picked":["Velvet Choker","Sozu"],"picked":"SlaversCollar"},{"not_picked":["Runic Pyramid","REME_DemonsWealth"],"picked":"REME_LowDesire"}],"items_purged_floors":[],"is_endless":false,"potions_floor_spawned":[3,4,5,6,14,16,18,19,22,23,27,28,29,31,33,35,36,37,41,44,46,47,48],"ascension_level":0}}