{"host":"og21o26alpnbwmz8","time":1614028158,"event":{"mods":["2.2 Compatiblity","A Magickal Journey","Act Like it!","Aspiration","BaseMod","Conspire","Downfall","Gensokyo","GungeonMod","Halation","Hubris","Jedi Mod","Magitek Elite","Mimic Mod","Minty Spire (QoL Compilation)","Pale of the Ancients","Reliquary","Replay The Spire","Shop Mod","Spikes Relics","StSLib","The Alterego","The Animator","The Blue Laboratory","The Bug Knight","The Exalted","The Florist","The Poker Player","The Saiyan","Waifu the Spire","Yuri Mod"],"gold_per_floor":[110,110,110,71,82,115,145,165,165,165,175,175,249,266,266,367,367,383,398,409,409,409,409,20,53,53,53,53,53,68,98,98,198,198,216,70,90,90,90,90,117,127,127,127,157,157,82,99,99,99,99,99,446,446,446],"floor_reached":54,"language":"ENG","playtime":2324,"items_purged":["Decay"],"score":675,"play_id":"01eefbea-6291-49b8-b51e-57388f07cb28","local_time":"20210222160918","is_ascension_mode":false,"campfire_choices":[{"data":"animator:AcuraTooru","floor":10,"key":"SMITH"},{"data":"animator:AcuraAkari","floor":12,"key":"SMITH"},{"data":"animator:Viivi","floor":15,"key":"SMITH"},{"data":"animator:AcuraTooru","floor":23,"key":"SMITH"},{"data":"animator:AcuraShin","floor":27,"key":"SMITH"},{"data":"animator:AcuraShin","floor":29,"key":"SMITH"},{"floor":32,"key":"RECALL"},{"data":"animator:AcuraShin","floor":40,"key":"SMITH"},{"data":"animator:Defend_HitsugiNoChaika","floor":44,"key":"SMITH"},{"data":"Pot Of Greed","floor":46,"key":"SMITH"},{"data":"animator:Defend","floor":49,"key":"SMITH"},{"data":"Pot Of Greed","floor":52,"key":"SMITH"}],"circlet_count":0,"master_deck":["animator:Defend_HitsugiNoChaika","animator:Defend+1","animator:Defend","animator:Defend","animator:AcuraAkari","animator:Gillette+1","animator:QuestionMark","animator:AcuraTooru","Pot Of Greed","animator:Viivi","Pot Of Greed","animator:AcuraTooru","animator:AcuraShin","animator:AcuraShin","animator:Viivi","animator:AcuraShin+1","animator:Pride","animator:Gillette","animator:Shimakaze","animator:Layla","animator:Gillette","Pot Of Greed"],"relics":["animator:TheWolleyCore","animator:AncientMedallion"],"acts_visited":["Exordium","TheCity","TheBeyond","TheEnding","EYB:TheUnnamedReign"],"potions_floor_usage":[19,48],"damage_taken":[{"damage":0.0,"enemies":"2 Louse","floor":1.0,"turns":3.0},{"damage":0.0,"enemies":"Cultist","floor":5.0,"turns":2.0},{"damage":15.0,"enemies":"Lagavulin","floor":6.0,"turns":5.0},{"damage":4.0,"enemies":"Jaw Worm","floor":7.0,"turns":3.0},{"damage":4,"enemies":"Exordium Wildlife","floor":8,"turns":4},{"damage":3,"enemies":"2 Fungi Beasts","floor":11,"turns":2},{"damage":9,"enemies":"3 Louse","floor":14,"turns":2},{"damage":5,"enemies":"The Guardian","floor":16,"turns":5},{"damage":0,"enemies":"Spheric Guardian","floor":18,"turns":3},{"damage":4,"enemies":"2 Thieves","floor":19,"turns":3},{"damage":6,"enemies":"Cultist and Chosen","floor":20,"turns":4},{"damage":0,"enemies":"animator:HornedBat","floor":25,"turns":2},{"damage":0,"enemies":"Centurion and Healer","floor":30,"turns":2},{"damage":15,"enemies":"Slavers","floor":31,"turns":3},{"damage":0,"enemies":"Champ","floor":33,"turns":6},{"damage":0,"enemies":"Orb Walker","floor":35,"turns":2},{"damage":1,"enemies":"3 Shapes","floor":37,"turns":4},{"damage":0,"enemies":"Sphere and 2 Shapes","floor":41,"turns":3},{"damage":10,"enemies":"Spire Growth","floor":42,"turns":3},{"damage":0,"enemies":"Writhing Mass","floor":45,"turns":3},{"damage":0,"enemies":"Writhing Mass","floor":48,"turns":3},{"damage":27,"enemies":"Replay:Hell Engine","floor":50,"turns":6},{"damage":77,"enemies":"animator:TRIPLE_SHAPES_WEAK","floor":54,"turns":4}],"seed_played":"343625967025534051","potions_obtained":[{"floor":6.0,"key":"jedi:tentaclejuice"},{"floor":8,"key":"Adrenaline Potion"},{"floor":11,"key":"sneckomod:MuddlingPotion"},{"floor":14,"key":"jedi:wingpotion"},{"floor":20,"key":"Energy Potion"},{"floor":30,"key":"blueLaboratory:SavagePotion"},{"floor":31,"key":"Swift Potion"},{"floor":33,"key":"Swift Potion"},{"floor":42,"key":"Adrenaline Potion"}],"is_trial":false,"path_per_floor":["M","?","?","$","M","E","M","M","T","R","M","R","T","M","R","B",null,"M","M","M","?","?","R","$","E","T","R","?","R","M","E","R","B",null,"M","$","M","?","?","R","M","M","T","R","MIM","R","$","M","R","B",null,"R","??","M"],"character_chosen":"THE_ANIMATOR","items_purchased":["animator:AcuraTooru","Paper Frog","animator:AcuraShin","champ:Barbells"],"campfire_rested":0,"item_purchase_floors":[4,24,24,36],"current_hp_per_floor":[66,59,59,59,62,47,43,39,39,39,36,36,36,27,27,22,66,66,62,56,56,56,56,56,56,56,56,56,56,66,65,65,66,66,67,67,66,66,67,67,67,57,57,57,57,57,57,64,64,51,67,67,98,21,21],"gold":446,"neow_bonus":"RANDOM_COMMON_RELIC","is_daily":false,"chose_seed":false,"campfire_upgraded":11,"win_rate":0.0,"timestamp":1614028158,"path_taken":["M","?","?","$","M","E","M","M","T","R","?","R","?","M","R","BOSS","M","M","M","?","?","R","$","E","T","R","?","R","M","E","R","BOSS","M","?","M","?","?","R","?","M","T","R","?","R","$","M","R","BOSS","R","??","M"],"items_purchased_type":["Card","Relic","Card","Relic"],"build_version":"2020-12-22","purchased_purges":1,"victory":false,"max_hp_per_floor":[66,66,66,66,66,66,66,66,66,66,66,66,66,66,66,66,66,66,66,66,66,66,66,66,66,66,66,66,66,66,66,66,66,66,67,67,67,67,67,67,67,67,67,67,67,67,67,67,67,67,67,67,98,98,98],"card_choices":[{"not_picked":["animator:Spearman","animator:CrowleyEusford","animator:HiiragiShinya"],"picked":"SKIP","floor":1.0},{"not_picked":["animator:Genos","animator:Kazuma","animator:Azekura"],"picked":"SKIP","floor":5.0},{"not_picked":["animator:HigakiRinne","animator:Mitsuba","animator:Melzalgald"],"picked":"SKIP","floor":6.0},{"not_picked":["animator:AcuraAkari","animator:ChaikaBohdan"],"picked":"animator:Viivi","floor":7.0},{"not_picked":["animator:Witch","animator:Yoichi","animator:MaesHughes"],"picked":"SKIP","floor":8},{"not_picked":["animator:Guren","animator:HighElfArcher","animator:Gluttony"],"picked":"SKIP","floor":11},{"not_picked":["animator:Sloth","animator:Priestess","animator:TsurugaMeisai"],"picked":"SKIP","floor":14},{"not_picked":["animator:AcuraAkari","animator:Guy"],"picked":"animator:AcuraTooru","floor":18},{"not_picked":["animator:CowGirl","animator:KrulTepes","animator:Tatsumaki"],"picked":"SKIP","floor":19},{"not_picked":["animator:Konayuki","animator:Mitsurugi","animator:Sonic+1"],"picked":"SKIP","floor":20},{"not_picked":["animator:UneriGinkaku","animator:MaesHughes"],"picked":"animator:AcuraShin","floor":25},{"not_picked":["animator:Gillette","animator:Guy"],"picked":"animator:Viivi","floor":30},{"not_picked":["animator:TsurugaMeisai","animator:Envy","animator:ElricAlphonse"],"picked":"SKIP","floor":31},{"not_picked":["animator:Biyorigo","animator:Father","animator:Hans"],"picked":"animator:AcuraShin","floor":33},{"not_picked":["animator:Aqua+1","animator:Priestess","animator:DwarfShaman+1"],"picked":"animator:Guy","floor":35},{"not_picked":["animator:RoyMustang+1","animator:Yoichi+1","animator:Azekura+1","animator:Kazuma+1"],"picked":"SKIP","floor":37},{"not_picked":["animator:Viivi","animator:ChaikaBohdan","animator:AcuraTooru"],"picked":"animator:Layla","floor":41},{"not_picked":["animator:Shinoa+1","animator:Priestess+1","animator:Hans","animator:ElricAlphonse"],"picked":"SKIP","floor":42},{"not_picked":["animator:Vanir","animator:HighElfArcher+1","animator:Mikaela+1"],"picked":"animator:Gillette","floor":45},{"not_picked":["animator:CowGirl+1","animator:Mitsuba+1","animator:KrulTepes","animator:Mikaela"],"picked":"SKIP","floor":48}],"player_experience":439775,"relics_obtained":[{"floor":6.0,"key":"Grinning Jar"},{"floor":9,"key":"yuri:PortableGlitches"},{"floor":13,"key":"Replay:Bottled Snecko"},{"floor":25,"key":"Potion Belt"},{"floor":26,"key":"Ornamental Fan"},{"floor":31,"key":"Question Card"},{"floor":45,"key":"aspiration:SneckoTail"},{"floor":53,"key":"animator:TheWolleyCore"},{"floor":53,"key":"animator:AncientMedallion"}],"event_choices":[{"cards_removed":["animator:Strike"],"damage_healed":0.0,"max_hp_gain":0.0,"max_hp_loss":0.0,"gold_gain":0.0,"event_name":"Golden Wing","player_choice":"Card Removal","floor":2.0,"gold_loss":0.0,"damage_taken":7.0},{"damage_healed":0.0,"max_hp_gain":0.0,"max_hp_loss":0.0,"gold_gain":0.0,"event_name":"Match and Keep!","player_choice":"1 cards matched","floor":3.0,"gold_loss":0.0,"damage_taken":0.0,"cards_obtained":["animator:QuestionMark"]},{"damage_healed":0,"gold_gain":0,"player_choice":"Choice 2","damage_taken":0,"relics_obtained":["alterego_mod:SomeoneToFightFor"],"max_hp_gain":0,"max_hp_loss":0,"event_name":"Secret Garden","floor":22,"gold_loss":0},{"damage_healed":0,"gold_gain":0,"player_choice":"Cursed","damage_taken":0,"max_hp_gain":0,"max_hp_loss":0,"event_name":"Wheel of Change","floor":28,"gold_loss":0,"cards_obtained":["Decay"]},{"cards_removed":["animator:Guy"],"damage_healed":0,"gold_gain":0,"player_choice":"Removed Skill","damage_taken":0,"max_hp_gain":0,"max_hp_loss":0,"event_name":"Falling","floor":38,"gold_loss":0}],"is_beta":false,"boss_relics":[{"not_picked":["Gem_Box","reliquary:KinkedSpring"],"picked":"Bromod:ArcaneEnergize"},{"not_picked":["jedi:hotpepper","hubris:VirtuousBlindfold"],"picked":"Astrolabe"}],"items_purged_floors":[47],"is_endless":false,"potions_floor_spawned":[6,8,11,14,16,20,30,31,33,37,42],"killed_by":"animator:TRIPLE_SHAPES_WEAK","ascension_level":0}}