{"host":"sum4dy402bbv9y4o","time":1614015768,"event":{"mods":["Aspiration","BaseMod","Conspire","Highlight Path","Minty Spire (QoL Compilation)","StSLib"],"gold_per_floor":[119,4,17,92,107,139,8,37,63,95,95,106,138,150,150,226,226,240,240,195,195,33,62,62,62,62,82,0,18,18,29,29,100,100,110,10,24,40,55,55,82,82,82,100,129,129,154,154,154,154,154],"floor_reached":50,"language":"ENG","playtime":2640,"items_purged":["Defend_P","Strike_P"],"score":1190,"play_id":"7602e5ac-cd79-4ad0-bdfc-8bed66752dcf","local_time":"20210222204248","is_ascension_mode":true,"campfire_choices":[{"floor":15,"key":"REST"},{"floor":24,"key":"REST"},{"floor":30,"key":"REST"},{"floor":32,"key":"REST"},{"floor":40,"key":"REST"},{"floor":46,"key":"REST"},{"floor":49,"key":"REST"}],"circlet_count":0,"master_deck":["AscendersBane","Strike_P+1","Defend_P+1","Defend_P+1","Eruption+1","Vigilance+1","Vengeance+1","SandsOfTime+1","Protect+1","Halt+1","Protect+1","LessonLearned","FlyingSleeves+1","Adaptation+1","Halt+1","EmptyFist","LikeWater","DevaForm+1","JustLucky+1","FlurryOfBlows","TalkToTheHand+1","ReachHeaven+1","FlurryOfBlows+1","CrushJoints","Consecrate+1","SashWhip+1","Tantrum"],"relics":["PureWater","MealTicket","Akabeko","Orichalcum","aspiration:ChemicalBlood","PreservedInsect","Omamori","Empty Cage","ClockworkSouvenir","Letter Opener","aspiration:HatOfInfinitePower","Busted Crown","Blue Candle","Nunchaku","Bottled Tornado","StoneCalendar"],"acts_visited":["Exordium","TheCity","TheBeyond"],"potions_floor_usage":[8,10,12,16,16,20,20,25,25,27,29,33,33,33,33,35,38,39,41,41,41,45,50,50,50,50,50],"damage_taken":[{"damage":11,"enemies":"2 Louse","floor":1,"turns":2},{"damage":7,"enemies":"Jaw Worm","floor":3,"turns":2},{"damage":4,"enemies":"Small Slimes","floor":5,"turns":3},{"damage":13,"enemies":"3 Sentries","floor":6,"turns":12},{"damage":11,"enemies":"Lagavulin","floor":8,"turns":8},{"damage":0,"enemies":"Gremlin Nob","floor":10,"turns":3},{"damage":12,"enemies":"Gremlin Gang","floor":12,"turns":4},{"damage":8,"enemies":"3 Sentries","floor":13,"turns":5},{"damage":0,"enemies":"2 Fungi Beasts","floor":14,"turns":6},{"damage":11,"enemies":"The Guardian","floor":16,"turns":11},{"damage":10,"enemies":"Shell Parasite","floor":18,"turns":5},{"damage":14,"enemies":"2 Thieves","floor":20,"turns":5},{"damage":17,"enemies":"Gremlin Leader","floor":23,"turns":7},{"damage":0,"enemies":"Book of Stabbing","floor":25,"turns":3},{"damage":32,"enemies":"Snake Plant","floor":27,"turns":5},{"damage":0,"enemies":"Chosen and Byrds","floor":29,"turns":4},{"damage":3,"enemies":"Centurion and Healer","floor":31,"turns":5},{"damage":36,"enemies":"Champ","floor":33,"turns":13},{"damage":47,"enemies":"3 Darklings","floor":35,"turns":5},{"damage":0,"enemies":"3 Shapes","floor":37,"turns":8},{"damage":0,"enemies":"Sphere and 2 Shapes","floor":38,"turns":7},{"damage":3,"enemies":"Maw","floor":39,"turns":6},{"damage":39,"enemies":"Nemesis","floor":41,"turns":5},{"damage":6,"enemies":"4 Shapes","floor":44,"turns":4},{"damage":11,"enemies":"Giant Head","floor":45,"turns":8},{"damage":0,"enemies":"Mind Bloom Boss Battle","floor":47,"turns":8},{"damage":97,"enemies":"Awakened One","floor":50,"turns":8}],"seed_played":"-5868247074132464075","potions_obtained":[{"floor":1,"key":"SpeedPotion"},{"floor":8,"key":"Weak Potion"},{"floor":10,"key":"FearPotion"},{"floor":18,"key":"SpeedPotion"},{"floor":29,"key":"Energy Potion"},{"floor":31,"key":"Explosive Potion"},{"floor":33,"key":"DistilledChaos"},{"floor":33,"key":"SkillPotion"},{"floor":38,"key":"DuplicationPotion"},{"floor":44,"key":"Block Potion"},{"floor":47,"key":"DuplicationPotion"}],"is_trial":false,"path_per_floor":["M","$","M","?","M","E","$","E","T","E","?","M","E","M","R","B",null,"M","?","M","?","$","E","R","E","T","M","?","M","R","M","R","B",null,"M","$","M","M","M","R","E","?","T","M","E","R","?","?","R","B"],"character_chosen":"WATCHER","items_purchased":["SandsOfTime","Protect","Swift Potion","ClockworkSouvenir"],"campfire_rested":7,"item_purchase_floors":[2,2,7,22],"current_hp_per_floor":[50,65,58,47,43,30,45,34,34,34,34,22,14,14,34,23,57,47,43,29,29,44,27,47,47,47,15,15,15,35,32,52,16,55,8,23,23,23,20,40,39,39,39,33,22,41,41,41,60,0,0],"gold":154,"neow_bonus":"RANDOM_COMMON_RELIC","is_daily":false,"chose_seed":false,"campfire_upgraded":0,"win_rate":0.0,"timestamp":1614015768,"path_taken":["M","$","M","?","M","E","$","E","T","E","?","M","E","M","R","BOSS","M","?","M","?","$","E","R","E","T","?","?","M","R","M","R","BOSS","M","$","M","M","M","R","E","?","T","M","E","R","?","?","R","BOSS"],"items_purchased_type":["Card","Card","Potion","Relic"],"build_version":"2020-12-22","purchased_purges":2,"victory":false,"max_hp_per_floor":[68,68,68,68,68,68,68,68,68,68,68,68,68,68,68,68,68,68,68,68,68,68,68,68,68,68,68,68,68,68,68,68,68,68,68,68,68,68,68,68,68,65,65,65,65,65,65,65,65,65,65],"card_choices":[{"not_picked":["Crescendo","ClearTheMind"],"picked":"Vengeance","floor":1},{"not_picked":["Fasting2","Evaluate"],"picked":"Halt","floor":3},{"not_picked":["Nirvana","PathToVictory"],"picked":"Protect","floor":5},{"not_picked":["LikeWater","Consecrate"],"picked":"LessonLearned","floor":6},{"not_picked":["CutThroughFate","Crescendo"],"picked":"FlyingSleeves","floor":8},{"not_picked":["ClearTheMind","ReachHeaven"],"picked":"Adaptation","floor":10},{"not_picked":["SashWhip","BattleHymn"],"picked":"Halt","floor":12},{"not_picked":["Fasting2","PathToVictory"],"picked":"EmptyFist","floor":13},{"not_picked":["JustLucky","ClearTheMind"],"picked":"LikeWater","floor":14},{"not_picked":["Devotion","Blasphemy"],"picked":"DevaForm","floor":16},{"not_picked":["CrushJoints","Prostrate"],"picked":"JustLucky","floor":18},{"not_picked":["SashWhip+1","CarveReality","JustLucky"],"picked":"SKIP","floor":20},{"not_picked":["ThirdEye+1","SashWhip"],"picked":"FlurryOfBlows","floor":23},{"not_picked":["Worship","EmptyBody"],"picked":"TalkToTheHand","floor":27},{"not_picked":["Fasting2","BowlingBash","ReachHeaven"],"picked":"SKIP","floor":29},{"not_picked":["Fasting2","BowlingBash"],"picked":"ReachHeaven","floor":29},{"not_picked":["CarveReality","LikeWater"],"picked":"FlurryOfBlows","floor":31},{"not_picked":[],"picked":"CrushJoints","floor":35},{"not_picked":[],"picked":"Consecrate+1","floor":37},{"not_picked":["CrushJoints+1"],"picked":"SKIP","floor":38},{"not_picked":[],"picked":"SashWhip+1","floor":39},{"not_picked":["Adaptation+1"],"picked":"SKIP","floor":41},{"not_picked":["EmptyFist"],"picked":"SKIP","floor":44},{"not_picked":["JustLucky"],"picked":"SKIP","floor":45},{"not_picked":[],"picked":"Tantrum","floor":47}],"player_experience":3126125,"relics_obtained":[{"floor":6,"key":"Akabeko"},{"floor":8,"key":"Orichalcum"},{"floor":9,"key":"aspiration:ChemicalBlood"},{"floor":10,"key":"PreservedInsect"},{"floor":13,"key":"Omamori"},{"floor":23,"key":"Letter Opener"},{"floor":26,"key":"aspiration:HatOfInfinitePower"},{"floor":41,"key":"Blue Candle"},{"floor":43,"key":"Nunchaku"},{"floor":45,"key":"Bottled Tornado"},{"floor":47,"key":"StoneCalendar"}],"event_choices":[{"damage_healed":0,"gold_gain":75,"player_choice":"Gather Gold","damage_taken":11,"max_hp_gain":0,"max_hp_loss":0,"event_name":"World of Goop","floor":4,"gold_loss":0},{"damage_healed":0,"gold_gain":0,"player_choice":"Ignored","damage_taken":0,"max_hp_gain":0,"max_hp_loss":0,"event_name":"Golden Idol","floor":11,"gold_loss":0},{"damage_healed":0,"gold_gain":0,"player_choice":"Leave","damage_taken":0,"max_hp_gain":0,"max_hp_loss":0,"event_name":"conspire:Investor","floor":19,"gold_loss":0},{"cards_removed":["Strike_P"],"damage_healed":0,"gold_gain":0,"player_choice":"Purged","damage_taken":0,"max_hp_gain":0,"max_hp_loss":0,"event_name":"Purifier","floor":21,"gold_loss":0},{"damage_healed":0,"gold_gain":0,"player_choice":"Paid Fearfully","damage_taken":0,"max_hp_gain":0,"max_hp_loss":0,"event_name":"Masked Bandits","floor":28,"gold_loss":82},{"damage_healed":0,"gold_gain":0,"player_choice":"Max HP","damage_taken":0,"max_hp_gain":0,"max_hp_loss":3,"event_name":"Winding Halls","floor":42,"gold_loss":0},{"damage_healed":0,"gold_gain":0,"player_choice":"Fight","damage_taken":0,"max_hp_gain":0,"max_hp_loss":0,"event_name":"MindBloom","floor":47,"gold_loss":0}],"is_beta":false,"boss_relics":[{"not_picked":["conspire:RoyalGoblet","Pandora\u0027s Box"],"picked":"Empty Cage"},{"not_picked":["Coffee Dripper","Fusion Hammer"],"picked":"Busted Crown"}],"items_purged_floors":[7,36],"is_endless":false,"potions_floor_spawned":[1,8,10,13,14,18,29,31,33,35,38,44,47],"killed_by":"Awakened One","ascension_level":20}}