{"host":"a6m4v7p1efmaozv7","time":1614003135,"event":{"mods":["BaseMod","Colored Map","Colored Powertips","DeckTracker","Keyboard Shortcuts","Minty Spire (QoL Compilation)","Permanent Neow","Relic Stats","StSLib","SuperFastMode"],"gold_per_floor":[119,135,149,149,168,168,168,199,199,211,211,225,225,236,236,314,314,333,347,347,357,357,357,370,29,29,44,71,71,71,88,88,165,165,176,190,210,227,14,0,25,25,25,57,57,82,96,122,122,122,122,122],"floor_reached":51,"language":"ENG","playtime":1793,"items_purged":["Decay","Bite"],"score":1682,"play_id":"dc2f6516-1c7f-4bec-83a4-f654f0162ffc","local_time":"20210222231215","is_ascension_mode":true,"campfire_choices":[{"data":"Panache","floor":6.0,"key":"SMITH"},{"data":"Blade Dance","floor":11.0,"key":"SMITH"},{"data":"Neutralize","floor":13.0,"key":"SMITH"},{"data":"Backflip","floor":15.0,"key":"SMITH"},{"data":"Blade Dance","floor":23.0,"key":"SMITH"},{"data":"Phantasmal Killer","floor":29.0,"key":"SMITH"},{"data":"Blade Dance","floor":32.0,"key":"SMITH"},{"floor":42.0,"key":"REST"},{"data":"Malaise","floor":45.0,"key":"SMITH"},{"floor":49.0,"key":"RECALL"}],"circlet_count":0,"master_deck":["AscendersBane","Defend_G","Defend_G","Defend_G","Defend_G","Defend_G","Survivor","Neutralize+1","Panache+1","Infinite Blades","Blade Dance+1","PiercingWail","Backflip+1","Blade Dance+1","Phantasmal Killer+1","Deflect+1","Bite+1","Bite","Bite+1","Bite","Acrobatics","Flash of Steel","Blade Dance+1","CurseOfTheBell","Backflip","Well Laid Plans+1","Backstab+1","PiercingWail","Blur+1","Malaise+1","Tactician+1","Blade Dance","Concentrate+1"],"relics":["Ring of the Snake","Nunchaku","WristBlade","Vajra","Lantern","Mummified Hand","Calling Bell","Potion Belt","The Courier","Dead Branch","Orrery","Red Mask","PreservedInsect","Molten Egg 2","Omamori","Whetstone","Boot"],"acts_visited":["Exordium","TheCity","TheBeyond"],"potions_floor_usage":[51,51,51],"damage_taken":[{"damage":4.0,"enemies":"Cultist","floor":1.0,"turns":4.0},{"damage":2.0,"enemies":"Jaw Worm","floor":2.0,"turns":4.0},{"damage":0.0,"enemies":"Small Slimes","floor":3.0,"turns":1.0},{"damage":14.0,"enemies":"Exordium Wildlife","floor":5.0,"turns":3.0},{"damage":5.0,"enemies":"3 Sentries","floor":8.0,"turns":4.0},{"damage":9.0,"enemies":"Exordium Thugs","floor":10.0,"turns":3.0},{"damage":0.0,"enemies":"Gremlin Gang","floor":12.0,"turns":1.0},{"damage":17.0,"enemies":"3 Louse","floor":14.0,"turns":3.0},{"damage":9.0,"enemies":"Hexaghost","floor":16.0,"turns":8.0},{"damage":3.0,"enemies":"2 Thieves","floor":18.0,"turns":3.0},{"damage":5.0,"enemies":"Shell Parasite","floor":19.0,"turns":2.0},{"damage":21.0,"enemies":"Snake Plant","floor":21.0,"turns":4.0},{"damage":15.0,"enemies":"Centurion and Healer","floor":24.0,"turns":4.0},{"damage":7.0,"enemies":"Cultist and Chosen","floor":27.0,"turns":4.0},{"damage":0.0,"enemies":"Gremlin Leader","floor":28.0,"turns":4.0},{"damage":0.0,"enemies":"3 Cultists","floor":31.0,"turns":3.0},{"damage":68.0,"enemies":"Champ","floor":33.0,"turns":7.0},{"damage":14.0,"enemies":"3 Shapes","floor":35.0,"turns":5.0},{"damage":0.0,"enemies":"3 Darklings","floor":36.0,"turns":2.0},{"damage":0.0,"enemies":"Jaw Worm Horde","floor":37.0,"turns":2.0},{"damage":28.0,"enemies":"Transient","floor":38.0,"turns":6.0},{"damage":16.0,"enemies":"Nemesis","floor":41.0,"turns":7.0},{"damage":8.0,"enemies":"Reptomancer","floor":44.0,"turns":4.0},{"damage":28.0,"enemies":"Nemesis","floor":46.0,"turns":3.0},{"damage":0.0,"enemies":"Maw","floor":47.0,"turns":8.0},{"damage":0.0,"enemies":"Reptomancer","floor":48.0,"turns":2.0},{"damage":21.0,"enemies":"Time Eater","floor":50.0,"turns":7.0},{"damage":10,"enemies":"Awakened One","floor":51,"turns":7}],"seed_played":"-9164471275970631265","potions_obtained":[{"floor":1.0,"key":"LiquidMemories"},{"floor":2.0,"key":"SkillPotion"},{"floor":3.0,"key":"Swift Potion"},{"floor":12.0,"key":"GamblersBrew"},{"floor":19.0,"key":"FairyPotion"},{"floor":24.0,"key":"Energy Potion"},{"floor":33.0,"key":"Explosive Potion"},{"floor":35.0,"key":"GhostInAJar"},{"floor":36.0,"key":"EntropicBrew"},{"floor":37.0,"key":"Weak Potion"},{"floor":47.0,"key":"Strength Potion"},{"floor":48.0,"key":"Swift Potion"}],"is_trial":false,"path_per_floor":["M","M","M","?","M","R","?","E","T","M","R","M","R","M","R","B",null,"M","M","?","M","?","R","M","$","T","M","E","R","$","M","R","B",null,"M","M","M","M","$","?","E","R","T","E","R","E","M","E","R","B","B"],"character_chosen":"THE_SILENT","items_purchased":["Vajra","Flash of Steel","Orrery"],"campfire_rested":1,"item_purchase_floors":[25,25,39],"current_hp_per_floor":[55,53,53,58,44,44,44,39,39,30,30,30,30,13,13,4,54,51,46,46,25,25,25,18,18,18,21,29,29,29,37,37,18,41,31,35,39,21,21,21,13,27,27,27,27,5,21,21,21,9,10,10],"gold":122,"neow_bonus":"RANDOM_COLORLESS_2","is_daily":false,"chose_seed":false,"campfire_upgraded":8,"win_rate":0.0,"timestamp":1614003135,"path_taken":["M","?","M","?","M","R","?","E","T","M","R","M","R","M","R","BOSS","M","M","?","M","?","R","?","$","T","M","E","R","$","M","R","BOSS","M","M","M","?","$","?","E","R","T","E","R","E","M","E","R","BOSS","BOSS"],"items_purchased_type":["Relic","Card","Relic"],"build_version":"2020-12-22","purchased_purges":2,"victory":false,"max_hp_per_floor":[66,66,66,71,71,71,71,71,71,71,71,71,71,71,71,71,71,71,71,71,71,49,49,49,49,49,49,49,49,49,49,49,49,49,49,49,49,49,49,49,49,49,49,49,49,49,49,49,49,49,49,49],"relic_stats":{"Nunchaku":[39],"counters":[28,115],"Mummified Hand":[49],"Dead Branch":[164],"PreservedInsect":174,"Whetstone":["Bite","Bite"],"Boot":[0],"obtain_stats":[{"Potion Belt":34,"Lantern":26,"Dead Branch":34,"Vajra":25,"The Courier":34,"PreservedInsect":41,"Omamori":44,"Whetstone":46,"Boot":48,"Calling Bell":34,"Nunchaku":8,"WristBlade":17,"Mummified Hand":28,"Orrery":39,"Molten Egg 2":43,"Red Mask":40,"Ring of the Snake":0},{"Potion Belt":17,"Lantern":13,"Dead Branch":17,"Vajra":13,"The Courier":17,"PreservedInsect":22,"Omamori":23,"Whetstone":24,"Boot":26,"Calling Bell":17,"Nunchaku":5,"WristBlade":9,"Mummified Hand":15,"Orrery":21,"Molten Egg 2":22,"Red Mask":21,"Ring of the Snake":0},{"Potion Belt":62,"Lantern":44,"Dead Branch":62,"Vajra":44,"The Courier":62,"PreservedInsect":84,"Omamori":88,"Whetstone":91,"Boot":101,"Calling Bell":62,"Nunchaku":16,"WristBlade":31,"Mummified Hand":52,"Orrery":77,"Molten Egg 2":84,"Red Mask":77,"Ring of the Snake":0}],"Ring of the Snake":[56]},"card_choices":[{"not_picked":["Transmutation","Violence"],"picked":"Panache","floor":0.0},{"not_picked":["Prepared","Calculated Gamble"],"picked":"Infinite Blades","floor":1.0},{"not_picked":["Underhanded Strike","Deadly Poison"],"picked":"Blade Dance","floor":2.0},{"not_picked":["PiercingWail","Bane","Outmaneuver"],"picked":"SKIP","floor":3.0},{"not_picked":["Bane","Outmaneuver"],"picked":"PiercingWail","floor":3.0},{"not_picked":["Flechettes","Calculated Gamble"],"picked":"Backflip","floor":5.0},{"not_picked":["Quick Slash","Underhanded Strike","Poisoned Stab"],"picked":"SKIP","floor":8.0},{"not_picked":["Quick Slash","Underhanded Strike","Poisoned Stab"],"picked":"SKIP","floor":8.0},{"not_picked":["Slice","A Thousand Cuts","Infinite Blades"],"picked":"SKIP","floor":10.0},{"not_picked":["Concentrate","Skewer","Finisher"],"picked":"SKIP","floor":12.0},{"not_picked":["Flying Knee","Dagger Throw"],"picked":"Blade Dance","floor":14.0},{"not_picked":["Envenom","Glass Knife"],"picked":"Phantasmal Killer","floor":16.0},{"not_picked":["Bouncing Flask","Bane","Calculated Gamble"],"picked":"SKIP","floor":18.0},{"not_picked":["Quick Slash","Outmaneuver"],"picked":"Deflect+1","floor":19.0},{"not_picked":["Crippling Poison","Sucker Punch","Bane+1"],"picked":"SKIP","floor":21.0},{"not_picked":["Deadly Poison","Bouncing Flask"],"picked":"Acrobatics","floor":24.0},{"not_picked":["Outmaneuver+1","Eviscerate","Die Die Die"],"picked":"SKIP","floor":27.0},{"not_picked":["Outmaneuver+1","Eviscerate","Die Die Die"],"picked":"SKIP","floor":27.0},{"not_picked":["Skewer","Prepared"],"picked":"Blade Dance","floor":28.0},{"not_picked":["Dagger Spray","Bane+1","Infinite Blades"],"picked":"SKIP","floor":31.0},{"not_picked":["Slice","Dagger Spray"],"picked":"Backflip","floor":35.0},{"not_picked":["Acrobatics","Eviscerate+1"],"picked":"Well Laid Plans+1","floor":36.0},{"not_picked":["Infinite Blades+1","Eviscerate","Slice"],"picked":"SKIP","floor":37.0},{"not_picked":["Cloak And Dagger","Slice"],"picked":"Backstab+1","floor":38.0},{"not_picked":["Acrobatics","Quick Slash+1"],"picked":"PiercingWail","floor":39.0},{"not_picked":["Deadly Poison","Underhanded Strike"],"picked":"Blur+1","floor":39.0},{"not_picked":["Sucker Punch","Bane"],"picked":"Malaise","floor":39.0},{"not_picked":["Deadly Poison","Backflip"],"picked":"Tactician+1","floor":41.0},{"not_picked":["Slice+1","Caltrops","Bane+1"],"picked":"SKIP","floor":44.0},{"not_picked":["Reflex","Flying Knee+1"],"picked":"Blade Dance","floor":46.0},{"not_picked":["Sucker Punch+1","Flechettes+1"],"picked":"Concentrate+1","floor":47.0},{"not_picked":["Outmaneuver","Backflip","Slice+1"],"picked":"SKIP","floor":48.0}],"player_experience":2010633,"relics_obtained":[{"floor":8.0,"key":"Nunchaku"},{"floor":26.0,"key":"Lantern"},{"floor":28.0,"key":"Mummified Hand"},{"floor":34.0,"key":"Potion Belt"},{"floor":34.0,"key":"The Courier"},{"floor":34.0,"key":"Dead Branch"},{"floor":41.0,"key":"PreservedInsect"},{"floor":43.0,"key":"Molten Egg 2"},{"floor":44.0,"key":"Omamori"},{"floor":46.0,"key":"Whetstone"},{"floor":48.0,"key":"Boot"}],"event_choices":[{"damage_healed":0.0,"max_hp_gain":5.0,"max_hp_loss":0.0,"gold_gain":0.0,"event_name":"Big Fish","player_choice":"Donut","floor":4.0,"gold_loss":0.0,"damage_taken":0.0},{"damage_healed":0.0,"max_hp_gain":0.0,"max_hp_loss":0.0,"gold_gain":0.0,"event_name":"Liars Game","player_choice":"Ignored","floor":7.0,"gold_loss":0.0,"damage_taken":0.0},{"damage_healed":0.0,"max_hp_gain":0.0,"max_hp_loss":0.0,"gold_gain":0.0,"event_name":"The Mausoleum","player_choice":"Ignored","floor":20.0,"gold_loss":0.0,"damage_taken":0.0},{"damage_healed":0.0,"max_hp_gain":0.0,"max_hp_loss":22.0,"gold_gain":0.0,"event_name":"Vampires","player_choice":"Became a vampire","floor":22.0,"gold_loss":0.0,"damage_taken":0.0,"cards_obtained":["Bite","Bite","Bite","Bite","Bite"]},{"damage_healed":0.0,"max_hp_gain":0.0,"max_hp_loss":0.0,"gold_gain":0.0,"event_name":"Tomb of Lord Red Mask","player_choice":"Paid","floor":40.0,"gold_loss":14.0,"damage_taken":0.0,"relics_obtained":["Red Mask"]}],"is_beta":false,"boss_relics":[{"not_picked":["Runic Pyramid","Tiny House"],"picked":"WristBlade"},{"not_picked":["Black Star","Busted Crown"],"picked":"Calling Bell"}],"items_purged_floors":[25,39],"is_endless":false,"potions_floor_spawned":[1,2,3,12,19,24,27,33,35,36,37,47,48],"killed_by":"Awakened One","ascension_level":20}}