{"host":"sim2kxx81cjsn49b","time":1614022524,"event":{"mods":["ATMod(°¢èªMod)","BaseMod","Minty Spire (QoL Compilation)","Reliquary","StSLib","TestMod","Waifu the Spire"],"gold_per_floor":[113,113,38,52,65,65,99,99,99,119,119,154,173,173,173],"floor_reached":14,"language":"ZHS","playtime":541,"items_purged":["Defend_P"],"score":200,"play_id":"2e79277e-b9eb-477e-8b71-49957d8ec992","local_time":"20210223033524","is_ascension_mode":true,"campfire_choices":[{"data":"Eruption","floor":6.0,"key":"SMITH"},{"data":"Tantrum","floor":11.0,"key":"SMITH"}],"circlet_count":0,"master_deck":["AscendersBane","Strike_P","Strike_P","Strike_P","Strike_P","Defend_P","Eruption+1","Vigilance","AT_DrawKnifeCut","Tantrum+1","FlurryOfBlows","AT_ChampionStep","LessonLearned","Pray"],"relics":["PureWater","testmod-TestBox","AT_ATBox","testmod-EnergyCheck","NeowsBlessing","reliquary:PurpleTingedLeaf","reliquary:NewFriend","reliquary:ExpiredCoupon"],"acts_visited":["Exordium"],"potions_floor_usage":[],"damage_taken":[{"damage":0.0,"enemies":"Jaw Worm","floor":1.0,"turns":1.0},{"damage":0.0,"enemies":"Cultist","floor":4.0,"turns":1.0},{"damage":0.0,"enemies":"Small Slimes","floor":5.0,"turns":1.0},{"damage":22.0,"enemies":"Gremlin Nob","floor":7.0,"turns":3.0},{"damage":0.0,"enemies":"3 Louse","floor":10.0,"turns":2.0},{"damage":27.0,"enemies":"3 Sentries","floor":12.0,"turns":5.0},{"damage":6.0,"enemies":"Red Slaver","floor":13.0,"turns":2.0},{"damage":12,"enemies":"Lagavulin","floor":14,"turns":2}],"seed_played":"3106210819583379389","potions_obtained":[{"floor":1.0,"key":"BottledMiracle"},{"floor":7.0,"key":"Ancient Potion"}],"is_trial":false,"path_per_floor":["M","?","$","M","M","R","E","?","T","M","R","E","M","E"],"character_chosen":"WATCHER","items_purchased":[],"campfire_rested":0,"item_purchase_floors":[],"current_hp_per_floor":[61,54,54,54,54,54,32,32,32,33,33,7,1,0,0],"gold":173,"neow_bonus":"THREE_ENEMY_KILL","is_daily":false,"chose_seed":false,"campfire_upgraded":2,"win_rate":0.0,"timestamp":1614022524,"path_taken":["M","?","$","M","M","R","E","?","T","M","R","E","?","E"],"items_purchased_type":[],"build_version":"2020-12-22","purchased_purges":1,"victory":false,"max_hp_per_floor":[68,68,68,68,68,68,68,68,68,68,68,68,68,68,68],"card_choices":[{"not_picked":["CarveReality","PathToVictory"],"picked":"Tantrum","floor":1.0},{"not_picked":["Weave","PathToVictory","Protect"],"picked":"SKIP","floor":4.0},{"not_picked":["Indignation","Protect","JustLucky"],"picked":"SKIP","floor":5.0},{"not_picked":["Establishment","JustLucky"],"picked":"FlurryOfBlows","floor":7.0},{"not_picked":["Worship","CrushJoints","EmptyBody"],"picked":"SKIP","floor":10.0},{"not_picked":["SashWhip","FlurryOfBlows"],"picked":"LessonLearned","floor":12.0},{"not_picked":["Evaluate","EmptyBody"],"picked":"Pray","floor":13.0}],"player_experience":636983,"relics_obtained":[{"floor":7.0,"key":"reliquary:PurpleTingedLeaf"},{"floor":9.0,"key":"reliquary:NewFriend"},{"floor":12.0,"key":"reliquary:ExpiredCoupon"}],"event_choices":[{"cards_removed":["Defend_P"],"damage_healed":0.0,"max_hp_gain":0.0,"max_hp_loss":0.0,"gold_gain":0.0,"event_name":"Golden Wing","player_choice":"Card Removal","floor":2.0,"gold_loss":0.0,"damage_taken":7.0},{"damage_healed":0.0,"max_hp_gain":0.0,"max_hp_loss":0.0,"gold_gain":0.0,"cards_transformed":["Defend_P"],"event_name":"Transmorgrifier","player_choice":"Transformed","floor":8.0,"gold_loss":0.0,"damage_taken":0.0,"cards_obtained":["AT_ChampionStep"]}],"is_beta":false,"boss_relics":[],"items_purged_floors":[3],"is_endless":false,"potions_floor_spawned":[1,7],"killed_by":"Lagavulin","ascension_level":20}}