{"host":"e4udrxcgdvpx3wcj","time":1614031117,"event":{"mods":["Act Like it!","Aspiration","Astrologer","BaseMod","Gensokyo","Highlight Path","Infinite Spire","Koishi","Marisa????????","Minty Spire (QoL Compilation)","Replay The Spire","StSLib","SuperFastMode","The Bug Knight","The Construct","The Jungle","The Runesmith","The Servant 0.9.4","TheBandit"],"gold_per_floor":[116,116,39,50,50,130,130,143,143,143,143,143],"floor_reached":11,"language":"ENG","playtime":239,"items_purged":[],"score":142,"play_id":"c853c296-e09d-47a3-bb61-baf821925240","local_time":"20210222165837","is_ascension_mode":true,"campfire_choices":[{"data":"Leg Sweep","floor":7,"key":"SMITH"},{"data":"Deadly Poison","floor":10,"key":"SMITH"}],"circlet_count":0,"master_deck":["AscendersBane","Strike_G+1","Strike_G","Strike_G","Strike_G+1","Strike_G","Defend_G","Defend_G+1","Defend_G","Defend_G+1","Defend_G","Survivor","Neutralize","Dagger Spray","Leg Sweep+1","Cloak And Dagger","Delirium","Deadly Poison+1"],"relics":["Ring of the Snake","NeowsBlessing","ReplayTheSpireMod:Ring of Challenge","Simple Rune","Pen Nib"],"acts_visited":["Exordium"],"potions_floor_usage":[11,11],"damage_taken":[{"damage":0.0,"enemies":"Jaw Worm","floor":1.0,"turns":1.0},{"damage":0,"enemies":"Small Slimes","floor":4,"turns":1},{"damage":6,"enemies":"3 Sentries","floor":6,"turns":3},{"damage":0,"enemies":"2 Louse","floor":8,"turns":3},{"damage":35,"enemies":"Gremlin Nob","floor":11,"turns":4}],"seed_played":"724906476846158198","potions_obtained":[{"floor":6,"key":"AttackPotion"},{"floor":8,"key":"BlessingOfTheForge"}],"is_trial":false,"path_per_floor":["M","?","$","M","?","E","R","M","T","R","E"],"character_chosen":"THE_SILENT","items_purchased":["Leg Sweep"],"campfire_rested":0,"item_purchase_floors":[3],"current_hp_per_floor":[59,39,39,39,39,33,33,33,33,33,0,0],"gold":143,"neow_bonus":"THREE_ENEMY_KILL","is_daily":false,"chose_seed":false,"campfire_upgraded":2,"win_rate":0.0,"timestamp":1614031117,"path_taken":["M","?","$","M","?","E","R","M","T","R","E"],"items_purchased_type":["Card"],"build_version":"2020-12-22","purchased_purges":0,"victory":false,"max_hp_per_floor":[66,66,66,66,66,66,66,66,66,66,66,66],"card_choices":[{"not_picked":["Sucker Punch","Calculated Gamble"],"picked":"Dagger Spray","floor":1},{"not_picked":["Slice","Blur"],"picked":"Cloak And Dagger","floor":4},{"not_picked":["Backflip","Dagger Spray"],"picked":"Deadly Poison","floor":6},{"not_picked":["Hidden Blade","Flying Knee","Blade Dance"],"picked":"SKIP","floor":8}],"player_experience":2438459,"relics_obtained":[{"floor":5,"key":"ReplayTheSpireMod:Ring of Challenge"},{"floor":6,"key":"Simple Rune"},{"floor":9,"key":"Pen Nib"}],"event_choices":[{"damage_healed":0,"gold_gain":0,"player_choice":"Entered Light","damage_taken":20,"max_hp_gain":0,"max_hp_loss":0,"event_name":"Shining Light","floor":2,"gold_loss":0,"cards_upgraded":["Defend_G","Strike_G"]}],"is_beta":false,"boss_relics":[],"items_purged_floors":[],"is_endless":false,"potions_floor_spawned":[6,8],"killed_by":"Gremlin Nob","ascension_level":20}}