{"host":"qxeepl7ydvsgmfdb","time":1610285135,"event":{"mods":["AchievementEnabler","BaseMod","Colored Powertips","Minty Spire (QoL Compilation)","Quick Restart","slay the spire mod where everything is the same but ironclad has a cowboy hat"],"gold_per_floor":[117,192,192,208,383,383,416,107,107,127,209,233,263,92,92,191,191,204,119,147,147,147,147,174,174,174,200,212,236,248,272,284,399,461,490,512,524,536,548,595,607,619,619],"floor_reached":42,"playtime":1576,"items_purged":["Doubt"],"score":488,"play_id":"d9b0d4fd-0bcf-44ae-9483-c34b80e83855","local_time":"20210110082535","is_ascension_mode":false,"campfire_choices":[{"data":"Redo","floor":6,"key":"SMITH"},{"data":"Defragment","floor":15,"key":"SMITH"},{"floor":23,"key":"REST"},{"floor":25,"key":"REST"},{"floor":30,"key":"REST"},{"floor":32,"key":"REST"}],"circlet_count":0,"master_deck":["Strike_B+1","Strike_B","Strike_B","Strike_B","Defend_B","Defend_B","Defend_B","Defend_B","Zap","Dualcast","Redo+1","Redo+1","Defragment+1","Ball Lightning","CurseOfTheBell","Coolheaded+1","BootSequence+1","Defragment+1","Fusion+1","Ball Lightning","Redo+1","Auto Shields+1","Chaos+1","Chaos+1","Writhe"],"relics":["Cracked Core","NeowsBlessing","MealTicket","Juzu Bracelet","Orichalcum","Shuriken","Toxic Egg 2","Odd Mushroom","Calling Bell","Oddly Smooth Stone","Question Card","Emotion Chip","Gambling Chip","Red Mask","Enchiridion","Centennial Puzzle","MawBank","MutagenicStrength","Tiny House","StoneCalendar"],"acts_visited":["Exordium","TheCity","TheBeyond"],"potions_floor_usage":[16,20,20,20,24,33,36,40,42,42],"damage_taken":[{"damage":0,"enemies":"2 Louse","floor":1,"turns":1},{"damage":0,"enemies":"Jaw Worm","floor":4,"turns":1},{"damage":0,"enemies":"Gremlin Nob","floor":7,"turns":1},{"damage":7,"enemies":"Small Slimes","floor":10,"turns":3},{"damage":35,"enemies":"The Mushroom Lair","floor":12,"turns":5},{"damage":35,"enemies":"Hexaghost","floor":16,"turns":9},{"damage":0,"enemies":"Spheric Guardian","floor":18,"turns":3},{"damage":18,"enemies":"Masked Bandits","floor":20,"turns":3},{"damage":35,"enemies":"Slavers","floor":24,"turns":5},{"damage":0,"enemies":"Chosen","floor":27,"turns":3},{"damage":11,"enemies":"Snecko","floor":29,"turns":4},{"damage":15,"enemies":"Cultist and Chosen","floor":31,"turns":6},{"damage":39,"enemies":"Champ","floor":33,"turns":8},{"damage":0,"enemies":"Orb Walker","floor":35,"turns":3},{"damage":5,"enemies":"3 Darklings","floor":36,"turns":5},{"damage":13,"enemies":"Nemesis","floor":40,"turns":5},{"damage":89,"enemies":"Giant Head","floor":42,"turns":9}],"seed_played":"-3269481813413255023","potions_obtained":[{"floor":1,"key":"EntropicBrew"},{"floor":4,"key":"FocusPotion"},{"floor":7,"key":"LiquidBronze"},{"floor":12,"key":"AttackPotion"},{"floor":18,"key":"Ancient Potion"},{"floor":20,"key":"PowerPotion"},{"floor":27,"key":"PotionOfCapacity"},{"floor":34,"key":"ColorlessPotion"},{"floor":36,"key":"Weak Potion"}],"is_trial":false,"path_per_floor":["M","?","$","M","?","R","E","$","T","M","T","?","?","$","R","B",null,"M","?","?","?","?","R","E","R","T","M","?","M","R","M","R","B",null,"M","M","?","?","?","E","?","E"],"character_chosen":"DEFECT","items_purchased":["Juzu Bracelet","Orichalcum","Defragment","Ball Lightning"],"campfire_rested":4,"item_purchase_floors":[8,8,14,14],"current_hp_per_floor":[75,64,64,64,64,64,64,75,75,68,68,33,33,48,48,13,75,75,75,57,41,27,51,16,40,40,40,40,29,53,38,62,23,85,85,80,85,85,85,72,72,0,0],"gold":619,"neow_bonus":"THREE_ENEMY_KILL","is_daily":false,"chose_seed":false,"campfire_upgraded":2,"win_rate":0.0,"timestamp":1610285135,"path_taken":["M","?","$","M","?","R","E","$","T","M","?","?","?","$","R","BOSS","M","?","?","?","?","R","E","R","T","M","?","M","R","M","R","BOSS","M","M","?","?","?","E","?","E"],"items_purchased_type":["Relic","Relic","Card","Card"],"build_version":"2020-12-22","purchased_purges":1,"victory":false,"max_hp_per_floor":[75,75,75,75,75,75,75,75,75,75,75,75,75,75,75,75,75,75,75,75,75,80,80,80,80,80,80,80,80,80,80,80,80,85,85,85,85,85,85,85,85,85,85],"card_choices":[{"not_picked":["Loop","Conserve Battery","Stack"],"picked":"SKIP","floor":1},{"not_picked":["Blizzard","Rebound"],"picked":"Redo","floor":4},{"not_picked":["Cold Snap","All For One","Hologram"],"picked":"SKIP","floor":7},{"not_picked":["Steam","FTL"],"picked":"Redo","floor":10},{"not_picked":["Beam Cell+1","Compile Driver","Go for the Eyes+1"],"picked":"Coolheaded+1","floor":18},{"not_picked":["Streamline","Stack+1","Turbo+1"],"picked":"BootSequence+1","floor":20},{"not_picked":["Fusion+1","Turbo+1","Thunder Strike"],"picked":"Defragment+1","floor":24},{"not_picked":["Sweeping Beam+1","Barrage","Hello World+1"],"picked":"Fusion+1","floor":27},{"not_picked":["Streamline","Beam Cell","Hologram+1"],"picked":"Ball Lightning","floor":29},{"not_picked":["Conserve Battery+1","Compile Driver+1","Stack+1"],"picked":"Redo+1","floor":31},{"not_picked":["Hello World","Self Repair","Compile Driver+1"],"picked":"Auto Shields+1","floor":34},{"not_picked":["Gash+1","Redo+1","Go for the Eyes"],"picked":"Chaos+1","floor":35},{"not_picked":["Conserve Battery+1","Ball Lightning","Storm"],"picked":"Chaos+1","floor":36},{"not_picked":["Hyperbeam","Leap+1","Steam+1","Compile Driver+1"],"picked":"SKIP","floor":40}],"player_experience":117372,"relics_obtained":[{"floor":7,"key":"MealTicket"},{"floor":9,"key":"Shuriken"},{"floor":11,"key":"Toxic Egg 2"},{"floor":12,"key":"Odd Mushroom"},{"floor":17,"key":"Oddly Smooth Stone"},{"floor":17,"key":"Question Card"},{"floor":17,"key":"Emotion Chip"},{"floor":20,"key":"Red Mask"},{"floor":21,"key":"Enchiridion"},{"floor":24,"key":"Centennial Puzzle"},{"floor":26,"key":"MawBank"},{"floor":40,"key":"StoneCalendar"}],"event_choices":[{"damage_healed":0,"gold_gain":75,"player_choice":"Gather Gold","damage_taken":11,"max_hp_gain":0,"max_hp_loss":0,"event_name":"World of Goop","floor":2,"gold_loss":0},{"damage_healed":0,"gold_gain":175,"player_choice":"AGREE","damage_taken":0,"max_hp_gain":0,"max_hp_loss":0,"event_name":"Liars Game","floor":5,"gold_loss":0,"cards_obtained":["Doubt"]},{"damage_healed":0,"gold_gain":0,"player_choice":"Fought Mushrooms","damage_taken":0,"max_hp_gain":0,"max_hp_loss":0,"event_name":"Mushrooms","floor":12,"gold_loss":0},{"damage_healed":0,"gold_gain":30,"player_choice":"Searched \u00272\u0027 times","damage_taken":0,"max_hp_gain":0,"max_hp_loss":0,"event_name":"Dead Adventurer","floor":13,"gold_loss":0},{"damage_healed":0,"gold_gain":0,"player_choice":"Obtained Relic","damage_taken":0,"relics_obtained":["Gambling Chip"],"max_hp_gain":0,"max_hp_loss":0,"event_name":"Addict","floor":19,"gold_loss":85},{"damage_healed":0,"gold_gain":0,"player_choice":"Fought Bandits","damage_taken":0,"max_hp_gain":0,"max_hp_loss":0,"event_name":"Masked Bandits","floor":20,"gold_loss":0},{"damage_healed":0,"gold_gain":0,"player_choice":"Obtained Book","damage_taken":16,"max_hp_gain":0,"max_hp_loss":0,"event_name":"Cursed Tome","floor":21,"gold_loss":0},{"damage_healed":0,"gold_gain":0,"player_choice":"Shed Blood","damage_taken":19,"max_hp_gain":5,"max_hp_loss":0,"event_name":"Forgotten Altar","floor":22,"gold_loss":0},{"damage_healed":0,"gold_gain":0,"player_choice":"Inject Mutagens","damage_taken":0,"relics_obtained":["MutagenicStrength"],"max_hp_gain":0,"max_hp_loss":0,"event_name":"Drug Dealer","floor":28,"gold_loss":0},{"damage_healed":21,"gold_gain":0,"player_choice":"Writhe","damage_taken":0,"max_hp_gain":0,"max_hp_loss":0,"event_name":"Winding Halls","floor":37,"gold_loss":0,"cards_obtained":["Writhe"]},{"damage_healed":0,"gold_gain":0,"player_choice":"Memory 1","damage_taken":0,"max_hp_gain":0,"max_hp_loss":0,"event_name":"SensoryStone","floor":38,"gold_loss":0},{"damage_healed":0,"gold_gain":0,"player_choice":"Ignored","damage_taken":0,"max_hp_gain":0,"max_hp_loss":0,"event_name":"SecretPortal","floor":39,"gold_loss":0},{"damage_healed":0,"gold_gain":0,"player_choice":"Upgraded","damage_taken":0,"max_hp_gain":0,"max_hp_loss":0,"event_name":"Upgrade Shrine","floor":41,"gold_loss":0,"cards_upgraded":["Redo"]}],"is_beta":false,"boss_relics":[{"not_picked":["Nuclear Battery","Busted Crown"],"picked":"Calling Bell"},{"not_picked":["Velvet Choker","Sozu"],"picked":"Tiny House"}],"items_purged_floors":[14],"is_endless":false,"potions_floor_spawned":[1,4,7,12,18,20,27,29,36],"killed_by":"Giant Head","ascension_level":0}}