{"host":"gafwejejal4v72m6","time":1610273216,"event":{"mods":["Aspiration","BaseMod","BetterRewards","Clockwork Mod","Conspire","Googly Eyes","Hermit","Hubris","Minty Spire (QoL Compilation)","Rare Cards Sparkle","Shop Mod","StSLib","The Necromancer"],"gold_per_floor":[111,123,143,143,158,186,41,41,68,101,101,114,114,124,124,223,223,242,242,254,266,26,26,26,125,170,170,187,187,201,201,201,297,297,307,321,121,121,121],"floor_reached":38,"playtime":2335,"items_purged":["hermit:Defend_Hermit"],"score":469,"play_id":"2ecf5eab-0e46-4c59-a2a6-4cea6b586079","local_time":"20210110170656","is_ascension_mode":true,"campfire_choices":[{"data":"hermit:Dive","floor":11,"key":"SMITH"},{"data":"hermit:Enervate","floor":13,"key":"SMITH"},{"data":"Chrysalis","floor":15,"key":"SMITH"},{"floor":23,"key":"REST"},{"floor":29,"key":"REST"},{"data":"hermit:Determination","floor":32,"key":"SMITH"}],"circlet_count":0,"master_deck":["hermit:Strike_Hermit","hermit:Strike_Hermit","hermit:Strike_Hermit","hermit:Strike_Hermit","hermit:Defend_Hermit","hermit:Defend_Hermit","hermit:Defend_Hermit","hermit:Snapshot","hermit:Covet","Chrysalis+1","hermit:Enervate+1","hermit:TakeAim","Good Instincts","hermit:Headshot","hermit:EternalForm+1","hermit:Glare","hermit:GhostlyPresence","hermit:Dive+1","hermit:ShadowCloak","hermit:GoldenBullet","hermit:Combo","hermit:Adapt+1","hermit:Deadeye","hermit:Determination+1","hermit:EyeOfTheStorm+1","hermit:Coalescence","hermit:Dive","hermit:FatalDesire","hermit:EyeOfTheStorm+1","conspire:SpireCoStock","conspire:SpireCoStock","conspire:SpireCoStock","conspire:SpireCoStock"],"relics":["hermit:Momento","Nunchaku","MerchantsRug","Orichalcum","Ancient Tea Set","hubris:Stopwatch","Shuriken","Regal Pillow","Pear","hermit:BartenderGlass"],"acts_visited":["Exordium","TheCity","TheBeyond"],"potions_floor_usage":[6,10,28,33,35,35],"damage_taken":[{"damage":2,"enemies":"Cultist","floor":1,"turns":4},{"damage":0,"enemies":"2 Louse","floor":2,"turns":2},{"damage":0,"enemies":"Small Slimes","floor":3,"turns":2},{"damage":17,"enemies":"3 Louse","floor":5,"turns":5},{"damage":13,"enemies":"3 Sentries","floor":6,"turns":8},{"damage":1,"enemies":"Lagavulin","floor":10,"turns":8},{"damage":0,"enemies":"Exordium Thugs","floor":12,"turns":2},{"damage":0,"enemies":"Large Slime","floor":14,"turns":5},{"damage":25,"enemies":"The Guardian","floor":16,"turns":10},{"damage":25,"enemies":"conspire:FuzzyDice","floor":18,"turns":8},{"damage":21,"enemies":"Spheric Guardian","floor":20,"turns":7},{"damage":12,"enemies":"Snecko","floor":21,"turns":4},{"damage":25,"enemies":"Centurion and Healer","floor":28,"turns":6},{"damage":8,"enemies":"Shelled Parasite and Fungi","floor":30,"turns":2},{"damage":36,"enemies":"Automaton","floor":33,"turns":10},{"damage":27,"enemies":"3 Darklings","floor":35,"turns":9},{"damage":19,"enemies":"Orb Walker","floor":36,"turns":4},{"damage":45,"enemies":"4 Shapes","floor":38,"turns":3}],"seed_played":"-8103697310596704143","potions_obtained":[{"floor":2,"key":"hermit:Tonic"},{"floor":3,"key":"DuplicationPotion"},{"floor":10,"key":"FearPotion"},{"floor":16,"key":"hermit:Tonic"},{"floor":20,"key":"CultistPotion"},{"floor":30,"key":"Regen Potion"},{"floor":35,"key":"Fire Potion"},{"floor":36,"key":"EntropicBrew"}],"is_trial":false,"path_per_floor":["M","M","M","?","M","E","$","?","T","E","R","M","R","M","R","B",null,"M","?","M","M","$","R","$","?","T","?","M","R","M","?","R","B",null,"M","M","?","M"],"character_chosen":"HERMIT","items_purchased":["Nunchaku","Chrysalis","hermit:Enervate","hermit:TakeAim","Good Instincts","MerchantsRug","hermit:ShadowCloak","Shuriken"],"campfire_rested":2,"item_purchase_floors":[0,0,0,0,0,7,7,22],"current_hp_per_floor":[49,49,49,75,58,45,45,45,45,44,44,44,44,44,44,19,75,50,50,29,17,17,39,39,39,39,49,24,64,56,56,56,35,85,58,39,39,0,0],"gold":121,"neow_bonus":"","is_daily":false,"chose_seed":false,"campfire_upgraded":4,"win_rate":0.0,"timestamp":1610273216,"path_taken":["M","?","?","?","M","E","?","?","T","E","R","?","R","M","R","BOSS","M","?","M","M","$","R","$","?","T","?","?","R","M","?","R","BOSS","M","M","?","M"],"items_purchased_type":["Relic","Card","Card","Card","Card","Relic","Card","Relic"],"build_version":"2020-12-22","purchased_purges":1,"victory":false,"max_hp_per_floor":[75,75,75,75,75,75,75,75,75,75,75,75,75,75,75,75,75,75,75,75,75,75,75,75,75,75,85,85,85,85,85,85,85,85,85,85,85,85,85],"card_choices":[{"not_picked":["hermit:Ricochet","hermit:Feint"],"picked":"hermit:Headshot","floor":1},{"not_picked":["hermit:GoldenBullet","hermit:HighCaliber"],"picked":"hermit:EternalForm","floor":2},{"not_picked":["hermit:Roulette","hermit:SprayPray"],"picked":"hermit:Glare","floor":3},{"not_picked":["hermit:Glare","hermit:NoHoldsBarred"],"picked":"hermit:GhostlyPresence","floor":5},{"not_picked":["hermit:HighCaliber","hermit:LowProfile"],"picked":"hermit:Dive","floor":6},{"not_picked":["hermit:BodyArmor","hermit:HighCaliber"],"picked":"hermit:GoldenBullet","floor":10},{"not_picked":["hermit:OverwhelmingPower","hermit:CalledShot","hermit:GhostlyPresence"],"picked":"SKIP","floor":12},{"not_picked":["hermit:PistolWhip","hermit:Vantage"],"picked":"hermit:Combo","floor":14},{"not_picked":["hermit:HighNoon","hermit:HeroicBravado"],"picked":"hermit:Adapt","floor":16},{"not_picked":["hermit:SprayPray","hermit:Gestalt"],"picked":"hermit:Deadeye","floor":18},{"not_picked":["hermit:ItchyTrigger","hermit:BodyArmor+1","hermit:Snipe"],"picked":"SKIP","floor":20},{"not_picked":["hermit:Manifest","hermit:LoneWolf"],"picked":"hermit:EyeOfTheStorm+1","floor":21},{"not_picked":["hermit:Quickdraw+1","hermit:TrackingShot"],"picked":"hermit:Coalescence","floor":28},{"not_picked":["hermit:Desperado+1","hermit:Deadeye"],"picked":"hermit:Dive","floor":30},{"not_picked":["hermit:Magnum","hermit:FinalCanter"],"picked":"hermit:FatalDesire","floor":33},{"not_picked":["hermit:TrackingShot+1","hermit:DeadMansHand","hermit:ItchyTrigger+1"],"picked":"SKIP","floor":35},{"not_picked":["hermit:DeadMansHand","hermit:Ricochet+1"],"picked":"hermit:EyeOfTheStorm+1","floor":36}],"player_experience":67137,"relics_obtained":[{"floor":6,"key":"Centennial Puzzle"},{"floor":9,"key":"Orichalcum"},{"floor":10,"key":"Ancient Tea Set"},{"floor":26,"key":"Regal Pillow"}],"event_choices":[{"damage_healed":26,"gold_gain":0,"player_choice":"Full Heal","damage_taken":0,"max_hp_gain":0,"max_hp_loss":0,"event_name":"Wheel of Change","floor":4,"gold_loss":0},{"damage_healed":0,"gold_gain":0,"player_choice":"Grow","damage_taken":0,"max_hp_gain":0,"max_hp_loss":0,"event_name":"Living Wall","floor":8,"gold_loss":0,"cards_upgraded":["hermit:EternalForm"]},{"damage_healed":0,"gold_gain":0,"player_choice":"Read","damage_taken":0,"max_hp_gain":0,"max_hp_loss":0,"event_name":"The Library","floor":19,"gold_loss":0,"cards_obtained":["hermit:Determination"]},{"damage_healed":0,"gold_gain":99,"player_choice":"Stole From Cult","damage_taken":0,"max_hp_gain":0,"max_hp_loss":0,"event_name":"Nest","floor":25,"gold_loss":0},{"damage_healed":0,"gold_gain":0,"player_choice":"Gave Potion","damage_taken":0,"relics_obtained":["Pear"],"max_hp_gain":0,"max_hp_loss":0,"event_name":"WeMeetAgain","floor":27,"gold_loss":0},{"damage_healed":0,"gold_gain":0,"player_choice":"Invest 4","damage_taken":0,"max_hp_gain":0,"max_hp_loss":0,"event_name":"conspire:Investor","floor":37,"gold_loss":0}],"is_beta":false,"boss_relics":[{"not_picked":["Velvet Choker","Ectoplasm"],"picked":"hubris:Stopwatch"},{"not_picked":["aspiration:FutureDiary","conspire:SeveredTorchhead"],"picked":"hermit:BartenderGlass"}],"items_purged_floors":[7],"is_endless":false,"potions_floor_spawned":[2,3,10,16,20,30,35,36],"killed_by":"4 Shapes","ascension_level":3}}