{"host":"v9oq5ccz01n9mezq","time":1610239774,"event":{"mods":["BaseMod","Colored Map","Minty Spire (QoL Compilation)"],"gold_per_floor":[114,84,104,122,141,141,169,169,218,218,218,258,258,274,274,393,393,416,416,416,427,526,526,556,556,556,590,609,609,624,656,656,656,656],"floor_reached":33,"playtime":1196,"items_purged":[],"score":389,"play_id":"6ba38ca2-8aaf-4c02-8df0-0ea2c3435cfd","local_time":"20210109194934","is_ascension_mode":true,"campfire_choices":[{"data":"Searing Blow","floor":6,"key":"SMITH"},{"data":"Searing Blow+1","floor":8,"key":"SMITH"},{"data":"Searing Blow+2","floor":13,"key":"SMITH"},{"data":"Searing Blow+3","floor":15,"key":"SMITH"},{"data":"Searing Blow+4","floor":23,"key":"SMITH"},{"data":"Searing Blow+5","floor":25,"key":"SMITH"},{"data":"Searing Blow+6","floor":29,"key":"SMITH"},{"data":"Searing Blow+7","floor":32,"key":"SMITH"}],"circlet_count":0,"master_deck":["Strike_R","Strike_R","Strike_R","Strike_R+1","Defend_R","Defend_R","Defend_R","Defend_R","Bash+1","Body Slam","Shockwave","Searing Blow+8","Iron Wave","Armaments","Disarm","Whirlwind+1","Second Wind","Body Slam+1"],"relics":["Black Blood","Eternal Feather","Bag of Marbles","Bloody Idol","Dream Catcher","Enchiridion","Boot","Oddly Smooth Stone","Centennial Puzzle","Whetstone"],"acts_visited":["Exordium","TheCity"],"potions_floor_usage":[7,12,12,27,28,33],"damage_taken":[{"damage":0,"enemies":"Small Slimes","floor":1,"turns":3},{"damage":6,"enemies":"Cultist","floor":3,"turns":4},{"damage":9,"enemies":"Jaw Worm","floor":4,"turns":4},{"damage":17,"enemies":"3 Louse","floor":5,"turns":5},{"damage":25,"enemies":"Lagavulin","floor":7,"turns":6},{"damage":20,"enemies":"Gremlin Nob","floor":12,"turns":5},{"damage":12,"enemies":"Exordium Thugs","floor":14,"turns":4},{"damage":18,"enemies":"The Guardian","floor":16,"turns":12},{"damage":20,"enemies":"2 Thieves","floor":18,"turns":4},{"damage":19,"enemies":"Spheric Guardian","floor":21,"turns":4},{"damage":39,"enemies":"Book of Stabbing","floor":24,"turns":7},{"damage":10,"enemies":"Slavers","floor":27,"turns":7},{"damage":24,"enemies":"Centurion and Healer","floor":28,"turns":5},{"damage":0,"enemies":"Cultist and Chosen","floor":30,"turns":4},{"damage":23,"enemies":"Book of Stabbing","floor":31,"turns":4},{"damage":78,"enemies":"Champ","floor":33,"turns":9}],"seed_played":"-5783409298883213154","potions_obtained":[{"floor":1,"key":"EssenceOfSteel"},{"floor":2,"key":"SteroidPotion"},{"floor":2,"key":"Ancient Potion"},{"floor":14,"key":"GamblersBrew"},{"floor":24,"key":"Energy Potion"},{"floor":31,"key":"Dexterity Potion"}],"is_trial":false,"path_per_floor":["M","?","M","M","M","R","E","R","T","?","?","E","R","M","R","B",null,"M","?","?","M","?","R","E","R","T","E","M","R","M","E","R","B"],"character_chosen":"IRONCLAD","items_purchased":[],"campfire_rested":0,"item_purchase_floors":[],"current_hp_per_floor":[80,80,80,77,66,66,47,53,53,53,53,39,45,39,48,36,74,66,50,50,48,53,62,40,49,49,56,49,58,74,68,74,0,0],"gold":656,"neow_bonus":"TRANSFORM_CARD","is_daily":false,"chose_seed":false,"campfire_upgraded":8,"win_rate":0.0,"timestamp":1610239774,"path_taken":["M","?","?","M","M","R","E","R","T","?","?","E","R","M","R","BOSS","M","?","?","M","?","R","E","R","T","E","M","R","M","E","R","BOSS"],"items_purchased_type":[],"build_version":"2020-12-22","purchased_purges":0,"victory":false,"max_hp_per_floor":[80,80,80,80,80,80,80,80,80,74,74,74,74,74,74,74,74,74,74,74,74,74,74,74,74,74,74,74,74,74,74,74,74,74],"card_choices":[{"not_picked":["Reckless Charge","Heavy Blade"],"picked":"Shockwave","floor":1},{"not_picked":["Body Slam","Heavy Blade","Wild Strike"],"picked":"SKIP","floor":3},{"not_picked":["Shockwave","Iron Wave"],"picked":"Searing Blow","floor":4},{"not_picked":["Entrench","Dropkick"],"picked":"Iron Wave","floor":5},{"not_picked":["Dropkick","Wild Strike","Twin Strike"],"picked":"SKIP","floor":7},{"not_picked":["Whirlwind","Clash"],"picked":"Armaments","floor":12},{"not_picked":["Clash","Flame Barrier"],"picked":"Disarm","floor":14},{"not_picked":["Dropkick","Second Wind+1"],"picked":"Whirlwind+1","floor":18},{"not_picked":["Body Slam","Flex","Pommel Strike"],"picked":"SKIP","floor":21},{"not_picked":["Iron Wave","Thunderclap+1"],"picked":"Second Wind","floor":24},{"not_picked":["Brutality","Uppercut"],"picked":"Body Slam+1","floor":27},{"not_picked":["Body Slam+1","Rupture+1","Anger"],"picked":"SKIP","floor":28},{"not_picked":["Havoc+1","Power Through","Clothesline+1"],"picked":"SKIP","floor":30},{"not_picked":["Disarm+1","Sentinel+1","Headbutt"],"picked":"SKIP","floor":31}],"player_experience":63532,"relics_obtained":[{"floor":7,"key":"Eternal Feather"},{"floor":9,"key":"Bag of Marbles"},{"floor":12,"key":"Dream Catcher"},{"floor":19,"key":"Enchiridion"},{"floor":24,"key":"Boot"},{"floor":26,"key":"Oddly Smooth Stone"},{"floor":27,"key":"Centennial Puzzle"},{"floor":31,"key":"Whetstone"}],"event_choices":[{"damage_healed":0,"gold_gain":0,"player_choice":"Bought 2 Potions","damage_taken":0,"max_hp_gain":0,"max_hp_loss":0,"event_name":"The Woman in Blue","floor":2,"gold_loss":0},{"damage_healed":0,"gold_gain":0,"player_choice":"Lose Max HP","damage_taken":0,"relics_obtained":["Golden Idol"],"max_hp_gain":0,"max_hp_loss":6,"event_name":"Golden Idol","floor":10,"gold_loss":0},{"damage_healed":0,"gold_gain":0,"player_choice":"Leave","damage_taken":0,"max_hp_gain":0,"max_hp_loss":0,"event_name":"FaceTrader","floor":11,"gold_loss":0},{"damage_healed":0,"gold_gain":0,"player_choice":"Obtained Book","damage_taken":16,"max_hp_gain":0,"max_hp_loss":0,"event_name":"Cursed Tome","floor":19,"gold_loss":0},{"damage_healed":0,"gold_gain":0,"player_choice":"Gave Idol","damage_taken":0,"relics_obtained":["Bloody Idol"],"max_hp_gain":0,"max_hp_loss":0,"event_name":"Forgotten Altar","floor":20,"relics_lost":["Golden Idol"],"gold_loss":0},{"damage_healed":0,"gold_gain":99,"player_choice":"Stole From Cult","damage_taken":0,"max_hp_gain":0,"max_hp_loss":0,"event_name":"Nest","floor":22,"gold_loss":0}],"is_beta":false,"boss_relics":[{"not_picked":["Snecko Eye","Runic Dome"],"picked":"Black Blood"}],"items_purged_floors":[],"is_endless":false,"potions_floor_spawned":[1,5,14,24,31],"killed_by":"Champ","ascension_level":3}}