{"host":"m77rrhbqzv44va4v","time":1610276008,"event":{"mods":["AchievementEnabler","BaseMod","Colored Map","DeckTracker","Keyboard Shortcuts","Minty Spire (QoL Compilation)","StSLib","SuperFastMode","everything is the same but u backflip on backflip"],"gold_per_floor":[111,125,145,162,162,162,162,162,187,187,22,51,73,85,97,109,109],"floor_reached":16,"playtime":348,"items_purged":[],"score":200,"play_id":"cab046c3-5746-49c7-b1f5-166ecdbe5853","local_time":"20210110195328","is_ascension_mode":true,"campfire_choices":[{"floor":6,"key":"REST"},{"floor":8,"key":"REST"},{"data":"Disarm","floor":10,"key":"SMITH"},{"floor":15,"key":"REST"}],"circlet_count":0,"master_deck":["AscendersBane","Strike_R","Strike_R","Strike_R","Strike_R+1","Defend_R","Defend_R","Defend_R","Defend_R","Bash","Disarm+1","Power Through+1","Metallicize","Wild Strike","Whirlwind","Bloodletting","Exhume","Pommel Strike"],"relics":["Burning Blood","Bird Faced Urn","MealTicket","Orrery","MawBank"],"acts_visited":["Exordium"],"potions_floor_usage":[13],"damage_taken":[{"damage":7,"enemies":"Small Slimes","floor":1,"turns":6},{"damage":11,"enemies":"2 Louse","floor":2,"turns":4},{"damage":15,"enemies":"Cultist","floor":3,"turns":5},{"damage":19,"enemies":"3 Louse","floor":4,"turns":6},{"damage":44,"enemies":"Gremlin Nob","floor":12,"turns":6},{"damage":12,"enemies":"Large Slime","floor":13,"turns":7},{"damage":25,"enemies":"Slime Boss","floor":16,"turns":6}],"seed_played":"-4514315191135355756","potions_obtained":[{"floor":2,"key":"ElixirPotion"},{"floor":3,"key":"ElixirPotion"},{"floor":12,"key":"SkillPotion"}],"is_trial":false,"path_per_floor":["M","M","M","M","?","R","?","R","T","R","$","E","M","?","R","B"],"character_chosen":"IRONCLAD","items_purchased":["Orrery"],"campfire_rested":3,"item_purchase_floors":[11],"current_hp_per_floor":[49,44,35,24,1,23,23,45,45,45,60,24,18,18,40,17,17],"gold":109,"neow_bonus":"ONE_RARE_RELIC","is_daily":false,"chose_seed":false,"campfire_upgraded":1,"win_rate":0.0,"timestamp":1610276008,"path_taken":["M","M","M","M","?","R","?","R","T","R","$","E","?","?","R","BOSS"],"items_purchased_type":["Relic"],"build_version":"2020-12-22","purchased_purges":0,"victory":false,"max_hp_per_floor":[75,75,75,75,75,75,75,75,75,75,75,75,75,75,75,75,75],"card_choices":[{"not_picked":["Flex","True Grit"],"picked":"Disarm","floor":1},{"not_picked":["Clothesline","Heavy Blade"],"picked":"Power Through","floor":2},{"not_picked":["Sword Boomerang","Clothesline"],"picked":"Metallicize","floor":3},{"not_picked":["Armaments","Clash","Anger"],"picked":"SKIP","floor":4},{"not_picked":["Sentinel","Iron Wave"],"picked":"Wild Strike","floor":11},{"not_picked":["Heavy Blade","Rage"],"picked":"Whirlwind","floor":11},{"not_picked":["Sword Boomerang","Combust"],"picked":"Bloodletting","floor":11},{"not_picked":["Twin Strike","Warcry"],"picked":"Exhume","floor":11},{"not_picked":["Searing Blow","Clothesline"],"picked":"Pommel Strike","floor":12},{"not_picked":["Flex","Sword Boomerang","Clash"],"picked":"SKIP","floor":13}],"player_experience":924354,"relics_obtained":[{"floor":9,"key":"MealTicket"},{"floor":12,"key":"MawBank"}],"event_choices":[{"damage_healed":0,"gold_gain":0,"player_choice":"Entered Light","damage_taken":23,"max_hp_gain":0,"max_hp_loss":0,"event_name":"Shining Light","floor":5,"gold_loss":0,"cards_upgraded":["Strike_R","Power Through"]},{"cards_removed":["Strike_R"],"damage_healed":0,"gold_gain":0,"player_choice":"Purged","damage_taken":0,"max_hp_gain":0,"max_hp_loss":0,"event_name":"Purifier","floor":7,"gold_loss":0},{"damage_healed":0,"gold_gain":0,"player_choice":"Ignored","damage_taken":0,"max_hp_gain":0,"max_hp_loss":0,"event_name":"Golden Idol","floor":14,"gold_loss":0}],"is_beta":false,"boss_relics":[],"items_purged_floors":[],"is_endless":false,"potions_floor_spawned":[2,3,12],"killed_by":"Slime Boss","ascension_level":20}}