{"host":"8o45mh5p3pp1o2mi","time":1610236862,"event":{"mods":["BaseMod","Better Match","Better Third Choice","BetterRewards","Downfall","Minty Spire (QoL Compilation)","Rare Cards Sparkle","Relic Stats","Replay The Spire","Shop Mod","StSLib","everything is the same but u backflip on backflip"],"gold_per_floor":[115,115,290,306,317,317,331,17,17,17,46,62,117,146,146,243,243,255,255,273,292,202,234,234,244,244,261,275,9,35,11,11,107,107,117,167,178,0,0,31,31,47,47,61,72,0,0,31,31,31],"floor_reached":51,"playtime":3271,"items_purged":["Defend_R"],"score":807,"play_id":"851cf0ff-7005-4852-919a-4523c5b96fee","local_time":"20210110000102","is_ascension_mode":false,"campfire_choices":[{"data":"Armaments","floor":6.0,"key":"SMITH"},{"data":"ReplayReversal","floor":10.0,"key":"SMITH"},{"data":"Fire Breathing","floor":15.0,"key":"SMITH"},{"data":"Replay:Undeath\u0027s Touch","floor":24.0,"key":"SMITH"},{"data":"Second Wind","floor":32.0,"key":"SMITH"},{"data":"Immolate","floor":41,"key":"SMITH"},{"data":"Fiend Fire","floor":47,"key":"SMITH"},{"data":"ReplayTheSpireMod:Limb From Limb","floor":49,"key":"SMITH"}],"circlet_count":0,"master_deck":["Strike_R+1","Strike_R","Strike_R","Strike_R","Defend_R","Defend_R","Defend_R","Bash","Defend_R","Strike_B","Armaments+1","Regret","Doubt","True Grit","Run Through","ReplayReversal+1","Power Through","Sword Boomerang","Fire Breathing+1","ReplayTheSpireMod:Limb From Limb+1","Immolate+1","Ghostly Armor","Fire Breathing+1","Replay:Undeath\u0027s Touch+1","Disarm+1","Body Slam+1","Headbutt","Second Wind","Second Wind+1","Evolve","Demonic Infusion","Flame Barrier","Pummel+1","Dark Embrace+1","Fiend Fire+1","Writhe","Twin Strike+1","Wild Strike","Heavy Blade+1","Body Slam+1"],"relics":["Burning Blood","Pondfish Scales","Darkstone Periapt","Membership Card","Du-Vu Doll","Centennial Puzzle","Meat on the Bone","Calipers","Mark of Pain","White Beast Statue","Gremlin Horn","Blue Doll","MerchantsRug","Bag of Marbles","Eternal Feather","ChewingGum","Replay:Towering Pillar of Hats","Brimstone","Another Sword","Bottled Flame","Red Mask","Garlic"],"acts_visited":["Exordium","TheCity","TheBeyond"],"potions_floor_usage":[45,45,48,50,50],"damage_taken":[{"damage":4.0,"enemies":"Small Slimes","floor":1.0,"turns":5.0},{"damage":2.0,"enemies":"2 Louse","floor":4.0,"turns":4.0},{"damage":14.0,"enemies":"Jaw Worm","floor":5.0,"turns":7.0},{"damage":9.0,"enemies":"2 Fungi Beasts","floor":7.0,"turns":5.0},{"damage":56.0,"enemies":"Lagavulin","floor":11.0,"turns":10.0},{"damage":13.0,"enemies":"3 Louse","floor":12.0,"turns":4.0},{"damage":11.0,"enemies":"Gremlin Nob","floor":13.0,"turns":3.0},{"damage":2.0,"enemies":"Replay:BlueRogue","floor":14.0,"turns":5.0},{"damage":22.0,"enemies":"Slime Boss","floor":16.0,"turns":7.0},{"damage":10.0,"enemies":"Chosen","floor":18.0,"turns":4.0},{"damage":27.0,"enemies":"2 Thieves","floor":20.0,"turns":4.0},{"damage":11.0,"enemies":"Snecko","floor":21.0,"turns":4.0},{"damage":53.0,"enemies":"Book of Stabbing","floor":23.0,"turns":7.0},{"damage":19.0,"enemies":"Snake Plant","floor":25.0,"turns":3.0},{"damage":5.0,"enemies":"Centurion and Healer","floor":27.0,"turns":4.0},{"damage":22.0,"enemies":"Shelled Parasite and Fungi","floor":28.0,"turns":6.0},{"damage":5.0,"enemies":"Slavers","floor":30.0,"turns":3.0},{"damage":35.0,"enemies":"Pondfish","floor":33.0,"turns":9.0},{"damage":5,"enemies":"3 Shapes","floor":35,"turns":2},{"damage":0,"enemies":"Mind Bloom Boss Battle","floor":36,"turns":5},{"damage":5,"enemies":"3 Darklings","floor":37,"turns":2},{"damage":8,"enemies":"R_Hoarder","floor":40,"turns":5},{"damage":55,"enemies":"Writhing Mass","floor":42,"turns":6},{"damage":8,"enemies":"Maw","floor":44,"turns":5},{"damage":1,"enemies":"4 Shapes","floor":45,"turns":1},{"damage":17,"enemies":"Reptomancer","floor":48,"turns":4},{"damage":31,"enemies":"Donu and Deca","floor":50,"turns":5}],"seed_played":"3129928689128060589","potions_obtained":[{"floor":4.0,"key":"sneckomod:MuddlingPotion"},{"floor":11.0,"key":"Strength Potion"},{"floor":13.0,"key":"GamblersBrew"},{"floor":16.0,"key":"PowerPotion"},{"floor":18.0,"key":"BloodPotion"},{"floor":20.0,"key":"Weak Potion"},{"floor":25.0,"key":"BlessingOfTheForge"},{"floor":27.0,"key":"Explosive Potion"},{"floor":28.0,"key":"BlessingOfTheForge"},{"floor":30.0,"key":"Explosive Potion"},{"floor":33.0,"key":"Block Potion"},{"floor":35,"key":"PowerPotion"},{"floor":37,"key":"Reflective Coating"},{"floor":44,"key":"hexamod:EctoCoolerPotion"},{"floor":45,"key":"FearPotion"},{"floor":48,"key":"Weak Potion"}],"is_trial":false,"path_per_floor":["M","?","?","M","M","R","M","$","T","R","E","M","?","E","R","B",null,"M","?","M","M","?","E","R","M","T","M","M","$","E","$","R","B",null,"M","?","M","$","?","E","R","M","T","M","M","?","R","E","R","B",null],"character_chosen":"IRONCLAD","items_purchased":["Membership Card","Du-Vu Doll","Blue Doll","MerchantsRug","Bag of Marbles","Second Wind","Evolve","Dark Embrace+1","Fiend Fire","Brimstone"],"campfire_rested":0,"item_purchase_floors":[8,8,29,29,29,31,31,38,38,38],"current_hp_per_floor":[80,86,92,92,84,84,81,81,81,81,31,36,43,66,66,62,99,95,95,74,69,69,53,53,52,52,65,61,61,62,62,80,63,99,99,99,99,99,105,103,105,68,68,66,71,71,92,81,105,80],"gold":31,"neow_bonus":"ONE_RARE_RELIC","is_daily":false,"chose_seed":false,"campfire_upgraded":8,"win_rate":0.0,"timestamp":1610236862,"path_taken":["M","?","?","M","M","R","M","?","T","R","E","M","?","E","R","BOSS","M","?","M","?","?","E","R","M","T","M","?","$","E","?","R","BOSS","M","?","M","$","?","E","R","M","T","?","M","?","R","E","R","BOSS"],"items_purchased_type":["Relic","Relic","Relic","Relic","Relic","Card","Card","Card","Card","Relic"],"build_version":"2020-12-22","purchased_purges":1,"victory":true,"max_hp_per_floor":[80,86,92,92,92,92,92,92,92,92,92,92,92,99,99,99,99,99,99,99,99,99,99,99,99,99,99,99,99,99,99,99,99,99,99,99,99,99,105,105,105,105,105,105,105,105,105,105,105,105],"relic_stats":{"Darkstone Periapt":18,"Centennial Puzzle":[63],"Gremlin Horn":[16,16],"counters":[27,129],"Eternal Feather":65,"obtain_stats":[{"Darkstone Periapt":2,"MerchantsRug":29,"Calipers":13,"Gremlin Horn":26,"Replay:Towering Pillar of Hats":36,"Blue Doll":29,"Eternal Feather":30,"Burning Blood":0,"White Beast Statue":23,"Du-Vu Doll":8,"Pondfish Scales":0,"Centennial Puzzle":9,"Bottled Flame":43,"Brimstone":38,"Strawberry":14,"ChewingGum":34,"Mark of Pain":17,"Another Sword":40,"Bag of Marbles":29,"Red Mask":46,"Garlic":48,"Membership Card":8,"Meat on the Bone":11},{"Darkstone Periapt":1,"MerchantsRug":16,"Calipers":7,"Gremlin Horn":14,"Replay:Towering Pillar of Hats":20,"Blue Doll":16,"Eternal Feather":17,"Burning Blood":0,"White Beast Statue":13,"Du-Vu Doll":4,"Pondfish Scales":0,"Centennial Puzzle":4,"Bottled Flame":23,"Brimstone":21,"Strawberry":8,"ChewingGum":18,"Mark of Pain":9,"Another Sword":22,"Bag of Marbles":16,"Red Mask":25,"Garlic":26,"Membership Card":4,"Meat on the Bone":5},{"Darkstone Periapt":5,"MerchantsRug":82,"Calipers":38,"Gremlin Horn":72,"Replay:Towering Pillar of Hats":101,"Blue Doll":82,"Eternal Feather":85,"Burning Blood":0,"White Beast Statue":69,"Du-Vu Doll":21,"Pondfish Scales":0,"Centennial Puzzle":21,"Bottled Flame":114,"Brimstone":103,"Strawberry":43,"ChewingGum":94,"Mark of Pain":50,"Another Sword":108,"Bag of Marbles":82,"Red Mask":120,"Garlic":124,"Membership Card":21,"Meat on the Bone":31}],"Burning Blood":148,"Meat on the Bone":120},"card_choices":[{"not_picked":["Run Through","Body Slam"],"picked":"Armaments","floor":1.0},{"not_picked":["Clash","Cleave"],"picked":"True Grit","floor":4.0},{"not_picked":["Warcry","Armaments"],"picked":"Run Through","floor":5.0},{"not_picked":["Replay:Undeath\u0027s Touch","Massacre"],"picked":"ReplayReversal","floor":7.0},{"not_picked":["Searing Blow","Rampage"],"picked":"Power Through","floor":11.0},{"not_picked":["Blood for Blood","Clothesline"],"picked":"Sword Boomerang","floor":12.0},{"not_picked":["Body Slam","Infernal Blade"],"picked":"Fire Breathing","floor":13.0},{"not_picked":["Eclipse","True Grit"],"picked":"ReplayTheSpireMod:Limb From Limb","floor":14.0},{"not_picked":["Barricade","Eclipse"],"picked":"Immolate","floor":16.0},{"not_picked":["Heavy Blade","Iron Wave"],"picked":"Ghostly Armor","floor":18.0},{"not_picked":["ReplayTheSpireMod:Strike From Hell+1","Anger","Hemokinesis"],"picked":"SKIP","floor":20.0},{"not_picked":["Hemokinesis","Cleave"],"picked":"Replay:Undeath\u0027s Touch","floor":21.0},{"not_picked":["Flex","Twin Strike"],"picked":"Disarm+1","floor":23.0},{"not_picked":["Defy Death+1","Blood for Blood","ReplayTheSpireMod:LeadingStrike"],"picked":"SKIP","floor":25.0},{"not_picked":["Run Through+1","Anger"],"picked":"Body Slam+1","floor":27.0},{"not_picked":["Corruption","Rampage"],"picked":"Headbutt","floor":28.0},{"not_picked":["ReplayTheSpireMod:LeadingStrike","Replay:Undeath\u0027s Touch+1","Armaments"],"picked":"SKIP","floor":30.0},{"not_picked":["Bludgeon","Hemogenesis"],"picked":"Demonic Infusion","floor":33.0},{"not_picked":["Clash+1","Shrug It Off"],"picked":"Flame Barrier","floor":35},{"not_picked":["Sword Boomerang+1","Anger+1"],"picked":"Pummel+1","floor":36},{"not_picked":["Warcry","True Grit+1","Clothesline"],"picked":"SKIP","floor":37},{"not_picked":["Warcry+1","Clothesline+1"],"picked":"Twin Strike+1","floor":40},{"not_picked":["Flex+1","ReplayTheSpireMod:Strike From Hell"],"picked":"Wild Strike","floor":42},{"not_picked":["Dual Wield+1","Sword Boomerang"],"picked":"Heavy Blade+1","floor":44},{"not_picked":["Clash","Cleave","Replay:Undeath\u0027s Touch"],"picked":"SKIP","floor":45},{"not_picked":["Carnage+1","Heavy Blade"],"picked":"Body Slam+1","floor":48}],"player_experience":78938,"relics_obtained":[{"floor":9.0,"key":"Centennial Puzzle"},{"floor":11.0,"key":"Meat on the Bone"},{"floor":13.0,"key":"Calipers"},{"floor":14.0,"key":"Strawberry"},{"floor":23.0,"key":"White Beast Statue"},{"floor":26.0,"key":"Gremlin Horn"},{"floor":30.0,"key":"Eternal Feather"},{"floor":36,"key":"Replay:Towering Pillar of Hats"},{"floor":40,"key":"Another Sword"},{"floor":43,"key":"Bottled Flame"},{"floor":48,"key":"Garlic"}],"event_choices":[{"damage_healed":0.0,"max_hp_gain":0.0,"max_hp_loss":0.0,"gold_gain":0.0,"event_name":"Big Fish","player_choice":"Box","floor":2.0,"gold_loss":0.0,"damage_taken":0.0,"relics_obtained":["Darkstone Periapt"],"cards_obtained":["Regret"]},{"damage_healed":0.0,"max_hp_gain":0.0,"max_hp_loss":0.0,"gold_gain":175.0,"event_name":"betterThird:BetterSerpent","player_choice":"AGREE","floor":3.0,"gold_loss":0.0,"damage_taken":115.0},{"damage_healed":0.0,"max_hp_gain":0.0,"max_hp_loss":0.0,"gold_gain":0.0,"event_name":"Dead Adventurer","player_choice":"Searched \u00271\u0027 times","floor":13.0,"gold_loss":0.0,"damage_taken":0.0},{"damage_healed":0.0,"max_hp_gain":0.0,"max_hp_loss":0.0,"gold_gain":0.0,"event_name":"Duplicator","player_choice":"Copied","floor":19.0,"gold_loss":0.0,"damage_taken":0.0,"cards_obtained":["Fire Breathing"]},{"cards_removed":["Strike_R"],"damage_healed":0.0,"max_hp_gain":0.0,"max_hp_loss":0.0,"gold_gain":0.0,"event_name":"Designer","player_choice":"Upgrade and Remove","floor":22.0,"gold_loss":90.0,"damage_taken":0.0,"cards_upgraded":["Strike_R"]},{"damage_healed":0,"gold_gain":0,"player_choice":"Fight","damage_taken":0,"max_hp_gain":0,"max_hp_loss":0,"event_name":"MindBloom","floor":36,"gold_loss":0},{"damage_healed":25,"gold_gain":0,"player_choice":"Writhe","damage_taken":0,"max_hp_gain":0,"max_hp_loss":0,"event_name":"Winding Halls","floor":39,"gold_loss":0,"cards_obtained":["Writhe"]},{"damage_healed":0,"gold_gain":0,"player_choice":"Paid","damage_taken":0,"relics_obtained":["Red Mask"],"max_hp_gain":0,"max_hp_loss":0,"event_name":"Tomb of Lord Red Mask","floor":46,"gold_loss":72}],"is_beta":false,"boss_relics":[{"not_picked":["Coffee Dripper","Ring of Chaos"],"picked":"Mark of Pain"},{"not_picked":["Replay:Ancient Bell","Honey Jar"],"picked":"ChewingGum"}],"items_purged_floors":[29],"is_endless":false,"potions_floor_spawned":[4,11,13,16,18,20,25,27,28,30,33,35,36,37,40,42,44,45,48],"ascension_level":0}}