{"host":"91blwi3hgehj6ch9","time":1610244158,"event":{"mods":["2.2 Compatiblity","AchievementEnabler","BaseMod","Colored Map","DeckTracker","Keyboard Shortcuts","Minty Spire (QoL Compilation)","Permanent Neow","Quick Restart","StSLib","SuperFastMode"],"gold_per_floor":[119,119,119,136,155,155,180,180,203,213,223,223,223],"floor_reached":12,"playtime":709,"items_purged":[],"score":132,"play_id":"024b7ffa-4453-45db-946e-1b6e9d76c4e3","local_time":"20210110110238","is_ascension_mode":true,"campfire_choices":[{"data":"Crippling Poison","floor":6.0,"key":"SMITH"},{"data":"Masterful Stab","floor":8.0,"key":"SMITH"}],"circlet_count":0,"master_deck":["AscendersBane","Strike_G","Strike_G","Defend_G","Defend_G","Defend_G","Defend_G","Survivor","Neutralize","PiercingWail+1","Acrobatics+1","Wraith Form v2+1","Crippling Poison+1","Escape Plan","Slice","Masterful Stab+1","Deadly Poison","Dagger Throw"],"relics":["Astrolabe","Juzu Bracelet","White Beast Statue","Centennial Puzzle"],"acts_visited":["Exordium"],"potions_floor_usage":[],"damage_taken":[{"damage":9.0,"enemies":"Small Slimes","floor":1.0,"turns":8.0},{"damage":9.0,"enemies":"Cultist","floor":4.0,"turns":5.0},{"damage":3.0,"enemies":"Jaw Worm","floor":5.0,"turns":7.0},{"damage":26.0,"enemies":"Gremlin Nob","floor":7.0,"turns":4.0},{"damage":7,"enemies":"Exordium Thugs","floor":10,"turns":5},{"damage":3,"enemies":"Looter","floor":11,"turns":3},{"damage":9,"enemies":"Lagavulin","floor":12,"turns":5}],"seed_played":"7674859048620579320","potions_obtained":[{"floor":1.0,"key":"Poison Potion"},{"floor":4.0,"key":"FearPotion"},{"floor":10,"key":"Strength Potion"},{"floor":11,"key":"CultistPotion"}],"is_trial":false,"path_per_floor":["M","?","?","M","M","R","E","R","T","M","M","E"],"character_chosen":"THE_SILENT","items_purchased":[],"campfire_rested":0,"item_purchase_floors":[],"current_hp_per_floor":[54,54,54,45,42,42,16,16,16,9,6,0,0],"gold":223,"neow_bonus":"BOSS_RELIC","is_daily":false,"chose_seed":false,"campfire_upgraded":2,"win_rate":0.0,"timestamp":1610244158,"path_taken":["M","?","?","M","M","R","E","R","T","M","M","E"],"items_purchased_type":[],"build_version":"2020-12-22","purchased_purges":0,"victory":false,"max_hp_per_floor":[70,70,70,70,70,70,70,70,70,70,70,70,70],"card_choices":[{"not_picked":["Blur","Terror"],"picked":"Crippling Poison","floor":1.0},{"not_picked":["Dodge and Roll","PiercingWail"],"picked":"Slice","floor":4.0},{"not_picked":["Catalyst","Slice"],"picked":"Masterful Stab","floor":5.0},{"not_picked":["Dash","Predator","Infinite Blades"],"picked":"SKIP","floor":7.0},{"not_picked":["Prepared","Outmaneuver"],"picked":"Deadly Poison","floor":10},{"not_picked":["Backflip","Quick Slash"],"picked":"Dagger Throw","floor":11}],"player_experience":142764,"relics_obtained":[{"floor":7.0,"key":"White Beast Statue"},{"floor":9.0,"key":"Centennial Puzzle"}],"event_choices":[{"damage_healed":0.0,"max_hp_gain":0.0,"max_hp_loss":0.0,"gold_gain":0.0,"event_name":"WeMeetAgain","player_choice":"Gave Potion","floor":2.0,"gold_loss":0.0,"damage_taken":0.0,"relics_obtained":["Juzu Bracelet"]},{"damage_healed":0.0,"max_hp_gain":0.0,"max_hp_loss":0.0,"gold_gain":0.0,"cards_transformed":["Defend_G"],"event_name":"Living Wall","player_choice":"Change","floor":3.0,"gold_loss":0.0,"damage_taken":0.0,"cards_obtained":["Escape Plan"]}],"is_beta":false,"boss_relics":[],"items_purged_floors":[],"is_endless":false,"potions_floor_spawned":[1,4,10,11],"killed_by":"Lagavulin","ascension_level":13}}