{"host":"vumwfieg2b2mnrfl","time":1610306764,"event":{"mods":["AchievementEnabler","BaseMod","Minty Spire (QoL Compilation)","Rare Cards Sparkle","Relic Stats"],"gold_per_floor":[365,382,382,46,46,80,80,90,140,169,169,0,29,49,49,124,124,143,143,143,159,159,159,186,204,204,234,284,284,300,315,315,392,392,412,412,412,438,355,384,396,212,212,212,232,249,264,264,264,264],"floor_reached":51,"playtime":2075,"items_purged":[],"score":1346,"play_id":"b40415b1-9f9c-48c8-a3e2-ff756c6d9a30","local_time":"20210110132604","is_ascension_mode":true,"campfire_choices":[{"floor":7,"key":"REST"},{"floor":11,"key":"REST"},{"data":"Storm of Steel","floor":15,"key":"SMITH"},{"floor":23,"key":"REST"},{"data":"Footwork","floor":32,"key":"SMITH"},{"data":"Apotheosis","floor":41,"key":"SMITH"},{"floor":44,"key":"REST"},{"data":"Catalyst","floor":49,"key":"SMITH"}],"circlet_count":0,"master_deck":["AscendersBane","Survivor+1","Neutralize","Dagger Throw","Venomology","Escape Plan+1","Storm of Steel+1","Leg Sweep","Blade Dance","Venomology","Leg Sweep","Poisoned Stab","Flying Knee","After Image","Choke","Blur","Accuracy","A Thousand Cuts","Footwork+1","Leg Sweep","Night Terror","Cloak And Dagger+1","Panacea","Apotheosis+1","Dodge and Roll","Catalyst+1"],"relics":["Ring of the Snake","PreservedInsect","Vajra","Snake Skull","Blood Vial","Membership Card","Meat on the Bone","Pandora\u0027s Box","Art of War","Smiling Mask","Toy Ornithopter","Happy Flower","Nilry\u0027s Codex","Philosopher\u0027s Stone","Omamori","War Paint","MawBank","Bag of Preparation","Akabeko","Shuriken"],"acts_visited":["Exordium","TheCity","TheBeyond"],"potions_floor_usage":[6,6,10,10,13,14,16,16,18,21,21,24,25,27,30,30,31,33,33,35,35,40,40,45,46,50,50],"damage_taken":[{"damage":0,"enemies":"2 Louse","floor":1,"turns":2},{"damage":0,"enemies":"Cultist","floor":2,"turns":4},{"damage":20,"enemies":"Lagavulin","floor":6,"turns":7},{"damage":1,"enemies":"Jaw Worm","floor":8,"turns":4},{"damage":5,"enemies":"Gremlin Nob","floor":10,"turns":3},{"damage":34,"enemies":"Lagavulin","floor":13,"turns":7},{"damage":3,"enemies":"2 Fungi Beasts","floor":14,"turns":4},{"damage":21,"enemies":"Slime Boss","floor":16,"turns":9},{"damage":11,"enemies":"Shell Parasite","floor":18,"turns":7},{"damage":8,"enemies":"2 Thieves","floor":21,"turns":3},{"damage":25,"enemies":"Book of Stabbing","floor":24,"turns":5},{"damage":7,"enemies":"Snecko","floor":25,"turns":5},{"damage":20,"enemies":"Slavers","floor":27,"turns":4},{"damage":12,"enemies":"Cultist and Chosen","floor":30,"turns":5},{"damage":0,"enemies":"3 Cultists","floor":31,"turns":3},{"damage":27,"enemies":"Automaton","floor":33,"turns":10},{"damage":11,"enemies":"3 Shapes","floor":35,"turns":4},{"damage":41,"enemies":"Nemesis","floor":40,"turns":7},{"damage":2,"enemies":"3 Darklings","floor":45,"turns":4},{"damage":0,"enemies":"Spire Growth","floor":46,"turns":3},{"damage":47,"enemies":"Writhing Mass","floor":47,"turns":9},{"damage":29,"enemies":"Time Eater","floor":50,"turns":9}],"seed_played":"4087336513140004111","potions_obtained":[{"floor":2,"key":"Fruit Juice"},{"floor":6,"key":"Energy Potion"},{"floor":13,"key":"Strength Potion"},{"floor":27,"key":"Ancient Potion"},{"floor":30,"key":"SpeedPotion"},{"floor":40,"key":"LiquidMemories"},{"floor":45,"key":"Explosive Potion"}],"is_trial":false,"path_per_floor":["M","M","?","$","?","E","R","M","T","E","R","$","E","M","R","B",null,"M","?","?","M","?","R","E","M","T","E","T","?","M","M","R","B",null,"M","?","?","T","?","E","R","$","T","R","M","M","M","?","R","B",null],"character_chosen":"THE_SILENT","items_purchased":["PreservedInsect","Venomology","Membership Card","Bag of Preparation","Akabeko","Dodge and Roll"],"campfire_rested":4,"item_purchase_floors":[4,4,12,42,42,42],"current_hp_per_floor":[44,44,44,44,37,22,43,42,42,37,58,58,26,37,37,30,61,52,52,32,38,38,60,49,44,44,38,38,17,29,48,48,45,68,68,68,58,58,58,41,41,41,41,63,68,75,41,41,41,36],"gold":264,"neow_bonus":"TWO_FIFTY_GOLD","is_daily":false,"chose_seed":false,"campfire_upgraded":4,"win_rate":0.0,"timestamp":1610306764,"path_taken":["M","M","?","?","?","E","R","?","T","E","R","$","E","M","R","BOSS","M","?","?","M","?","R","E","M","T","E","?","?","M","M","R","BOSS","M","?","?","?","?","E","R","$","T","R","M","?","M","?","R","BOSS"],"items_purchased_type":["Relic","Card","Relic","Relic","Relic","Card"],"build_version":"2020-12-22","purchased_purges":0,"victory":true,"max_hp_per_floor":[66,66,66,66,66,71,71,71,71,71,71,71,71,71,71,71,71,71,71,76,76,76,76,76,76,76,76,76,76,76,76,76,76,76,76,76,76,76,76,76,76,76,76,76,76,76,76,76,76,76],"relic_stats":{"Happy Flower":[18],"counters":[22,118],"PreservedInsect":215,"Snake Skull":[25],"Bag of Preparation":[8],"War Paint":["Escape Plan","Survivor"],"Smiling Mask":0,"MawBank":24,"Blood Vial":33,"Shuriken":[11],"Pandora\u0027s Box":["Leg Sweep","Poisoned Stab","Flying Knee","After Image","Choke","Blur","Riddle With Holes","Accuracy"],"Art of War":[16],"obtain_stats":[{"Happy Flower":28,"Nilry\u0027s Codex":29,"Vajra":6,"PreservedInsect":4,"Snake Skull":9,"Omamori":38,"Bag of Preparation":42,"War Paint":39,"Smiling Mask":26,"MawBank":40,"Akabeko":42,"Blood Vial":10,"Shuriken":43,"Pandora\u0027s Box":17,"Philosopher\u0027s Stone":34,"Art of War":24,"Membership Card":12,"Toy Ornithopter":27,"Ring of the Snake":0,"Meat on the Bone":13},{"Happy Flower":13,"Nilry\u0027s Codex":13,"Vajra":3,"PreservedInsect":2,"Snake Skull":4,"Omamori":17,"Bag of Preparation":18,"War Paint":17,"Smiling Mask":12,"MawBank":18,"Akabeko":18,"Blood Vial":5,"Shuriken":18,"Pandora\u0027s Box":8,"Philosopher\u0027s Stone":16,"Art of War":11,"Membership Card":5,"Toy Ornithopter":13,"Ring of the Snake":0,"Meat on the Bone":6},{"Happy Flower":64,"Nilry\u0027s Codex":64,"Vajra":13,"PreservedInsect":6,"Snake Skull":17,"Omamori":86,"Bag of Preparation":93,"War Paint":86,"Smiling Mask":60,"MawBank":93,"Akabeko":93,"Blood Vial":20,"Shuriken":93,"Pandora\u0027s Box":40,"Philosopher\u0027s Stone":82,"Art of War":55,"Membership Card":20,"Toy Ornithopter":64,"Ring of the Snake":0,"Meat on the Bone":27}],"Toy Ornithopter":64,"Ring of the Snake":[44],"Meat on the Bone":132},"card_choices":[{"not_picked":["Slice","Blade Dance"],"picked":"Dagger Throw","floor":1},{"not_picked":["Cloak And Dagger","Underhanded Strike","Slice"],"picked":"SKIP","floor":2},{"not_picked":["Flying Knee","Blade Dance"],"picked":"Escape Plan","floor":6},{"not_picked":["Storm of Steel","Eviscerate","Slice"],"picked":"SKIP","floor":8},{"not_picked":["Cloak And Dagger","Backstab"],"picked":"Storm of Steel","floor":10},{"not_picked":["Doppelganger","Accuracy"],"picked":"Leg Sweep","floor":13},{"not_picked":["Distraction","Dodge and Roll"],"picked":"Blade Dance","floor":14},{"not_picked":["Bullet Time","Wraith Form v2"],"picked":"Venomology","floor":16},{"not_picked":["Cloak And Dagger","Dodge and Roll","Deadly Poison"],"picked":"SKIP","floor":18},{"not_picked":["Slice+1","Deflect","Prepared"],"picked":"SKIP","floor":21},{"not_picked":["Dodge and Roll","Poisoned Stab+1","Reflex"],"picked":"SKIP","floor":24},{"not_picked":["Deadly Poison","Flying Knee"],"picked":"A Thousand Cuts","floor":25},{"not_picked":["Acrobatics","PiercingWail"],"picked":"Footwork","floor":27},{"not_picked":["Calculated Gamble","Bane","Distraction"],"picked":"SKIP","floor":30},{"not_picked":["Infinite Blades","Sucker Punch"],"picked":"Leg Sweep","floor":31},{"not_picked":["Tools of the Trade","Glass Knife"],"picked":"Night Terror","floor":33},{"not_picked":["Blade Dance","Sucker Punch"],"picked":"Cloak And Dagger+1","floor":35},{"not_picked":["Madness","Discovery"],"picked":"Panacea","floor":37},{"not_picked":["Discovery","Enlightenment"],"picked":"Apotheosis","floor":37},{"not_picked":["Bane+1","Poisoned Stab","Calculated Gamble"],"picked":"SKIP","floor":40},{"not_picked":["Cloak And Dagger","Underhanded Strike"],"picked":"Well Laid Plans","floor":45},{"not_picked":["Cloak And Dagger","Acrobatics"],"picked":"Catalyst","floor":46},{"not_picked":["Flying Knee","Crippling Poison","Footwork"],"picked":"SKIP","floor":47}],"player_experience":399578,"relics_obtained":[{"floor":6,"key":"Vajra"},{"floor":9,"key":"Snake Skull"},{"floor":10,"key":"Blood Vial"},{"floor":13,"key":"Meat on the Bone"},{"floor":24,"key":"Art of War"},{"floor":26,"key":"Smiling Mask"},{"floor":27,"key":"Toy Ornithopter"},{"floor":28,"key":"Happy Flower"},{"floor":29,"key":"Nilry\u0027s Codex"},{"floor":38,"key":"Omamori"},{"floor":40,"key":"MawBank"},{"floor":43,"key":"Shuriken"}],"event_choices":[{"cards_removed":["Strike_G"],"damage_healed":0,"gold_gain":0,"player_choice":"Offered Basic","damage_taken":0,"max_hp_gain":0,"max_hp_loss":0,"event_name":"Bonfire Elementals","floor":3,"gold_loss":0},{"cards_removed":["Defend_G"],"damage_healed":0,"gold_gain":0,"player_choice":"Card Removal","damage_taken":7,"max_hp_gain":0,"max_hp_loss":0,"event_name":"Golden Wing","floor":5,"gold_loss":0},{"cards_removed":["Riddle With Holes"],"damage_healed":0,"gold_gain":0,"player_choice":"Elegance","damage_taken":0,"max_hp_gain":0,"max_hp_loss":0,"event_name":"Back to Basics","floor":19,"gold_loss":0},{"damage_healed":0,"gold_gain":0,"player_choice":"Shed Blood","damage_taken":25,"max_hp_gain":5,"max_hp_loss":0,"event_name":"Forgotten Altar","floor":20,"gold_loss":0},{"damage_healed":0,"gold_gain":0,"player_choice":"Ignored","damage_taken":0,"max_hp_gain":0,"max_hp_loss":0,"event_name":"Beggar","floor":22,"gold_loss":0},{"damage_healed":0,"gold_gain":0,"player_choice":"Obtained Book","damage_taken":21,"max_hp_gain":0,"max_hp_loss":0,"event_name":"Cursed Tome","floor":29,"gold_loss":0},{"damage_healed":0,"gold_gain":0,"player_choice":"Ignored","damage_taken":0,"max_hp_gain":0,"max_hp_loss":0,"event_name":"Tomb of Lord Red Mask","floor":36,"gold_loss":0},{"damage_healed":0,"gold_gain":0,"player_choice":"Memory 3","damage_taken":10,"max_hp_gain":0,"max_hp_loss":0,"event_name":"SensoryStone","floor":37,"gold_loss":0},{"damage_healed":0,"gold_gain":0,"player_choice":"Paid Gold","damage_taken":0,"relics_obtained":["War Paint"],"max_hp_gain":0,"max_hp_loss":0,"event_name":"WeMeetAgain","floor":39,"gold_loss":83},{"cards_removed":["Well Laid Plans"],"damage_healed":0,"gold_gain":0,"player_choice":"Removed Power","damage_taken":0,"max_hp_gain":0,"max_hp_loss":0,"event_name":"Falling","floor":48,"gold_loss":0}],"is_beta":false,"boss_relics":[{"not_picked":["Fusion Hammer","Snecko Eye"],"picked":"Pandora\u0027s Box"},{"not_picked":["Velvet Choker","Coffee Dripper"],"picked":"Philosopher\u0027s Stone"}],"items_purged_floors":[],"is_endless":false,"potions_floor_spawned":[2,6,13,14,21,24,27,30,40,45,47],"ascension_level":16}}