{"host":"6sfd9ht3j0c6xtma","time":1610293426,"event":{"mods":["BaseMod","Downfall","Minty Spire (QoL Compilation)","StSLib","[IsaacMod]ÒÔÈö¼âËþ"],"gold_per_floor":[212,212,162,172,100,100,114,114,114,114,187,89,89,99,99,201,201,216,229,328,353,278,278,380,380,404,419,419],"floor_reached":27,"playtime":808,"items_purged":[],"score":282,"play_id":"fd88cee4-b808-4ff4-96b4-7a04f6e4e3bd","local_time":"20210110234346","is_ascension_mode":true,"campfire_choices":[{"data":"Eruption","floor":6.0,"key":"SMITH"},{"data":"DevaForm","floor":10.0,"key":"SMITH"},{"data":"CrushJoints","floor":13.0,"key":"SMITH"},{"data":"ClearTheMind","floor":15.0,"key":"SMITH"},{"data":"Apotheosis","floor":23.0,"key":"SMITH"},{"data":"Seek","floor":25.0,"key":"SMITH"}],"circlet_count":0,"master_deck":["Strike_P","Strike_P","Defend_P","Defend_P","Defend_P","Eruption+1","Vigilance","BettingIsNotGood","BattleHymn","Tantrum","Conclude+1","DevaForm+1","ClearTheMind+1","CrushJoints+1","Slimebound:RainOfGoop","Seek+1","Establishment","Apotheosis+1"],"relics":["PureWater","HushsDoor","Chaos","PrismaticShard","Mango","GuppysCollar","Tiny House","Nunchaku"],"acts_visited":["Exordium","TheCity"],"potions_floor_usage":[27,27,27],"damage_taken":[{"damage":5.0,"enemies":"Small Slimes","floor":1.0,"turns":4.0},{"damage":6.0,"enemies":"Jaw Worm","floor":4.0,"turns":4.0},{"damage":3.0,"enemies":"2 Louse","floor":7.0,"turns":2.0},{"damage":0.0,"enemies":"Blue Slaver","floor":14.0,"turns":2.0},{"damage":0.0,"enemies":"The Guardian","floor":16.0,"turns":6.0},{"damage":7.0,"enemies":"Chosen","floor":18.0,"turns":4.0},{"damage":6.0,"enemies":"Shell Parasite","floor":19.0,"turns":4.0},{"damage":13.0,"enemies":"Chosen and Byrds","floor":21.0,"turns":6.0},{"damage":17.0,"enemies":"Gremlin Leader","floor":24.0,"turns":4.0},{"damage":41,"enemies":"Slavers","floor":27,"turns":3}],"seed_played":"-7056040223624042012","potions_obtained":[{"floor":1.0,"key":"SkillPotion"},{"floor":14.0,"key":"PowerPotion"},{"floor":16.0,"key":"Weak Potion"},{"floor":18.0,"key":"Regen Potion"},{"floor":21.0,"key":"Ambrosia"},{"floor":24.0,"key":"Slimebound:ThreeZeroPotion"}],"is_trial":false,"path_per_floor":["M","$","?","M","$","R","M","?","T","R","?","$","R","M","R","B",null,"M","M","?","M","?","R","E","R","T","E"],"character_chosen":"WATCHER","items_purchased":["Conclude","ClearTheMind","CrushJoints","GuppysCollar","Establishment","Apotheosis"],"campfire_rested":0,"item_purchase_floors":[5,12,12,17,17,17],"current_hp_per_floor":[67,67,67,61,61,61,58,58,58,58,58,58,58,58,58,58,65,58,52,52,39,39,39,37,37,37,5,5],"gold":419,"neow_bonus":"HUNDRED_GOLD","is_daily":false,"chose_seed":false,"campfire_upgraded":6,"win_rate":0.0,"timestamp":1610293426,"path_taken":["M","$","?","M","$","R","M","?","T","R","?","$","R","M","R","BOSS","M","M","?","?","?","R","E","R","T","E"],"items_purchased_type":["Card","Card","Card","Relic","Card","Card"],"build_version":"2020-12-22","purchased_purges":0,"victory":false,"max_hp_per_floor":[72,72,72,72,72,72,72,72,72,72,72,72,72,72,72,72,65,65,65,65,65,65,65,70,70,70,70,70],"card_choices":[{"not_picked":[],"picked":"BettingIsNotGood","floor":0.0},{"not_picked":["Evaluate","EmptyMind"],"picked":"BattleHymn","floor":1.0},{"not_picked":["EmptyBody","ClearTheMind"],"picked":"Tantrum","floor":4.0},{"not_picked":["Tantrum","WindmillStrike","CrushJoints"],"picked":"SKIP","floor":7.0},{"not_picked":["hexamod:GhostflameBarrier","hexamod:SpectralAdrenaline"],"picked":"Slimebound:RainOfGoop","floor":14.0},{"not_picked":["DevaForm","Metamorphosis"],"picked":"Seek","floor":16.0},{"not_picked":["champ:PreciseThrust","Sucker Punch","Slimebound:Gluttony+1"],"picked":"SKIP","floor":18.0},{"not_picked":["hexamod:Haunt","Collect","EmptyBody"],"picked":"SKIP","floor":19.0},{"not_picked":["champ:FaceSlap","Guardian:WalkerClaw+1","Slimebound:GrowthPunch"],"picked":"SKIP","floor":21.0}],"player_experience":710877,"relics_obtained":[{"floor":9.0,"key":"PrismaticShard"},{"floor":24.0,"key":"Tiny House"},{"floor":26.0,"key":"Nunchaku"}],"event_choices":[{"cards_removed":["Defend_P"],"damage_healed":0.0,"max_hp_gain":0.0,"max_hp_loss":0.0,"gold_gain":0.0,"event_name":"The Cleric","player_choice":"Card Removal","floor":3.0,"gold_loss":50.0,"damage_taken":0.0},{"damage_healed":0.0,"max_hp_gain":0.0,"max_hp_loss":0.0,"gold_gain":0.0,"cards_transformed":["Strike_P"],"event_name":"Living Wall","player_choice":"Change","floor":8.0,"gold_loss":0.0,"damage_taken":0.0,"cards_obtained":["DevaForm"]},{"damage_healed":0.0,"max_hp_gain":0.0,"max_hp_loss":0.0,"gold_gain":73.0,"event_name":"Golden Wing","player_choice":"Gained Gold","floor":11.0,"gold_loss":0.0,"damage_taken":0.0},{"damage_healed":0.0,"max_hp_gain":0.0,"max_hp_loss":0.0,"gold_gain":99.0,"event_name":"Nest","player_choice":"Stole From Cult","floor":20.0,"gold_loss":0.0,"damage_taken":0.0},{"cards_removed":["Strike_P"],"damage_healed":0.0,"max_hp_gain":0.0,"max_hp_loss":0.0,"gold_gain":0.0,"event_name":"Beggar","player_choice":"Gave Gold","floor":22.0,"gold_loss":75.0,"damage_taken":0.0}],"is_beta":false,"boss_relics":[{"not_picked":["Tiny Chest","Frozen Eye"],"picked":"Mango"},{"not_picked":[]}],"items_purged_floors":[],"is_endless":false,"potions_floor_spawned":[1,14,16,18,21],"killed_by":"Slavers","ascension_level":1}}