{"host":"mdbnki27vzqujy5q","time":1610254461,"event":{"mods":["BaseMod","Colored Powertips","Minty Spire (QoL Compilation)","Quick Restart"],"gold_per_floor":[114,114,289,289,239,269,269,269,296,296,330,345,376,391,391,487,487,506,517,527,3,78,78,113,113,113,133,143,159,159,186,186,283,283,302,316,330,125,125,150,24,54,54,54,66,8,8,8,8,8,8,8,8,42,42],"floor_reached":56,"playtime":4493,"items_purged":["Strike_P","Defend_P","Strike_P"],"score":1286,"play_id":"e1d7eea0-809f-4fef-a267-35d61c4aadf6","local_time":"20210109205421","is_ascension_mode":false,"campfire_choices":[{"floor":10.0,"key":"REST"},{"floor":15.0,"key":"REST"},{"data":"Consecrate","floor":23.0,"key":"SMITH"},{"data":"Eruption","floor":25.0,"key":"SMITH"},{"floor":30.0,"key":"REST"},{"data":"SignatureMove","floor":32.0,"key":"SMITH"},{"floor":47,"key":"REST"},{"floor":49,"key":"RECALL"},{"data":"Vigilance","floor":52,"key":"SMITH"}],"circlet_count":0,"master_deck":["Strike_P","Strike_P","Defend_P+1","Defend_P+1","Eruption+1","Vigilance+1","InnerPeace","FlurryOfBlows","FlurryOfBlows+1","Consecrate+1","SignatureMove+1","Swivel","Devotion+1","CurseOfTheBell","SashWhip+1","Study+1","FearNoEvil+1","Adaptation+1","TalkToTheHand+1","WheelKick+1","EmptyBody+1","TalkToTheHand+1","ClearTheMind+1","Halt+1","Consecrate+1","CarveReality+1","Brilliance+1","Crescendo+1","Indignation+1","FollowUp+1","Indignation+1","FollowUp+1","SashWhip+1","BattleHymn+1","FlurryOfBlows+1","Madness+1","Madness+1"],"relics":["HolyWater","Bronze Scales","Frozen Egg 2","Smiling Mask","Calling Bell","Anchor","The Courier","Gambling Chip","Membership Card","Molten Egg 2","Pantograph","Toxic Egg 2","InkBottle","Prayer Wheel","Bottled Tornado","Blood Vial","White Beast Statue","HornCleat","Lantern","Bottled Flame","Eternal Feather","Oddly Smooth Stone","Whetstone","FossilizedHelix"],"acts_visited":["Exordium","TheCity","TheBeyond","TheEnding"],"potions_floor_usage":[50,50,55,55],"damage_taken":[{"damage":14.0,"enemies":"2 Louse","floor":1.0,"turns":2.0},{"damage":24.0,"enemies":"Gremlin Nob","floor":6.0,"turns":5.0},{"damage":9.0,"enemies":"3 Sentries","floor":11.0,"turns":6.0},{"damage":0.0,"enemies":"Jaw Worm","floor":12.0,"turns":2.0},{"damage":12.0,"enemies":"Lagavulin","floor":13.0,"turns":4.0},{"damage":0.0,"enemies":"Small Slimes","floor":14.0,"turns":2.0},{"damage":28.0,"enemies":"Hexaghost","floor":16.0,"turns":6.0},{"damage":5.0,"enemies":"3 Byrds","floor":18.0,"turns":3.0},{"damage":7.0,"enemies":"Spheric Guardian","floor":19.0,"turns":3.0},{"damage":8.0,"enemies":"Snecko","floor":20.0,"turns":4.0},{"damage":0.0,"enemies":"Gremlin Leader","floor":24.0,"turns":5.0},{"damage":10.0,"enemies":"Chosen and Byrds","floor":27.0,"turns":4.0},{"damage":10.0,"enemies":"Sentry and Sphere","floor":28.0,"turns":3.0},{"damage":0.0,"enemies":"Snecko","floor":29.0,"turns":4.0},{"damage":0.0,"enemies":"Book of Stabbing","floor":31.0,"turns":5.0},{"damage":14.0,"enemies":"Collector","floor":33.0,"turns":5.0},{"damage":12.0,"enemies":"Orb Walker","floor":35.0,"turns":3.0},{"damage":25.0,"enemies":"3 Darklings","floor":36.0,"turns":3.0},{"damage":3.0,"enemies":"Spire Growth","floor":37.0,"turns":3.0},{"damage":11.0,"enemies":"Nemesis","floor":40.0,"turns":3.0},{"damage":39,"enemies":"Reptomancer","floor":42,"turns":4},{"damage":8,"enemies":"Sphere and 2 Shapes","floor":45,"turns":2},{"damage":60,"enemies":"Time Eater","floor":50,"turns":7},{"damage":35,"enemies":"Shield and Spear","floor":54,"turns":4},{"damage":73,"enemies":"The Heart","floor":55,"turns":8}],"seed_played":"7282912969798916093","potions_obtained":[{"floor":1.0,"key":"EntropicBrew"},{"floor":8.0,"key":"Energy Potion"},{"floor":8.0,"key":"ColorlessPotion"},{"floor":12.0,"key":"SkillPotion"},{"floor":13.0,"key":"DuplicationPotion"},{"floor":16.0,"key":"BottledMiracle"},{"floor":20.0,"key":"LiquidMemories"},{"floor":28.0,"key":"Energy Potion"},{"floor":33.0,"key":"FairyPotion"},{"floor":35.0,"key":"GamblersBrew"},{"floor":40.0,"key":"DuplicationPotion"},{"floor":42,"key":"ColorlessPotion"},{"floor":45,"key":"SkillPotion"},{"floor":54,"key":"Weak Potion"}],"is_trial":false,"path_per_floor":["M","?","?","?","?","E","?","?","T","R","E","M","E","M","R","B",null,"M","M","M","$","?","R","E","R","T","M","M","M","R","E","R","B",null,"M","M","M","$","?","E","$","E","T","?","M","$","R","?","R","B",null,"R","$","E","B",null],"character_chosen":"WATCHER","items_purchased":["Membership Card","Molten Egg 2","Pantograph","Toxic Egg 2","Adaptation+1","TalkToTheHand+1","Blood Vial","White Beast Statue","Lantern","BattleHymn+1","Whetstone"],"campfire_rested":4,"item_purchase_floors":[21,21,21,21,21,21,38,38,41,41,46],"current_hp_per_floor":[51,79,79,62,62,38,31,31,31,56,47,47,35,35,60,32,86,81,74,66,66,58,58,58,58,58,48,38,38,63,63,63,72,86,74,49,46,46,46,37,37,25,25,25,19,19,65,54,75,26,86,86,86,51,5],"gold":42,"neow_bonus":"TWENTY_PERCENT_HP_BONUS","is_daily":false,"chose_seed":false,"campfire_upgraded":4,"win_rate":0.0,"timestamp":1610254461,"path_taken":["M","?","?","?","?","E","?","?","T","R","E","M","E","M","R","BOSS","M","?","M","?","?","R","E","R","T","M","M","?","R","E","R","BOSS","M","M","?","$","?","E","$","E","T","?","?","?","R","?","R","BOSS","R","$","E","BOSS"],"items_purchased_type":["Relic","Relic","Relic","Relic","Card","Card","Relic","Relic","Relic","Card","Relic"],"build_version":"2020-12-22","purchased_purges":3,"victory":true,"max_hp_per_floor":[86,86,86,86,86,86,86,86,86,86,86,86,86,86,86,86,86,86,86,86,86,86,86,86,86,86,86,86,86,86,86,86,86,86,86,86,86,86,86,86,86,86,86,86,86,86,86,86,86,86,86,86,86,86,86],"card_choices":[{"not_picked":["Perseverance","WindmillStrike"],"picked":"InnerPeace","floor":1.0},{"not_picked":["Crescendo","FollowUp"],"picked":"FlurryOfBlows","floor":6.0},{"not_picked":["Prostrate","JustLucky"],"picked":"FlurryOfBlows","floor":11.0},{"not_picked":["Nirvana+1","PathToVictory"],"picked":"Consecrate","floor":12.0},{"not_picked":["Prostrate","CarveReality"],"picked":"SignatureMove","floor":13.0},{"not_picked":["Prostrate","Halt"],"picked":"Swivel","floor":14.0},{"not_picked":["Ragnarok","Scrawl"],"picked":"Devotion+1","floor":16.0},{"not_picked":["CarveReality+1","Crescendo+1"],"picked":"SashWhip+1","floor":18.0},{"not_picked":["CarveReality+1","PathToVictory+1"],"picked":"Study+1","floor":19.0},{"not_picked":["Protect","Pray"],"picked":"FearNoEvil","floor":20.0},{"not_picked":["ForeignInfluence+1","JustLucky+1"],"picked":"WheelKick+1","floor":24.0},{"not_picked":["PathToVictory+1","Meditate+1"],"picked":"EmptyBody+1","floor":27.0},{"not_picked":["Meditate+1","Swivel+1"],"picked":"TalkToTheHand+1","floor":27.0},{"not_picked":["EmptyMind+1","Fasting2+1"],"picked":"ClearTheMind+1","floor":28.0},{"not_picked":["Protect+1","DeceiveReality+1"],"picked":"Halt+1","floor":28.0},{"not_picked":["Evaluate+1","FlyingSleeves+1"],"picked":"Consecrate+1","floor":29.0},{"not_picked":["EmptyBody+1","Meditate+1","TalkToTheHand+1"],"picked":"SKIP","floor":29.0},{"not_picked":["InnerPeace+1","JustLucky+1"],"picked":"CarveReality+1","floor":31.0},{"not_picked":["Ragnarok+1","Vault+1"],"picked":"Brilliance+1","floor":33.0},{"not_picked":["BowlingBash+1","Consecrate+1"],"picked":"Crescendo+1","floor":35.0},{"not_picked":["ClearTheMind+1","EmptyBody+1"],"picked":"Indignation+1","floor":35.0},{"not_picked":["Prostrate+1","TalkToTheHand+1"],"picked":"FollowUp+1","floor":36.0},{"not_picked":["ThirdEye+1","Protect+1"],"picked":"Indignation+1","floor":36.0},{"not_picked":["WheelKick+1","SignatureMove+1"],"picked":"FollowUp+1","floor":37.0},{"not_picked":["ThirdEye+1","WindmillStrike+1","Prostrate+1"],"picked":"SKIP","floor":37.0},{"not_picked":["Brilliance+1","Protect+1"],"picked":"SashWhip+1","floor":40.0},{"not_picked":["InnerPeace+1","Crescendo+1","SignatureMove+1"],"picked":"SKIP","floor":42},{"not_picked":["CutThroughFate+1","JustLucky+1"],"picked":"FlurryOfBlows+1","floor":45},{"not_picked":["SashWhip+1","Crescendo+1","CrushJoints+1"],"picked":"SKIP","floor":45},{"not_picked":["Collect+1","BowlingBash+1","CutThroughFate+1"],"picked":"SKIP","floor":54}],"player_experience":48804,"relics_obtained":[{"floor":6.0,"key":"Bronze Scales"},{"floor":11.0,"key":"Frozen Egg 2"},{"floor":13.0,"key":"Smiling Mask"},{"floor":17.0,"key":"Anchor"},{"floor":17.0,"key":"The Courier"},{"floor":17.0,"key":"Gambling Chip"},{"floor":24.0,"key":"InkBottle"},{"floor":26.0,"key":"Prayer Wheel"},{"floor":31.0,"key":"Bottled Tornado"},{"floor":40.0,"key":"HornCleat"},{"floor":42,"key":"Bottled Flame"},{"floor":43,"key":"Eternal Feather"},{"floor":54,"key":"FossilizedHelix"}],"event_choices":[{"damage_healed":28.0,"max_hp_gain":0.0,"max_hp_loss":0.0,"gold_gain":0.0,"event_name":"Big Fish","player_choice":"Banana","floor":2.0,"gold_loss":0.0,"damage_taken":0.0},{"damage_healed":0.0,"max_hp_gain":0.0,"max_hp_loss":0.0,"gold_gain":175.0,"event_name":"Liars Game","player_choice":"AGREE","floor":3.0,"gold_loss":0.0,"damage_taken":0.0,"cards_obtained":["Doubt"]},{"damage_healed":0.0,"max_hp_gain":0.0,"max_hp_loss":0.0,"gold_gain":0.0,"event_name":"Shining Light","player_choice":"Entered Light","floor":4.0,"gold_loss":0.0,"damage_taken":17.0,"cards_upgraded":["Defend_P","Defend_P"]},{"cards_removed":["Doubt"],"damage_healed":0.0,"max_hp_gain":0.0,"max_hp_loss":0.0,"gold_gain":0.0,"event_name":"The Cleric","player_choice":"Card Removal","floor":5.0,"gold_loss":50.0,"damage_taken":0.0},{"cards_removed":["Defend_P"],"damage_healed":0.0,"max_hp_gain":0.0,"max_hp_loss":0.0,"gold_gain":0.0,"event_name":"Golden Wing","player_choice":"Card Removal","floor":7.0,"gold_loss":0.0,"damage_taken":7.0},{"damage_healed":0.0,"max_hp_gain":0.0,"max_hp_loss":0.0,"gold_gain":0.0,"event_name":"Lab","player_choice":"Got Potions","floor":8.0,"gold_loss":0.0,"damage_taken":0.0},{"damage_healed":0.0,"max_hp_gain":0.0,"max_hp_loss":0.0,"gold_gain":75.0,"event_name":"FaceTrader","player_choice":"Touch","floor":22.0,"gold_loss":0.0,"damage_taken":8.0},{"damage_healed":0.0,"max_hp_gain":0.0,"max_hp_loss":0.0,"gold_gain":0.0,"event_name":"Tomb of Lord Red Mask","player_choice":"Ignored","floor":39.0,"gold_loss":0.0,"damage_taken":0.0},{"damage_healed":0,"gold_gain":0,"player_choice":"Gave Potion","damage_taken":0,"relics_obtained":["Oddly Smooth Stone"],"max_hp_gain":0,"max_hp_loss":0,"event_name":"WeMeetAgain","floor":44,"gold_loss":0},{"damage_healed":0,"gold_gain":0,"player_choice":"Embrace Madness","damage_taken":11,"max_hp_gain":0,"max_hp_loss":0,"event_name":"Winding Halls","floor":48,"gold_loss":0,"cards_obtained":["Madness","Madness"]}],"is_beta":false,"boss_relics":[{"not_picked":["Philosopher\u0027s Stone","Velvet Choker"],"picked":"Calling Bell"},{"not_picked":["Black Star","Runic Pyramid"],"picked":"HolyWater"}],"items_purged_floors":[21,38,41],"is_endless":false,"potions_floor_spawned":[1,12,13,14,16,19,20,28,33,35,40,42,45,54],"ascension_level":0}}