{"host":"61pxv8qo5t6mwz68","time":1610241268,"event":{"mods":["BaseMod","Block Reminder","Colored Map","Highlight Path","Minty Spire (QoL Compilation)","Permanent Neow"],"gold_per_floor":[111,31,0,10,10,10,46,46,46,46,84,84,125,2,2,127,127,151,176,129,147,7,38,52,87,87,126,41,56,56,96,96,220,220,239,253,269,282,301,335,391,406,431,431,466,466,499,499,499,499],"floor_reached":51,"playtime":2462,"items_purged":["Injury"],"score":1126,"play_id":"fb440d88-e845-4581-a757-f92b09555a34","local_time":"20210109201428","is_ascension_mode":true,"campfire_choices":[{"data":"Heavy Blade","floor":6,"key":"SMITH"},{"data":"Inflame","floor":8,"key":"SMITH"},{"floor":10,"key":"REST"},{"floor":15,"key":"DIG"},{"floor":30,"key":"REST"},{"floor":32,"key":"REST"},{"floor":44,"key":"REST"},{"data":"Brutality","floor":46,"key":"SMITH"},{"floor":49,"key":"REST"}],"circlet_count":0,"master_deck":["Strike_R","Strike_R","Strike_R","Strike_R","Strike_R","Defend_R","Defend_R","Defend_R","Defend_R","Bash","Heavy Blade+1","Inflame+1","Clash","Clash","Flex","Flex","Brutality+1","Perfected Strike+1","Perfected Strike+1","Perfected Strike","Dark Shackles","Pommel Strike","Demon Form","Shockwave+1","Uppercut","Flex","Rupture","Perfected Strike","Berserk","Pommel Strike+1","Perfected Strike","Rage","Perfected Strike","Pommel Strike","Twin Strike+1","Rage+1","Inflame+1","Trip","Brutality"],"relics":["SlaversCollar","Golden Idol","Omamori","FossilizedHelix","Lizard Tail","Shovel","TungstenRod","Darkstone Periapt","Calling Bell","Bronze Scales","Mummified Hand","Charon\u0027s Ashes","MealTicket","Paper Frog","Anchor","Ornamental Fan","Matryoshka","Lantern","Cursed Key","WingedGreaves","Mango","Strawberry","Dream Catcher","Letter Opener","Bottled Tornado"],"acts_visited":["Exordium","TheCity","TheBeyond"],"potions_floor_usage":[16,23,33,33,40,40,42],"damage_taken":[{"damage":1,"enemies":"Cultist","floor":1,"turns":3},{"damage":8,"enemies":"2 Louse","floor":4,"turns":2},{"damage":16,"enemies":"Lagavulin","floor":7,"turns":5},{"damage":0,"enemies":"Gremlin Nob","floor":11,"turns":3},{"damage":8,"enemies":"Lagavulin","floor":13,"turns":5},{"damage":31,"enemies":"Hexaghost","floor":16,"turns":7},{"damage":16,"enemies":"3 Byrds","floor":18,"turns":4},{"damage":4,"enemies":"Chosen","floor":19,"turns":3},{"damage":0,"enemies":"Sentry and Sphere","floor":21,"turns":3},{"damage":6,"enemies":"Book of Stabbing","floor":23,"turns":4},{"damage":16,"enemies":"Cultist and Chosen","floor":24,"turns":5},{"damage":8,"enemies":"Slavers","floor":25,"turns":4},{"damage":0,"enemies":"Book of Stabbing","floor":27,"turns":3},{"damage":11,"enemies":"3 Cultists","floor":29,"turns":5},{"damage":6,"enemies":"Slavers","floor":31,"turns":3},{"damage":4,"enemies":"Automaton","floor":33,"turns":6},{"damage":0,"enemies":"Orb Walker","floor":35,"turns":2},{"damage":21,"enemies":"3 Darklings","floor":36,"turns":4},{"damage":0,"enemies":"Transient","floor":37,"turns":5},{"damage":21,"enemies":"Jaw Worm Horde","floor":38,"turns":3},{"damage":4,"enemies":"4 Shapes","floor":39,"turns":5},{"damage":0,"enemies":"Giant Head","floor":40,"turns":5},{"damage":0,"enemies":"2 Orb Walkers","floor":41,"turns":2},{"damage":0,"enemies":"Transient","floor":42,"turns":5},{"damage":0,"enemies":"Nemesis","floor":45,"turns":3},{"damage":24,"enemies":"Reptomancer","floor":47,"turns":4},{"damage":46,"enemies":"Time Eater","floor":50,"turns":6}],"seed_played":"1755220626426581105","potions_obtained":[{"floor":11,"key":"Fruit Juice"},{"floor":16,"key":"Weak Potion"},{"floor":18,"key":"Weak Potion"},{"floor":25,"key":"Fire Potion"},{"floor":31,"key":"Energy Potion"},{"floor":33,"key":"ColorlessPotion"},{"floor":37,"key":"LiquidBronze"},{"floor":40,"key":"BloodPotion"}],"is_trial":false,"path_per_floor":["M","$","?","M","?","R","E","R","T","R","E","T","E","$","R","B",null,"M","M","$","M","$","E","M","E","T","E","?","M","R","E","R","B",null,"M","M","M","M","M","E","?","M","T","R","E","R","E","?","R","B",null],"character_chosen":"IRONCLAD","items_purchased":["Inflame","Flex","Perfected Strike","Dark Shackles","Pommel Strike"],"campfire_rested":5,"item_purchase_floors":[2,14,20,22,22],"current_hp_per_floor":[79,79,79,71,71,71,55,55,55,79,79,79,71,71,71,45,85,69,65,65,65,65,59,43,35,35,35,35,24,49,43,68,64,85,85,64,64,43,39,39,53,53,60,91,91,91,67,67,98,52],"gold":499,"neow_bonus":"BOSS_RELIC","is_daily":false,"chose_seed":false,"campfire_upgraded":3,"win_rate":0.0,"timestamp":1610241268,"path_taken":["M","$","?","M","?","R","E","R","T","R","E","?","E","?","R","BOSS","M","M","$","M","$","E","M","E","T","E","?","M","R","E","R","BOSS","M","M","M","M","M","E","?","M","T","R","E","R","E","?","R","BOSS"],"items_purchased_type":["Card","Card","Card","Card","Card"],"build_version":"2020-12-22","purchased_purges":1,"victory":true,"max_hp_per_floor":[80,80,80,80,80,80,80,80,80,80,80,80,80,80,80,85,85,85,85,85,85,85,85,85,85,85,85,85,85,85,85,85,85,85,85,85,85,85,85,85,99,99,106,106,106,106,106,106,106,106],"card_choices":[{"not_picked":["Thunderclap","Sword Boomerang"],"picked":"Heavy Blade","floor":1},{"not_picked":["Sentinel","Havoc"],"picked":"Clash","floor":4},{"not_picked":["Thunderclap","Armaments","Rage"],"picked":"SKIP","floor":7},{"not_picked":["True Grit","Bloodletting"],"picked":"Clash","floor":11},{"not_picked":["Perfected Strike","Rampage"],"picked":"Flex","floor":13},{"not_picked":["Bludgeon","Offering"],"picked":"Brutality","floor":16},{"not_picked":["Searing Blow","Dropkick"],"picked":"Perfected Strike+1","floor":18},{"not_picked":["Sever Soul+1","Entrench"],"picked":"Perfected Strike+1","floor":19},{"not_picked":["Havoc","Clothesline","Iron Wave+1"],"picked":"SKIP","floor":21},{"not_picked":["Inflame","Perfected Strike"],"picked":"Demon Form","floor":23},{"not_picked":["Dark Embrace","True Grit"],"picked":"Shockwave+1","floor":24},{"not_picked":["Dark Embrace","Second Wind"],"picked":"Uppercut","floor":25},{"not_picked":["Armaments","Body Slam"],"picked":"Flex","floor":27},{"not_picked":["Cleave","True Grit"],"picked":"Rupture","floor":29},{"not_picked":["Cleave+1","Shockwave"],"picked":"Perfected Strike","floor":31},{"not_picked":["Reaper","Brutality"],"picked":"Berserk","floor":33},{"not_picked":["Spot Weakness","Iron Wave"],"picked":"Pommel Strike+1","floor":35},{"not_picked":["Havoc+1","Whirlwind+1"],"picked":"Perfected Strike","floor":36},{"not_picked":["Cleave","Pummel"],"picked":"Rage","floor":37},{"not_picked":["Anger+1","Headbutt","Havoc+1"],"picked":"SKIP","floor":38},{"not_picked":["Dark Embrace","Havoc","Dual Wield+1"],"picked":"SKIP","floor":39},{"not_picked":["Barricade","Anger"],"picked":"Perfected Strike","floor":40},{"not_picked":["Disarm","Twin Strike"],"picked":"Pommel Strike","floor":41},{"not_picked":["Evolve+1","Anger"],"picked":"Twin Strike+1","floor":42},{"not_picked":["Headbutt+1","Feel No Pain"],"picked":"Rage+1","floor":44},{"not_picked":["Twin Strike+1","Seeing Red+1"],"picked":"Inflame+1","floor":45},{"not_picked":["Rampage","Carnage","Armaments+1"],"picked":"SKIP","floor":47},{"not_picked":["Jack Of All Trades","Forethought"],"picked":"Trip","floor":48},{"not_picked":["Iron Wave","Anger+1"],"picked":"Brutality","floor":49}],"player_experience":36334,"relics_obtained":[{"floor":7,"key":"Omamori"},{"floor":9,"key":"FossilizedHelix"},{"floor":11,"key":"Lizard Tail"},{"floor":12,"key":"Shovel"},{"floor":13,"key":"TungstenRod"},{"floor":15,"key":"Darkstone Periapt"},{"floor":17,"key":"Bronze Scales"},{"floor":17,"key":"Mummified Hand"},{"floor":17,"key":"Charon\u0027s Ashes"},{"floor":23,"key":"MealTicket"},{"floor":25,"key":"Paper Frog"},{"floor":26,"key":"Anchor"},{"floor":27,"key":"Ornamental Fan"},{"floor":31,"key":"Lantern"},{"floor":40,"key":"WingedGreaves"},{"floor":41,"key":"Mango"},{"floor":43,"key":"Strawberry"},{"floor":43,"key":"Dream Catcher"},{"floor":45,"key":"Letter Opener"},{"floor":47,"key":"Bottled Tornado"}],"event_choices":[{"damage_healed":0,"gold_gain":0,"player_choice":"Left Gold","damage_taken":0,"max_hp_gain":0,"max_hp_loss":0,"event_name":"World of Goop","floor":3,"gold_loss":31},{"damage_healed":0,"gold_gain":0,"player_choice":"Take Wound","damage_taken":0,"relics_obtained":["Golden Idol"],"max_hp_gain":0,"max_hp_loss":0,"event_name":"Golden Idol","floor":5,"gold_loss":0,"cards_obtained":["Injury"]},{"damage_healed":0,"gold_gain":0,"player_choice":"Obtained Relic","damage_taken":0,"relics_obtained":["Matryoshka"],"max_hp_gain":0,"max_hp_loss":0,"event_name":"Addict","floor":28,"gold_loss":85},{"damage_healed":0,"gold_gain":0,"player_choice":"Fight","damage_taken":0,"max_hp_gain":0,"max_hp_loss":0,"event_name":"Mysterious Sphere","floor":41,"gold_loss":0},{"damage_healed":0,"gold_gain":0,"player_choice":"Memory 1","damage_taken":0,"max_hp_gain":0,"max_hp_loss":0,"event_name":"SensoryStone","floor":48,"gold_loss":0}],"is_beta":false,"boss_relics":[{"not_picked":["SacredBark","Busted Crown"],"picked":"Calling Bell"},{"not_picked":["Sozu","Tiny House"],"picked":"Cursed Key"}],"items_purged_floors":[14],"is_endless":false,"potions_floor_spawned":[11,16,18,25,31,33,37,39,40],"ascension_level":1}}