{"host":"Connor","time":1610252368,"event":{"mods":["Aspiration","BaseMod","Downfall","Hubris","Marisa????????","Minty Spire (QoL Compilation)","Replay The Spire","StSLib","The Cursed","The Jungle","The Servant 0.9.4"],"gold_per_floor":[114,114,114,39,214,244,244,320,320,320,355,420,481,8,8,129,129,194,239,239],"floor_reached":19,"playtime":934,"items_purged":["Looming Evil"],"score":379,"play_id":"fa3bf462-c889-4d74-b5a3-30a2955d5ec5","local_time":"20210109201928","is_ascension_mode":true,"campfire_choices":[{"floor":7,"key":"RECALL"},{"data":"Crippling Poison","floor":10,"key":"SMITH"},{"data":"Neutralize","floor":15,"key":"SMITH"}],"circlet_count":0,"master_deck":["AscendersBane","Strike_G","Strike_G","Strike_G","Strike_G","Strike_G","Defend_G","Defend_G","Defend_G","Defend_G","Defend_G","Survivor","Neutralize+1","Dodge and Roll","Doubt","Crippling Poison+1","Die Die Die","ReplayTheSpireMod:Splinters","Poisoned Stab","Dagger Throw","Calculated Gamble","Cloak And Dagger","After Image","Blade Dance"],"relics":["Ring of the Snake","NeowsBlessing","Ring of Hypnosis","ReplayTheSpireMod:Ring of Challenge","Sundial","Turnip","Incense Burner","Lee\u0027s Waffle","Replay:Mystery Machine","Fusion Hammer"],"acts_visited":["Exordium","TheCity"],"potions_floor_usage":[16,16],"damage_taken":[{"damage":0,"enemies":"Small Slimes","floor":1,"turns":1},{"damage":0,"enemies":"Gremlin Nob","floor":6,"turns":1},{"damage":0,"enemies":"3 Sentries","floor":8,"turns":6},{"damage":15,"enemies":"2 Louse","floor":12,"turns":5},{"damage":13,"enemies":"Cultist","floor":13,"turns":5},{"damage":39,"enemies":"Fading Forest","floor":16,"turns":11},{"damage":39,"enemies":"3 Byrds","floor":18,"turns":31},{"damage":45,"enemies":"Chosen","floor":19,"turns":8}],"seed_played":"6978258750390794958","potions_obtained":[{"floor":1,"key":"LifebloodPotion"},{"floor":11,"key":"SpeedPotion"},{"floor":11,"key":"hexamod:EctoCoolerPotion"},{"floor":18,"key":"Energy Potion"}],"is_trial":false,"path_per_floor":["M","?","?","$","?","E","R","E","T","R","?","M","M","$","R","B",null,"M","M"],"character_chosen":"THE_SILENT","items_purchased":["Incense Burner","Lee\u0027s Waffle","Cloak And Dagger"],"campfire_rested":0,"item_purchase_floors":[14,14,14],"current_hp_per_floor":[59,59,64,64,64,64,64,64,64,64,64,49,36,78,78,39,68,29,0,0],"gold":239,"neow_bonus":"THREE_ENEMY_KILL","is_daily":false,"chose_seed":false,"campfire_upgraded":2,"win_rate":0.0,"timestamp":1610252368,"path_taken":["M","?","?","$","?","E","R","E","T","R","?","M","M","$","R","BOSS","M","M"],"items_purchased_type":["Relic","Relic","Card"],"build_version":"2020-12-18","purchased_purges":1,"victory":false,"max_hp_per_floor":[66,66,71,71,71,71,71,71,71,71,71,71,71,78,78,78,78,78,78,78],"card_choices":[{"not_picked":["Terror","Outmaneuver"],"picked":"Dodge and Roll","floor":1},{"not_picked":["hubris:SlightOfHand","Dagger Throw"],"picked":"Crippling Poison","floor":6},{"not_picked":["hubris:SlightOfHand","Blur"],"picked":"Die Die Die","floor":8},{"not_picked":["hubris:SlightOfHand","Prepared"],"picked":"Poisoned Stab","floor":11},{"not_picked":["Eviscerate","ReplayTheSpireMod:Exploit Weakness"],"picked":"Dagger Throw","floor":12},{"not_picked":["Underhanded Strike","Poisoned Stab"],"picked":"Calculated Gamble","floor":13},{"not_picked":["Doppelganger","Storm of Steel"],"picked":"After Image","floor":16},{"not_picked":["Prepared","Bane"],"picked":"Blade Dance","floor":18}],"player_experience":580501,"relics_obtained":[{"floor":2,"key":"Ring of Hypnosis"},{"floor":2,"key":"ReplayTheSpireMod:Ring of Challenge"},{"floor":6,"key":"Sundial"},{"floor":8,"key":"Turnip"},{"floor":16,"key":"Replay:Mystery Machine"}],"event_choices":[{"damage_healed":0,"gold_gain":0,"player_choice":"Donut","damage_taken":0,"max_hp_gain":5,"max_hp_loss":0,"event_name":"Big Fish","floor":3,"gold_loss":0},{"damage_healed":0,"gold_gain":175,"player_choice":"AGREE","damage_taken":0,"max_hp_gain":0,"max_hp_loss":0,"event_name":"Liars Game","floor":5,"gold_loss":0,"cards_obtained":["Doubt"]}],"is_beta":true,"boss_relics":[{"not_picked":["Ring of the Serpent","hubris:Stopwatch"],"picked":"Fusion Hammer"}],"items_purged_floors":[4],"is_endless":false,"potions_floor_spawned":[1,13,18],"killed_by":"Chosen","ascension_level":14}}