{"host":"5x08nt64u3vxxcfi","time":1610270166,"event":{"mods":["BaseMod","Minty Spire (QoL Compilation)","StSLib","SuperFastMode"],"gold_per_floor":[365,65,81,108,125,153,163,163,163,11,43,43,43,58,58,178,178,192,192,11,27,48,48,74,74,126,142,17,52,65,86,86,206,206,227,227,207,59,75,75,118,84,84,104,125,143,143,158,158,158],"floor_reached":51,"playtime":1143,"items_purged":["Strike_G","Strike_G","Strike_G"],"score":1509,"play_id":"27cdcf5d-d63b-4fe4-baad-86082b534703","local_time":"20210110181606","is_ascension_mode":true,"campfire_choices":[{"data":"1","floor":12.0,"key":"LIFT"},{"data":"2","floor":15.0,"key":"LIFT"},{"data":"3","floor":23,"key":"LIFT"},{"data":"Blade Dance","floor":25,"key":"SMITH"},{"floor":32,"key":"REST"},{"data":"After Image","floor":40,"key":"SMITH"},{"floor":47,"key":"REST"},{"floor":49,"key":"REST"}],"circlet_count":0,"master_deck":["AscendersBane","Strike_G+1","Defend_G","Defend_G","Defend_G","Defend_G","Defend_G","Survivor+1","Neutralize+1","Poisoned Stab","Blade Dance+1","Blur","Quick Slash","Cloak And Dagger","Dagger Spray+1","Infinite Blades","Dodge and Roll","Leg Sweep+1","Corpse Explosion","Flying Knee+1","Infinite Blades","Choke","Prepared+1","Cloak And Dagger","After Image+1","Blade Dance","Adrenaline","CurseOfTheBell","Blade Dance","Escape Plan+1","Reflex+1","Riddle With Holes","Accuracy+1","Adrenaline","Backflip+1","Terror"],"relics":["Ring of the Snake","Shuriken","Bag of Marbles","Boot","Girya","Ancient Tea Set","Golden Idol","Sozu","Nunchaku","Whetstone","War Paint","Calling Bell","Oddly Smooth Stone","Pantograph","Turnip","PreservedInsect","Pear","Meat on the Bone"],"acts_visited":["Exordium","TheCity","TheBeyond","TheBeyond"],"potions_floor_usage":[33,45],"damage_taken":[{"damage":2.0,"enemies":"Cultist","floor":1.0,"turns":4.0},{"damage":1.0,"enemies":"2 Louse","floor":3.0,"turns":2.0},{"damage":0.0,"enemies":"Small Slimes","floor":5.0,"turns":2.0},{"damage":21.0,"enemies":"Gremlin Nob","floor":6.0,"turns":4.0},{"damage":2.0,"enemies":"Looter","floor":7.0,"turns":3.0},{"damage":14.0,"enemies":"3 Sentries","floor":11.0,"turns":4.0},{"damage":1.0,"enemies":"Exordium Thugs","floor":14.0,"turns":2.0},{"damage":3.0,"enemies":"Hexaghost","floor":16.0,"turns":6.0},{"damage":7.0,"enemies":"2 Thieves","floor":18.0,"turns":4.0},{"damage":0,"enemies":"Chosen","floor":21,"turns":3},{"damage":10,"enemies":"3 Cultists","floor":22,"turns":4},{"damage":0,"enemies":"Snecko","floor":27,"turns":2},{"damage":3,"enemies":"Gremlin Leader","floor":29,"turns":6},{"damage":0,"enemies":"Centurion and Healer","floor":30,"turns":2},{"damage":15,"enemies":"Snake Plant","floor":31,"turns":3},{"damage":29,"enemies":"Automaton","floor":33,"turns":7},{"damage":0,"enemies":"Orb Walker","floor":35,"turns":3},{"damage":11,"enemies":"3 Shapes","floor":39,"turns":4},{"damage":0,"enemies":"Giant Head","floor":41,"turns":5},{"damage":19,"enemies":"Spire Growth","floor":44,"turns":5},{"damage":28,"enemies":"Maw","floor":45,"turns":7},{"damage":5,"enemies":"Writhing Mass","floor":46,"turns":5},{"damage":0,"enemies":"Spire Growth","floor":48,"turns":4},{"damage":17,"enemies":"Donu and Deca","floor":50,"turns":5}],"seed_played":"2492643672375239818","potions_obtained":[{"floor":5.0,"key":"GamblersBrew"},{"floor":6.0,"key":"SneckoOil"},{"floor":14.0,"key":"Dexterity Potion"}],"is_trial":false,"path_per_floor":["M","$","M","T","M","E","M","?","T","$","E","R","?","M","R","B",null,"M","?","$","M","M","R","T","R","T","M","$","E","M","M","R","B",null,"M","?","?","$","M","R","E","$","T","M","M","M","R","M","R","B",null],"character_chosen":"THE_SILENT","items_purchased":["Shuriken","Blade Dance","Infinite Blades","Infinite Blades","PreservedInsect","Riddle With Holes"],"campfire_rested":3,"item_purchase_floors":[2,2,10,20,38,42],"current_hp_per_floor":[61,61,60,60,60,39,37,37,37,37,23,23,23,22,22,19,48,41,41,41,41,31,31,31,31,31,31,31,28,28,13,30,1,55,55,55,55,55,44,44,54,54,54,35,19,26,46,46,66,51],"gold":158,"neow_bonus":"TWO_FIFTY_GOLD","is_daily":false,"chose_seed":false,"campfire_upgraded":2,"win_rate":0.0,"timestamp":1610270166,"path_taken":["M","?","?","?","M","E","M","?","T","$","E","R","?","M","R","BOSS","M","?","$","M","M","R","?","R","T","M","$","E","?","M","R","BOSS","M","?","?","$","M","R","E","$","T","M","M","?","R","?","R","BOSS"],"items_purchased_type":["Relic","Card","Card","Card","Relic","Card"],"build_version":"2020-12-22","purchased_purges":3,"victory":true,"max_hp_per_floor":[63,63,63,63,63,63,63,63,63,63,63,63,58,58,58,58,58,58,58,58,58,58,58,58,58,58,58,58,58,58,58,58,58,58,58,58,58,58,58,58,68,68,68,68,68,68,68,68,68,68],"card_choices":[{"not_picked":["Quick Slash","Riddle With Holes"],"picked":"Poisoned Stab","floor":1.0},{"not_picked":["Dodge and Roll","Concentrate"],"picked":"Blur","floor":3.0},{"not_picked":["Deadly Poison","Flying Knee"],"picked":"Quick Slash","floor":5.0},{"not_picked":["Concentrate","Sucker Punch"],"picked":"Cloak And Dagger","floor":6.0},{"not_picked":["Underhanded Strike","Acrobatics"],"picked":"Dagger Spray","floor":7.0},{"not_picked":["Catalyst","Venomology"],"picked":"Dodge and Roll","floor":11.0},{"not_picked":["Slice","All Out Attack"],"picked":"Leg Sweep","floor":14.0},{"not_picked":["Glass Knife","Venomology"],"picked":"Corpse Explosion","floor":16.0},{"not_picked":["Deadly Poison","Underhanded Strike"],"picked":"Flying Knee+1","floor":18.0},{"not_picked":["Bouncing Flask+1","Dodge and Roll+1"],"picked":"Choke","floor":21},{"not_picked":["Riddle With Holes","Outmaneuver","Flying Knee+1"],"picked":"SKIP","floor":22},{"not_picked":["Dash+1","Choke"],"picked":"Prepared+1","floor":27},{"not_picked":["Acrobatics","Flechettes+1"],"picked":"Cloak And Dagger","floor":29},{"not_picked":["Dagger Throw","Sucker Punch+1"],"picked":"After Image","floor":30},{"not_picked":["Calculated Gamble","Masterful Stab"],"picked":"Blade Dance","floor":31},{"not_picked":["Wraith Form v2","Glass Knife"],"picked":"Adrenaline","floor":33},{"not_picked":["Dodge and Roll","Acrobatics+1"],"picked":"Blade Dance","floor":35},{"not_picked":["Dagger Throw+1","Quick Slash+1"],"picked":"Escape Plan+1","floor":39},{"not_picked":["Heel Hook+1","Dagger Throw+1"],"picked":"Reflex+1","floor":41},{"not_picked":["Caltrops+1","Deflect+1"],"picked":"Accuracy+1","floor":44},{"not_picked":["Dodge and Roll+1","Prepared"],"picked":"Adrenaline","floor":45},{"not_picked":["Bane","Prepared"],"picked":"Backflip+1","floor":46},{"not_picked":["Prepared+1","Blade Dance"],"picked":"Terror","floor":48}],"player_experience":85538,"relics_obtained":[{"floor":4.0,"key":"Bag of Marbles"},{"floor":6.0,"key":"Boot"},{"floor":9.0,"key":"Girya"},{"floor":11.0,"key":"Ancient Tea Set"},{"floor":24,"key":"Nunchaku"},{"floor":26,"key":"Whetstone"},{"floor":29,"key":"War Paint"},{"floor":34,"key":"Oddly Smooth Stone"},{"floor":34,"key":"Pantograph"},{"floor":34,"key":"Turnip"},{"floor":41,"key":"Pear"},{"floor":43,"key":"Meat on the Bone"}],"event_choices":[{"damage_healed":0.0,"max_hp_gain":0.0,"max_hp_loss":0.0,"gold_gain":0.0,"event_name":"Living Wall","player_choice":"Grow","floor":8.0,"gold_loss":0.0,"damage_taken":0.0,"cards_upgraded":["Neutralize"]},{"damage_healed":0.0,"max_hp_gain":0.0,"max_hp_loss":5.0,"gold_gain":0.0,"event_name":"Golden Idol","player_choice":"Lose Max HP","floor":13.0,"gold_loss":0.0,"damage_taken":0.0,"relics_obtained":["Golden Idol"]},{"damage_healed":0,"gold_gain":0,"player_choice":"Ignored","damage_taken":0,"max_hp_gain":0,"max_hp_loss":0,"event_name":"Cursed Tome","floor":19,"gold_loss":0},{"cards_removed":["Strike_G"],"damage_healed":0,"gold_gain":0,"player_choice":"Removed Attack","damage_taken":0,"max_hp_gain":0,"max_hp_loss":0,"event_name":"Falling","floor":36,"gold_loss":0},{"damage_healed":0,"gold_gain":0,"player_choice":"Bought 1 Potion","damage_taken":0,"max_hp_gain":0,"max_hp_loss":0,"event_name":"The Woman in Blue","floor":37,"gold_loss":0}],"is_beta":false,"boss_relics":[{"not_picked":["Ectoplasm","Fusion Hammer"],"picked":"Sozu"},{"not_picked":["SacredBark","Runic Dome"],"picked":"Calling Bell"}],"items_purged_floors":[10,20,28],"is_endless":false,"potions_floor_spawned":[5,6,14,21,22,31,35,41,46],"ascension_level":11}}