{"host":"jnjxzd6rarbui4j8","time":1610256052,"event":{"mods":["AchievementEnabler","BaseMod","Colored Map","Highlight Path","Minty Spire (QoL Compilation)","Relic Stats","StSLib"],"gold_per_floor":[361,361,23,35,51,51,92,92,117,137,162,162,186,209,209,295,295,317,338,338,338],"floor_reached":20,"playtime":3147,"items_purged":[],"score":372,"play_id":"c1b75bb2-e02a-468c-8782-f97e303082a3","local_time":"20210110002052","is_ascension_mode":true,"campfire_choices":[{"data":"Poisoned Stab","floor":6.0,"key":"SMITH"},{"data":"Burst","floor":8.0,"key":"SMITH"},{"floor":12.0,"key":"REST"},{"data":"Deadly Poison","floor":15.0,"key":"SMITH"}],"circlet_count":0,"master_deck":["AscendersBane","Strike_G","Strike_G","Strike_G","Strike_G","Defend_G","Defend_G","Defend_G","Defend_G","Defend_G","Survivor","Neutralize","Sucker Punch","Venomology","Dagger Throw","Poisoned Stab+1","Calculated Gamble","Burst+1","Terror","Acrobatics","Deadly Poison+1","Malaise","Noxious Fumes","Reflex"],"relics":["Ring of the Snake","Oddly Smooth Stone","CeramicFish","Ancient Tea Set","Pantograph","Runic Dome"],"acts_visited":["Exordium","TheCity"],"potions_floor_usage":[18,18,18,19,19,20,20,20],"damage_taken":[{"damage":0.0,"enemies":"2 Louse","floor":1.0,"turns":4.0},{"damage":0.0,"enemies":"Cultist","floor":4.0,"turns":4.0},{"damage":6.0,"enemies":"Small Slimes","floor":5.0,"turns":4.0},{"damage":5.0,"enemies":"Gremlin Nob","floor":7.0,"turns":3.0},{"damage":0.0,"enemies":"2 Fungi Beasts","floor":10.0,"turns":4.0},{"damage":27.0,"enemies":"3 Sentries","floor":11.0,"turns":9.0},{"damage":1.0,"enemies":"Blue Slaver","floor":13.0,"turns":4.0},{"damage":0.0,"enemies":"Red Slaver","floor":14.0,"turns":2.0},{"damage":21.0,"enemies":"The Guardian","floor":16.0,"turns":8.0},{"damage":28,"enemies":"2 Thieves","floor":18,"turns":4},{"damage":8,"enemies":"Chosen","floor":19,"turns":4},{"damage":21,"enemies":"Shelled Parasite and Fungi","floor":20,"turns":2}],"seed_played":"-7096587487855626932","potions_obtained":[{"floor":7.0,"key":"Swift Potion"},{"floor":11.0,"key":"BlessingOfTheForge"}],"is_trial":false,"path_per_floor":["M","?","$","M","M","R","E","R","T","M","E","R","M","M","R","B",null,"M","M","M"],"character_chosen":"THE_SILENT","items_purchased":["Venomology","Dagger Throw","Oddly Smooth Stone"],"campfire_rested":1,"item_purchase_floors":[3,3,3],"current_hp_per_floor":[44,44,44,44,38,38,33,33,33,33,6,25,24,24,24,28,57,29,21,0,0],"gold":338,"neow_bonus":"TWO_FIFTY_GOLD","is_daily":false,"chose_seed":false,"campfire_upgraded":3,"win_rate":0.0,"timestamp":1610256052,"path_taken":["M","?","$","M","M","R","E","R","T","M","E","R","?","M","R","BOSS","M","M","?"],"items_purchased_type":["Card","Card","Relic"],"build_version":"2020-12-22","purchased_purges":0,"victory":false,"max_hp_per_floor":[66,66,66,66,66,66,66,66,66,66,66,66,66,66,66,66,66,66,66,66,66],"relic_stats":{"counters":[12,52],"CeramicFish":63,"Pantograph":25,"obtain_stats":[{"Runic Dome":17,"CeramicFish":7,"Pantograph":11,"Oddly Smooth Stone":3,"Ancient Tea Set":9,"Ring of the Snake":0},{"Runic Dome":9,"CeramicFish":4,"Pantograph":6,"Oddly Smooth Stone":1,"Ancient Tea Set":4,"Ring of the Snake":0},{"Runic Dome":42,"CeramicFish":15,"Pantograph":28,"Oddly Smooth Stone":4,"Ancient Tea Set":15,"Ring of the Snake":0}],"Ring of the Snake":[24]},"card_choices":[{"not_picked":["Cloak And Dagger","Quick Slash"],"picked":"Sucker Punch","floor":1.0},{"not_picked":["Flechettes","Setup"],"picked":"Poisoned Stab","floor":4.0},{"not_picked":["Concentrate","Quick Slash"],"picked":"Calculated Gamble","floor":5.0},{"not_picked":["Leg Sweep","Deadly Poison"],"picked":"Burst","floor":7.0},{"not_picked":["Calculated Gamble","Cloak And Dagger"],"picked":"Terror","floor":10.0},{"not_picked":["Underhanded Strike","Sucker Punch","Riddle With Holes"],"picked":"SKIP","floor":11.0},{"not_picked":["Bane","Backstab"],"picked":"Acrobatics","floor":13.0},{"not_picked":["Outmaneuver","Blade Dance"],"picked":"Deadly Poison","floor":14.0},{"not_picked":["Storm of Steel","Envenom"],"picked":"Malaise","floor":16.0},{"not_picked":["Concentrate","Acrobatics"],"picked":"Noxious Fumes","floor":18},{"not_picked":["Terror","Slice"],"picked":"Reflex","floor":19}],"player_experience":2388802,"relics_obtained":[{"floor":7.0,"key":"CeramicFish"},{"floor":9.0,"key":"Ancient Tea Set"},{"floor":11.0,"key":"Pantograph"}],"event_choices":[{"cards_removed":["Strike_G"],"damage_healed":0.0,"max_hp_gain":0.0,"max_hp_loss":0.0,"gold_gain":0.0,"event_name":"Purifier","player_choice":"Purged","floor":2.0,"gold_loss":0.0,"damage_taken":0.0}],"is_beta":false,"boss_relics":[{"not_picked":["Empty Cage","Snecko Eye"],"picked":"Runic Dome"}],"items_purged_floors":[],"is_endless":false,"potions_floor_spawned":[7,11,16],"killed_by":"Shelled Parasite and Fungi","ascension_level":20}}