{"host":"55yei7x27djrlaep","time":1610290364,"event":{"mods":["Act Like it!","BaseMod","Better Altar","Better Match","Better Note","Better Sensory Stone","Better Skull","Better Third Choice","BetterRewards","Colored Map","Evolution","Friendly Minions","GifTheSpireLib","Halation","Hubris","Minty Spire (QoL Compilation)","Pale of the Ancients","Replay The Spire","StSLib","The Bladedancer","The Hierophant","The Runesmith","The Trickster","TheBandit"],"gold_per_floor":[140,140,180,54,96,96,143,143,166,166,194,9,33,33,33,155,155,172,211,268,268,298,358,414,414,463,532,544,556,582,644,656,765,777,873,996,1091,1185,1279,1424,1436,1531,1543,1455,1578,1707,1819,1203,1203,1195,1195,1195,340,469,405],"floor_reached":56,"playtime":12259,"items_purged":["hierophant:Strike_Hierophant","Shame","hierophant:RustyCrate","hierophant:Defend_Hierophant"],"score":1635,"play_id":"b7cb1f07-0ba7-44cc-bf8a-7936f6c1de89","local_time":"20210110175244","is_ascension_mode":false,"campfire_choices":[{"data":"hierophant:ChurchCoffers","floor":6.0,"key":"SMITH"},{"data":"hierophant:PristineSoul","floor":8.0,"key":"SMITH"},{"data":"hierophant:Endure","floor":10.0,"key":"SMITH"},{"data":"hierophant:DivineIntervention","floor":25.0,"key":"SMITH"},{"data":"hierophant:DisplayOfPower","floor":28.0,"key":"SMITH"},{"data":"hierophant:Doubloon","floor":32.0,"key":"SMITH"},{"data":"hierophant:Defend_Hierophant","floor":41,"key":"SMITH"},{"floor":49,"key":"RECALL"},{"data":"ReplayUltimateDefense","floor":52,"key":"SMITH"}],"circlet_count":0,"master_deck":["hierophant:Strike_Hierophant","hierophant:Strike_Hierophant","hierophant:Strike_Hierophant","hierophant:Punish","hierophant:Defend_Hierophant","hierophant:Defend_Hierophant","hierophant:Defend_Hierophant+1","hierophant:ChurchCoffers+1","hierophant:Doubloon","hierophant:Doubloon+1","hierophant:PassingBell","hierophant:PristineSoul+1","hierophant:Doubloon","hierophant:RecallFunds","hierophant:Blessing","hierophant:Encroach","hierophant:FieryStrike","hierophant:Endure+1","hierophant:MorningPrayer+1","hierophant:ThreeLashes+1","hierophant:Refuge","hierophant:Doubloon","hierophant:Bribe","hierophant:ThreeLashes","hierophant:DivineIntervention+1","hierophant:HolyVerse","hierophant:DisplayOfPower+1","hierophant:PassingBell","hierophant:RepressedViolence+1","Caltrops","hierophant:Community+1","hierophant:DivineIntervention","hierophant:Doubloon","hierophant:ConvertCurrency","hierophant:BulkyChest","CurseOfTheBell","hierophant:Repentance","hierophant:PassingBell+1","Quick Slash","hierophant:Kindle","hierophant:OrnateBuckler+1","hierophant:Doomsaying+1","hierophant:Invocation","ReplayUltimateDefense+1"],"relics":["hierophant:PropheticMaskRelic","EVO:Axolotl","ReplayTheSpireMod:Ninjato","Durian","halation:BottledLove","halation:SwordOfLegend","hubris:DisguiseKit","Ancient Tea Set","hubris:OldNail","Eternal Feather","Honey Jar","Bag of Preparation","MawBank","hubris:TenFootPole","Calling Bell","Bronze Scales","hubris:SphereOfDissonance","Incense Burner","Thread and Needle","Pen Nib","Frozen Eye","Garlic","halation:Jellyphish","hierophant:DonationBoxRelic","halation:WeightlessCrab"],"acts_visited":["Exordium","TheCity","TheBeyond","TheEnding"],"potions_floor_usage":[38,40,40,40,42,50,54,55,55,55,55],"damage_taken":[{"damage":12.0,"enemies":"Small Slimes","floor":1.0,"turns":3.0},{"damage":6.0,"enemies":"Jaw Worm","floor":3.0,"turns":3.0},{"damage":0.0,"enemies":"2 Louse","floor":5.0,"turns":1.0},{"damage":7.0,"enemies":"Large Slime","floor":7.0,"turns":6.0},{"damage":33.0,"enemies":"3 Sentries","floor":11.0,"turns":11.0},{"damage":6.0,"enemies":"Lagavulin","floor":13.0,"turns":18.0},{"damage":20.0,"enemies":"Hexaghost","floor":16.0,"turns":15.0},{"damage":10.0,"enemies":"2 Thieves","floor":18.0,"turns":4.0},{"damage":7.0,"enemies":"Chosen","floor":19.0,"turns":7.0},{"damage":0.0,"enemies":"Centurion and Healer","floor":20.0,"turns":3.0},{"damage":5.0,"enemies":"Snake Plant","floor":22.0,"turns":3.0},{"damage":8.0,"enemies":"Replay:Snechameleon","floor":23.0,"turns":9.0},{"damage":5.0,"enemies":"3 Cultists","floor":24.0,"turns":6.0},{"damage":25.0,"enemies":"Snecko","floor":27.0,"turns":6.0},{"damage":1.0,"enemies":"Book of Stabbing","floor":30.0,"turns":5.0},{"damage":0.0,"enemies":"Snake Plant","floor":31.0,"turns":3.0},{"damage":12.0,"enemies":"Collector","floor":33.0,"turns":10.0},{"damage":1,"enemies":"Orb Walker","floor":35,"turns":4},{"damage":20,"enemies":"3 Darklings","floor":36,"turns":3},{"damage":7,"enemies":"4 Shapes","floor":37,"turns":6},{"damage":32,"enemies":"Maw","floor":38,"turns":9},{"damage":4,"enemies":"Writhing Mass","floor":39,"turns":4},{"damage":0,"enemies":"R_Hoarder","floor":40,"turns":5},{"damage":0,"enemies":"Jaw Worm Horde","floor":42,"turns":2},{"damage":0,"enemies":"3 Darklings","floor":45,"turns":5},{"damage":0,"enemies":"Maw","floor":46,"turns":7},{"damage":16,"enemies":"Writhing Mass","floor":47,"turns":3},{"damage":17,"enemies":"Awakened One","floor":50,"turns":4},{"damage":0,"enemies":"Shield and Spear","floor":54,"turns":5},{"damage":17,"enemies":"The Heart","floor":55,"turns":9}],"seed_played":"1072545066636825871","potions_obtained":[{"floor":11.0,"key":"SteroidPotion"},{"floor":13.0,"key":"Swift Potion"},{"floor":16.0,"key":"Adrenaline Potion"},{"floor":19.0,"key":"Block Potion"},{"floor":20.0,"key":"LiquidMemories"},{"floor":21.0,"key":"EntropicBrew"},{"floor":21.0,"key":"EssenceOfSteel"},{"floor":21.0,"key":"BlessingOfTheForge"},{"floor":24.0,"key":"Weak Potion"},{"floor":27.0,"key":"FearPotion"},{"floor":31.0,"key":"Energy Potion"},{"floor":37,"key":"Weak Potion"},{"floor":38,"key":"AttackPotion"},{"floor":39,"key":"FairyPotion"},{"floor":46,"key":"Toxic Potion"}],"is_trial":false,"path_per_floor":["M","?","M","$","M","R","M","R","T","R","E","$","E","$","R_BF","B",null,"M","M","M","?","M","E","M","R","T","M","R","$","E","M","R","B",null,"M","M","M","M","M","E","R","M","T","NS","M","M","M","$","R","B",null,"R","$","E","B",null],"character_chosen":"HIEROPHANT","items_purchased":["ReplayTheSpireMod:Ninjato","hierophant:RustyCrate","hierophant:PassingBell","hierophant:PristineSoul","hierophant:Encroach","hierophant:ThreeLashes+1","hierophant:Refuge","hierophant:Bribe","ReplayUltimateDefense","Pen Nib","Frozen Eye","Garlic","halation:Jellyphish","Swift Potion","hierophant:DonationBoxRelic"],"campfire_rested":0,"item_purchase_floors":[0,0,0,0,4,12,12,12,48,48,48,53,53,53,53],"current_hp_per_floor":[33,33,27,27,27,36,36,39,39,39,13,13,14,14,59,46,80,70,70,77,77,72,71,73,80,80,55,76,76,75,80,80,68,80,80,60,60,35,31,41,80,80,80,80,80,80,64,64,80,63,80,80,80,80,63],"gold":405,"neow_bonus":"","is_daily":false,"chose_seed":false,"campfire_upgraded":8,"win_rate":0.0,"timestamp":1610290364,"path_taken":["M","?","M","$","M","R","M","R","T","R","E","?","E","$","R_BF","BOSS","M","M","M","?","M","E","M","R","T","M","R","$","E","M","R","BOSS","M","M","M","M","M","E","R","M","T","NS","M","M","M","$","R","BOSS","R","$","E","BOSS"],"items_purchased_type":["Relic","Card","Card","Card","Card","Card","Card","Card","Card","Relic","Relic","Relic","Relic","Potion","Relic"],"build_version":"2020-12-22","purchased_purges":4,"victory":true,"max_hp_per_floor":[80,80,80,80,80,80,80,80,80,80,80,80,80,80,80,80,80,80,80,80,80,80,80,80,80,80,80,80,80,80,80,80,80,80,80,80,80,80,80,80,80,80,80,80,80,80,80,80,80,80,80,80,80,80,80],"card_choices":[{"not_picked":["hierophant:SealAway","hierophant:Community"],"picked":"hierophant:RecallFunds","floor":1.0},{"not_picked":["hierophant:ArchangelShield","hierophant:DisplayOfPower","Draining Mist"],"picked":"hierophant:Blessing","floor":3.0},{"not_picked":["hierophant:Zeal","hierophant:Doubloon","Hidden Blade"],"picked":"hierophant:FieryStrike","floor":5.0},{"not_picked":["hierophant:Remorse","hierophant:Alms","Escape Plan"],"picked":"hierophant:Endure","floor":7.0},{"not_picked":["hierophant:Encroach","hierophant:RustyCrate","ReplayTheSpireMod:Scrap Shanks"],"picked":"hierophant:MorningPrayer","floor":11.0},{"not_picked":["hierophant:Rebuild","hierophant:ArchangelShield","Well Laid Plans"],"picked":"hierophant:ThreeLashes","floor":13.0},{"not_picked":["hierophant:AuricForm","hierophant:Cornucopia","Poison Darts"],"picked":"hierophant:DivineIntervention","floor":16.0},{"not_picked":["hierophant:Shelter","hierophant:FieryStrike","hierophant:OrnateBuckler","Night Terror"],"picked":"hierophant:HolyVerse","floor":18.0},{"not_picked":["hierophant:Sermon","hierophant:SealAway","hierophant:Refuge","ReplayTheSpireMod:Exploit Weakness"],"picked":"hierophant:DisplayOfPower","floor":19.0},{"not_picked":["hierophant:Exaltation","hierophant:Dazzle","hierophant:Generosity","Hidden Blade"],"picked":"hierophant:PassingBell","floor":20.0},{"not_picked":["hierophant:DisplayOfPower","hierophant:RecallFunds","hierophant:Purify","Acrobatics"],"picked":"hierophant:RepressedViolence+1","floor":22.0},{"not_picked":["hierophant:Racketeering","hierophant:Patience","hierophant:ThreeLashes","hierophant:Doomsaying"],"picked":"Caltrops","floor":23.0},{"not_picked":["hierophant:ThreeLashes+1","hierophant:Doomsaying+1","hierophant:SecretStash+1","Hidden Blade"],"picked":"hierophant:Community+1","floor":24.0},{"not_picked":["hierophant:HammerAndAnvil","hierophant:RepressedViolence","hierophant:ThreeLashes","Slice"],"picked":"hierophant:DivineIntervention","floor":27.0},{"not_picked":["hierophant:Zeal","hierophant:Rebuild+1","hierophant:PassingBell","PiercingWail"],"picked":"hierophant:Patience+1","floor":30.0},{"not_picked":["hierophant:Martyrdom","hierophant:SealAway","hierophant:AuricBeam","Concentrate"],"picked":"hierophant:ConvertCurrency","floor":31.0},{"not_picked":["hierophant:DivineIntervention","hierophant:Generosity","hierophant:Invocation","After Image"],"picked":"hierophant:BulkyChest","floor":33.0},{"not_picked":["hierophant:OrnateBuckler","hierophant:Mercenaries+1","hierophant:HolyVerse","hubris:SlightOfHand"],"picked":"hierophant:Repentance","floor":35},{"not_picked":["hierophant:Sermon","hierophant:CoinFling","hierophant:ThreeLashes","hierophant:AuricBeam+1","Dagger Throw"],"picked":"SKIP","floor":36},{"not_picked":["hierophant:Upheaval+1","hierophant:Sermon","hierophant:RecallFunds","Quick Slash"],"picked":"hierophant:PassingBell+1","floor":37},{"not_picked":["hierophant:MorningPrayer+1","hierophant:Community","hierophant:RepressedViolence+1","hierophant:Exaltation"],"picked":"Quick Slash","floor":38},{"not_picked":["hierophant:Empathy+1","hierophant:OrnateBuckler","hierophant:SealAway+1","Prepared"],"picked":"hierophant:Kindle","floor":39},{"not_picked":["hierophant:Blessing+1","hierophant:PassingBell","hierophant:Shelter","hierophant:Chorus+1","Wraith Form v2"],"picked":"SKIP","floor":40},{"not_picked":["hierophant:ThreeLashes","hierophant:SealAway","hierophant:EyeForCoin","Underhanded Strike"],"picked":"hierophant:Shelter+1","floor":42},{"not_picked":["hierophant:Purify","hierophant:AuricBeam","hierophant:EyeForCoin+1","Choke"],"picked":"hierophant:OrnateBuckler+1","floor":45},{"not_picked":["hierophant:Mercenaries+1","hierophant:HolyVerse","hierophant:RepressedViolence+1","Sucker Punch"],"picked":"hierophant:Doomsaying+1","floor":46},{"not_picked":["hierophant:Encroach+1","hierophant:Glossolalia","hierophant:Smite","Backflip"],"picked":"hierophant:Invocation","floor":47},{"not_picked":["hierophant:Purify","hierophant:Chorus","hierophant:Zeal+1","hierophant:Upheaval+1","Concentrate"],"picked":"SKIP","floor":54}],"player_experience":408058,"relics_obtained":[{"floor":9.0,"key":"Ancient Tea Set"},{"floor":11.0,"key":"hubris:OldNail"},{"floor":13.0,"key":"Eternal Feather"},{"floor":23.0,"key":"Bag of Preparation"},{"floor":26.0,"key":"MawBank"},{"floor":30.0,"key":"hubris:TenFootPole"},{"floor":34,"key":"Bronze Scales"},{"floor":34,"key":"hubris:SphereOfDissonance"},{"floor":34,"key":"Incense Burner"},{"floor":40,"key":"Thread and Needle"},{"floor":54,"key":"halation:WeightlessCrab"}],"event_choices":[{"damage_healed":0.0,"max_hp_gain":0.0,"max_hp_loss":0.0,"gold_gain":0.0,"event_name":"Lab","player_choice":"Got Potions","floor":21.0,"gold_loss":0.0,"damage_taken":0.0}],"is_beta":false,"boss_relics":[{"not_picked":["Tiny House","halation:CatFaceCupcake"],"picked":"Honey Jar"},{"not_picked":["halation:Prosthetics","halation:PlatinumPhoenix"],"picked":"Calling Bell"}],"items_purged_floors":[0,4,48,53],"is_endless":false,"potions_floor_spawned":[11,13,16,19,20,24,27,31,37,38,39,46],"ascension_level":0}}