{"host":"qkbnayyek6fga752","time":1610244092,"event":{"mods":["2.2 Compatiblity","Arknights The Spire","Aspiration","Astrologer","BaseMod","Beaked The Cultist","Better Altar","Better Match","Better Note","Better Sensory Stone","Better Skull","Better Third Choice","CCEM","CapriCore","ChefMod","Clockwork Mod","Conspire","Ekko","Energized Spire","Evolution","Glutton Mod","Hermit","Hubris","Humility","Jedi Mod","Koishi","Mad Scientist","Marisa????????","Minty Spire (QoL Compilation)","Quarter Circle Forward PUNCH!","Random Character Mod","Replay The Spire","Robot Space Explorer","SIMod","Spicy Shops","StSLib","The Administrix","The Alterego","The Blackbeard","The Blue Laboratory","The Bug Knight","The Construct","The Cursed","The Death Knight","The Disciple","The Druid","The Exalted","The Forsaken","The Gatherer","The Hayseed","The Hierophant","The Immortal","The Juggle","The Marked","The Necromancer","The Problem Sleuth","The Runesmith","The Sage","The Senshi","The Vixen","TheArtist","TheLocksmith","TheSwordswoman","TheVacant","TheVelvet","TheWitcher","Trackpad","Yuri Mod","thorton","vexMod"],"gold_per_floor":[112,112,125,125,0,25,54,81,108,138,156,186,186,220,220,324,324,336,336,42,54,54,87,117,144,144,182,227,263,302,333,333,438,438,462,13,13,61,91,138,183,227,227,264,303,351,10,37,37,43],"floor_reached":51,"playtime":4119,"items_purged":["theSleuth:FrighteningBeast","conspire:Blindness"],"score":1626,"play_id":"a3c45a0b-3a11-4144-8627-05707f419848","local_time":"20210109210132","daily_mods":["SealedDeck","Heirloom","Flight","DeadlyEvents","Elite Swarm"],"is_ascension_mode":false,"campfire_choices":[{"floor":13,"key":"REST"},{"data":"jedi:fear","floor":15,"key":"SMITH"},{"data":"jedi:harder","floor":32,"key":"SMITH"},{"data":"ReplayUltimateDefense","floor":49,"key":"SMITH"}],"circlet_count":0,"master_deck":["Pommel Strike","Pommel Strike","jedi:fear+1","Disarm+1","ReplayTheSpireMod:Strike From Hell+1","Burning Pact+1","Blood for Blood","Flex","jedi:MakeshiftSword","Life Link","Pommel Strike","Enlightenment+1","Corruption","Barricade","Pot Of Greed","Pot Of Greed+1","Reaper","Iron Wave","hubris:StunningStrike","Brutality","jedi:harder","Hallucinations","Clash","Dark Embrace","Pot Of Greed","Poisoned Strike","jedi:harder+1","jedi:BattleThirst","Double Tap","jedi:bloodyhammer","Brutality","jedi:harder+1","Juggernaut","Offering","Hemogenesis+1","Exhume","Pot Of Greed","jedi:fear+1","jedi:controlledanger","Seeing Red","Double Tap","Thunderclap+1","Hemogenesis+1","Juggernaut","Juggernaut+1","jedi:harder","Demon Form","Anger+1","ReplayUltimateDefense+1","Pot Of Greed","jedi:fear"],"relics":["Burning Blood","EVO:Axolotl","Runesmith:Locket","trackpad:WritersBlock","hubris:PeanutButter","qcfpunch:Not_Strongest_Fighting_Style_Guidebook","Bag of Preparation","Grinning Jar","HollowMod:LifeEnderRelic","theSenshi:SuperSailorFukuRelic","Replay:Ancient Bell","trackpad:AdjectivePendant","CCEMRelics:TinyMinotavrHorn","trackpad:SneckoScepter","CCEMRelics:SpiritsEdge","CCEMRelics:Barrel","hubris:CuriousFeather","Replay:Bottled Flurry","Bromod:ArcanePistoleer","Replay:Bandana","trackpad:RapidFire","Gremlin Food","Molten Egg 2","vexMod:BarristanHead","Iron Hammer","aspiration:Stabinomicon","trackpad:Trackpad","Runesmith:Nanobots","sagemod:Red_Beast_Statue","Ornamental Fan","Pantograph","hubris:ChampionShield","Bromod:ArcaneUltimatum","Replay:Kaleidoscope","jedi:ironblood","jedi:bottledfury"],"acts_visited":["Exordium","TheCity","TheBeyond"],"potions_floor_usage":[6,6,8,12,23,23,25,28,33,42,50,50,50],"damage_taken":[{"damage":4,"enemies":"Cultist","floor":1,"turns":2},{"damage":8,"enemies":"Small Slimes","floor":3,"turns":2},{"damage":35,"enemies":"Gremlin Nob","floor":6,"turns":4},{"damage":48,"enemies":"3 Sentries","floor":7,"turns":4},{"damage":23,"enemies":"Gremlin Nob","floor":8,"turns":3},{"damage":19,"enemies":"3 Sentries","floor":10,"turns":3},{"damage":0,"enemies":"2 Louse","floor":11,"turns":2},{"damage":14,"enemies":"Gremlin Nob","floor":12,"turns":4},{"damage":21,"enemies":"Lagavulin","floor":14,"turns":5},{"damage":9,"enemies":"Fading Forest","floor":16,"turns":11},{"damage":0,"enemies":"Chosen","floor":18,"turns":3},{"damage":0,"enemies":"Spheric Guardian","floor":21,"turns":3},{"damage":0,"enemies":"conspire:Head Lice","floor":23,"turns":3},{"damage":14,"enemies":"Slavers","floor":24,"turns":3},{"damage":3,"enemies":"Gremlin Leader","floor":25,"turns":4},{"damage":0,"enemies":"HollowMod:Nosk","floor":27,"turns":2},{"damage":24,"enemies":"Slavers","floor":28,"turns":3},{"damage":0,"enemies":"Replay:Snechameleon","floor":29,"turns":2},{"damage":0,"enemies":"conspire:Head Lice","floor":30,"turns":2},{"damage":0,"enemies":"Book of Stabbing","floor":31,"turns":2},{"damage":0,"enemies":"Collector","floor":33,"turns":4},{"damage":0,"enemies":"Orb Walker","floor":35,"turns":2},{"damage":0,"enemies":"Reptomancer","floor":38,"turns":2},{"damage":0,"enemies":"3 Shapes","floor":39,"turns":1},{"damage":0,"enemies":"R_Hoarder","floor":40,"turns":2},{"damage":0,"enemies":"beaked:SuperParasite","floor":41,"turns":3},{"damage":1,"enemies":"Nemesis","floor":42,"turns":3},{"damage":0,"enemies":"beaked:SuperParasite","floor":44,"turns":5},{"damage":4,"enemies":"R_Hoarder","floor":45,"turns":3},{"damage":0,"enemies":"Giant Head","floor":46,"turns":2},{"damage":1,"enemies":"Spire Growth","floor":48,"turns":2},{"damage":0,"enemies":"Time Eater","floor":50,"turns":5}],"seed_played":"2337795267966860770","potions_obtained":[{"floor":2,"key":"blueLaboratory:FrostheartPotion"},{"floor":2,"key":"conspire:TimeTravelPotion"},{"floor":2,"key":"SpeedPotion"},{"floor":3,"key":"blueLaboratory:LouseDecoction"},{"floor":8,"key":"blueLaboratory:LouseDecoction"},{"floor":10,"key":"Weak Potion"},{"floor":12,"key":"blueLaboratory:PolymorphPotion"},{"floor":16,"key":"PowerPotion"},{"floor":21,"key":"jedi:StrikingPotion"},{"floor":24,"key":"Adrenaline Potion"},{"floor":25,"key":"Elixir"},{"floor":29,"key":"Block Potion"},{"floor":31,"key":"blueLaboratory:AbyssPotion"},{"floor":39,"key":"blueLaboratory:BottledHope"},{"floor":40,"key":"blueLaboratory:StoneskinPotion"},{"floor":42,"key":"blueLaboratory:ImpenetrablePotion"},{"floor":44,"key":"blueLaboratory:SavagePotion"},{"floor":48,"key":"Fire Potion"}],"is_trial":true,"path_per_floor":["M","?","M","$","?","E","E","E","T","E","M","E","R","E","R","B",null,"M","?","$","M","?","E","E","E","T","E","E","E","E","E","R","B",null,"M","$","?","E","M","E","E","E","T","E","E","E","$","M","R","B",null],"character_chosen":"IRONCLAD","items_purchased":["Dark Embrace","Poisoned Strike","jedi:controlledanger","Seeing Red","Runesmith:Nanobots","Anger+1","ReplayUltimateDefense"],"campfire_rested":1,"item_purchase_floors":[20,20,36,36,36,47,47],"current_hp_per_floor":[80,80,78,78,84,81,39,22,22,9,27,19,44,29,29,48,86,86,45,45,59,59,86,78,81,81,86,68,74,86,86,86,86,86,86,86,96,96,96,96,96,96,96,96,96,96,96,96,96,96],"gold":43,"neow_bonus":"","is_daily":false,"chose_seed":false,"campfire_upgraded":3,"win_rate":0.0,"timestamp":1610244092,"path_taken":["M","?","?","$","?","E","E","E","T","E","?","E","R","E","R","BOSS","M","?","$","?","?","E","E","E","T","E","E","E","E","E","R","BOSS","M","$","?","?","?","E","E","E","T","E","E","E","?","M","R","BOSS"],"items_purchased_type":["Card","Card","Card","Card","Relic","Card","Card"],"build_version":"2020-12-22","purchased_purges":2,"victory":true,"max_hp_per_floor":[80,80,80,80,86,86,86,86,86,86,86,86,86,86,86,86,86,86,86,86,86,86,86,86,86,86,86,86,86,86,86,86,86,86,86,86,96,96,96,96,96,96,96,96,96,96,96,96,96,96],"card_choices":[{"not_picked":["Shockwave","jedi:fear"],"picked":"Pommel Strike","floor":1},{"not_picked":["Whirlwind","Headbutt","True Grit"],"picked":"SKIP","floor":3},{"not_picked":["Immolate","jedi:harder"],"picked":"Corruption","floor":6},{"not_picked":["Feed","Immolate","Corruption"],"picked":"SKIP","floor":7},{"not_picked":["Impervious","Corruption"],"picked":"Barricade","floor":8},{"not_picked":["Double Tap","Demonic Infusion"],"picked":"Reaper","floor":10},{"not_picked":["Pommel Strike","Wild Strike"],"picked":"Iron Wave","floor":11},{"not_picked":["conspire:HitWhereItHurts","Berserk"],"picked":"hubris:StunningStrike","floor":12},{"not_picked":["Demon Form","Bludgeon"],"picked":"Brutality","floor":14},{"not_picked":["Barricade","Immolate"],"picked":"jedi:harder","floor":16},{"not_picked":["SnafuTest:CurseRiot","Pain"],"picked":"Hallucinations","floor":17},{"not_picked":["Shame","Amnesia"],"picked":"theSleuth:FrighteningBeast","floor":17},{"not_picked":["Doubt","Looming Evil"],"picked":"conspire:Blindness","floor":17},{"not_picked":["True Grit","Pommel Strike"],"picked":"Clash","floor":18},{"not_picked":["True Grit","ReplayTheSpireMod:Muscle Training"],"picked":"jedi:harder","floor":21},{"not_picked":["Limit Break","conspire:Purge"],"picked":"Double Tap","floor":23},{"not_picked":["Immolate","Fiend Fire"],"picked":"jedi:bloodyhammer","floor":24},{"not_picked":["conspire:HitWhereItHurts","Replay:Many Hands"],"picked":"Brutality","floor":25},{"not_picked":["conspire:HitWhereItHurts","Fiend Fire"],"picked":"jedi:bloodyhammer","floor":27},{"not_picked":["Corruption","jedi:strikingstrike+1"],"picked":"jedi:harder","floor":28},{"not_picked":["Impervious","Berserk"],"picked":"Juggernaut","floor":29},{"not_picked":["Fiend Fire+1","jedi:harder"],"picked":"Offering","floor":30},{"not_picked":["conspire:Purge","Eclipse"],"picked":"Hemogenesis+1","floor":31},{"not_picked":["Corruption","Barricade"],"picked":"Exhume","floor":33},{"not_picked":["Shrug It Off","Power Through+1"],"picked":"jedi:fear","floor":35},{"not_picked":["Replay:Many Hands","conspire:Purge"],"picked":"Double Tap","floor":38},{"not_picked":["hubris:SharpeningStone","Dark Embrace+1"],"picked":"Thunderclap+1","floor":39},{"not_picked":["Eclipse","Feed+1"],"picked":"Hemogenesis+1","floor":40},{"not_picked":["Feed+1","Replay:Many Hands"],"picked":"Juggernaut","floor":41},{"not_picked":["Fiend Fire+1","conspire:HitWhereItHurts+1"],"picked":"Juggernaut","floor":42},{"not_picked":["Demonic Infusion","hubris:StunningStrike+1"],"picked":"jedi:harder","floor":44},{"not_picked":["Immolate+1","Exhume"],"picked":"Demon Form","floor":45},{"not_picked":["Hemogenesis+1","conspire:HitWhereItHurts+1","Replay:Many Hands"],"picked":"SKIP","floor":46},{"not_picked":["Run Through+1","Power Through"],"picked":"jedi:fear","floor":48}],"player_experience":347252,"relics_obtained":[{"floor":6,"key":"trackpad:WritersBlock"},{"floor":7,"key":"hubris:PeanutButter"},{"floor":8,"key":"qcfpunch:Not_Strongest_Fighting_Style_Guidebook"},{"floor":9,"key":"Bag of Preparation"},{"floor":10,"key":"Grinning Jar"},{"floor":12,"key":"HollowMod:LifeEnderRelic"},{"floor":14,"key":"theSenshi:SuperSailorFukuRelic"},{"floor":23,"key":"Replay:Bottled Flurry"},{"floor":24,"key":"Bromod:ArcanePistoleer"},{"floor":25,"key":"Replay:Bandana"},{"floor":26,"key":"trackpad:RapidFire"},{"floor":27,"key":"Gremlin Food"},{"floor":28,"key":"Molten Egg 2"},{"floor":29,"key":"vexMod:BarristanHead"},{"floor":30,"key":"Iron Hammer"},{"floor":31,"key":"aspiration:Stabinomicon"},{"floor":38,"key":"sagemod:Red_Beast_Statue"},{"floor":40,"key":"Ornamental Fan"},{"floor":41,"key":"Pantograph"},{"floor":42,"key":"hubris:ChampionShield"},{"floor":43,"key":"Bromod:ArcaneUltimatum"},{"floor":44,"key":"Replay:Kaleidoscope"},{"floor":45,"key":"jedi:ironblood"},{"floor":46,"key":"jedi:bottledfury"}],"event_choices":[{"damage_healed":0,"gold_gain":0,"player_choice":"Got Potions","damage_taken":0,"max_hp_gain":0,"max_hp_loss":0,"event_name":"Lab","floor":2,"gold_loss":0},{"damage_healed":0,"gold_gain":0,"player_choice":"RENOUNCE","damage_taken":125,"max_hp_gain":0,"max_hp_loss":0,"event_name":"betterThird:BetterSerpent","floor":5,"gold_loss":125,"cards_obtained":["Enlightenment"]},{"damage_healed":0,"gold_gain":0,"player_choice":"RE RE ","damage_taken":45,"relics_obtained":["CCEMRelics:SpiritsEdge","CCEMRelics:Barrel"],"max_hp_gain":0,"max_hp_loss":0,"event_name":"betterSkull:BetterSkull","floor":19,"gold_loss":0,"cards_upgraded":[]},{"cards_removed":["jedi:bloodyhammer"],"damage_healed":0,"gold_gain":0,"player_choice":"Offered Rare","damage_taken":0,"max_hp_gain":10,"max_hp_loss":0,"event_name":"Bonfire Elementals","floor":37,"gold_loss":0}],"is_beta":false,"boss_relics":[{"not_picked":["energizedSpire:EnergizedDie","hubris:BlackHole"],"picked":"Replay:Ancient Bell"},{"not_picked":["Centennial Puzzle","jedi:arcanewood"],"picked":"trackpad:AdjectivePendant"},{"not_picked":["yuri:PortableGlitches","aspiration:FrozenJewel"],"picked":"CCEMRelics:TinyMinotavrHorn"},{"not_picked":["hubris:Spice","Pocketwatch"],"picked":"trackpad:SneckoScepter"},{"not_picked":["Black Blood","CCEMRelics:GreenEgg"],"picked":"trackpad:Trackpad"}],"items_purged_floors":[36,47],"is_endless":false,"potions_floor_spawned":[3,8,10,12,16,21,24,25,29,31,39,40,42,44,48],"ascension_level":0}}