{"host":"o97o7ui5vncz1kje","time":1610274422,"event":{"mods":["Arknights The Spire","BaseMod","Better Third Choice","Minty Spire (QoL Compilation)","StSLib"],"gold_per_floor":[112,112,131,149,114,141,141,175,199,228,228,244,244,244,244,343,393,413,14,33,33,33,33,52,52,101,116,116,116],"floor_reached":28,"playtime":1795,"items_purged":[],"score":336,"play_id":"39166373-64ea-4faf-b8de-82572188e236","local_time":"20210110182702","daily_mods":["Heirloom","Flight"],"is_ascension_mode":false,"campfire_choices":[{"floor":7,"key":"REST"},{"floor":11,"key":"REST"},{"data":"ats:Apocalypse","floor":15,"key":"SMITH"},{"data":"ats:Wolf Pack","floor":23,"key":"SMITH"}],"circlet_count":0,"master_deck":["ats:Strike C","ats:Strike G","ats:Strike S","ats:Strike V","ats:Armor Crushing Shot+1","ats:Defend","ats:Defend","ats:Defend","ats:Defend+1","ats:Emotion Absorption","ats:Poison Spread","ats:Encircling Forest","ats:Charging Defense","ats:Blood Oath","ats:Revitalization","ats:Cat Scratch","ats:Apocalypse+1","ats:Wolf Pack+1","ats:Explosion Area Strengthen","ats:Healing Strengthening","ats:Rapid Magazine","ats:Leaping Hammer","ats:Very Hot Blade+1","ats:Healing Strengthening","ats:Shell Defense"],"relics":["ats:Sanity","Gambling Chip","Regal Pillow","ats:Originium","ats:Ability Aura","Sundial","Blood Vial","Turnip","Tiny House","Bird Faced Urn","Nunchaku"],"acts_visited":["Exordium","TheCity"],"potions_floor_usage":[16,18,24,27,28],"damage_taken":[{"damage":2,"enemies":"Small Slimes","floor":1,"turns":4},{"damage":1,"enemies":"2 Louse","floor":3,"turns":3},{"damage":4,"enemies":"Cultist","floor":4,"turns":4},{"damage":28,"enemies":"Gremlin Nob","floor":6,"turns":4},{"damage":22,"enemies":"Lagavulin","floor":8,"turns":6},{"damage":44,"enemies":"3 Sentries","floor":10,"turns":12},{"damage":14,"enemies":"Blue Slaver","floor":12,"turns":4},{"damage":31,"enemies":"Slime Boss","floor":16,"turns":15},{"damage":31,"enemies":"3 Byrds","floor":18,"turns":9},{"damage":57,"enemies":"Spheric Guardian","floor":20,"turns":8},{"damage":24,"enemies":"Centurion and Healer","floor":24,"turns":9},{"damage":27,"enemies":"Snecko","floor":27,"turns":9},{"damage":91,"enemies":"Shelled Parasite and Fungi","floor":28,"turns":10}],"seed_played":"-1179683059583784788","potions_obtained":[{"floor":8,"key":"Dexterity Potion"},{"floor":10,"key":"SneckoOil"},{"floor":12,"key":"AttackPotion"},{"floor":17,"key":"SpeedPotion"},{"floor":18,"key":"Dexterity Potion"},{"floor":24,"key":"PowerPotion"},{"floor":27,"key":"ats:Emergency Sanity Potion"}],"is_trial":true,"path_per_floor":["M","?","M","M","?","E","R","E","T","E","R","M","?","?","R","B",null,"M","$","M","?","$","R","M","?","T","M","M"],"character_chosen":"DOCTOR_CLASS","items_purchased":["ats:Rapid Magazine","Bird Faced Urn","ats:Leaping Hammer"],"campfire_rested":2,"item_purchase_floors":[19,19,19],"current_hp_per_floor":[70,52,51,47,65,37,72,53,53,29,65,56,56,56,56,57,77,67,67,34,34,34,34,46,32,32,34,0,0],"gold":116,"neow_bonus":"","is_daily":false,"chose_seed":false,"campfire_upgraded":2,"win_rate":0.0,"timestamp":1610274422,"path_taken":["M","?","M","M","?","E","R","E","T","E","R","M","?","?","R","BOSS","M","$","M","?","?","R","M","?","T","?","?"],"items_purchased_type":["Card","Relic","Card"],"build_version":"2020-12-22","purchased_purges":0,"victory":false,"max_hp_per_floor":[72,72,72,72,72,72,72,72,72,72,72,72,72,72,72,72,77,77,77,77,77,77,77,77,82,82,82,82,82],"card_choices":[{"not_picked":["ats:Assault Order","ats:Consecutive Shot Auto"],"picked":"ats:Poison Spread","floor":1},{"not_picked":["ats:Ignite","ats:Flexible Camouflage"],"picked":"ats:Encircling Forest","floor":3},{"not_picked":["ats:Childhood Dance","ats:Defend Order"],"picked":"ats:Charging Defense","floor":4},{"not_picked":["ats:Soul Absorption","ats:Healing Strengthening"],"picked":"ats:Blood Oath","floor":6},{"not_picked":["ats:Curse Doll","ats:Assault Order"],"picked":"ats:Revitalization","floor":8},{"not_picked":["ats:Poison Spread","ats:Fractured Body"],"picked":"ats:Cat Scratch","floor":10},{"not_picked":["ats:Demon Strength","ats:Cat Scratch"],"picked":"ats:Apocalypse","floor":12},{"not_picked":["ats:Nebulous Foxfire","ats:Roar Of Ursus"],"picked":"ats:Wolf Pack","floor":16},{"not_picked":["ats:Revitalization","ats:Cat Scratch"],"picked":"ats:Explosion Area Strengthen","floor":17},{"not_picked":["ats:Consecutive Shot Auto","ats:Counter Healing Mode"],"picked":"ats:Healing Strengthening","floor":18},{"not_picked":["ats:Flame Of Heaven+1","ats:Automatic Cover"],"picked":"ats:Very Hot Blade+1","floor":20},{"not_picked":["ats:Composite Medical Shells","ats:Revitalization"],"picked":"ats:Healing Strengthening","floor":24},{"not_picked":["ats:Explosion Area Strengthen","ats:Counter Healing Mode"],"picked":"ats:Shell Defense","floor":27}],"player_experience":306623,"relics_obtained":[{"floor":6,"key":"ats:Originium"},{"floor":6,"key":"ats:Ability Aura"},{"floor":8,"key":"ats:Originium"},{"floor":8,"key":"Sundial"},{"floor":9,"key":"Blood Vial"},{"floor":10,"key":"ats:Originium"},{"floor":10,"key":"Turnip"},{"floor":26,"key":"Nunchaku"}],"event_choices":[{"damage_healed":0,"gold_gain":0,"player_choice":"Relic ","damage_taken":18,"max_hp_gain":0,"max_hp_loss":0,"event_name":"betterThird:BetterScrap","floor":2,"gold_loss":0,"cards_obtained":["Echo Form"]},{"damage_healed":18,"gold_gain":0,"player_choice":"Healed","damage_taken":0,"max_hp_gain":0,"max_hp_loss":0,"event_name":"The Cleric","floor":5,"gold_loss":35},{"damage_healed":0,"gold_gain":0,"player_choice":"Grow","damage_taken":0,"max_hp_gain":0,"max_hp_loss":0,"event_name":"Living Wall","floor":13,"gold_loss":0,"cards_upgraded":["ats:Armor Crushing Shot"]},{"damage_healed":0,"gold_gain":0,"player_choice":"Ignored","damage_taken":0,"max_hp_gain":0,"max_hp_loss":0,"event_name":"Golden Wing","floor":14,"gold_loss":0},{"damage_healed":0,"gold_gain":0,"player_choice":"Ignored","damage_taken":0,"max_hp_gain":0,"max_hp_loss":0,"event_name":"Duplicator","floor":21,"gold_loss":0},{"damage_healed":0,"gold_gain":0,"player_choice":"Shed Blood","damage_taken":19,"max_hp_gain":5,"max_hp_loss":0,"event_name":"Forgotten Altar","floor":25,"gold_loss":0}],"is_beta":false,"boss_relics":[{"not_picked":["Pandora\u0027s Box","Snecko Eye"],"picked":"Tiny House"}],"items_purged_floors":[],"is_endless":true,"potions_floor_spawned":[8,10,12,18,24,27],"killed_by":"Shelled Parasite and Fungi","ascension_level":0}}