{"host":"njcl8kinlkfw245p","time":1610312332,"event":{"mods":["BaseMod","Block Reminder","Colored Map","Googly Eyes","KinomotoSakuraMod(????)","Minty Spire (QoL Compilation)","StSLib","The Senshi","Unceasing Turn Reminder","everything is the same but u backflip on backflip"],"gold_per_floor":[117,46,63,63,63,63,106,106,106,131,152,167,167,183,183,311,311,324,349,156,179,204,204,224,224,224,265,265,52,83,83,83,203,203,216,216,216,216,234,234,247,266,266,306,87,131,131,150,150,150,150],"floor_reached":50,"playtime":4021,"items_purged":["Strike_R"],"score":701,"play_id":"40e4f3a1-1f11-49e3-9fc3-f739cc168127","local_time":"20210110125852","is_ascension_mode":true,"campfire_choices":[{"data":"Whirlwind","floor":6.0,"key":"SMITH"},{"data":"Limit Break","floor":8.0,"key":"SMITH"},{"data":"Spot Weakness","floor":13.0,"key":"SMITH"},{"data":"Flex","floor":15.0,"key":"SMITH"},{"data":"Dark Embrace","floor":23.0,"key":"SMITH"},{"data":"Corruption","floor":25.0,"key":"SMITH"},{"data":"Heavy Blade","floor":32.0,"key":"SMITH"},{"floor":40.0,"key":"RECALL"},{"floor":47,"key":"REST"},{"data":"Feel No Pain","floor":49,"key":"SMITH"}],"circlet_count":0,"master_deck":["Strike_R+1","Defend_R","Defend_R","Defend_R","Defend_R","Bash","Limit Break+1","Flex+1","Whirlwind+1","Warcry","Spot Weakness+1","Disarm","Dark Embrace+1","Corruption+1","Feed","Flex+1","Heavy Blade+1","Shrug It Off","Limit Break+1","Battle Trance+1","Clothesline","Headbutt+1","Shrug It Off","Metallicize","Exhume","Rage","Demon Form+1","Feel No Pain+1","Shrug It Off","Seeing Red","Power Through","Feel No Pain","Heavy Blade"],"relics":["Burning Blood","Golden Idol","Bag of Marbles","Gremlin Horn","Philosopher\u0027s Stone","DollysMirror","Vajra","Meat on the Bone","White Beast Statue","Empty Cage","Bottled Lightning","Dream Catcher","Whetstone","Oddly Smooth Stone"],"acts_visited":["Exordium","TheCity","TheBeyond"],"potions_floor_usage":[42,42,44,50,50],"damage_taken":[{"damage":8.0,"enemies":"Jaw Worm","floor":1.0,"turns":4.0},{"damage":0.0,"enemies":"Cultist","floor":3.0,"turns":2.0},{"damage":31.0,"enemies":"Lagavulin","floor":7.0,"turns":6.0},{"damage":0.0,"enemies":"2 Louse","floor":10.0,"turns":1.0},{"damage":0.0,"enemies":"Exordium Thugs","floor":11.0,"turns":1.0},{"damage":6.0,"enemies":"Exordium Wildlife","floor":12.0,"turns":2.0},{"damage":7.0,"enemies":"2 Fungi Beasts","floor":14.0,"turns":4.0},{"damage":28.0,"enemies":"Slime Boss","floor":16.0,"turns":9.0},{"damage":9.0,"enemies":"Chosen","floor":18.0,"turns":3.0},{"damage":0.0,"enemies":"2 Thieves","floor":19.0,"turns":1.0},{"damage":6.0,"enemies":"Snecko","floor":21.0,"turns":3.0},{"damage":7.0,"enemies":"Sentry and Sphere","floor":22.0,"turns":3.0},{"damage":30.0,"enemies":"Snake Plant","floor":24.0,"turns":5.0},{"damage":47.0,"enemies":"Slavers","floor":27.0,"turns":5.0},{"damage":0.0,"enemies":"Gremlin Leader","floor":30.0,"turns":3.0},{"damage":35.0,"enemies":"Automaton","floor":33.0,"turns":6.0},{"damage":51.0,"enemies":"3 Darklings","floor":35.0,"turns":4.0},{"damage":24.0,"enemies":"Orb Walker","floor":39.0,"turns":4.0},{"damage":38.0,"enemies":"3 Darklings","floor":41.0,"turns":5.0},{"damage":51,"enemies":"Transient","floor":42,"turns":5},{"damage":25,"enemies":"Reptomancer","floor":44,"turns":4},{"damage":7,"enemies":"Nemesis","floor":46,"turns":5},{"damage":5,"enemies":"Maw","floor":48,"turns":8},{"damage":77,"enemies":"Time Eater","floor":50,"turns":5}],"seed_played":"-6533608815936033710","potions_obtained":[{"floor":7.0,"key":"Energy Potion"},{"floor":12.0,"key":"FearPotion"},{"floor":14.0,"key":"BloodPotion"},{"floor":16.0,"key":"ColorlessPotion"},{"floor":19.0,"key":"DuplicationPotion"},{"floor":35.0,"key":"Ancient Potion"},{"floor":42,"key":"ColorlessPotion"},{"floor":44,"key":"Block Potion"},{"floor":46,"key":"Fire Potion"},{"floor":48,"key":"HeartOfIron"}],"is_trial":false,"path_per_floor":["M","$","M","?","?","R","E","R","T","M","M","M","R","M","R","B",null,"M","M","$","M","M","R","M","R","T","E","?","$","E","?","R","B",null,"M","?","T","?","M","R","M","M","T","E","$","E","R","M","R","B"],"character_chosen":"IRONCLAD","items_purchased":["Whirlwind","Shrug It Off","DollysMirror","Metallicize","Exhume","Whetstone"],"campfire_rested":1,"item_purchase_floors":[2,20,20,29,29,45],"current_hp_per_floor":[78,78,80,60,60,60,35,35,35,41,47,47,47,46,46,24,80,80,86,86,86,85,85,61,61,61,23,23,23,44,74,74,60,95,65,65,65,65,62,62,45,32,32,28,28,39,71,75,75,0,0],"gold":150,"neow_bonus":"ONE_RANDOM_RARE_CARD","is_daily":false,"chose_seed":false,"campfire_upgraded":8,"win_rate":0.0,"timestamp":1610312332,"path_taken":["M","$","M","?","?","R","E","R","T","M","M","?","R","M","R","BOSS","M","M","$","M","M","R","M","R","T","E","?","$","E","?","R","BOSS","M","?","?","?","M","R","?","M","T","E","$","E","R","M","R","BOSS"],"items_purchased_type":["Card","Card","Relic","Card","Card","Relic"],"build_version":"2020-12-22","purchased_purges":1,"victory":false,"max_hp_per_floor":[80,80,80,80,80,80,80,80,80,80,80,80,80,80,80,80,80,83,86,86,86,86,86,86,86,86,89,89,89,92,92,92,95,95,98,98,98,98,101,101,104,104,104,107,107,107,107,110,110,110,110],"card_choices":[{"not_picked":["True Grit","Anger"],"picked":"Flex","floor":1.0},{"not_picked":["Reckless Charge","True Grit"],"picked":"Warcry","floor":3.0},{"not_picked":["Evolve","Inflame"],"picked":"Spot Weakness","floor":7.0},{"not_picked":["Thunderclap","Armaments"],"picked":"Disarm","floor":10.0},{"not_picked":["Blood for Blood","True Grit"],"picked":"Dark Embrace","floor":11.0},{"not_picked":["Twin Strike","Reckless Charge"],"picked":"Corruption","floor":12.0},{"not_picked":["Wild Strike","Rampage","Armaments"],"picked":"SKIP","floor":14.0},{"not_picked":["Fiend Fire","Double Tap"],"picked":"Feed","floor":16.0},{"not_picked":["Evolve","Warcry"],"picked":"Flex+1","floor":18.0},{"not_picked":["Rupture","Sever Soul"],"picked":"Heavy Blade","floor":19.0},{"not_picked":["Entrench","Anger+1"],"picked":"Battle Trance+1","floor":21.0},{"not_picked":["Clash+1","Thunderclap"],"picked":"Clothesline","floor":22.0},{"not_picked":["Combust+1","Iron Wave"],"picked":"Headbutt","floor":24.0},{"not_picked":["Rage","Clash+1"],"picked":"Shrug It Off","floor":27.0},{"not_picked":["Flex+1","Havoc"],"picked":"Rage","floor":30.0},{"not_picked":["Fiend Fire","Barricade"],"picked":"Demon Form","floor":33.0},{"not_picked":["Perfected Strike+1","Thunderclap+1","Sword Boomerang"],"picked":"SKIP","floor":35.0},{"not_picked":["Body Slam","Cleave+1","Combust+1"],"picked":"SKIP","floor":39.0},{"not_picked":["Blood for Blood+1","Ghostly Armor"],"picked":"Feel No Pain","floor":41.0},{"not_picked":["Armaments","Hemokinesis+1"],"picked":"Shrug It Off","floor":42},{"not_picked":["Ghostly Armor+1","Immolate"],"picked":"Seeing Red","floor":44},{"not_picked":["Sword Boomerang","Blood for Blood+1"],"picked":"Power Through","floor":46},{"not_picked":["Fire Breathing","Clothesline"],"picked":"Feel No Pain","floor":47},{"not_picked":["Sword Boomerang+1","Clash"],"picked":"Heavy Blade","floor":48}],"player_experience":895284,"relics_obtained":[{"floor":7.0,"key":"Bag of Marbles"},{"floor":9.0,"key":"Gremlin Horn"},{"floor":26.0,"key":"Vajra"},{"floor":27.0,"key":"Meat on the Bone"},{"floor":30.0,"key":"White Beast Statue"},{"floor":37.0,"key":"Bottled Lightning"},{"floor":44,"key":"Dream Catcher"},{"floor":46,"key":"Oddly Smooth Stone"}],"event_choices":[{"damage_healed":0.0,"max_hp_gain":0.0,"max_hp_loss":0.0,"gold_gain":0.0,"event_name":"Golden Idol","player_choice":"Take Damage","floor":4.0,"gold_loss":0.0,"damage_taken":20.0,"relics_obtained":["Golden Idol"]},{"cards_removed":["Strike_R"],"damage_healed":0.0,"max_hp_gain":0.0,"max_hp_loss":0.0,"gold_gain":0.0,"event_name":"Bonfire Elementals","player_choice":"Offered Basic","floor":5.0,"gold_loss":0.0,"damage_taken":0.0},{"damage_healed":0.0,"max_hp_gain":0.0,"max_hp_loss":0.0,"gold_gain":0.0,"event_name":"Ghosts","player_choice":"Ignored","floor":28.0,"gold_loss":0.0,"damage_taken":0.0},{"damage_healed":30.0,"max_hp_gain":0.0,"max_hp_loss":0.0,"gold_gain":0.0,"event_name":"The Library","player_choice":"Heal","floor":31.0,"gold_loss":0.0,"damage_taken":0.0},{"damage_healed":0.0,"max_hp_gain":0.0,"max_hp_loss":0.0,"gold_gain":0.0,"event_name":"Tomb of Lord Red Mask","player_choice":"Ignored","floor":36.0,"gold_loss":0.0,"damage_taken":0.0},{"damage_healed":0.0,"max_hp_gain":0.0,"max_hp_loss":0.0,"gold_gain":0.0,"event_name":"Upgrade Shrine","player_choice":"Upgraded","floor":38.0,"gold_loss":0.0,"damage_taken":0.0,"cards_upgraded":["Demon Form"]}],"is_beta":false,"boss_relics":[{"not_picked":["Ectoplasm","Runic Cube"],"picked":"Philosopher\u0027s Stone"},{"not_picked":["Cursed Key","Mark of Pain"],"picked":"Empty Cage"}],"items_purged_floors":[45],"is_endless":false,"potions_floor_spawned":[7,12,14,16,19,21,22,27,33,35,39,41,42,44,46,48],"killed_by":"Time Eater","ascension_level":2}}