{"host":"8rwnpls8n88jrgbg","time":1610266173,"event":{"mods":["AchievementEnabler","BaseMod","Colored Map","Colored Powertips","DeckTracker","Keyboard Shortcuts","Minty Spire (QoL Compilation)","Relic Stats","StSLib","SuperFastMode"],"gold_per_floor":[114,127,14,14,24,24,57,86,113,45,45,45,55,71,71,71,71],"floor_reached":16,"playtime":636,"items_purged":[],"score":200,"play_id":"e332d802-a506-4657-8561-658ad234477a","local_time":"20210110170933","is_ascension_mode":true,"campfire_choices":[{"data":"Skewer","floor":6,"key":"SMITH"},{"data":"Catalyst","floor":12,"key":"SMITH"},{"data":"Phantasmal Killer","floor":15,"key":"SMITH"}],"circlet_count":0,"master_deck":["AscendersBane","Strike_G","Strike_G","Strike_G","Defend_G","Defend_G","Defend_G","Defend_G","Survivor","Neutralize","Poisoned Stab","Skewer+1","Dagger Spray","Catalyst+1","Bullet Time","PiercingWail","Phantasmal Killer+1"],"relics":["Ring of the Snake","Orichalcum","Odd Mushroom","MealTicket"],"acts_visited":["Exordium"],"potions_floor_usage":[8],"damage_taken":[{"damage":13,"enemies":"Jaw Worm","floor":1,"turns":8},{"damage":7,"enemies":"Small Slimes","floor":2,"turns":4},{"damage":5,"enemies":"2 Louse","floor":5,"turns":2},{"damage":26,"enemies":"Gremlin Nob","floor":7,"turns":4},{"damage":11,"enemies":"The Mushroom Lair","floor":8,"turns":4},{"damage":0,"enemies":"Exordium Thugs","floor":13,"turns":4},{"damage":0,"enemies":"Large Slime","floor":14,"turns":5},{"damage":11,"enemies":"The Guardian","floor":16,"turns":5}],"seed_played":"-3949827099427053814","potions_obtained":[{"floor":7,"key":"Regen Potion"},{"floor":8,"key":"SmokeBomb"}],"is_trial":false,"path_per_floor":["M","M","$","?","M","R","E","?","T","?","?","R","M","M","R","B"],"character_chosen":"THE_SILENT","items_purchased":["Dagger Spray","Catalyst"],"campfire_rested":0,"item_purchase_floors":[3,3],"current_hp_per_floor":[46,39,39,39,34,34,8,9,9,9,9,9,9,9,9,0,0],"gold":71,"neow_bonus":"REMOVE_TWO","is_daily":false,"chose_seed":false,"campfire_upgraded":3,"win_rate":0.0,"timestamp":1610266173,"path_taken":["M","M","$","?","M","R","E","?","T","?","?","R","M","M","R","BOSS"],"items_purchased_type":["Card","Card"],"build_version":"2020-12-22","purchased_purges":0,"victory":false,"max_hp_per_floor":[60,60,60,60,60,60,60,60,60,60,60,60,60,60,60,60,60],"relic_stats":{"counters":[8,36],"MealTicket":0,"Orichalcum":[48],"obtain_stats":[{"MealTicket":9,"Orichalcum":7,"Odd Mushroom":8,"Ring of the Snake":0},{"MealTicket":5,"Orichalcum":4,"Odd Mushroom":5,"Ring of the Snake":0},{"MealTicket":22,"Orichalcum":18,"Odd Mushroom":22,"Ring of the Snake":0}],"Ring of the Snake":[16]},"card_choices":[{"not_picked":["Slice","Prepared"],"picked":"Poisoned Stab","floor":1},{"not_picked":["Quick Slash","Dagger Throw"],"picked":"Skewer","floor":2},{"not_picked":["Predator","Dagger Throw"],"picked":"Bullet Time","floor":5},{"not_picked":["Slice","Storm of Steel","Cloak And Dagger"],"picked":"SKIP","floor":7},{"not_picked":["Prepared","Deflect"],"picked":"PiercingWail","floor":8},{"not_picked":["Expertise","Sucker Punch","Setup"],"picked":"SKIP","floor":13},{"not_picked":["PiercingWail","Slice"],"picked":"Phantasmal Killer","floor":14}],"player_experience":1493060,"relics_obtained":[{"floor":7,"key":"Orichalcum"},{"floor":8,"key":"Odd Mushroom"},{"floor":9,"key":"MealTicket"}],"event_choices":[{"damage_healed":0,"gold_gain":0,"player_choice":"Ignored","damage_taken":0,"max_hp_gain":0,"max_hp_loss":0,"event_name":"Liars Game","floor":4,"gold_loss":0},{"damage_healed":0,"gold_gain":0,"player_choice":"Fought Mushrooms","damage_taken":0,"max_hp_gain":0,"max_hp_loss":0,"event_name":"Mushrooms","floor":8,"gold_loss":0},{"damage_healed":0,"gold_gain":0,"player_choice":"Left Gold","damage_taken":0,"max_hp_gain":0,"max_hp_loss":0,"event_name":"World of Goop","floor":10,"gold_loss":68},{"cards_removed":["Strike_G"],"damage_healed":0,"gold_gain":0,"player_choice":"Offered Basic","damage_taken":0,"max_hp_gain":0,"max_hp_loss":0,"event_name":"Bonfire Elementals","floor":11,"gold_loss":0}],"is_beta":false,"boss_relics":[],"items_purged_floors":[],"is_endless":false,"potions_floor_spawned":[7,8],"killed_by":"The Guardian","ascension_level":20}}