{"host":"eeeqmyc7a1933jos","time":1610279391,"event":{"mods":["2.2 Compatiblity","Act Like it!","BaseMod","CapriCore","Colored Powertips","Conspire","Downfall","Elementarium","Friendly Minions","Gensokyo","GifTheSpireLib","Gremlin Mod","Hallownest","Hermit","Hubris","Infinite Spire","Jorbs\u0027s Wanderer Trilogy","Marisa????????","Mimic Mod","Minty Spire (QoL Compilation)","Pale of the Ancients","Random Character Button","Random Character Mod","Reimu??????","Relic Sorter","Relic Stats","Replay The Spire","SIMod","Shade Mod","StSLib","The Administrix","The Bug Knight","The Hierophant","The Immortal","The Mystic","The Runesmith","The Senshi","The Vixen","TheBandit","TheFirefly","TheVacant","Wandering Minibosses"],"gold_per_floor":[118,43,54,54,71,71,105,105,136,161,4,4,4,20,20,116,116,132,142,156,170,170,195,195,210,210,236,236,236,236],"floor_reached":29,"playtime":2573,"items_purged":["hermit:Defend_Hermit"],"score":285,"play_id":"fa18fab1-df14-4622-af46-74eceb57da52","local_time":"20210110124951","is_ascension_mode":true,"campfire_choices":[{"data":"hermit:TakeCover","floor":6.0,"key":"SMITH"},{"data":"hermit:FlashPowder","floor":8.0,"key":"SMITH"},{"data":"hermit:OverwhelmingPower","floor":15,"key":"SMITH"},{"floor":24,"key":"REST"}],"circlet_count":0,"master_deck":["hermit:Strike_Hermit","hermit:Strike_Hermit","hermit:Strike_Hermit","hermit:Defend_Hermit","hermit:Defend_Hermit","hermit:Snapshot","hermit:Covet","hermit:TakeCover+1","hermit:FlashPowder+1","hermit:Headshot+1","hermit:Midnight","hermit:OverwhelmingPower+1","hermit:Gambit","hermit:GhostlyPresence+1","hermit:Coalescence","hermit:WideOpen","hermit:ShadowCloak","hermit:HighNoon","hermit:Shortfuse"],"relics":["stsjorbsmod:GrimoireRelic","infinitespire:Cubic Diamond","Gremlin Food","HollowMod:PaleOreRelic","Omamori","Simple Rune","Philosopher\u0027s Stone","Replay:Mystery Machine","Dream Catcher","conspire:Boomerang","hubris:Towel"],"acts_visited":["Exordium","Exordium"],"potions_floor_usage":[16,16,27,27],"damage_taken":[{"damage":0.0,"enemies":"Cultist","floor":1.0,"turns":3.0},{"damage":0.0,"enemies":"Small Slimes","floor":3.0,"turns":5.0},{"damage":0.0,"enemies":"Jaw Worm","floor":5.0,"turns":5.0},{"damage":26.0,"enemies":"Gremlin Nob","floor":7.0,"turns":4.0},{"damage":9.0,"enemies":"conspire:2 RoseBushes","floor":9.0,"turns":9.0},{"damage":24,"enemies":"3 Sentries","floor":10,"turns":11},{"damage":0,"enemies":"conspire:2 RoseBushes","floor":14,"turns":5},{"damage":2,"enemies":"Slime Boss","floor":16,"turns":7},{"damage":12,"enemies":"Elementarium:2_ELEMENTALS","floor":18,"turns":4},{"damage":9,"enemies":"Elementarium:Cyclone","floor":19,"turns":5},{"damage":22,"enemies":"Elementarium:VOID_CORRUPTION_AND_TAR_GOLEM","floor":20,"turns":9},{"damage":6,"enemies":"Elementarium:3_ELEMENTALS","floor":21,"turns":3},{"damage":45,"enemies":"Elementarium:ElementalPortal","floor":23,"turns":8},{"damage":9,"enemies":"Elementarium:CYCLONE_AND_LIVING_STORMCLOUD","floor":25,"turns":7},{"damage":16,"enemies":"Elementarium:WarGolem","floor":27,"turns":5},{"damage":1,"enemies":"Elementarium:CYCLONE_AND_ORB_OF_FIRE","floor":29,"turns":3}],"seed_played":"1520798177755654630","potions_obtained":[{"floor":5.0,"key":"SkillPotion"},{"floor":10,"key":"Fire Potion"},{"floor":14,"key":"Reflective Coating"},{"floor":18,"key":"DuplicationPotion"},{"floor":20,"key":"Guardian:BlockOnCardUsePotion"},{"floor":23,"key":"Slimebound:ThreeZeroPotion"}],"is_trial":false,"path_per_floor":["M","$","M","?","M","R","E","R","MIM","E","$","?","$","M","R","B",null,"M","M","M","M","?","E","R","M","T","E","?","M"],"character_chosen":"HERMIT","items_purchased":["Simple Rune"],"campfire_rested":1,"item_purchase_floors":[11],"current_hp_per_floor":[75,75,75,75,75,75,49,49,40,16,16,16,16,16,16,14,75,63,54,32,26,52,7,29,20,20,4,4,3,3],"gold":236,"neow_bonus":"RANDOM_EVENT","is_daily":false,"chose_seed":false,"campfire_upgraded":3,"win_rate":0.0,"timestamp":1610279391,"path_taken":["M","$","M","?","M","R","E","R","MIM","E","$","?","?","M","R","BOSS","M","M","M","M","?","E","R","M","T","E","?","M"],"items_purchased_type":["Relic"],"build_version":"2020-12-22","purchased_purges":1,"victory":false,"max_hp_per_floor":[75,75,75,75,75,75,75,75,75,75,75,75,75,75,75,75,75,75,75,75,75,75,75,75,75,75,75,75,75,75],"relic_stats":{"Dream Catcher":0,"counters":[16,93],"obtain_stats":[{"Gremlin Food":7,"Dream Catcher":26,"stsjorbsmod:GrimoireRelic":4,"Simple Rune":11,"Philosopher\u0027s Stone":17,"infinitespire:Cubic Diamond":4,"Omamori":10,"conspire:Boomerang":27,"HollowMod:PaleOreRelic":9,"Replay:Mystery Machine":23,"hubris:Towel":28,"hermit:Momento":0},{"Gremlin Food":4,"Dream Catcher":14,"stsjorbsmod:GrimoireRelic":2,"Simple Rune":6,"Philosopher\u0027s Stone":8,"infinitespire:Cubic Diamond":2,"Omamori":6,"conspire:Boomerang":15,"HollowMod:PaleOreRelic":5,"Replay:Mystery Machine":13,"hubris:Towel":15,"hermit:Momento":0},{"Gremlin Food":17,"Dream Catcher":85,"stsjorbsmod:GrimoireRelic":8,"Simple Rune":37,"Philosopher\u0027s Stone":49,"infinitespire:Cubic Diamond":8,"Omamori":37,"conspire:Boomerang":90,"HollowMod:PaleOreRelic":26,"Replay:Mystery Machine":78,"hubris:Towel":90,"hermit:Momento":0}]},"card_choices":[{"not_picked":["hermit:NoHoldsBarred","hermit:Misfire"],"picked":"hermit:TakeCover","floor":1.0},{"not_picked":["hermit:NoHoldsBarred","hermit:Dive"],"picked":"hermit:FlashPowder","floor":3.0},{"not_picked":["hermit:Glare","hermit:Coalescence"],"picked":"hermit:Headshot","floor":5.0},{"not_picked":["hermit:Headshot","hermit:Misfire"],"picked":"hermit:Midnight","floor":7.0},{"not_picked":["hermit:Grudge","hermit:LowProfile"],"picked":"hermit:OverwhelmingPower","floor":10},{"not_picked":["hermit:ItchyTrigger","hermit:Horror","hermit:Grudge"],"picked":"SKIP","floor":14},{"not_picked":["hermit:EternalForm","hermit:Reprieve"],"picked":"hermit:Gambit","floor":16},{"not_picked":["hermit:CalledShot","hermit:Glare"],"picked":"hermit:GhostlyPresence+1","floor":18},{"not_picked":["hermit:LowProfile+1","hermit:Ricochet+1"],"picked":"hermit:Coalescence","floor":19},{"not_picked":["hermit:TrackingShot","hermit:Roulette"],"picked":"hermit:WideOpen","floor":20},{"not_picked":["hermit:LowProfile","hermit:SprayPray"],"picked":"hermit:ShadowCloak","floor":21},{"not_picked":["hermit:Coalescence","hermit:ItchyTrigger"],"picked":"hermit:HighNoon","floor":23},{"not_picked":["hermit:Dive","hermit:NoHoldsBarred"],"picked":"hermit:Shortfuse","floor":25},{"not_picked":["hermit:PistolWhip","hermit:Ricochet","hermit:Cheat+1"],"picked":"SKIP","floor":27}],"player_experience":1410354,"relics_obtained":[{"floor":7.0,"key":"Gremlin Food"},{"floor":9.0,"key":"HollowMod:PaleOreRelic"},{"floor":10,"key":"Omamori"},{"floor":23,"key":"Replay:Mystery Machine"},{"floor":26,"key":"Dream Catcher"},{"floor":27,"key":"conspire:Boomerang"}],"event_choices":[{"cards_removed":["hermit:Defend_Hermit"],"damage_healed":0,"gold_gain":0,"player_choice":"Forget","damage_taken":0,"max_hp_gain":0,"max_hp_loss":0,"event_name":"Living Wall","floor":12,"gold_loss":0},{"damage_healed":26,"gold_gain":0,"player_choice":"Drink","damage_taken":0,"max_hp_gain":0,"max_hp_loss":0,"event_name":"Elementarium:StickySituation","floor":22,"gold_loss":0,"cards_obtained":["Elementarium:StickyTar"]}],"is_beta":false,"boss_relics":[{"not_picked":["Tiny House","Ectoplasm"],"picked":"Philosopher\u0027s Stone"}],"items_purged_floors":[2],"is_endless":false,"potions_floor_spawned":[5,10,14,18,20,23],"killed_by":"Elementarium:CYCLONE_AND_ORB_OF_FIRE","ascension_level":1}}