{"host":"5wznv0010959mrmz","time":1610237382,"event":{"mods":["BaseMod","Highlight Path","Minty Spire (QoL Compilation)","Relic Stats"],"gold_per_floor":[109,57,57,57,71,106,106,106,129,155,167,186,186,252,252,252,252],"floor_reached":16,"playtime":873,"items_purged":[],"score":270,"play_id":"cb6d8e2f-55ba-45e5-b9bd-03e07a9e5168","local_time":"20210109180942","is_ascension_mode":true,"campfire_choices":[{"data":"Leg Sweep","floor":8,"key":"SMITH"},{"data":"Dagger Throw","floor":15,"key":"SMITH"}],"circlet_count":0,"master_deck":["AscendersBane","Strike_G","Strike_G","Strike_G","Strike_G","Strike_G","Defend_G","Defend_G","Defend_G","Defend_G","Defend_G","Survivor","Neutralize","Backflip","Dagger Throw+1","Leg Sweep+1","Terror"],"relics":["Ring of the Snake","NeowsBlessing","Boot","Sundial","Ancient Tea Set","Omamori","Shuriken","SsserpentHead"],"acts_visited":["Exordium"],"potions_floor_usage":[10,16],"damage_taken":[{"damage":0,"enemies":"Small Slimes","floor":1,"turns":1},{"damage":0,"enemies":"Jaw Worm","floor":5,"turns":1},{"damage":0,"enemies":"Lagavulin","floor":6,"turns":1},{"damage":28,"enemies":"3 Sentries","floor":10,"turns":14},{"damage":0,"enemies":"2 Louse","floor":11,"turns":3},{"damage":0,"enemies":"2 Fungi Beasts","floor":12,"turns":5},{"damage":1,"enemies":"Red Slaver","floor":14,"turns":3},{"damage":24,"enemies":"Hexaghost","floor":16,"turns":9}],"seed_played":"7892690293314999726","potions_obtained":[{"floor":1,"key":"ColorlessPotion"},{"floor":10,"key":"SteroidPotion"},{"floor":12,"key":"Poison Potion"}],"is_trial":false,"path_per_floor":["M","$","?","T","M","E","?","R","T","E","M","M","?","M","R","B"],"character_chosen":"THE_SILENT","items_purchased":["Dagger Throw"],"campfire_rested":0,"item_purchase_floors":[2],"current_hp_per_floor":[59,59,59,59,59,59,52,52,52,24,24,24,24,23,23,0,0],"gold":252,"neow_bonus":"THREE_ENEMY_KILL","is_daily":false,"chose_seed":false,"campfire_upgraded":2,"win_rate":0.0,"timestamp":1610237382,"path_taken":["M","$","?","?","M","E","?","R","T","E","M","M","?","?","R","BOSS"],"items_purchased_type":["Card"],"build_version":"2020-12-22","purchased_purges":0,"victory":false,"max_hp_per_floor":[66,66,66,66,66,66,66,66,66,66,66,66,66,66,66,66,66],"relic_stats":{"SsserpentHead":50,"counters":[8,37],"Sundial":[4],"Shuriken":[5],"Boot":[14],"obtain_stats":[{"SsserpentHead":13,"NeowsBlessing":0,"Sundial":4,"Shuriken":10,"Omamori":9,"Boot":3,"Ancient Tea Set":6,"Ring of the Snake":0},{"SsserpentHead":6,"NeowsBlessing":0,"Sundial":1,"Shuriken":4,"Omamori":3,"Boot":1,"Ancient Tea Set":3,"Ring of the Snake":0},{"SsserpentHead":25,"NeowsBlessing":0,"Sundial":1,"Shuriken":17,"Omamori":3,"Boot":1,"Ancient Tea Set":3,"Ring of the Snake":0}],"Ring of the Snake":[16]},"card_choices":[{"not_picked":["Reflex","Prepared"],"picked":"Backflip","floor":1},{"not_picked":["Outmaneuver","Footwork"],"picked":"Leg Sweep","floor":5},{"not_picked":["Endless Agony","Sucker Punch"],"picked":"Terror","floor":6},{"not_picked":["Unload","Caltrops","Bane"],"picked":"SKIP","floor":10},{"not_picked":["Poisoned Stab","Terror","PiercingWail"],"picked":"SKIP","floor":11},{"not_picked":["Endless Agony","Dodge and Roll","Acrobatics"],"picked":"SKIP","floor":12},{"not_picked":["PiercingWail","Quick Slash","Dodge and Roll"],"picked":"SKIP","floor":14}],"player_experience":431654,"relics_obtained":[{"floor":4,"key":"Sundial"},{"floor":6,"key":"Ancient Tea Set"},{"floor":9,"key":"Omamori"},{"floor":10,"key":"Shuriken"}],"event_choices":[{"damage_healed":0,"gold_gain":0,"player_choice":"Box","damage_taken":0,"relics_obtained":["Boot"],"max_hp_gain":0,"max_hp_loss":0,"event_name":"Big Fish","floor":3,"gold_loss":0,"cards_obtained":["Regret"]},{"cards_removed":["Regret"],"damage_healed":0,"gold_gain":0,"player_choice":"Card Removal","damage_taken":7,"max_hp_gain":0,"max_hp_loss":0,"event_name":"Golden Wing","floor":7,"gold_loss":0},{"damage_healed":0,"gold_gain":0,"player_choice":"Trade","damage_taken":0,"relics_obtained":["SsserpentHead"],"max_hp_gain":0,"max_hp_loss":0,"event_name":"FaceTrader","floor":13,"gold_loss":0}],"is_beta":false,"boss_relics":[],"items_purged_floors":[],"is_endless":false,"potions_floor_spawned":[1,10,12],"killed_by":"Hexaghost","ascension_level":20}}