{"host":"f5y45f7z7ziu0smp","time":1610261620,"event":{"mods":["AchievementEnabler","BaseMod","Koishi","Marisa£¨Ùöéë¡¡Øª×âÞÞ£©","Minty Spire (QoL Compilation)","StSLib","SuperFastMode","The Hierophant"],"gold_per_floor":[410,420,434,434,444,199,199,2,26,26,54,54,69,82,82,180,180],"floor_reached":16,"playtime":316,"items_purged":["Defend_R"],"score":227,"play_id":"c26654b9-c689-4ea4-91e0-b3a38156df8d","local_time":"20210110155340","daily_mods":["Vintage","Heirloom","Time Dilation","Flight","Lethality"],"is_ascension_mode":false,"campfire_choices":[{"data":"Twin Strike","floor":10,"key":"SMITH"},{"data":"Master of Strategy","floor":15,"key":"SMITH"}],"circlet_count":0,"master_deck":["Strike_R","Strike_R","Strike_R","Strike_R","Strike_R","Defend_R","Defend_R","Defend_R","Bash+1","Perfected Strike+1","Twin Strike+1","Pommel Strike+1","Master of Strategy+1","Wild Strike+1"],"relics":["Burning Blood","Old Coin","MealTicket","Happy Flower","Whetstone","Self Forming Clay","Vajra","Akabeko","Sundial","PreservedInsect","Question Card"],"acts_visited":["Exordium"],"potions_floor_usage":[],"damage_taken":[{"damage":0,"enemies":"Cultist","floor":1,"turns":2},{"damage":8,"enemies":"Small Slimes","floor":2,"turns":2},{"damage":9,"enemies":"Jaw Worm","floor":3,"turns":2},{"damage":3,"enemies":"3 Louse","floor":5,"turns":2},{"damage":0,"enemies":"Gremlin Nob","floor":11,"turns":2},{"damage":3,"enemies":"Exordium Thugs","floor":13,"turns":2},{"damage":0,"enemies":"Lots of Slimes","floor":14,"turns":2},{"damage":0,"enemies":"Slime Boss","floor":16,"turns":3}],"seed_played":"3757607910339134295","potions_obtained":[{"floor":5,"key":"BloodPotion"},{"floor":11,"key":"AttackPotion"},{"floor":14,"key":"AttackPotion"}],"is_trial":true,"path_per_floor":["M","M","M","?","M","$","?","$","T","R","E","?","M","M","R","B"],"character_chosen":"IRONCLAD","items_purchased":["Master of Strategy","Vajra","Wild Strike"],"campfire_rested":0,"item_purchase_floors":[6,8,8],"current_hp_per_floor":[80,78,75,75,78,80,80,80,80,80,80,80,80,80,80,80,80],"gold":180,"neow_bonus":"","is_daily":false,"chose_seed":false,"campfire_upgraded":2,"win_rate":0.0,"timestamp":1610261620,"path_taken":["M","?","?","?","?","$","?","$","T","R","E","?","?","M","R","BOSS"],"items_purchased_type":["Card","Relic","Card"],"build_version":"2020-12-22","purchased_purges":1,"victory":false,"max_hp_per_floor":[80,80,80,80,80,80,80,80,80,80,80,80,80,80,80,80,80],"card_choices":[{"not_picked":["Whirlwind","Uppercut","Shrug It Off"],"picked":"SKIP","floor":11}],"player_experience":84974,"relics_obtained":[{"floor":1,"key":"MealTicket"},{"floor":2,"key":"Happy Flower"},{"floor":3,"key":"Whetstone"},{"floor":5,"key":"Self Forming Clay"},{"floor":9,"key":"Akabeko"},{"floor":11,"key":"Sundial"},{"floor":13,"key":"PreservedInsect"},{"floor":14,"key":"Question Card"}],"event_choices":[{"damage_healed":0,"gold_gain":0,"player_choice":"Forge","damage_taken":0,"max_hp_gain":0,"max_hp_loss":0,"event_name":"Accursed Blacksmith","floor":4,"gold_loss":0,"cards_upgraded":["Perfected Strike"]},{"damage_healed":0,"gold_gain":0,"player_choice":"Leave","damage_taken":0,"max_hp_gain":0,"max_hp_loss":0,"event_name":"The Cleric","floor":7,"gold_loss":0},{"damage_healed":0,"gold_gain":0,"player_choice":"Upgraded","damage_taken":0,"max_hp_gain":0,"max_hp_loss":0,"event_name":"Upgrade Shrine","floor":12,"gold_loss":0,"cards_upgraded":["Wild Strike"]}],"is_beta":false,"boss_relics":[],"items_purged_floors":[6],"is_endless":false,"potions_floor_spawned":[5,11,14],"killed_by":"Slime Boss","ascension_level":0}}