{"host":"vzkpoqyw8ea6g4k2","time":1610247525,"event":{"mods":["AchievementEnabler","BaseMod","Colored Map","Colored Powertips","Lobotomy","Minty Spire (QoL Compilation)","Permanent Neow","Quick Restart","StSLib"],"gold_per_floor":[112,125,74,74,92,92,122,122,168,184,209,209,209,220,220,220,220],"floor_reached":16,"playtime":442,"items_purged":[],"score":100,"play_id":"c657d368-d017-4526-9e84-7d5df6cc1f83","local_time":"20210110115845","is_ascension_mode":false,"campfire_choices":[{"data":"Bash","floor":6,"key":"SMITH"},{"data":"Headbutt","floor":8,"key":"SMITH"},{"floor":13,"key":"REST"},{"data":"Hemokinesis","floor":15,"key":"SMITH"}],"circlet_count":0,"master_deck":["Strike_R","Strike_R","Strike_R","Strike_R","Strike_R","Defend_R","Defend_R","Defend_R","Defend_R","Bash+1","CrumblingArmor","Twin Strike","SpiderBud","Clash","Perfected Strike","OSAHOGD","Sentinel","MeatLantern","Headbutt+1","OldLady","Carnage","Hemokinesis+1","Wild Strike","UniverseFragment"],"relics":["Burning Blood","CogitoBucket","PreservedInsect","Bronze Scales","Odd Mushroom","Dream Catcher","AspirationHeart"],"acts_visited":["Exordium"],"potions_floor_usage":[16],"damage_taken":[{"damage":7,"enemies":"2 Louse","floor":1,"turns":3},{"damage":1,"enemies":"Small Slimes","floor":2,"turns":5},{"damage":6,"enemies":"Jaw Worm","floor":5,"turns":3},{"damage":36,"enemies":"Lagavulin","floor":7,"turns":4},{"damage":0,"enemies":"Looter","floor":10,"turns":2},{"damage":53,"enemies":"The Mushroom Lair","floor":11,"turns":4},{"damage":24,"enemies":"2 Fungi Beasts","floor":14,"turns":2},{"damage":50,"enemies":"Hexaghost","floor":16,"turns":2}],"seed_played":"7476196988057126895","potions_obtained":[{"floor":2,"key":"Ancient Potion"},{"floor":7,"key":"AttackPotion"},{"floor":10,"key":"EssenceOfSteel"}],"is_trial":false,"path_per_floor":["M","M","$","?","M","R","E","R","T","M","?","?","R","M","R","B"],"character_chosen":"IRONCLAD","items_purchased":["Perfected Strike"],"campfire_rested":1,"item_purchase_floors":[3],"current_hp_per_floor":[79,80,80,80,80,80,50,50,50,56,9,9,33,25,25,0,0],"gold":220,"neow_bonus":"","is_daily":false,"chose_seed":false,"campfire_upgraded":3,"win_rate":0.0,"timestamp":1610247525,"path_taken":["M","M","$","?","M","R","E","R","T","M","?","?","R","M","R","BOSS"],"items_purchased_type":["Card"],"build_version":"2020-12-22","purchased_purges":0,"victory":false,"max_hp_per_floor":[80,80,80,80,80,80,80,80,80,80,80,80,80,90,90,90,90],"card_choices":[{"not_picked":["PunishingBird","WhitesApple"],"picked":"CrumblingArmor","floor":1},{"not_picked":["Juggernaut","Thunderclap"],"picked":"Twin Strike","floor":1},{"not_picked":["PunishingBird","Mercenary"],"picked":"SpiderBud","floor":2},{"not_picked":["Warcry","Entrench"],"picked":"Clash","floor":2},{"not_picked":["WallGazer","PlagueDoctor"],"picked":"OSAHOGD","floor":5},{"not_picked":["Havoc","Shockwave"],"picked":"Sentinel","floor":5},{"not_picked":["Scorched","BeautyBeast"],"picked":"MeatLantern","floor":7},{"not_picked":["Anger","Impervious"],"picked":"Headbutt","floor":7},{"not_picked":["BodiesMountain","Scorched"],"picked":"OldLady","floor":10},{"not_picked":["Body Slam","Battle Trance"],"picked":"Carnage","floor":10},{"not_picked":["Burning Pact","Body Slam"],"picked":"Hemokinesis","floor":11},{"not_picked":["Blood for Blood","Clash"],"picked":"Wild Strike","floor":13},{"not_picked":["Scarecrow","Scorched"],"picked":"UniverseFragment","floor":14},{"not_picked":["Headbutt","Rupture","Entrench"],"picked":"SKIP","floor":14}],"player_experience":16482,"relics_obtained":[{"floor":7,"key":"PreservedInsect"},{"floor":9,"key":"Bronze Scales"},{"floor":11,"key":"Odd Mushroom"}],"event_choices":[{"damage_healed":0,"gold_gain":0,"player_choice":"Ignored","damage_taken":0,"max_hp_gain":0,"max_hp_loss":0,"event_name":"Liars Game","floor":4,"gold_loss":0},{"damage_healed":0,"gold_gain":0,"player_choice":"Fought Mushrooms","damage_taken":0,"max_hp_gain":0,"max_hp_loss":0,"event_name":"Mushrooms","floor":11,"gold_loss":0},{"damage_healed":0,"gold_gain":0,"player_choice":"Searched \u00272\u0027 times","damage_taken":0,"relics_obtained":["Dream Catcher"],"max_hp_gain":0,"max_hp_loss":0,"event_name":"Dead Adventurer","floor":12,"gold_loss":0}],"is_beta":false,"boss_relics":[],"items_purged_floors":[],"is_endless":false,"potions_floor_spawned":[2,7,10],"killed_by":"Hexaghost","ascension_level":0}}