{"host":"jafdctp322id99nv","time":1610304924,"event":{"mods":["AchievementEnabler","BaseMod","Better Match","Better Note","Better Sensory Stone","Better Skull","Better Third Choice","Downfall","Minty Spire (QoL Compilation)","Robot Space Explorer","Shade Mod","Spicy Shops","StSLib","The Cursed","The Dragon Tamer","The Marked"],"gold_per_floor":[99,99,99,199,374,374,398,35,65,65,85,98,114,114,133,232,232,157,170,183,197,213,213,213,213],"floor_reached":23,"playtime":2348,"items_purged":[],"score":191,"play_id":"0fbdb434-1135-485a-84a4-112c3bcf754b","local_time":"20210110195524","is_ascension_mode":false,"campfire_choices":[{"floor":1.0,"key":"RECALL"},{"floor":10,"key":"REST"},{"data":"1","floor":18,"key":"LIFT"}],"circlet_count":0,"master_deck":["Slimebound:Strike_Slimebound","Slimebound:Strike_Slimebound","Slimebound:Strike_Slimebound","Slimebound:Tackle","Slimebound:Defend_Slimebound","Slimebound:Defend_Slimebound","Slimebound:Defend_Slimebound","Slimebound:Defend_Slimebound","Slimebound:Split","Slimebound:CorrosiveSpit","Slimebound:AcidTongue","Slimebound:SplitMire","Doubt","Slimebound:PressTheAttack","Slimebound:Schlurp","Slimebound:LeechEnergy","Slimebound:PressTheAttack","Slimebound:Schlurp","Slimebound:LivingWall","Slimebound:GoopSpray","Slimebound:LeechEnergy","Slimebound:PrepareCrush","Slimebound:Repurpose+1","Slimebound:SamplingLick","Slimebound:MegaLick","Slimebound:GoopTackle+1"],"relics":["Slimebound:AbsorbEndCombat","downfall:HeartsMalice","Happy Flower","Girya","Dream Catcher","Fusion Hammer","downfall:HeartBlessingRed"],"acts_visited":["Exordium","TheCity"],"potions_floor_usage":[9,16,16,16,22,23],"damage_taken":[{"damage":0.0,"enemies":"Jaw Worm","floor":2.0,"turns":1.0},{"damage":0.0,"enemies":"Cultist","floor":3.0,"turns":1.0},{"damage":0.0,"enemies":"2 Louse","floor":6.0,"turns":1.0},{"damage":8,"enemies":"downfall:FleeingMerchant","floor":8,"turns":4},{"damage":35,"enemies":"Lagavulin","floor":9,"turns":5},{"damage":15,"enemies":"3 Louse","floor":11,"turns":3},{"damage":12,"enemies":"Blue Slaver","floor":12,"turns":3},{"damage":16,"enemies":"Exordium Thugs","floor":13,"turns":4},{"damage":24,"enemies":"Exordium Wildlife","floor":15,"turns":3},{"damage":18,"enemies":"downfall:Watcher","floor":16,"turns":9},{"damage":22,"enemies":"Spheric Guardian","floor":19,"turns":4},{"damage":36,"enemies":"Chosen","floor":20,"turns":6},{"damage":11,"enemies":"Snecko","floor":21,"turns":4},{"damage":28,"enemies":"Cultist and Chosen","floor":22,"turns":6},{"damage":19,"enemies":"Shelled Parasite and Fungi","floor":23,"turns":1}],"seed_played":"84463895487227301","potions_obtained":[{"floor":9,"key":"DuplicationPotion"},{"floor":11,"key":"EssenceOfSteel"},{"floor":12,"key":"LiquidMemories"},{"floor":15,"key":"DuplicationPotion"},{"floor":20,"key":"champ:CounterPotion"},{"floor":21,"key":"SteroidPotion"}],"is_trial":false,"path_per_floor":["R","M","M","?","?","M","T","$","E","R","M","M","M","?","M","B",null,"R","M","M","M","M","M"],"character_chosen":"SLIMEBOUND","items_purchased":["Girya","Slimebound:SlimedPotion"],"campfire_rested":1,"item_purchase_floors":[8,8],"current_hp_per_floor":[60,60,60,60,60,60,60,60,39,57,50,52,48,48,34,44,60,60,40,26,23,15,0,0,0],"gold":213,"neow_bonus":"THREE_ENEMY_KILL","is_daily":false,"chose_seed":false,"campfire_upgraded":0,"win_rate":0.0,"timestamp":1610304924,"path_taken":["R","M","M","?","?","M","T","$","E","R","M","?","M","?","M","BOSS","R","M","M","M","?","M"],"items_purchased_type":["Relic","Potion"],"build_version":"2020-12-22","purchased_purges":0,"victory":false,"max_hp_per_floor":[60,60,60,60,60,60,60,60,60,60,60,60,60,60,60,60,60,60,60,60,60,60,60,60,60],"card_choices":[{"not_picked":["Slimebound:SpikyOuterGoop","Slimebound:PressTheAttack"],"picked":"Slimebound:AcidTongue","floor":2.0},{"not_picked":["Slimebound:SlimeSpikes","Slimebound:SplitLeeching"],"picked":"Slimebound:SplitMire","floor":3.0},{"not_picked":["Slimebound:LeadByExample","Slimebound:SplitBruiser"],"picked":"Slimebound:PressTheAttack","floor":6.0},{"not_picked":["Slimebound:Chomp","Slimebound:SplitAcid"],"picked":"Slimebound:Schlurp","floor":8},{"not_picked":["Slimebound:ViciousTackle","Slimebound:ProtectTheBoss"],"picked":"Slimebound:LeechEnergy","floor":9},{"not_picked":["Slimebound:SlimeBrawl","Slimebound:Repurpose"],"picked":"Slimebound:PressTheAttack","floor":10},{"not_picked":["Slimebound:SamplingLick","Slimebound:ComboTackle"],"picked":"Slimebound:Schlurp","floor":11},{"not_picked":["Slimebound:LeechingTouch","Slimebound:OneTwoCombo"],"picked":"Slimebound:LivingWall","floor":12},{"not_picked":["Slimebound:ViciousTackle","Slimebound:SplitMire"],"picked":"Slimebound:GoopSpray","floor":13},{"not_picked":["Slimebound:ComboTackle","Slimebound:FinishingTackle"],"picked":"Slimebound:LeechEnergy","floor":15},{"not_picked":["Slimebound:WasteNot","Slimebound:OneTwoCombo"],"picked":"Slimebound:PrepareCrush","floor":16},{"not_picked":["Slimebound:Schlurp+1","Slimebound:PressTheAttack"],"picked":"Slimebound:Repurpose+1","floor":19},{"not_picked":["Slimebound:SlimeBarrage","Slimebound:ItLooksTasty"],"picked":"Slimebound:SamplingLick","floor":20},{"not_picked":["Slimebound:ComboTackle","Slimebound:RollThrough"],"picked":"Slimebound:MegaLick","floor":21},{"not_picked":["Slimebound:ViciousTackle","Slimebound:PressTheAttack"],"picked":"Slimebound:GoopTackle+1","floor":22}],"player_experience":80103,"relics_obtained":[{"floor":7.0,"key":"Happy Flower"},{"floor":9,"key":"Dream Catcher"}],"event_choices":[],"is_beta":false,"boss_relics":[{"not_picked":["Cursed Key","Empty Cage"],"picked":"Fusion Hammer"}],"items_purged_floors":[],"is_endless":false,"potions_floor_spawned":[9,11,12,15,20,21],"killed_by":"Shelled Parasite and Fungi","ascension_level":0}}