{"host":"s794kqxf2n1qz2yr","time":1610294709,"event":{"mods":["100% Spire Juice","2.2 Compatiblity","AchievementEnabler","Aspiration","BaseMod","ChefMod","Downfall","Friendly Minions","Hermit","HololiveMod","Melee Mod","Minty Spire (QoL Compilation)","Permanent Neow","StSLib","The Alterego","The Animator","The Disciple","The Marked"],"gold_per_floor":[99,109,109,109,133,162,162,173,187,203,203,218,243,343,354,449,449,449,449,449,467,467,467,467,480,480,480,480,506,506,521,537,633,633,633,643,663,663,679,45,69,101,114,114,141,155,186,198,208,208],"floor_reached":51,"playtime":4313,"items_purged":["Injury"],"score":764,"play_id":"6181c41f-b324-46aa-8499-b9718e7c8b65","local_time":"20210110160509","is_ascension_mode":false,"campfire_choices":[{"data":"champ:HoldFirm","floor":1,"key":"SMITH"},{"floor":11,"key":"REST"},{"data":"champ:Taunt","floor":18,"key":"SMITH"},{"data":"champ:ShieldThrow","floor":23,"key":"SMITH"},{"data":"champ:ShieldWall","floor":26,"key":"SMITH"},{"data":"champ:ShieldWall","floor":28,"key":"SMITH"},{"data":"champ:Defend","floor":35,"key":"SMITH"},{"floor":44,"key":"REST"}],"circlet_count":0,"master_deck":["champ:Strike","champ:Strike","champ:Strike","champ:Strike","champ:Defend","champ:Defend","champ:Defend","champ:Defend+1","champ:Execute","champ:Taunt+1","champ:HoldFirm+1","champ:ShieldWall+1","champ:IronFortress","champ:ShieldWall+1","champ:Circumvent+1","champ:Backstep+1","champ:ShieldThrow+1","champ:ViciousMockery+1","champ:ViciousMockery+1","Guardian:Gem_White","hexamod:Hexaguard+1","champ:DefensiveStyle","expansioncontent:StudyTheSpire"],"relics":["champ:ChampionCrown","Toxic Egg 2","Anchor","Gremlin Horn","Ice Cream","CloakClasp","Velvet Choker","PrismaticShard","Meat on the Bone","downfall:RedIOU","Sozu","Oddly Smooth Stone","Sling","Vajra","Gambling Chip","Centennial Puzzle","Bag of Marbles"],"acts_visited":["Exordium","TheCity","TheBeyond"],"potions_floor_usage":[14,14,29,29,29,32],"damage_taken":[{"damage":10,"enemies":"Jaw Worm","floor":2,"turns":6},{"damage":41,"enemies":"Gremlin Nob","floor":6,"turns":6},{"damage":6,"enemies":"Small Slimes","floor":8,"turns":5},{"damage":0,"enemies":"2 Louse","floor":9,"turns":3},{"damage":27,"enemies":"Large Slime","floor":10,"turns":10},{"damage":8,"enemies":"2 Fungi Beasts","floor":12,"turns":5},{"damage":26,"enemies":"3 Sentries","floor":13,"turns":12},{"damage":31,"enemies":"3 Sentries","floor":14,"turns":13},{"damage":8,"enemies":"Blue Slaver","floor":15,"turns":5},{"damage":18,"enemies":"downfall:Ironclad","floor":16,"turns":12},{"damage":0,"enemies":"Chosen","floor":19,"turns":1},{"damage":5,"enemies":"Spheric Guardian","floor":21,"turns":5},{"damage":0,"enemies":"Shelled Parasite and Fungi","floor":25,"turns":6},{"damage":19,"enemies":"Slavers","floor":29,"turns":7},{"damage":13,"enemies":"Cultist and Chosen","floor":31,"turns":7},{"damage":5,"enemies":"Snake Plant","floor":32,"turns":5},{"damage":6,"enemies":"downfall:Defect","floor":33,"turns":8},{"damage":16,"enemies":"3 Darklings","floor":36,"turns":7},{"damage":4,"enemies":"3 Shapes","floor":37,"turns":6},{"damage":5,"enemies":"Jaw Worm Horde","floor":39,"turns":6},{"damage":0,"enemies":"downfall:FleeingMerchant","floor":40,"turns":4},{"damage":59,"enemies":"Reptomancer","floor":42,"turns":8},{"damage":16,"enemies":"3 Darklings","floor":43,"turns":7},{"damage":11,"enemies":"Sphere and 2 Shapes","floor":46,"turns":6},{"damage":6,"enemies":"Giant Head","floor":47,"turns":9},{"damage":3,"enemies":"Spire Growth","floor":48,"turns":6},{"damage":1,"enemies":"Jaw Worm Horde","floor":49,"turns":5},{"damage":26,"enemies":"downfall:Watcher","floor":50,"turns":9}],"seed_played":"-2381408499593793180","potions_obtained":[{"floor":6,"key":"AttackPotion"},{"floor":8,"key":"champ:CounterPotion"},{"floor":10,"key":"SmokeBomb"},{"floor":16,"key":"hexamod:EctoCoolerPotion"},{"floor":21,"key":"Energy Potion"},{"floor":25,"key":"PowerPotion"},{"floor":29,"key":"BlessingOfTheForge"}],"is_trial":false,"path_per_floor":["R","M","?","?","T","E","T","M","M","M","R","M","E","?","M","B",null,"R","M","?","M","?","R","T","M","R","?","R","E","?","M","M","B",null,"R","M","M","?","M","$","T","E","M","R","?","M","E","M","M","B",null],"character_chosen":"THE_CHAMP","items_purchased":["Oddly Smooth Stone","champ:DefensiveStyle","expansioncontent:StudyTheSpire","Sling"],"campfire_rested":2,"item_purchase_floors":[40,40,40,40],"current_hp_per_floor":[81,81,81,81,81,50,50,50,50,34,58,55,34,19,19,19,81,81,81,81,81,73,73,73,78,78,78,78,69,77,69,64,63,81,81,75,76,76,76,76,76,34,35,59,59,48,47,49,53,44],"gold":208,"neow_bonus":"THREE_RARE_CARDS","is_daily":false,"chose_seed":false,"campfire_upgraded":6,"win_rate":0.0,"timestamp":1610294709,"path_taken":["R","M","?","?","?","E","T","M","M","?","R","M","E","?","M","BOSS","R","M","?","M","?","R","T","M","R","?","R","E","?","?","M","BOSS","R","M","M","?","?","$","T","E","M","R","?","M","E","M","M","BOSS"],"items_purchased_type":["Relic","Card","Card","Relic"],"build_version":"2020-12-22","purchased_purges":1,"victory":true,"max_hp_per_floor":[81,81,81,81,81,81,81,81,81,81,81,81,81,81,81,81,81,81,81,81,81,81,81,81,81,81,81,81,81,81,81,81,81,81,81,81,81,81,81,81,81,81,81,81,81,81,81,81,81,81],"card_choices":[{"not_picked":["champ:Improvising","champ:CrownThrow"],"picked":"champ:HoldFirm","floor":0},{"not_picked":["champ:FalseCounter","champ:GutPunch","champ:Duel"],"picked":"SKIP","floor":2},{"not_picked":["champ:FalseCounter+1","champ:BladeFlurry"],"picked":"champ:ShieldWall","floor":6},{"not_picked":["champ:StanceDance+1","champ:FaceSlap"],"picked":"champ:IronFortress","floor":8},{"not_picked":["champ:StanceDance+1","champ:Lariat+1"],"picked":"champ:ShieldWall","floor":9},{"not_picked":["champ:FlashCut","champ:FaceSlap","champ:GladiatorsShout+1"],"picked":"SKIP","floor":10},{"not_picked":["champ:CrookedStrike","champ:FanOfKnives"],"picked":"champ:Circumvent+1","floor":12},{"not_picked":["champ:AdrenalArmor+1","champ:GladiatorsShout+1","champ:FocusedBerserking+1"],"picked":"SKIP","floor":13},{"not_picked":["champ:Aggression+1","champ:DefensiveShout+1"],"picked":"champ:Backstep+1","floor":14},{"not_picked":["champ:Duel","champ:Riposte+1","champ:Circumvent+1"],"picked":"SKIP","floor":15},{"not_picked":["champ:Devastate","champ:SteelEdge"],"picked":"champ:ShieldThrow","floor":16},{"not_picked":["champ:Haymaker","champ:StanceDance+1"],"picked":"champ:ViciousMockery+1","floor":19},{"not_picked":["champ:DefensiveShout+1","champ:BringItOn+1"],"picked":"champ:ViciousMockery+1","floor":21},{"not_picked":["meleeMod_ShieldPoke","Slimebound:LeechingTouch"],"picked":"Guardian:Gem_White","floor":25},{"not_picked":["Halt+1","meleeMod_DownTilt","LockedBlood"],"picked":"SKIP","floor":29},{"not_picked":["Wallop","hermit:Glare+1","alterego_mod:Support"],"picked":"SKIP","floor":31},{"not_picked":["Wraith Form v2","Second Wind+1","animator:MaesHughes+1"],"picked":"SKIP","floor":32},{"not_picked":["champ:Control+1","hexamod:ThirdSeal","hermit:FullyLoaded+1"],"picked":"SKIP","floor":36},{"not_picked":["ExoVibe+1","animator:Kuribayashi+1"],"picked":"hexamod:Hexaguard+1","floor":37},{"not_picked":["Hololive_CocoNews+1","theMarked:WastefulDefense+1","Enlightenment+1"],"picked":"SKIP","floor":39},{"not_picked":["Guardian:Reroute","Moonworks:RedAndBlue+1","animator:NononJakuzure+1"],"picked":"SKIP","floor":40},{"not_picked":["Sword Boomerang+1","expansioncontent:TimeRipple+1","sneckomod:UnknownStrike"],"picked":"SKIP","floor":42},{"not_picked":["alterego_mod:Crossover+1","sneckomod:QuickMove+1","Moonworks:LulusLuckyEgg+1"],"picked":"SKIP","floor":43},{"not_picked":["Guardian:Gem_Lightblue","chefmod:Gelato+1","Study+1"],"picked":"SKIP","floor":46},{"not_picked":["Moonworks:HolyNight","hermit:Manifest+1","Twin Strike"],"picked":"SKIP","floor":47},{"not_picked":["animator:Shion","alterego_mod:Lingerie+1","alterego_mod:Maid"],"picked":"SKIP","floor":48},{"not_picked":["alterego_mod:Complex","champ:Backstep+1","animator:Togame+1"],"picked":"SKIP","floor":49}],"player_experience":372548,"relics_obtained":[{"floor":5,"key":"Anchor"},{"floor":6,"key":"Ancient Tea Set"},{"floor":7,"key":"Gremlin Horn"},{"floor":13,"key":"Ice Cream"},{"floor":14,"key":"CloakClasp"},{"floor":22,"key":"PrismaticShard"},{"floor":24,"key":"Meat on the Bone"},{"floor":41,"key":"Vajra"},{"floor":42,"key":"Gambling Chip"},{"floor":45,"key":"Centennial Puzzle"},{"floor":47,"key":"Bag of Marbles"}],"event_choices":[{"damage_healed":0,"gold_gain":0,"player_choice":"Ignored","damage_taken":0,"max_hp_gain":0,"max_hp_loss":0,"event_name":"Vampires","floor":20,"gold_loss":0}],"is_beta":false,"boss_relics":[{"not_picked":["aspiration:PoetsPen_weak","Black Star"],"picked":"Velvet Choker"},{"not_picked":["aspiration:DefectSkillbook","Fusion Hammer"],"picked":"Sozu"}],"items_purged_floors":[40],"is_endless":false,"potions_floor_spawned":[6,8,10,13,16,21,25,29,39,42,46,47,48],"ascension_level":0}}