{"host":"yhgs8ag4i0fjf5cm","time":1610296424,"event":{"mods":["Aspiration","BaseMod","Beaked The Cultist","BetterRewards","Conspire","HornydragonMod","Hubris","Infinite Spire","Marisa????????","Minty Spire (QoL Compilation)","Quick Restart","Replay The Spire","Robot Space Explorer","Shop Mod","Spikes Relics","StSLib","The Animator","The Construct","The Necromancer","The Servant 0.9.4"],"gold_per_floor":[116,116,291,265,294,294,294,323,323,531,576,576,613,613,629,629,629,750,750,679,696,696,720,720,736,755,759,759],"floor_reached":27,"playtime":1605,"items_purged":["Doubt"],"score":221,"play_id":"7bd70172-72f8-41fb-ae6d-e5a26ed3af43","local_time":"20210110173344","is_ascension_mode":false,"campfire_choices":[{"data":"animator:NagisaMomoe","floor":9,"key":"SMITH"},{"floor":12,"key":"REST"},{"floor":14,"key":"REST"},{"data":"animator:SwordMaiden","floor":17,"key":"SMITH"}],"circlet_count":0,"master_deck":["animator:Strike_AccelWorld","animator:Defend_AccelWorld","animator:Strike","animator:Strike","animator:Strike","animator:Defend","animator:Defend","animator:Defend","animator:Kuroyukihime","animator:LimeBell","animator:LeleiLaLalena","animator:ChaikaBohdan","animator:Cocytus","animator:NagisaMomoe+1","animator:Sebas","animator:Chris","animator:Alexander","animator:SwordMaiden+1","animator:Fredrika","animator:YaoHaDucy","animator:ChlammyZell","infinitespire:FutureSight","animator:Mitsurugi+1","animator:SilverFang"],"relics":["animator:LivingPicture","animator:TheMissingPiece","animator:PurgingStone","hubris:Icosahedron","animator:Buoy","Centennial Puzzle","Replay:Wax Seal","aspiration:RitualDagger","animator:WizardHat","Philosopher\u0027s Stone"],"acts_visited":["Exordium","TheCity"],"potions_floor_usage":[5,13,13],"damage_taken":[{"damage":0,"enemies":"Small Slimes","floor":1,"turns":6},{"damage":11,"enemies":"Jaw Worm","floor":4,"turns":4},{"damage":0,"enemies":"2 Louse","floor":5,"turns":2},{"damage":24,"enemies":"Gremlin Nob","floor":8,"turns":4},{"damage":22,"enemies":"Lagavulin","floor":13,"turns":8},{"damage":0,"enemies":"Blue Slaver","floor":15,"turns":4},{"damage":24,"enemies":"The Guardian","floor":18,"turns":11},{"damage":60,"enemies":"2 Thieves","floor":20,"turns":5},{"damage":59,"enemies":"Spheric Guardian","floor":21,"turns":7},{"damage":53,"enemies":"Centurion and Healer","floor":23,"turns":12},{"damage":21,"enemies":"Sentry and Sphere","floor":25,"turns":5},{"damage":14,"enemies":"3 Cultists","floor":26,"turns":4},{"damage":58,"enemies":"Gremlin Leader","floor":27,"turns":5}],"seed_played":"1760342356870949300","potions_obtained":[{"floor":5,"key":"FearPotion"},{"floor":13,"key":"SmokeBomb"},{"floor":18,"key":"Milkshake"},{"floor":25,"key":"EntropicBrew"}],"is_trial":false,"path_per_floor":["M","?","?","M","M","PTL","PTL","E","R","?","T","R","E","R","M","?","R","B",null,"M","M","?","M","AVR","M","M","E"],"character_chosen":"THE_ANIMATOR","items_purchased":[],"campfire_rested":2,"item_purchase_floors":[],"current_hp_per_floor":[66,66,66,55,55,55,55,32,32,6,6,26,4,24,24,31,31,7,67,64,5,67,14,14,33,30,0,0],"gold":759,"neow_bonus":"THREE_CARDS","is_daily":false,"chose_seed":false,"campfire_upgraded":2,"win_rate":0.0,"timestamp":1610296424,"path_taken":["M","?","?","M","M","PTL","PTL","E","R","?","T","R","E","R","M","?","R","BOSS","M","M","?","M","AVR","M","?","E"],"items_purchased_type":[],"build_version":"2020-12-22","purchased_purges":1,"victory":false,"max_hp_per_floor":[66,66,66,66,66,66,66,67,67,67,67,67,67,67,67,67,67,67,67,67,67,67,67,67,33,33,33,33],"card_choices":[{"not_picked":["animator:ZankiKiguchi","animator:Vanir"],"picked":"animator:LeleiLaLalena","floor":0},{"not_picked":["animator:Berserker","animator:Viivi"],"picked":"animator:ChaikaBohdan","floor":1},{"not_picked":["animator:SayakaMiki","animator:Mikaela"],"picked":"animator:Cocytus","floor":4},{"not_picked":["animator:TsurugaMeisai","animator:ChlammyZell"],"picked":"animator:NagisaMomoe","floor":5},{"not_picked":["animator:Entoma","animator:PandorasActor"],"picked":"animator:Sebas","floor":8},{"not_picked":["animator:Lancer","animator:SuzuneAmano"],"picked":"animator:Chris","floor":10},{"not_picked":["animator:SakuraMatou","animator:Azekura"],"picked":"animator:Alexander","floor":13},{"not_picked":["animator:MaesHughes","animator:ElricEdward"],"picked":"animator:SwordMaiden","floor":15},{"not_picked":["animator:Biyorigo","animator:Gilgamesh"],"picked":"animator:Father","floor":18},{"not_picked":["animator:Demiurge","animator:Aisha+1"],"picked":"animator:Fredrika","floor":20},{"not_picked":["animator:LeleiLaLalena","animator:Bozes"],"picked":"animator:YaoHaDucy","floor":21},{"not_picked":["animator:OrikoMikuni","animator:HiiragiShinya"],"picked":"animator:ChlammyZell","floor":23},{"not_picked":["animator:Chung","animator:Bozes+1"],"picked":"animator:Mitsurugi+1","floor":25},{"not_picked":["animator:DolaSchwi","animator:IrohaTamaki"],"picked":"animator:SilverFang","floor":26}],"player_experience":469457,"relics_obtained":[{"floor":8,"key":"animator:Buoy"},{"floor":11,"key":"Centennial Puzzle"},{"floor":13,"key":"Replay:Wax Seal"}],"event_choices":[{"damage_healed":0,"gold_gain":175,"player_choice":"AGREE","damage_taken":0,"max_hp_gain":0,"max_hp_loss":0,"event_name":"Liars Game","floor":3,"gold_loss":0,"cards_obtained":["Doubt"]},{"damage_healed":62,"gold_gain":0,"player_choice":"Full Heal","damage_taken":0,"max_hp_gain":0,"max_hp_loss":0,"event_name":"Wheel of Change","floor":22,"gold_loss":0}],"is_beta":false,"boss_relics":[{"not_picked":["conspire:SlowCooker","Painkiller Herb"],"picked":"aspiration:RitualDagger"}],"items_purged_floors":[24],"is_endless":false,"potions_floor_spawned":[5,13,18,25],"killed_by":"Gremlin Leader","ascension_level":0}}