{"host":"l84l8xigz5v5foa2","time":1610262864,"event":{"mods":["2.2 Compatiblity","AchievementEnabler","BaseMod","Better Note","Better Vampires","Card Filter","Colored Map","DeckTracker","Downfall","Gremlin Skip","Highlight Path","Keyboard Shortcuts","Minty Spire (QoL Compilation)","Permanent Neow","Quick Restart","Relic Filter","Relic Stats","StSLib","SuperFastMode","Transform Curses","Unknown Chances"],"gold_per_floor":[99,112,128,144,144,144,144,144,2,37,37,37,56,156,168,245,245,245,63,163,174,187,187,187,112,145,291,291,303,228,263,278,352,352,352,367,381,402,402,402,402,402,431,431,306,306,231,251,263,263,263,295,129,129,129],"floor_reached":56,"playtime":4073,"items_purged":["hexamod:Strike","hexamod:Strike","hexamod:Defend"],"score":2426,"play_id":"78967f02-b636-4b29-ac9e-e8e78c9078d3","local_time":"20210110161424","is_ascension_mode":true,"campfire_choices":[{"data":"hexamod:Float","floor":1.0,"key":"SMITH"},{"data":"hexamod:HeatMetal","floor":8.0,"key":"SMITH"},{"data":"hexamod:RainOfEmbers","floor":11.0,"key":"SMITH"},{"data":"hexamod:ApocalypticArmor","floor":18.0,"key":"SMITH"},{"data":"hexamod:PowerFromBeyond","floor":23.0,"key":"SMITH"},{"floor":25.0,"key":"REST"},{"data":"hexamod:GhostOfSpirePast","floor":30.0,"key":"SMITH"},{"data":"hexamod:GiftsFromTheDead","floor":35.0,"key":"SMITH"},{"floor":42.0,"key":"RECALL"},{"data":"hexamod:Incineration","floor":47.0,"key":"SMITH"},{"data":"hexamod:NecessarySacrifice","floor":54,"key":"SMITH"}],"circlet_count":0,"master_deck":["AscendersBane","hexamod:Strike+1","hexamod:Strike","hexamod:Defend+1","hexamod:Defend+1","hexamod:Defend+1","hexamod:Sear+1","hexamod:Float+1","hexamod:HauntingEcho+1","hexamod:InspiringFlames+1","hexamod:HeatMetal+1","hexamod:RainOfEmbers+1","hexamod:RecurringNightmare+1","hexamod:Hexaguard+1","hexamod:GhostShield+1","hexamod:SpectersWail","hexamod:GhostflameInferno+1","hexamod:NightmareGuise+1","hexamod:ApocalypticArmor+1","hexamod:SearingWound+1","hexamod:RadiantFlame+1","hexamod:HeatCrush+1","hexamod:FastForward+1","hexamod:PowerFromBeyond+1","hexamod:GhostLash+1","hexamod:HeatShield+1","hexamod:GhostOfSpirePast+1","hexamod:Incineration+1","hexamod:Rewind+1","hexamod:Haunt+1","hexamod:GhostOfSpirePast","hexamod:GiftsFromTheDead+1","hexamod:SixthSeal","hexamod:Hexaguard+1","hexamod:AdvancingGuard+1","hexamod:GhostflameBarrier+1","expansioncontent:CaCaw","expansioncontent:DefensiveStance","hexamod:FourthSeal","hexamod:NecessarySacrifice+1"],"relics":["hexamod:SpiritBrand","Pocketwatch","Letter Opener","Regal Pillow","Philosopher\u0027s Stone","Bag of Preparation","downfall:HeartBlessingBlue","Question Card","downfall:HeartBlessingGreen","Meat on the Bone","Cursed Key","hexamod:TheBrokenSeal","Ginger","downfall:HeartBlessingRed","Kunai","Chemical X"],"acts_visited":["Exordium","TheCity","TheBeyond","TheEnding"],"potions_floor_usage":[52,55,55,55],"damage_taken":[{"damage":0.0,"enemies":"Cultist","floor":2.0,"turns":3.0},{"damage":1.0,"enemies":"Jaw Worm","floor":3.0,"turns":3.0},{"damage":0.0,"enemies":"2 Louse","floor":4.0,"turns":2.0},{"damage":0.0,"enemies":"downfall:FleeingMerchant","floor":9.0,"turns":4.0},{"damage":6.0,"enemies":"Gremlin Nob","floor":10.0,"turns":3.0},{"damage":6.0,"enemies":"Lots of Slimes","floor":13.0,"turns":3.0},{"damage":23.0,"enemies":"Lots of Slimes","floor":14.0,"turns":4.0},{"damage":1.0,"enemies":"Exordium Wildlife","floor":15.0,"turns":4.0},{"damage":10.0,"enemies":"downfall:Ironclad","floor":16.0,"turns":10.0},{"damage":0.0,"enemies":"downfall:FleeingMerchant","floor":19.0,"turns":5.0},{"damage":24.0,"enemies":"Shell Parasite","floor":21.0,"turns":7.0},{"damage":0.0,"enemies":"Chosen","floor":22.0,"turns":3.0},{"damage":32.0,"enemies":"Slavers","floor":26.0,"turns":5.0},{"damage":2.0,"enemies":"downfall:FleeingMerchant","floor":27.0,"turns":3.0},{"damage":2.0,"enemies":"Snecko","floor":29.0,"turns":5.0},{"damage":10.0,"enemies":"Book of Stabbing","floor":31.0,"turns":3.0},{"damage":0.0,"enemies":"Centurion and Healer","floor":32.0,"turns":5.0},{"damage":14.0,"enemies":"downfall:Defect","floor":33.0,"turns":7.0},{"damage":0.0,"enemies":"3 Shapes","floor":36.0,"turns":5.0},{"damage":9.0,"enemies":"Orb Walker","floor":37.0,"turns":5.0},{"damage":33.0,"enemies":"Transient","floor":38.0,"turns":6.0},{"damage":0.0,"enemies":"Nemesis","floor":43.0,"turns":5.0},{"damage":0.0,"enemies":"Maw","floor":48.0,"turns":5.0},{"damage":0.0,"enemies":"3 Darklings","floor":49.0,"turns":5.0},{"damage":0,"enemies":"downfall:Watcher","floor":50,"turns":8},{"damage":0,"enemies":"downfall:CharBossMerchant","floor":52,"turns":7},{"damage":0,"enemies":"downfall:NeowBoss","floor":55,"turns":14}],"seed_played":"3010995493111266556","potions_obtained":[{"floor":2.0,"key":"FearPotion"},{"floor":4.0,"key":"FearPotion"},{"floor":14.0,"key":"SmokeBomb"},{"floor":15.0,"key":"SteroidPotion"},{"floor":22.0,"key":"hexamod:DoubleChargePotion"},{"floor":29.0,"key":"Slimebound:ThreeZeroPotion"},{"floor":31.0,"key":"Dexterity Potion"},{"floor":33.0,"key":"Weak Potion"},{"floor":37.0,"key":"DistilledChaos"},{"floor":43.0,"key":"sneckomod:MuddlingPotion"},{"floor":43.0,"key":"Regen Potion"},{"floor":48.0,"key":"EntropicBrew"},{"floor":49.0,"key":"Block Potion"},{"floor":52,"key":"SpeedPotion"}],"is_trial":false,"path_per_floor":["R","M","M","M","?","?","T","R","$","E","R","?","M","?","M","B",null,"R","$","?","M","M","R","T","R","E","$","?","M","R","E","M","B",null,"R","M","M","M","?","?","T","R","E","T","$","?","R","M","M","B",null,"E","$","R","B",null],"character_chosen":"THE_SPIRIT","items_purchased":["hexamod:RainOfEmbers","Bag of Preparation","hexamod:Incineration","Chemical X"],"campfire_rested":1,"item_purchase_floors":[9,19,27,53],"current_hp_per_floor":[57,57,56,56,56,61,61,61,61,55,55,55,49,26,25,15,50,50,50,50,26,26,26,26,72,40,38,38,36,36,26,45,50,67,67,72,70,61,51,51,51,51,51,51,51,51,51,51,65,65,78,78,78,78,78],"gold":129,"neow_bonus":"ONE_RARE_RELIC","is_daily":false,"chose_seed":false,"campfire_upgraded":9,"win_rate":0.0,"timestamp":1610262864,"path_taken":["R","M","M","M","?","?","T","R","$","E","R","?","M","?","M","BOSS","R","?","?","M","?","R","T","R","E","$","?","M","R","E","M","BOSS","R","M","M","M","?","?","T","R","E","?","$","?","R","?","M","BOSS","E","$","R","BOSS"],"items_purchased_type":["Card","Relic","Card","Relic"],"build_version":"2020-12-22","purchased_purges":3,"victory":true,"max_hp_per_floor":[57,57,57,57,57,62,62,62,62,62,62,62,62,62,62,62,62,62,62,62,62,62,62,62,72,72,72,72,72,72,72,72,72,72,72,72,72,82,82,82,82,82,82,82,82,82,82,82,82,82,82,82,82,82,82],"relic_stats":{"Regal Pillow":15,"counters":[27,139],"Bag of Preparation":[34],"Letter Opener":[292],"Ginger":[10],"Kunai":[8],"Chemical X":[7],"Question Card":28,"Cursed Key":0,"obtain_stats":[{"Regal Pillow":10,"downfall:HeartBlessingRed":47,"hexamod:TheBrokenSeal":38,"downfall:HeartBlessingGreen":30,"Bag of Preparation":19,"Letter Opener":7,"Ginger":43,"Question Card":26,"Cursed Key":34,"downfall:HeartBlessingBlue":25,"Philosopher\u0027s Stone":17,"Kunai":52,"Chemical X":53,"hexamod:SpiritBrand":0,"Pocketwatch":0,"Meat on the Bone":31},{"Regal Pillow":5,"downfall:HeartBlessingRed":22,"hexamod:TheBrokenSeal":21,"downfall:HeartBlessingGreen":15,"Bag of Preparation":10,"Letter Opener":3,"Ginger":22,"Question Card":13,"Cursed Key":18,"downfall:HeartBlessingBlue":12,"Philosopher\u0027s Stone":9,"Kunai":26,"Chemical X":26,"hexamod:SpiritBrand":0,"Pocketwatch":0,"Meat on the Bone":16},{"Regal Pillow":15,"downfall:HeartBlessingRed":100,"hexamod:TheBrokenSeal":93,"downfall:HeartBlessingGreen":64,"Bag of Preparation":41,"Letter Opener":8,"Ginger":100,"Question Card":56,"Cursed Key":79,"downfall:HeartBlessingBlue":51,"Philosopher\u0027s Stone":36,"Kunai":125,"Chemical X":125,"hexamod:SpiritBrand":0,"Pocketwatch":0,"Meat on the Bone":67}],"Pocketwatch":[137],"Meat on the Bone":24},"card_choices":[{"not_picked":["hexamod:SecondSeal","hexamod:Again"],"picked":"hexamod:HauntingEcho","floor":2.0},{"not_picked":["hexamod:BacktrackSmack","hexamod:ThermalTransfer"],"picked":"hexamod:InspiringFlames","floor":3.0},{"not_picked":["hexamod:SpectralSpark","hexamod:BacktrackSmack"],"picked":"hexamod:HeatMetal","floor":4.0},{"not_picked":["hexamod:ShieldOfDarkness","hexamod:AdvancingGuard"],"picked":"hexamod:ThirdSeal","floor":9.0},{"not_picked":["hexamod:SwordOfDarkness","hexamod:ThirdSeal"],"picked":"hexamod:RecurringNightmare","floor":10.0},{"not_picked":["hexamod:ShieldOfDarkness","hexamod:BurningTouch"],"picked":"hexamod:Hexaguard","floor":13.0},{"not_picked":["hexamod:BurningTouch","hexamod:InspiringFlames"],"picked":"hexamod:GhostShield","floor":13.0},{"not_picked":["hexamod:Hexaguard","hexamod:ShieldOfDarkness"],"picked":"hexamod:SpectersWail","floor":14.0},{"not_picked":["hexamod:GhostShield","hexamod:BacktrackSmack"],"picked":"hexamod:GhostflameInferno","floor":15.0},{"not_picked":["hexamod:GhostLash","hexamod:Firestarter"],"picked":"hexamod:NightmareGuise","floor":15.0},{"not_picked":["hexamod:UnleashSpirits","hexamod:SearingWound"],"picked":"hexamod:ApocalypticArmor","floor":16.0},{"not_picked":["hexamod:ParanormalForm","hexamod:ApocalypticArmor"],"picked":"hexamod:SearingWound","floor":16.0},{"not_picked":["hexamod:SecondSeal","hexamod:ThermalTransfer"],"picked":"hexamod:RadiantFlame+1","floor":19.0},{"not_picked":["hexamod:GhostOfSpireFuture","hexamod:InspiringFlames"],"picked":"hexamod:HeatCrush+1","floor":19.0},{"not_picked":["hexamod:NightmareGuise","hexamod:BacktrackSmack"],"picked":"hexamod:FastForward+1","floor":21.0},{"not_picked":["hexamod:BacktrackSmack","hexamod:HauntingEcho"],"picked":"hexamod:PowerFromBeyond","floor":21.0},{"not_picked":["hexamod:HauntingEcho+1","hexamod:RainOfEmbers"],"picked":"hexamod:GhostLash+1","floor":22.0},{"not_picked":["hexamod:Hexaguard","hexamod:Again"],"picked":"hexamod:SixthSeal","floor":26.0},{"not_picked":["hexamod:Again","hexamod:SpectersWail"],"picked":"hexamod:HeatShield+1","floor":26.0},{"not_picked":["hexamod:CatchUp","hexamod:GhostShield","hexamod:ShieldOfDarkness"],"picked":"hexamod:GhostOfSpirePast","floor":27.0},{"not_picked":["hexamod:GhostOfSpirePresent","hexamod:RetreatToShadows","hexamod:GhostLash","hexamod:Again"],"picked":"SKIP","floor":27.0},{"not_picked":["hexamod:GhostflameBarrier","hexamod:SpectralAdrenaline","hexamod:FastForward"],"picked":"hexamod:Rewind+1","floor":29.0},{"not_picked":["hexamod:GhostLash","hexamod:SpectersWail","hexamod:Hexaguard+1"],"picked":"hexamod:Haunt","floor":29.0},{"not_picked":["hexamod:ShieldOfDarkness","hexamod:AdvancingGuard","hexamod:FastForward+1"],"picked":"hexamod:FirstSeal","floor":31.0},{"not_picked":["hexamod:Incineration","hexamod:FastForward","hexamod:ExtraCrispy"],"picked":"hexamod:GhostOfSpirePast","floor":32.0},{"not_picked":["hexamod:ChargedBarrage","hexamod:HauntingEcho","hexamod:ExtraCrispy","hexamod:GhostLash+1"],"picked":"SKIP","floor":32.0},{"not_picked":["hexamod:VolcanoVisage","hexamod:CrushingStance","hexamod:GhostflameInferno"],"picked":"hexamod:GiftsFromTheDead","floor":33.0},{"not_picked":["hexamod:TimeOfNeed","hexamod:VolcanoVisage","hexamod:TimeWarp"],"picked":"hexamod:FifthSeal","floor":33.0},{"not_picked":["hexamod:FirstSeal","hexamod:ThirdSeal","hexamod:SecondSeal"],"picked":"hexamod:FourthSeal","floor":36.0},{"not_picked":["hexamod:HauntingEcho","hexamod:AdvancingGuard+1","hexamod:GhostLash"],"picked":"hexamod:SixthSeal","floor":36.0},{"not_picked":["hexamod:GhostLash","hexamod:FastForward","hexamod:Hexaguard","hexamod:ChargedBarrage+1"],"picked":"SKIP","floor":36.0},{"not_picked":["hexamod:ParanormalForm","hexamod:Firestarter","hexamod:FastForward"],"picked":"hexamod:Hexaguard+1","floor":37.0},{"not_picked":["hexamod:ThermalTransfer","hexamod:NightmareStrike","hexamod:SpectralAdrenaline"],"picked":"hexamod:AdvancingGuard+1","floor":37.0},{"not_picked":["hexamod:SixthSeal","hexamod:FourthSeal","hexamod:FirstSeal"],"picked":"hexamod:SecondSeal","floor":37.0},{"not_picked":["hexamod:CatchUp","hexamod:SoulSteal","hexamod:BurningTouch+1"],"picked":"hexamod:GhostflameBarrier+1","floor":38.0},{"not_picked":["expansioncontent:HyperBeam","expansioncontent:DarkVoid","expansioncontent:DefensiveMode"],"picked":"expansioncontent:CaCaw","floor":39.0},{"not_picked":["expansioncontent:BronzeBeam","expansioncontent:Chronoboost","expansioncontent:ManipulateTime"],"picked":"expansioncontent:DefensiveStance","floor":39.0},{"not_picked":["hexamod:Again","hexamod:Hexaguard","hexamod:NightmareGuise","hexamod:BurningTouch+1"],"picked":"SKIP","floor":43.0},{"not_picked":["hexamod:ThermalTransfer","hexamod:InspiringFlames","hexamod:Hexaguard+1","hexamod:SwordOfDarkness"],"picked":"SKIP","floor":48.0},{"not_picked":["hexamod:RadiantFlame","hexamod:Firestarter","hexamod:ShieldOfDarkness"],"picked":"hexamod:NecessarySacrifice","floor":52}],"player_experience":3048484,"relics_obtained":[{"floor":7.0,"key":"Letter Opener"},{"floor":10.0,"key":"Regal Pillow"},{"floor":26.0,"key":"Question Card"},{"floor":31.0,"key":"Meat on the Bone"},{"floor":43.0,"key":"Ginger"},{"floor":52,"key":"Kunai"}],"event_choices":[{"damage_healed":0.0,"max_hp_gain":5.0,"max_hp_loss":0.0,"gold_gain":0.0,"event_name":"Big Fish","player_choice":"Donut","floor":6.0,"gold_loss":0.0,"damage_taken":0.0}],"is_beta":false,"boss_relics":[{"not_picked":["SacredBark","SlaversCollar"],"picked":"Philosopher\u0027s Stone"},{"not_picked":["expansioncontent:StudyCardRelic","Coffee Dripper"],"picked":"Cursed Key"}],"items_purged_floors":[9,27,45],"is_endless":false,"potions_floor_spawned":[2,4,14,15,22,29,31,33,37,43],"ascension_level":20}}