{"host":"sav7uxregyirlf69","time":1610270207,"event":{"mods":["AchievementEnabler","BaseMod","Colored Map","DeckTracker","Keyboard Shortcuts","Minty Spire (QoL Compilation)","READ ME - Guardian Mod","StSLib","SuperFastMode"],"gold_per_floor":[109,119,69,69,88,88,113,113,195,224,8,8,8,22,22,121,121,134,184,201,21,21,56,56,91,91,91,119,138,149,164,164,269,269,285,300,354,369,369,397,397,428,428,207,207,6,18,45,45,45,45,45,8,34,34],"floor_reached":56,"playtime":1333,"items_purged":["Defend_G","Strike_G","Writhe"],"score":1989,"play_id":"c71f6ba0-0323-471c-87d1-fd6fcd97e0c3","local_time":"20210110181647","is_ascension_mode":true,"campfire_choices":[{"data":"Dash","floor":6.0,"key":"SMITH"},{"data":"Cloak And Dagger","floor":8.0,"key":"SMITH"},{"floor":12.0,"key":"REST"},{"data":"Phantasmal Killer","floor":15.0,"key":"SMITH"},{"data":"Concentrate","floor":24,"key":"SMITH"},{"data":"Reflex","floor":27,"key":"SMITH"},{"data":"Accuracy","floor":32,"key":"SMITH"},{"data":"Adrenaline","floor":41,"key":"SMITH"},{"floor":49,"key":"RECALL"},{"data":"Escape Plan","floor":52,"key":"SMITH"}],"circlet_count":0,"master_deck":["AscendersBane","Strike_G+1","Defend_G","Defend_G+1","Survivor+1","Neutralize+1","Dash+1","Dagger Spray","Cloak And Dagger+1","Noxious Fumes","Cloak And Dagger","Phantasmal Killer+1","Adrenaline+1","Reflex+1","Concentrate+1","Underhanded Strike","Reflex+1","Prepared+1","Blade Dance+1","Accuracy+1","Dodge and Roll+1","Cloak And Dagger+1","Escape Plan+1","Escape Plan"],"relics":["Ring of the Snake","War Paint","Kunai","Eternal Feather","HornCleat","Membership Card","Cursed Key","Singing Bowl","Bronze Scales","Regal Pillow","Lantern","WristBlade","Toy Ornithopter","Whetstone","Ornamental Fan","Medical Kit","Mummified Hand","Bag of Marbles","Pantograph"],"acts_visited":["Exordium","TheCity","TheBeyond","TheEnding"],"potions_floor_usage":[25,28,31,37,55,55,55],"damage_taken":[{"damage":0.0,"enemies":"2 Louse","floor":1.0,"turns":4.0},{"damage":6.0,"enemies":"Small Slimes","floor":2.0,"turns":4.0},{"damage":0.0,"enemies":"Cultist","floor":5.0,"turns":4.0},{"damage":22.0,"enemies":"Lagavulin","floor":7.0,"turns":6.0},{"damage":16.0,"enemies":"Gremlin Nob","floor":10.0,"turns":5.0},{"damage":0.0,"enemies":"Gremlin Gang","floor":14.0,"turns":3.0},{"damage":38.0,"enemies":"Slime Boss","floor":16.0,"turns":8.0},{"damage":4.0,"enemies":"Chosen","floor":18.0,"turns":5.0},{"damage":0.0,"enemies":"3 Byrds","floor":20.0,"turns":4.0},{"damage":29,"enemies":"Slavers","floor":23,"turns":7},{"damage":0,"enemies":"Gremlin Leader","floor":25,"turns":4},{"damage":3,"enemies":"Slavers","floor":28,"turns":5},{"damage":27,"enemies":"Snecko","floor":29,"turns":5},{"damage":0,"enemies":"Centurion and Healer","floor":30,"turns":5},{"damage":0,"enemies":"Snake Plant","floor":31,"turns":3},{"damage":15,"enemies":"Champ","floor":33,"turns":7},{"damage":0,"enemies":"Orb Walker","floor":35,"turns":2},{"damage":0,"enemies":"3 Shapes","floor":36,"turns":1},{"damage":22,"enemies":"2 Orb Walkers","floor":37,"turns":5},{"damage":18,"enemies":"Transient","floor":38,"turns":5},{"damage":0,"enemies":"Giant Head","floor":40,"turns":4},{"damage":25,"enemies":"Reptomancer","floor":42,"turns":4},{"damage":1,"enemies":"4 Shapes","floor":47,"turns":4},{"damage":16,"enemies":"Nemesis","floor":48,"turns":5},{"damage":0,"enemies":"Awakened One","floor":50,"turns":10},{"damage":0,"enemies":"Shield and Spear","floor":54,"turns":5},{"damage":57,"enemies":"The Heart","floor":55,"turns":7}],"seed_played":"-4196395107141456149","potions_obtained":[{"floor":1.0,"key":"SmokeBomb"},{"floor":2.0,"key":"SneckoOil"},{"floor":5.0,"key":"Strength Potion"},{"floor":14.0,"key":"Explosive Potion"},{"floor":16.0,"key":"BlessingOfTheForge"},{"floor":20.0,"key":"EssenceOfSteel"},{"floor":28,"key":"FairyPotion"},{"floor":29,"key":"Strength Potion"},{"floor":30,"key":"Block Potion"},{"floor":31,"key":"SkillPotion"},{"floor":38,"key":"Explosive Potion"},{"floor":48,"key":"CunningPotion"}],"is_trial":false,"path_per_floor":["M","M","?","?","M","R","E","R","T","E","$","R","$","M","R","B",null,"M","?","M","$","?","E","R","E","T","R","E","M","M","M","R","B",null,"M","M","?","M","?","E","R","E","T","$","?","$","M","E","R","B",null,"R","$","E","B",null],"character_chosen":"THE_SILENT","items_purchased":["Membership Card","Cloak And Dagger","Singing Bowl","Ornamental Fan","Escape Plan","Medical Kit","Mummified Hand","LiquidBronze"],"campfire_rested":1,"item_purchase_floors":[11,11,21,44,44,46,46,53],"current_hp_per_floor":[63,57,57,57,57,57,35,35,35,19,19,43,43,43,52,14,51,47,47,47,47,47,18,27,27,27,36,33,8,10,10,22,9,54,56,56,36,18,18,20,32,9,9,9,9,9,10,24,36,36,67,77,77,77,20],"gold":34,"neow_bonus":"REMOVE_TWO","is_daily":false,"chose_seed":false,"campfire_upgraded":8,"win_rate":0.0,"timestamp":1610270207,"path_taken":["M","M","?","?","M","R","E","R","T","E","$","R","$","M","R","BOSS","M","?","?","$","?","E","R","E","T","R","E","M","M","M","R","BOSS","M","M","?","M","?","E","R","E","T","$","?","$","M","E","R","BOSS","R","$","E","BOSS"],"items_purchased_type":["Relic","Card","Relic","Relic","Card","Relic","Relic","Potion"],"build_version":"2020-12-22","purchased_purges":3,"victory":true,"max_hp_per_floor":[63,63,63,63,63,63,63,63,63,63,63,63,63,63,63,63,63,63,63,63,63,63,63,63,63,63,63,63,65,67,67,67,69,69,71,71,73,73,73,75,75,77,77,77,73,73,75,77,77,77,77,77,77,77,77],"card_choices":[{"not_picked":["Poisoned Stab","Sucker Punch"],"picked":"Dash","floor":1.0},{"not_picked":["Cloak And Dagger","Riddle With Holes","Acrobatics"],"picked":"SKIP","floor":2.0},{"not_picked":["Heel Hook","Prepared"],"picked":"Dagger Spray","floor":5.0},{"not_picked":["Calculated Gamble","Bouncing Flask"],"picked":"Cloak And Dagger","floor":7.0},{"not_picked":["PiercingWail","Deflect"],"picked":"Noxious Fumes","floor":10.0},{"not_picked":["Backflip","Distraction"],"picked":"Phantasmal Killer","floor":14.0},{"not_picked":["Malaise","Envenom"],"picked":"Adrenaline","floor":16.0},{"not_picked":["Crippling Poison","Noxious Fumes+1"],"picked":"Reflex","floor":18.0},{"not_picked":["Sucker Punch","Cloak And Dagger","Eviscerate+1"],"picked":"SKIP","floor":20.0},{"not_picked":["Blade Dance+1","Dodge and Roll"],"picked":"Reflex+1","floor":23},{"not_picked":["Backflip+1","Crippling Poison"],"picked":"Prepared+1","floor":25},{"not_picked":["Distraction","Backflip"],"picked":"Blade Dance+1","floor":28},{"not_picked":["Underhanded Strike","Deflect","Outmaneuver"],"picked":"Singing Bowl","floor":29},{"not_picked":["Slice","Phantasmal Killer","Flechettes"],"picked":"Singing Bowl","floor":30},{"not_picked":["Sucker Punch","Blade Dance"],"picked":"Accuracy","floor":31},{"not_picked":["Wraith Form v2","Storm of Steel","Phantasmal Killer"],"picked":"Singing Bowl","floor":33},{"not_picked":["Flying Knee","Acrobatics+1","Dagger Spray+1"],"picked":"Singing Bowl","floor":35},{"not_picked":["Setup","Dagger Throw+1"],"picked":"Dodge and Roll+1","floor":36},{"not_picked":["Outmaneuver","Bouncing Flask","Eviscerate"],"picked":"Singing Bowl","floor":37},{"not_picked":["Dagger Spray","Bouncing Flask+1"],"picked":"Cloak And Dagger+1","floor":38},{"not_picked":["Finisher","Skewer","Tools of the Trade"],"picked":"Singing Bowl","floor":40},{"not_picked":["Prepared","Underhanded Strike+1","Slice"],"picked":"Singing Bowl","floor":42},{"not_picked":["PiercingWail","Skewer","Deadly Poison"],"picked":"Singing Bowl","floor":47},{"not_picked":["Flying Knee","Crippling Poison+1","Cloak And Dagger"],"picked":"Singing Bowl","floor":48},{"not_picked":["Riddle With Holes","Dagger Spray+1"],"picked":"Escape Plan","floor":54}],"player_experience":1231265,"relics_obtained":[{"floor":7.0,"key":"Kunai"},{"floor":9.0,"key":"Eternal Feather"},{"floor":10.0,"key":"HornCleat"},{"floor":23,"key":"Bronze Scales"},{"floor":25,"key":"Regal Pillow"},{"floor":28,"key":"Lantern"},{"floor":40,"key":"Toy Ornithopter"},{"floor":42,"key":"Whetstone"},{"floor":48,"key":"Bag of Marbles"},{"floor":54,"key":"Pantograph"}],"event_choices":[{"cards_removed":["Strike_G"],"damage_healed":0.0,"max_hp_gain":0.0,"max_hp_loss":0.0,"gold_gain":0.0,"event_name":"The Cleric","player_choice":"Card Removal","floor":3.0,"gold_loss":50.0,"damage_taken":0.0},{"damage_healed":0.0,"max_hp_gain":0.0,"max_hp_loss":0.0,"gold_gain":0.0,"event_name":"WeMeetAgain","player_choice":"Gave Potion","floor":4.0,"gold_loss":0.0,"damage_taken":0.0,"relics_obtained":["War Paint"]},{"damage_healed":0.0,"max_hp_gain":0.0,"max_hp_loss":0.0,"gold_gain":100.0,"event_name":"The Joust","player_choice":"Bet on Murderer","floor":19.0,"gold_loss":50.0,"damage_taken":0.0},{"damage_healed":0,"gold_gain":0,"cards_transformed":["Strike_G","Defend_G"],"player_choice":"Became Test Subject","damage_taken":0,"max_hp_gain":0,"max_hp_loss":0,"event_name":"Drug Dealer","floor":22,"gold_loss":0,"cards_obtained":["Concentrate","Underhanded Strike"]},{"damage_healed":0,"gold_gain":0,"player_choice":"Fight","damage_taken":0,"max_hp_gain":0,"max_hp_loss":0,"event_name":"Mysterious Sphere","floor":37,"gold_loss":0},{"damage_healed":0,"gold_gain":0,"player_choice":"Ignored","damage_taken":0,"max_hp_gain":0,"max_hp_loss":0,"event_name":"Tomb of Lord Red Mask","floor":39,"gold_loss":0},{"damage_healed":0,"gold_gain":0,"player_choice":"Max HP","damage_taken":0,"max_hp_gain":0,"max_hp_loss":4,"event_name":"Winding Halls","floor":45,"gold_loss":0}],"is_beta":false,"boss_relics":[{"not_picked":["Coffee Dripper","Runic Pyramid"],"picked":"Cursed Key"},{"not_picked":["Calling Bell","Busted Crown"],"picked":"WristBlade"}],"items_purged_floors":[11,21,44],"is_endless":false,"potions_floor_spawned":[1,2,5,14,16,20,28,29,30,31,36,38,42,48],"ascension_level":10}}