{"host":"oiw60b5ins9fyx34","time":1610262009,"event":{"mods":["BaseMod","Colored Map","Colored Powertips","Minty Spire (QoL Compilation)","Permanent Neow","Quick Restart","Relic Stats","StSLib"],"gold_per_floor":[114,128,139,139,89,116,131,32,57,57,88,88,153,168,168,168,168],"floor_reached":16,"playtime":1901,"items_purged":["Strike_G"],"score":110,"play_id":"9a53b7dd-5f05-419b-8866-9adff57e9784","local_time":"20210110160009","is_ascension_mode":false,"campfire_choices":[{"data":"Footwork","floor":10,"key":"SMITH"},{"floor":15,"key":"REST"}],"circlet_count":0,"master_deck":["Strike_G","Strike_G","Strike_G","Defend_G","Defend_G","Defend_G","Defend_G","Defend_G","Survivor","Neutralize","Footwork+1","PiercingWail","Flying Knee","Unload","Blur","Quick Slash","Backflip","Cloak And Dagger"],"relics":["Ring of the Snake","Pocketwatch","Toy Ornithopter","Strawberry","Omamori","Potion Belt"],"acts_visited":["Exordium"],"potions_floor_usage":[16],"damage_taken":[{"damage":2,"enemies":"Small Slimes","floor":1,"turns":4},{"damage":1,"enemies":"Jaw Worm","floor":2,"turns":4},{"damage":0,"enemies":"2 Louse","floor":3,"turns":3},{"damage":19,"enemies":"3 Sentries","floor":6,"turns":13},{"damage":7,"enemies":"Gremlin Gang","floor":7,"turns":6},{"damage":17,"enemies":"Gremlin Nob","floor":11,"turns":5},{"damage":1,"enemies":"Blue Slaver","floor":14,"turns":4},{"damage":32,"enemies":"The Guardian","floor":16,"turns":13}],"seed_played":"-2142476355558043369","potions_obtained":[{"floor":1,"key":"LiquidBronze"},{"floor":3,"key":"Energy Potion"},{"floor":14,"key":"SpeedPotion"}],"is_trial":false,"path_per_floor":["M","M","M","?","?","E","M","$","T","R","E","T","?","M","R","B"],"character_chosen":"THE_SILENT","items_purchased":["Quick Slash"],"campfire_rested":1,"item_purchase_floors":[8],"current_hp_per_floor":[47,46,46,51,51,32,25,25,32,32,15,15,15,14,38,11,11],"gold":168,"neow_bonus":"ONE_RARE_RELIC","is_daily":false,"chose_seed":false,"campfire_upgraded":1,"win_rate":0.0,"timestamp":1610262009,"path_taken":["M","M","M","?","?","E","M","$","T","R","E","?","?","M","R","BOSS"],"items_purchased_type":["Card"],"build_version":"2020-12-22","purchased_purges":1,"victory":false,"max_hp_per_floor":[70,70,70,75,75,75,75,75,82,82,82,82,82,82,82,82,82],"relic_stats":{"counters":[8,52],"obtain_stats":[{"Potion Belt":12,"Strawberry":9,"Omamori":11,"Toy Ornithopter":6,"Ring of the Snake":0,"Pocketwatch":0},{"Potion Belt":6,"Strawberry":5,"Omamori":6,"Toy Ornithopter":4,"Ring of the Snake":0,"Pocketwatch":0},{"Potion Belt":35,"Strawberry":30,"Omamori":35,"Toy Ornithopter":24,"Ring of the Snake":0,"Pocketwatch":0}],"Toy Ornithopter":5,"Ring of the Snake":[16],"Pocketwatch":[66]},"card_choices":[{"not_picked":["Expertise","Quick Slash"],"picked":"Footwork","floor":1},{"not_picked":["All Out Attack","Acrobatics"],"picked":"PiercingWail","floor":2},{"not_picked":["Dodge and Roll","Bane"],"picked":"Flying Knee","floor":3},{"not_picked":["Bane","Choke"],"picked":"Unload","floor":6},{"not_picked":["Slice","Skewer"],"picked":"Blur","floor":7},{"not_picked":["Acrobatics","All Out Attack"],"picked":"Backflip","floor":11},{"not_picked":["Poisoned Stab","Crippling Poison"],"picked":"Cloak And Dagger","floor":14}],"player_experience":594364,"relics_obtained":[{"floor":6,"key":"Toy Ornithopter"},{"floor":9,"key":"Strawberry"},{"floor":11,"key":"Omamori"},{"floor":12,"key":"Potion Belt"}],"event_choices":[{"damage_healed":0,"gold_gain":0,"player_choice":"Donut","damage_taken":0,"max_hp_gain":5,"max_hp_loss":0,"event_name":"Big Fish","floor":4,"gold_loss":0},{"cards_removed":["Strike_G"],"damage_healed":0,"gold_gain":0,"player_choice":"Card Removal","damage_taken":0,"max_hp_gain":0,"max_hp_loss":0,"event_name":"The Cleric","floor":5,"gold_loss":50},{"damage_healed":0,"gold_gain":65,"player_choice":"Gained Gold","damage_taken":0,"max_hp_gain":0,"max_hp_loss":0,"event_name":"Golden Wing","floor":13,"gold_loss":0}],"is_beta":false,"boss_relics":[],"items_purged_floors":[8],"is_endless":false,"potions_floor_spawned":[1,3,14],"killed_by":"The Guardian","ascension_level":0}}