{"host":"r53pw7z744tg3fxg","time":1610317747,"event":{"mods":["AchievementEnabler","BaseMod","Colored Map","Colored Powertips","Highlight Path","Minty Spire (QoL Compilation)","Quick Restart","Transform Curses"],"gold_per_floor":[112,125,125,31,85,85,102,26,80,106,117,117,134,159,159,255,255,270,285,285,285],"floor_reached":20,"playtime":1040,"items_purged":[],"score":334,"play_id":"9d784f7a-61d7-4c92-b587-d3f0f0ee157e","local_time":"20210110152907","is_ascension_mode":true,"campfire_choices":[{"data":"Eruption","floor":6.0,"key":"SMITH"},{"floor":12.0,"key":"REST"},{"floor":15.0,"key":"REST"}],"circlet_count":0,"master_deck":["AscendersBane","Strike_P","Strike_P","Strike_P","Strike_P","Defend_P","Defend_P","Defend_P+1","Defend_P","Eruption+1","Vigilance","EmptyBody","ThirdEye","Prostrate+1","ConjureBlade","Sanctity","FearNoEvil","BowlingBash","ReachHeaven","Pray","Wish","FollowUp"],"relics":["PureWater","War Paint","Blood Vial","Gambling Chip","Blue Candle","Runic Pyramid"],"acts_visited":["Exordium","TheCity"],"potions_floor_usage":[19],"damage_taken":[{"damage":0.0,"enemies":"Small Slimes","floor":1.0,"turns":2.0},{"damage":2.0,"enemies":"Cultist","floor":2.0,"turns":3.0},{"damage":0.0,"enemies":"Jaw Worm","floor":7.0,"turns":5.0},{"damage":0.0,"enemies":"Lagavulin","floor":10.0,"turns":4.0},{"damage":34.0,"enemies":"Exordium Thugs","floor":11.0,"turns":7.0},{"damage":0.0,"enemies":"3 Louse","floor":13.0,"turns":4.0},{"damage":22.0,"enemies":"3 Sentries","floor":14.0,"turns":8.0},{"damage":28.0,"enemies":"Hexaghost","floor":16.0,"turns":9.0},{"damage":12,"enemies":"Chosen","floor":18,"turns":5},{"damage":25,"enemies":"3 Byrds","floor":19,"turns":6},{"damage":54,"enemies":"Snecko","floor":20,"turns":3}],"seed_played":"-4978554939580435360","potions_obtained":[{"floor":7.0,"key":"Regen Potion"},{"floor":13.0,"key":"Block Potion"},{"floor":14.0,"key":"BottledMiracle"},{"floor":19,"key":"BlessingOfTheForge"}],"is_trial":false,"path_per_floor":["M","M","?","$","T","R","M","$","T","E","M","R","M","E","R","B",null,"M","M","M"],"character_chosen":"WATCHER","items_purchased":["ThirdEye","Prostrate","Sanctity"],"campfire_rested":2,"item_purchase_floors":[4,4,8],"current_hp_per_floor":[61,59,64,64,64,64,64,64,64,66,34,59,61,56,81,55,78,68,45,0,0],"gold":285,"neow_bonus":"TWENTY_PERCENT_HP_BONUS","is_daily":false,"chose_seed":false,"campfire_upgraded":1,"win_rate":0.0,"timestamp":1610317747,"path_taken":["M","M","?","$","?","R","M","?","T","E","M","R","?","E","R","BOSS","M","M","M"],"items_purchased_type":["Card","Card","Card"],"build_version":"2020-12-22","purchased_purges":0,"victory":false,"max_hp_per_floor":[86,86,86,86,86,86,86,86,86,86,86,86,86,86,86,86,86,86,86,86,86],"card_choices":[{"not_picked":["Protect","EmptyFist"],"picked":"FlurryOfBlows","floor":1.0},{"not_picked":["ClearTheMind","Consecrate"],"picked":"EmptyBody","floor":2.0},{"not_picked":["CutThroughFate","Halt"],"picked":"ConjureBlade","floor":7.0},{"not_picked":["PathToVictory","Halt"],"picked":"FearNoEvil","floor":10.0},{"not_picked":["Protect","Tantrum"],"picked":"BowlingBash","floor":11.0},{"not_picked":["Prostrate","WheelKick"],"picked":"ReachHeaven","floor":13.0},{"not_picked":["ThirdEye","Crescendo"],"picked":"Pray","floor":14.0},{"not_picked":["Blasphemy","Ragnarok"],"picked":"Wish","floor":16.0},{"not_picked":["ThirdEye","Fasting2"],"picked":"FollowUp","floor":18},{"not_picked":["WreathOfFlame","Perseverance","Adaptation"],"picked":"SKIP","floor":19}],"player_experience":1228439,"relics_obtained":[{"floor":5.0,"key":"War Paint"},{"floor":9.0,"key":"Blood Vial"},{"floor":10.0,"key":"Gambling Chip"},{"floor":14.0,"key":"Blue Candle"}],"event_choices":[{"cards_removed":["FlurryOfBlows"],"damage_healed":5.0,"max_hp_gain":0.0,"max_hp_loss":0.0,"gold_gain":0.0,"event_name":"Bonfire Elementals","player_choice":"Offered Common","floor":3.0,"gold_loss":0.0,"damage_taken":0.0},{"cards_removed":["FlurryOfBlows"],"damage_healed":5.0,"max_hp_gain":0.0,"max_hp_loss":0.0,"gold_gain":0.0,"event_name":"Bonfire Elementals","player_choice":"Offered Special","floor":3.0,"gold_loss":0.0,"damage_taken":0.0}],"is_beta":false,"boss_relics":[{"not_picked":["Runic Dome","Cursed Key"],"picked":"Runic Pyramid"}],"items_purged_floors":[],"is_endless":false,"potions_floor_spawned":[7,13,14,19],"killed_by":"Snecko","ascension_level":12}}