{"host":"9l4mw5jqza9qz9hr","time":1610274461,"event":{"mods":["AchievementEnabler","Always Whale","BaseMod","Colored Map","Minty Spire (QoL Compilation)","StSLib","SuperFastMode"],"gold_per_floor":[115,133,208,158,13,45,45,45,45,45,63,63,98,109,109,109,109],"floor_reached":16,"playtime":199,"items_purged":[],"score":200,"play_id":"9b4a6ce5-164c-438d-96a2-ead18cce1dbb","local_time":"20210110192741","is_ascension_mode":true,"campfire_choices":[{"data":"Go for the Eyes","floor":8,"key":"SMITH"},{"data":"Dualcast","floor":10,"key":"SMITH"},{"data":"Genetic Algorithm","floor":15,"key":"SMITH"}],"circlet_count":0,"master_deck":["AscendersBane","Strike_B","Strike_B","Strike_B","Defend_B","Defend_B+1","Defend_B","Defend_B","Zap+1","Dualcast+1","Gash","Go for the Eyes+1","Gash","Genetic Algorithm+1","Genetic Algorithm"],"relics":["Cracked Core","NeowsBlessing","Bag of Preparation","Art of War","Gremlin Horn","Singing Bowl"],"acts_visited":["Exordium"],"potions_floor_usage":[13,16],"damage_taken":[{"damage":0,"enemies":"Cultist","floor":1,"turns":1},{"damage":0,"enemies":"2 Louse","floor":2,"turns":1},{"damage":0,"enemies":"3 Sentries","floor":6,"turns":1},{"damage":1,"enemies":"Jaw Worm","floor":11,"turns":2},{"damage":4,"enemies":"Gremlin Nob","floor":13,"turns":3},{"damage":0,"enemies":"Large Slime","floor":14,"turns":4},{"damage":39,"enemies":"The Guardian","floor":16,"turns":5}],"seed_played":"8604312904970175306","potions_obtained":[{"floor":1,"key":"Fire Potion"},{"floor":13,"key":"Weak Potion"},{"floor":14,"key":"SmokeBomb"}],"is_trial":false,"path_per_floor":["M","M","?","?","$","E","?","R","T","R","M","$","E","M","R","B"],"character_chosen":"DEFECT","items_purchased":["Bag of Preparation"],"campfire_rested":0,"item_purchase_floors":[5],"current_hp_per_floor":[68,68,57,57,57,57,42,42,42,42,41,41,37,37,37,0,0],"gold":109,"neow_bonus":"THREE_ENEMY_KILL","is_daily":false,"chose_seed":false,"campfire_upgraded":3,"win_rate":0.0,"timestamp":1610274461,"path_taken":["M","M","?","?","?","E","?","R","T","R","M","?","E","?","R","BOSS"],"items_purchased_type":["Relic"],"build_version":"2020-12-22","purchased_purges":0,"victory":false,"max_hp_per_floor":[75,75,75,75,75,75,75,75,75,75,75,75,75,75,75,75,75],"card_choices":[{"not_picked":["Aggregate","Loop"],"picked":"Gash","floor":1},{"not_picked":["Chill","Barrage","Rebound"],"picked":"SKIP","floor":2},{"not_picked":["Double Energy","Blizzard"],"picked":"Go for the Eyes","floor":6},{"not_picked":["Beam Cell","Barrage"],"picked":"Gash","floor":11},{"not_picked":["Sunder","Barrage"],"picked":"Genetic Algorithm","floor":13},{"not_picked":["Fission","Lockon"],"picked":"Genetic Algorithm","floor":14}],"player_experience":208166,"relics_obtained":[{"floor":6,"key":"Art of War"},{"floor":9,"key":"Gremlin Horn"},{"floor":13,"key":"Singing Bowl"}],"event_choices":[{"damage_healed":0,"gold_gain":75,"player_choice":"Gather Gold","damage_taken":11,"max_hp_gain":0,"max_hp_loss":0,"event_name":"World of Goop","floor":3,"gold_loss":0},{"cards_removed":["Strike_B"],"damage_healed":0,"gold_gain":0,"player_choice":"Card Removal","damage_taken":0,"max_hp_gain":0,"max_hp_loss":0,"event_name":"The Cleric","floor":4,"gold_loss":50},{"damage_healed":0,"gold_gain":0,"player_choice":"Entered Light","damage_taken":15,"max_hp_gain":0,"max_hp_loss":0,"event_name":"Shining Light","floor":7,"gold_loss":0,"cards_upgraded":["Zap","Defend_B"]}],"is_beta":false,"boss_relics":[],"items_purged_floors":[],"is_endless":false,"potions_floor_spawned":[1,13,14],"killed_by":"The Guardian","ascension_level":10}}