{"host":"dyggtcpod2kd5hqt","time":1610298795,"event":{"mods":["2.2 Compatiblity","AchievementEnabler","BaseMod","Bestiary","Block Reminder","Colored Map","Colored Powertips","Minty Spire (QoL Compilation)","Quick Restart","Rare Cards Sparkle","Relic Stats","Unknown Chances"],"gold_per_floor":[118,71,71,90,165,165,195,195,195,214,214,542,617,228,228,326,326,341,341,35,54,69,99,99,124,124,142,142,70,70,70,70,175,175,194,208,218,231,49,76,76,106,133,133,161,161,174,189,189,189,189,189,13,43,43,43],"floor_reached":55,"playtime":3893,"items_purged":["Strike_B"],"score":1200,"play_id":"8feadfaf-1ffd-46b3-ab36-d00638d11b30","local_time":"20210110121315","is_ascension_mode":true,"campfire_choices":[{"data":"Zap","floor":6.0,"key":"SMITH"},{"data":"Dualcast","floor":8.0,"key":"SMITH"},{"floor":15.0,"key":"REST"},{"floor":24.0,"key":"REST"},{"floor":32.0,"key":"RECALL"},{"floor":41.0,"key":"REST"},{"floor":44.0,"key":"REST"},{"floor":49.0,"key":"REST"},{"floor":52.0,"key":"REST"}],"circlet_count":0,"master_deck":["Strike_B","Strike_B","Defend_B","Defend_B","Zap+1","Dualcast+1","Gash","Steam","Reboot","Conserve Battery","Seek","Good Instincts+1","Electrodynamics","Ball Lightning","Gash","Gash","Buffer","Ball Lightning+1","Gash","Conserve Battery","Go for the Eyes","Go for the Eyes","Defragment","Reboot+1","Go for the Eyes","Defragment+1","Hologram+1","Undo+1","Scrape+1","Beam Cell","Steam","Coolheaded+1","Defragment","Self Repair","Redo+1","Scrape","Fission","Creative AI"],"relics":["Cracked Core","NeowsBlessing","Meat on the Bone","Question Card","WingedGreaves","Cables","Old Coin","Omamori","Bag of Preparation","Fusion Hammer","Incense Burner","Ornamental Fan","Smiling Mask","Shuriken","Necronomicon","Pantograph","Inserter","Blue Candle","Whetstone","War Paint","CaptainsWheel"],"acts_visited":["Exordium","TheCity","TheBeyond","TheEnding"],"potions_floor_usage":[55],"damage_taken":[{"damage":0.0,"enemies":"Small Slimes","floor":1.0,"turns":1.0},{"damage":0.0,"enemies":"Jaw Worm","floor":4.0,"turns":1.0},{"damage":0.0,"enemies":"3 Sentries","floor":7.0,"turns":1.0},{"damage":0.0,"enemies":"Cultist","floor":10.0,"turns":3.0},{"damage":23.0,"enemies":"Lagavulin","floor":12.0,"turns":6.0},{"damage":24.0,"enemies":"The Guardian","floor":16.0,"turns":13.0},{"damage":0.0,"enemies":"Spheric Guardian","floor":18.0,"turns":3.0},{"damage":11.0,"enemies":"Shell Parasite","floor":21.0,"turns":5.0},{"damage":0.0,"enemies":"Sentry and Sphere","floor":22.0,"turns":3.0},{"damage":20.0,"enemies":"Gremlin Leader","floor":23.0,"turns":5.0},{"damage":31.0,"enemies":"Book of Stabbing","floor":25.0,"turns":4.0},{"damage":0.0,"enemies":"Cultist and Chosen","floor":27.0,"turns":3.0},{"damage":13.0,"enemies":"Champ","floor":33.0,"turns":8.0},{"damage":14.0,"enemies":"3 Shapes","floor":35.0,"turns":2.0},{"damage":0.0,"enemies":"Orb Walker","floor":36.0,"turns":3.0},{"damage":0.0,"enemies":"Maw","floor":37.0,"turns":7.0},{"damage":0.0,"enemies":"Transient","floor":38.0,"turns":5.0},{"damage":10.0,"enemies":"Giant Head","floor":40.0,"turns":7.0},{"damage":16.0,"enemies":"Reptomancer","floor":42.0,"turns":4.0},{"damage":34.0,"enemies":"Nemesis","floor":45.0,"turns":7.0},{"damage":12.0,"enemies":"Spire Growth","floor":47.0,"turns":5.0},{"damage":0.0,"enemies":"Maw","floor":48.0,"turns":6.0},{"damage":65.0,"enemies":"Awakened One","floor":50.0,"turns":10.0},{"damage":98.0,"enemies":"Shield and Spear","floor":54.0,"turns":7.0},{"damage":48,"enemies":"The Heart","floor":55,"turns":6}],"seed_played":"7357897053544400385","potions_obtained":[{"floor":1.0,"key":"CultistPotion"},{"floor":7.0,"key":"PowerPotion"},{"floor":10.0,"key":"Block Potion"},{"floor":21.0,"key":"FocusPotion"},{"floor":27.0,"key":"FearPotion"},{"floor":33.0,"key":"FairyPotion"},{"floor":35.0,"key":"Strength Potion"},{"floor":38.0,"key":"PowerPotion"},{"floor":48.0,"key":"BlessingOfTheForge"}],"is_trial":false,"path_per_floor":["M","$","?","M","T","R","E","R","T","M","T","E","?","$","R","B",null,"M","?","$","M","M","E","R","E","T","M","?","$","?","?","R","B",null,"M","M","M","M","$","E","R","E","T","R","E","?","M","M","R","B",null,"R","$","E","B"],"character_chosen":"DEFECT","items_purchased":["Steam","Omamori","Bag of Preparation","Good Instincts","Incense Burner","Defragment","Scrape","Beam Cell","Steam","Fission","PowerPotion","FearPotion"],"campfire_rested":6,"item_purchase_floors":[2,14,14,14,20,29,39,39,39,53,53,53],"current_hp_per_floor":[68,68,61,61,61,61,61,61,61,61,61,38,27,27,49,37,66,66,66,66,55,55,47,69,38,38,38,38,38,22,22,22,46,68,54,54,54,54,54,44,66,50,50,72,38,75,70,70,75,22,62,75,75,23,0,0],"gold":43,"neow_bonus":"THREE_ENEMY_KILL","is_daily":false,"chose_seed":false,"campfire_upgraded":2,"win_rate":0.0,"timestamp":1610298795,"path_taken":["M","$","?","M","?","R","E","R","T","?","?","E","?","?","R","BOSS","M","?","$","M","?","E","R","E","T","M","?","$","?","?","R","BOSS","M","M","M","M","$","E","R","E","T","R","E","?","M","?","R","BOSS","R","$","E","BOSS"],"items_purchased_type":["Card","Relic","Relic","Card","Relic","Card","Card","Card","Card","Card","Potion","Potion"],"build_version":"2020-12-22","purchased_purges":1,"victory":false,"max_hp_per_floor":[75,75,75,75,75,75,75,75,75,75,75,75,75,75,75,75,75,75,75,75,75,75,75,75,75,75,75,75,75,75,75,75,75,75,75,75,75,75,75,75,75,75,75,75,75,75,75,75,75,75,75,75,75,75,75,75],"relic_stats":{"Inserter":[34],"counters":[25,125],"Blue Candle":[0],"Bag of Preparation":[40],"Whetstone":["Ball Lightning","Scrape"],"War Paint":["Good Instincts","Reboot"],"Question Card":20,"Smiling Mask":25,"Cables":[106,104,2,0,0],"Ornamental Fan":[232],"Shuriken":[56],"Pantograph":50,"Necronomicon":[0],"obtain_stats":[{"Inserter":34,"NeowsBlessing":0,"Blue Candle":40,"Omamori":14,"Bag of Preparation":14,"Incense Burner":20,"Whetstone":42,"War Paint":45,"Question Card":7,"Smiling Mask":25,"Cables":11,"Old Coin":12,"CaptainsWheel":54,"Ornamental Fan":23,"Shuriken":26,"Pantograph":31,"WingedGreaves":9,"Fusion Hammer":17,"Necronomicon":30,"Cracked Core":0,"Meat on the Bone":5},{"Inserter":13,"NeowsBlessing":0,"Blue Candle":18,"Omamori":5,"Bag of Preparation":5,"Incense Burner":7,"Whetstone":19,"War Paint":20,"Question Card":3,"Smiling Mask":11,"Cables":4,"Old Coin":5,"CaptainsWheel":24,"Ornamental Fan":10,"Shuriken":11,"Pantograph":12,"WingedGreaves":3,"Fusion Hammer":6,"Necronomicon":12,"Cracked Core":0,"Meat on the Bone":2},{"Inserter":56,"NeowsBlessing":0,"Blue Candle":80,"Omamori":12,"Bag of Preparation":12,"Incense Burner":28,"Whetstone":84,"War Paint":91,"Question Card":3,"Smiling Mask":45,"Cables":6,"Old Coin":12,"CaptainsWheel":119,"Ornamental Fan":41,"Shuriken":45,"Pantograph":48,"WingedGreaves":3,"Fusion Hammer":25,"Necronomicon":48,"Cracked Core":0,"Meat on the Bone":2}],"Meat on the Bone":60},"card_choices":[{"not_picked":["Capacitor","Skim"],"picked":"Gash","floor":1.0},{"not_picked":["Genetic Algorithm","Recycle","Doom and Gloom"],"picked":"SKIP","floor":4.0},{"not_picked":["Double Energy","Sunder"],"picked":"Reboot","floor":7.0},{"not_picked":["Compile Driver","Streamline","Leap"],"picked":"Conserve Battery","floor":10.0},{"not_picked":["Lockon","Force Field","Recycle"],"picked":"Seek","floor":12.0},{"not_picked":["Buffer","Thunder Strike","Creative AI"],"picked":"Electrodynamics","floor":16.0},{"not_picked":["Sweeping Beam+1","Steam Power","Turbo"],"picked":"Ball Lightning","floor":18.0},{"not_picked":["Hello World","Go for the Eyes","Redo"],"picked":"Gash","floor":21.0},{"not_picked":["Leap","Heatsinks","Hologram"],"picked":"Buffer","floor":22.0},{"not_picked":["Stack","Barrage+1","Biased Cognition"],"picked":"Ball Lightning","floor":23.0},{"not_picked":["Redo","BootSequence","Coolheaded"],"picked":"Gash","floor":25.0},{"not_picked":["Coolheaded","Fusion+1","Barrage"],"picked":"Conserve Battery","floor":27.0},{"not_picked":["Buffer","Electrodynamics","Amplify"],"picked":"Reboot","floor":33.0},{"not_picked":["Rebound","Force Field+1","Tempest"],"picked":"Go for the Eyes","floor":35.0},{"not_picked":["Chill","Gash+1","Beam Cell"],"picked":"Defragment+1","floor":36.0},{"not_picked":["Cold Snap+1","Reprogram+1","Rebound+1"],"picked":"Hologram+1","floor":37.0},{"not_picked":["Skim","Leap","Rainbow"],"picked":"Undo+1","floor":38.0},{"not_picked":["Ball Lightning","Static Discharge","Leap+1"],"picked":"Coolheaded+1","floor":40.0},{"not_picked":["Ball Lightning+1","Doom and Gloom","Darkness+1"],"picked":"Defragment","floor":42.0},{"not_picked":["Streamline+1","Barrage","Static Discharge+1"],"picked":"Self Repair","floor":45.0},{"not_picked":["Streamline","Loop","Reprogram+1"],"picked":"Redo+1","floor":47.0},{"not_picked":["Sweeping Beam","Fusion+1","Barrage+1"],"picked":"Scrape","floor":48.0},{"not_picked":["Steam","Loop","Self Repair+1"],"picked":"Creative AI","floor":54.0}],"player_experience":586012,"relics_obtained":[{"floor":5.0,"key":"Meat on the Bone"},{"floor":7.0,"key":"Question Card"},{"floor":9.0,"key":"WingedGreaves"},{"floor":11.0,"key":"Cables"},{"floor":12.0,"key":"Old Coin"},{"floor":23.0,"key":"Ornamental Fan"},{"floor":25.0,"key":"Smiling Mask"},{"floor":26.0,"key":"Shuriken"},{"floor":30.0,"key":"Necronomicon"},{"floor":40.0,"key":"Blue Candle"},{"floor":42.0,"key":"Whetstone"},{"floor":45.0,"key":"War Paint"},{"floor":54.0,"key":"CaptainsWheel"}],"event_choices":[{"cards_removed":["Defend_B"],"damage_healed":0.0,"max_hp_gain":0.0,"max_hp_loss":0.0,"gold_gain":0.0,"event_name":"Golden Wing","player_choice":"Card Removal","floor":3.0,"gold_loss":0.0,"damage_taken":7.0},{"damage_healed":0.0,"max_hp_gain":0.0,"max_hp_loss":0.0,"gold_gain":75.0,"event_name":"World of Goop","player_choice":"Gather Gold","floor":13.0,"gold_loss":0.0,"damage_taken":11.0},{"damage_healed":0.0,"max_hp_gain":0.0,"max_hp_loss":0.0,"gold_gain":0.0,"event_name":"Duplicator","player_choice":"Copied","floor":19.0,"gold_loss":0.0,"damage_taken":0.0,"cards_obtained":["Gash"]},{"damage_healed":0.0,"max_hp_gain":0.0,"max_hp_loss":0.0,"gold_gain":0.0,"cards_transformed":["Defend_B","Strike_B"],"event_name":"Drug Dealer","player_choice":"Became Test Subject","floor":28.0,"gold_loss":0.0,"damage_taken":0.0,"cards_obtained":["Go for the Eyes","Go for the Eyes"]},{"damage_healed":0.0,"max_hp_gain":0.0,"max_hp_loss":0.0,"gold_gain":0.0,"event_name":"Cursed Tome","player_choice":"Obtained Book","floor":30.0,"gold_loss":0.0,"damage_taken":16.0},{"damage_healed":0.0,"max_hp_gain":0.0,"max_hp_loss":0.0,"gold_gain":0.0,"event_name":"Addict","player_choice":"Stole Relic","floor":31.0,"gold_loss":0.0,"damage_taken":0.0,"relics_obtained":["Pantograph"],"cards_obtained":["Shame"]},{"damage_healed":37.0,"max_hp_gain":0.0,"max_hp_loss":0.0,"gold_gain":0.0,"event_name":"Wheel of Change","player_choice":"Full Heal","floor":46.0,"gold_loss":0.0,"damage_taken":0.0}],"is_beta":false,"boss_relics":[{"not_picked":["Snecko Eye","FrozenCore"],"picked":"Fusion Hammer"},{"not_picked":["Busted Crown","Philosopher\u0027s Stone"],"picked":"Inserter"}],"items_purged_floors":[39],"is_endless":false,"potions_floor_spawned":[1,7,10,21,22,23,27,33,35,36,38,48],"killed_by":"The Heart","ascension_level":9}}