{"host":"8lgo2trwv2o0qyml","time":1610320630,"event":{"mods":["BaseMod","Colored Map","Colored Powertips","DeckTracker","Highlight Path","Hubris","Infinite Spire","Minty Spire (QoL Compilation)","Quick Restart","Random Character Button","Relic Sorter","Replay The Spire","StSLib","SuperFastMode","Synergy Search","The Jungle"],"gold_per_floor":[116,116,41,61,78,112,127,127,203,203,216,232,232,264,264,366,366,382,382,400,400,400,400],"floor_reached":22,"playtime":1228,"items_purged":["Strike_B"],"score":196,"play_id":"85c201a4-f6cb-4de9-8b8c-21fe89daf1eb","local_time":"20210110181710","is_ascension_mode":false,"campfire_choices":[{"data":"Redo","floor":10,"key":"SMITH"},{"floor":13,"key":"REST"},{"data":"Echo Form","floor":15,"key":"SMITH"}],"circlet_count":0,"master_deck":["Strike_B","Strike_B","Strike_B","Defend_B","Defend_B","Defend_B","Defend_B","Zap","Dualcast","Gash","Conserve Battery","Hologram","Redo+1","Rebound","Gash","Echo Form+1","Steam Power","Pot Of Greed","Pot Of Greed","ReplayTheSpireMod:Calculation Training+1","Darkness","Conserve Battery+1","hubris:DoWhile","Decay"],"relics":["Cracked Core","NeowsBlessing","Orichalcum","hubris:Towel","Bottled Lightning","Grinning Jar","Runic Pyramid","Prayer Wheel"],"acts_visited":["Exordium","TheCity"],"potions_floor_usage":[6,16,22,22],"damage_taken":[{"damage":0,"enemies":"Cultist","floor":1,"turns":1},{"damage":0,"enemies":"2 Louse","floor":4,"turns":1},{"damage":0,"enemies":"Small Slimes","floor":5,"turns":1},{"damage":27,"enemies":"3 Sentries","floor":6,"turns":8},{"damage":7,"enemies":"Red Slaver","floor":7,"turns":3},{"damage":7,"enemies":"Looter","floor":11,"turns":2},{"damage":1,"enemies":"3 Louse","floor":12,"turns":2},{"damage":7,"enemies":"Lagavulin","floor":14,"turns":5},{"damage":41,"enemies":"Slime Boss","floor":16,"turns":9},{"damage":29,"enemies":"Spheric Guardian","floor":18,"turns":6},{"damage":30,"enemies":"2 Thieves","floor":20,"turns":5},{"damage":23,"enemies":"Centurion and Healer","floor":22,"turns":4}],"seed_played":"-4936629019524235759","potions_obtained":[{"floor":1,"key":"Swift Potion"},{"floor":2,"key":"Fruit Juice"},{"floor":2,"key":"Toxic Potion"},{"floor":6,"key":"Venom Potion"},{"floor":12,"key":"DistilledChaos"},{"floor":16,"key":"CultistPotion"},{"floor":20,"key":"SkillPotion"}],"is_trial":false,"path_per_floor":["M","?","$","M","M","E","M","?","T","R","M","M","R","E","R","B",null,"M","?","M","?","M"],"character_chosen":"DEFECT","items_purchased":[],"campfire_rested":1,"item_purchase_floors":[],"current_hp_per_floor":[75,75,75,75,75,53,46,46,46,46,39,38,62,55,55,14,80,51,51,21,21,0,0],"gold":400,"neow_bonus":"THREE_ENEMY_KILL","is_daily":false,"chose_seed":false,"campfire_upgraded":2,"win_rate":0.0,"timestamp":1610320630,"path_taken":["M","?","?","?","M","E","M","?","T","R","M","M","R","E","R","BOSS","M","?","?","?","M"],"items_purchased_type":[],"build_version":"2020-12-22","purchased_purges":1,"victory":false,"max_hp_per_floor":[75,75,75,75,75,80,80,80,80,80,80,80,80,80,80,80,80,80,80,80,80,80,80],"card_choices":[{"not_picked":["Sweeping Beam","Conserve Battery"],"picked":"Gash","floor":1},{"not_picked":["Streamline","Steam"],"picked":"Conserve Battery","floor":4},{"not_picked":["Panic Button","Leap"],"picked":"Hologram","floor":5},{"not_picked":["Crystallizer","Go for the Eyes"],"picked":"Redo","floor":6},{"not_picked":["BootSequence","Leap"],"picked":"Rebound","floor":7},{"not_picked":["BootSequence","Leap"],"picked":"Gash","floor":11},{"not_picked":["Beam Cell","hubris:Ukulele"],"picked":"Echo Form","floor":12},{"not_picked":["Leap","Chill"],"picked":"Steam Power","floor":14},{"not_picked":["Mirror Shield","Buffer"],"picked":"ReplayTheSpireMod:Fabricate Wheel","floor":16},{"not_picked":["Sweeping Beam+1","Panic Button+1"],"picked":"ReplayTheSpireMod:Calculation Training","floor":18},{"not_picked":["Streamline","Rip and Tear"],"picked":"Darkness","floor":18},{"not_picked":["Barrage","Defragment"],"picked":"Conserve Battery+1","floor":20},{"not_picked":["Darkness","Hologram"],"picked":"hubris:DoWhile","floor":20}],"player_experience":45724,"relics_obtained":[{"floor":6,"key":"Orichalcum"},{"floor":9,"key":"Bottled Lightning"},{"floor":14,"key":"Grinning Jar"}],"event_choices":[{"damage_healed":0,"gold_gain":0,"player_choice":"Got Potions","damage_taken":0,"max_hp_gain":0,"max_hp_loss":0,"event_name":"Lab","floor":2,"gold_loss":0},{"damage_healed":0,"gold_gain":0,"player_choice":"Upgraded","damage_taken":0,"max_hp_gain":0,"max_hp_loss":0,"event_name":"Upgrade Shrine","floor":19,"gold_loss":0,"cards_upgraded":["ReplayTheSpireMod:Calculation Training"]},{"damage_healed":0,"gold_gain":0,"player_choice":"Smashed Altar","damage_taken":0,"max_hp_gain":0,"max_hp_loss":0,"event_name":"Forgotten Altar","floor":21,"gold_loss":0,"cards_obtained":["Decay"]}],"is_beta":false,"boss_relics":[{"not_picked":["hubris:RunicObelisk","Ectoplasm"],"picked":"Runic Pyramid"}],"items_purged_floors":[3],"is_endless":false,"potions_floor_spawned":[1,6,11,12,16,20],"killed_by":"Centurion and Healer","ascension_level":0}}