{"host":"w7pthw6r6331n954","time":1610319155,"event":{"mods":["AchievementEnabler","BaseMod","BetterRewards","Card Forge","Colored Map","Colored Powertips","Custom Start","Hero for Fun","Jorbs\u0027s Wanderer Trilogy","Minty Spire (QoL Compilation)","Replay The Spire","Shop Mod","StSLib"],"gold_per_floor":[119,119,119,134,134,134,160,177,177,196,227,239,239,259,259,356,356,374,374,389,401,165,197,197,147,172,189,215,234,234,267,267,372,372,390,46,46,148,148,148,186,214,214,214,236,13,35,56,56,56,56],"floor_reached":50,"playtime":7125,"items_purged":[],"score":891,"play_id":"28131a5f-369c-4154-9f13-57c2d043317a","local_time":"20210110175235","is_ascension_mode":true,"campfire_choices":[{"floor":6.0,"key":"REST"},{"floor":15.0,"key":"RECALL"},{"floor":30,"key":"REST"},{"floor":32,"key":"DIG"},{"data":"ReplayTheSpireMod:Private Reserves","floor":40,"key":"SMITH"},{"floor":49,"key":"REST"}],"circlet_count":0,"master_deck":["Strike_B","Strike_B","Strike_B+1","Strike_B","Defend_B","Defend_B","Defend_B","Zap","Dualcast","Genetic Algorithm","Turbo","Beam Cell","Fusion","All For One","All For One","Go for the Eyes","Defragment+1","Electrodynamics+1","Ball Lightning","Sunder","Redo","Streamline","Crystallizer","Go for the Eyes","Steam","Mirror Shield","Hologram+1","Cold Snap+1","Cold Snap","Gash+1","Mirror Shield","Conserve Battery+1","Streamline","ReplaySort+1","Amplify","ReplayTheSpireMod:Reroute Power+1","ReplayGash","Panache","Master of Strategy","ReplayTheSpireMod:Private Reserves+1","Enlightenment","Hologram","Streamline+1","BootSequence","Meteor Strike","Steam+1","Sweeping Beam+1"],"relics":["Cracked Core","Hammer of Thor","Seething Fire","Anvil of the Gods","MerchantsRug","ReplayTheSpireMod:Shallot","Gremlin Food","Bag of Marbles","Runic Capacitor","ReplayTheSpireMod:TigerMarble","Solar Panel","SlaversCollar","Emotion Chip","Replay:Rubber Ducky","Question Card","Bronze Scales","Replay:Wax Seal","Nunchaku","Toy Ornithopter","CeramicFish","Geode","Strawberry","ClockworkSouvenir"],"acts_visited":["Exordium","TheCity","TheBeyond"],"potions_floor_usage":[18,22,28,31,41,42,45],"damage_taken":[{"damage":0.0,"enemies":"Small Slimes","floor":1.0,"turns":3.0},{"damage":0.0,"enemies":"2 Louse","floor":4.0,"turns":2.0},{"damage":0.0,"enemies":"Gremlin Nob","floor":7.0,"turns":3.0},{"damage":0.0,"enemies":"Cultist","floor":8.0,"turns":2.0},{"damage":0.0,"enemies":"Gremlin Gang","floor":10.0,"turns":4.0},{"damage":0.0,"enemies":"Replay:BlueRogue","floor":11.0,"turns":2.0},{"damage":0.0,"enemies":"2 Fungi Beasts","floor":12.0,"turns":2.0},{"damage":8.0,"enemies":"Lots of Slimes","floor":14.0,"turns":3.0},{"damage":0,"enemies":"Fading Forest","floor":16,"turns":11},{"damage":18,"enemies":"2 Thieves","floor":18,"turns":3},{"damage":0,"enemies":"Chosen","floor":20,"turns":3},{"damage":2,"enemies":"Centurion and Healer","floor":21,"turns":4},{"damage":1,"enemies":"Book of Stabbing","floor":23,"turns":6},{"damage":16,"enemies":"Shelled Parasite and Fungi","floor":27,"turns":4},{"damage":0,"enemies":"Gremlin Leader","floor":28,"turns":5},{"damage":0,"enemies":"Cultist and Chosen","floor":29,"turns":4},{"damage":0,"enemies":"Replay:Snechameleon","floor":31,"turns":3},{"damage":0,"enemies":"Champ","floor":33,"turns":11},{"damage":1,"enemies":"3 Shapes","floor":35,"turns":4},{"damage":32,"enemies":"Reptomancer","floor":41,"turns":6},{"damage":30,"enemies":"3 Darklings","floor":42,"turns":4},{"damage":11,"enemies":"Maw","floor":45,"turns":6},{"damage":31,"enemies":"Transient","floor":47,"turns":5},{"damage":16,"enemies":"Jaw Worm Horde","floor":48,"turns":4},{"damage":51,"enemies":"Awakened One","floor":50,"turns":11}],"seed_played":"-5412058027274912297","potions_obtained":[{"floor":4.0,"key":"Adrenaline Potion"},{"floor":7.0,"key":"AttackPotion"},{"floor":10.0,"key":"Elixir"},{"floor":13.0,"key":"ColorlessPotion"},{"floor":16,"key":"PowerPotion"},{"floor":20,"key":"Languid Potion"},{"floor":27,"key":"SkillPotion"},{"floor":29,"key":"Swift Potion"},{"floor":35,"key":"SpeedPotion"},{"floor":41,"key":"Explosive Potion"},{"floor":42,"key":"AttackPotion"}],"is_trial":false,"path_per_floor":["M","?","?","M","$","R","E","M","T","M","E","M","?","M","R","B",null,"M","?","M","M","$","E","?","?","T","M","E","M","R","E","R_BF","B",null,"M","$","?","$","?","R","E","M","T","?","M","$","M","M","R","B"],"character_chosen":"DEFECT","items_purchased":["MerchantsRug","ReplayTheSpireMod:Shallot","Enlightenment","Genetic Algorithm","Gremlin Food","Orrery","FairyPotion","Bag of Marbles","Runic Capacitor","All For One","Go for the Eyes","PowerPotion","Replay:Rubber Ducky","Fruit Juice","ReplayGash","ReplayTheSpireMod:ShopPack","Panache","Strawberry","ClockworkSouvenir","Meteor Strike"],"campfire_rested":3,"item_purchase_floors":[0,0,0,0,0,0,0,0,0,0,0,0,22,22,36,36,36,46,46,46],"current_hp_per_floor":[28,28,28,28,28,50,50,50,50,54,54,58,58,54,54,66,75,67,67,73,75,80,80,80,80,80,64,66,70,80,80,80,80,80,80,80,80,80,80,80,54,29,29,29,25,32,9,23,49,0,0],"gold":56,"neow_bonus":"","is_daily":false,"chose_seed":false,"campfire_upgraded":1,"win_rate":0.0,"timestamp":1610319155,"path_taken":["M","?","?","?","$","R","E","?","T","M","E","M","?","?","R","BOSS","M","?","M","M","$","E","?","?","T","M","E","?","R","E","R_BF","BOSS","M","$","?","?","?","R","E","?","T","?","M","$","M","?","R","BOSS"],"items_purchased_type":["Relic","Relic","Card","Card","Relic","Relic","Potion","Relic","Relic","Card","Card","Potion","Relic","Potion","Card","Relic","Card","Relic","Relic","Card"],"build_version":"2020-12-22","purchased_purges":0,"victory":false,"max_hp_per_floor":[75,75,75,75,75,75,75,75,75,75,75,75,75,75,75,75,75,75,75,75,75,80,80,80,80,80,80,80,80,80,80,80,80,80,80,80,80,80,80,80,80,80,80,80,80,87,87,87,87,87,87],"card_choices":[{"not_picked":["Coolheaded","BasicCrystalCard"],"picked":"ReplayGash","floor":0.0},{"not_picked":["BasicCrystalCard","Sweeping Beam"],"picked":"Turbo","floor":0.0},{"not_picked":["Recycle","Blizzard"],"picked":"Beam Cell","floor":0.0},{"not_picked":["Panic Button","BasicCrystalCard"],"picked":"Fusion","floor":0.0},{"not_picked":["Storm","Static Discharge"],"picked":"Glacier","floor":0.0},{"not_picked":["Barrage","Stack"],"picked":"Defragment","floor":1.0},{"not_picked":["Auto Shields","Leap"],"picked":"Ball Lightning","floor":4.0},{"not_picked":["Melter","BootSequence"],"picked":"Sunder","floor":7.0},{"not_picked":["ReplayTheSpireMod:GoodbyeWorld","Leap"],"picked":"Redo","floor":8.0},{"not_picked":["Consume","Static Discharge"],"picked":"Streamline","floor":10.0},{"not_picked":["Conserve Battery","Turbo"],"picked":"Crystallizer","floor":11.0},{"not_picked":["ReplayTheSpireMod:GoodbyeWorld","Barrage"],"picked":"Go for the Eyes","floor":12.0},{"not_picked":["Compile Driver","Stack"],"picked":"Steam","floor":14.0},{"not_picked":["Core Surge","All For One"],"picked":"Mirror Shield","floor":16},{"not_picked":["Rip and Tear+1","Darkness+1"],"picked":"Hologram+1","floor":18},{"not_picked":["Chaos","Steam+1"],"picked":"Cold Snap+1","floor":20},{"not_picked":["Panic Button","Turbo"],"picked":"Cold Snap","floor":21},{"not_picked":["Steam+1","Streamline+1"],"picked":"Gash+1","floor":23},{"not_picked":["Skim","Capacitor","Double Energy"],"picked":"Mirror Shield","floor":27},{"not_picked":["Static Discharge","Darkness","Reinforced Body+1"],"picked":"Conserve Battery+1","floor":28},{"not_picked":["Steam+1","Auto Shields","Redo"],"picked":"Streamline","floor":29},{"not_picked":["Rebound","Rip and Tear","Sunder"],"picked":"ReplaySort","floor":31},{"not_picked":["Meteor Strike","Biased Cognition","Rainbow"],"picked":"Amplify","floor":33},{"not_picked":["Beam Cell+1","Panic Button+1","Gash"],"picked":"ReplayTheSpireMod:Reroute Power+1","floor":35},{"not_picked":["ReplayTheSpireMod:Necrogeddon","Mayhem","Chrysalis"],"picked":"Master of Strategy","floor":36},{"not_picked":["Mayhem","Blind","Flash of Steel"],"picked":"ReplayTheSpireMod:Private Reserves","floor":36},{"not_picked":["Replay:Bootleg Shield Generator","Impatience","The Bomb"],"picked":"Enlightenment","floor":36},{"not_picked":["Electrodynamics","Darkness+1","Biased Cognition"],"picked":"Hologram","floor":41},{"not_picked":["Barrage","Ball Lightning+1","Coolheaded+1"],"picked":"Streamline+1","floor":42},{"not_picked":["Hologram+1","Steam Power","Conserve Battery"],"picked":"BootSequence","floor":45},{"not_picked":["Cold Snap+1","Compile Driver+1","BootSequence"],"picked":"Steam+1","floor":47},{"not_picked":["Skim+1","Defragment","Compile Driver+1"],"picked":"Sweeping Beam+1","floor":48}],"player_experience":1163688,"relics_obtained":[{"floor":7.0,"key":"InkBottle"},{"floor":9.0,"key":"ReplayTheSpireMod:TigerMarble"},{"floor":11.0,"key":"Solar Panel"},{"floor":23,"key":"Question Card"},{"floor":28,"key":"Bronze Scales"},{"floor":31,"key":"Replay:Wax Seal"},{"floor":32,"key":"Nunchaku"},{"floor":41,"key":"CeramicFish"},{"floor":43,"key":"Geode"}],"event_choices":[{"damage_healed":0.0,"max_hp_gain":0.0,"max_hp_loss":0.0,"gold_gain":0.0,"event_name":"The Woman in Blue","player_choice":"Bought 0 Potions","floor":3.0,"gold_loss":0.0,"damage_taken":0.0},{"damage_healed":0.0,"max_hp_gain":0.0,"max_hp_loss":0.0,"gold_gain":0.0,"event_name":"Lab","player_choice":"Got Potions","floor":13.0,"gold_loss":0.0,"damage_taken":0.0},{"damage_healed":0,"gold_gain":0,"player_choice":"Stole Relic","damage_taken":0,"relics_obtained":["Emotion Chip"],"max_hp_gain":0,"max_hp_loss":0,"event_name":"Addict","floor":19,"gold_loss":0,"cards_obtained":["Shame"]},{"damage_healed":0,"gold_gain":0,"player_choice":"Ignored","damage_taken":0,"max_hp_gain":0,"max_hp_loss":0,"event_name":"Beggar","floor":24,"gold_loss":0},{"damage_healed":0,"gold_gain":0,"player_choice":"Bet on Murderer","damage_taken":0,"max_hp_gain":0,"max_hp_loss":0,"event_name":"The Joust","floor":25,"gold_loss":50},{"cards_removed":["Glacier"],"damage_healed":0,"gold_gain":0,"player_choice":"Gave Card","damage_taken":0,"relics_obtained":["Toy Ornithopter"],"max_hp_gain":0,"max_hp_loss":0,"event_name":"WeMeetAgain","floor":37,"gold_loss":0},{"cards_removed":["Defend_B"],"damage_healed":0,"gold_gain":0,"player_choice":"Offered Basic","damage_taken":0,"max_hp_gain":0,"max_hp_loss":0,"event_name":"Bonfire Elementals","floor":39,"gold_loss":0},{"cards_removed":["Shame"],"damage_healed":0,"gold_gain":0,"player_choice":"Removed Curses","damage_taken":0,"max_hp_gain":0,"max_hp_loss":0,"event_name":"Fountain of Cleansing","floor":44,"gold_loss":0}],"is_beta":false,"boss_relics":[{"not_picked":["Kintsugi","Sozu"],"picked":"SlaversCollar"},{"not_picked":["Replay:Drink Me","Runic Pyramid"],"picked":"Ring of Chaos"}],"items_purged_floors":[],"is_endless":false,"potions_floor_spawned":[4,7,10,16,20,27,29,35,41,42],"killed_by":"Awakened One","ascension_level":2}}