{"host":"ydujlihd8f5px9gp","time":1610317692,"event":{"mods":["AchievementEnabler","BaseMod","Block Reminder","Colored Map","Minty Spire (QoL Compilation)","ojb\u0027s Info Mod"],"gold_per_floor":[109,125,135,154,154,154,184,184,184,212,225,241,241,241,241,344,344,359,359,231,131,146,146,174,185,209,239,239,239,253,266,266,365,365,385,385,115,125,0,0,14,43,69,69,103,118,168,18,18,18],"floor_reached":51,"playtime":2155,"items_purged":["Strike_R","Defend_R","Clash+1","Strike_R"],"score":1055,"play_id":"be5f84fc-37cf-4686-8195-55fec7c36873","local_time":"20210110202812","is_ascension_mode":true,"campfire_choices":[{"data":"Bash","floor":6,"key":"SMITH"},{"data":"Shrug It Off","floor":8,"key":"SMITH"},{"data":"Defend_R","floor":15,"key":"SMITH"},{"data":"Defend_R","floor":23,"key":"SMITH"},{"data":"Hemokinesis","floor":29,"key":"SMITH"},{"floor":32,"key":"REST"},{"data":"Defend_R","floor":40,"key":"SMITH"},{"data":"Shockwave","floor":49,"key":"SMITH"}],"circlet_count":0,"master_deck":["Strike_R","Strike_R","Strike_R","Defend_R+1","Defend_R+1","Defend_R+1","Bash+1","Hemokinesis+1","Shrug It Off+1","Pommel Strike+1","Twin Strike+1","Bludgeon+1","Perfected Strike+1","Perfected Strike+1","Inflame+1","Flame Barrier+1","Heavy Blade+1","Perfected Strike+1","Perfected Strike+1","Demon Form+1","Shockwave+1"],"relics":["Black Star","Ornamental Fan","Question Card","Sundial","Toy Ornithopter","Molten Egg 2","Snecko Eye","Frozen Egg 2","Mercury Hourglass","Mummified Hand","Anchor","InkBottle","Eternal Feather","Busted Crown","Sling","Red Mask","Singing Bowl","Mango","Ancient Tea Set","Bottled Tornado","Happy Flower","StoneCalendar"],"acts_visited":["Exordium","TheCity","TheBeyond"],"potions_floor_usage":[10,12,24,24,27,27,42,45,50,50],"damage_taken":[{"damage":1,"enemies":"Cultist","floor":1,"turns":3},{"damage":5,"enemies":"2 Louse","floor":2,"turns":2},{"damage":0,"enemies":"Small Slimes","floor":3,"turns":3},{"damage":2,"enemies":"Exordium Wildlife","floor":4,"turns":3},{"damage":34,"enemies":"Gremlin Nob","floor":7,"turns":4},{"damage":29,"enemies":"3 Sentries","floor":10,"turns":8},{"damage":0,"enemies":"Blue Slaver","floor":11,"turns":3},{"damage":1,"enemies":"Looter","floor":12,"turns":3},{"damage":4,"enemies":"Slime Boss","floor":16,"turns":7},{"damage":9,"enemies":"3 Byrds","floor":18,"turns":5},{"damage":2,"enemies":"Shell Parasite","floor":22,"turns":2},{"damage":25,"enemies":"Book of Stabbing","floor":24,"turns":3},{"damage":3,"enemies":"Snake Plant","floor":25,"turns":2},{"damage":17,"enemies":"Slavers","floor":27,"turns":3},{"damage":0,"enemies":"Sentry and Sphere","floor":30,"turns":2},{"damage":0,"enemies":"Cultist and Chosen","floor":31,"turns":2},{"damage":2,"enemies":"Champ","floor":33,"turns":5},{"damage":0,"enemies":"3 Shapes","floor":35,"turns":2},{"damage":0,"enemies":"Orb Walker","floor":38,"turns":2},{"damage":0,"enemies":"Transient","floor":41,"turns":5},{"damage":3,"enemies":"Giant Head","floor":42,"turns":5},{"damage":0,"enemies":"Reptomancer","floor":45,"turns":4},{"damage":2,"enemies":"Maw","floor":46,"turns":3},{"damage":0,"enemies":"Mind Bloom Boss Battle","floor":47,"turns":3},{"damage":5,"enemies":"Awakened One","floor":50,"turns":5}],"seed_played":"5157830426577207374","potions_obtained":[{"floor":2,"key":"Swift Potion"},{"floor":7,"key":"ColorlessPotion"},{"floor":10,"key":"EntropicBrew"},{"floor":11,"key":"ElixirPotion"},{"floor":16,"key":"FearPotion"},{"floor":22,"key":"PowerPotion"},{"floor":30,"key":"ElixirPotion"},{"floor":31,"key":"EssenceOfSteel"},{"floor":42,"key":"Fire Potion"},{"floor":45,"key":"HeartOfIron"},{"floor":46,"key":"Dexterity Potion"}],"is_trial":false,"path_per_floor":["M","M","M","M","$","R","E","R","T","E","M","M","?","?","R","B",null,"M","T","$","$","M","R","E","M","T","E","?","R","M","M","R","B",null,"M","?","$","M","?","R","M","E","T","?","E","M","?","$","R","B",null],"character_chosen":"IRONCLAD","items_purchased":["Perfected Strike+1","Sling"],"campfire_rested":1,"item_purchase_floors":[20,37],"current_hp_per_floor":[79,74,74,72,72,72,38,38,38,9,9,13,39,39,39,35,80,71,71,71,71,69,69,54,51,51,44,44,56,56,56,80,78,80,80,80,80,80,80,80,80,93,93,84,91,91,91,91,100,95],"gold":18,"neow_bonus":"BOSS_RELIC","is_daily":false,"chose_seed":false,"campfire_upgraded":7,"win_rate":0.0,"timestamp":1610317692,"path_taken":["M","M","M","M","$","R","E","R","T","E","M","M","?","?","R","BOSS","M","?","?","$","M","R","E","M","T","E","?","R","M","?","R","BOSS","M","?","$","M","?","R","M","E","T","?","E","?","?","?","R","BOSS"],"items_purchased_type":["Card","Relic"],"build_version":"2020-12-22","purchased_purges":4,"victory":true,"max_hp_per_floor":[80,80,80,80,80,80,80,80,80,80,80,80,80,80,80,80,80,80,80,80,80,80,80,80,80,80,80,80,80,80,80,80,80,80,80,80,80,80,80,80,80,96,96,96,98,100,100,100,100,100],"card_choices":[{"not_picked":["Body Slam","Flex"],"picked":"Hemokinesis","floor":1},{"not_picked":["Cleave","Heavy Blade"],"picked":"Clash","floor":2},{"not_picked":["Infernal Blade","Body Slam"],"picked":"Shrug It Off","floor":3},{"not_picked":["Sentinel","Sword Boomerang","Headbutt"],"picked":"SKIP","floor":4},{"not_picked":["Blood for Blood","Body Slam","Second Wind"],"picked":"SKIP","floor":7},{"not_picked":["Heavy Blade+1","True Grit","Carnage+1"],"picked":"Pommel Strike+1","floor":10},{"not_picked":["Carnage+1","Dark Embrace","Exhume","Heavy Blade+1"],"picked":"SKIP","floor":11},{"not_picked":["Armaments","Wild Strike+1","Dark Embrace"],"picked":"Twin Strike+1","floor":12},{"not_picked":["Brutality","Exhume","Berserk"],"picked":"Bludgeon+1","floor":16},{"not_picked":["Rupture+1","Hemokinesis+1","Thunderclap+1"],"picked":"Perfected Strike+1","floor":18},{"not_picked":["Anger+1","Cleave+1","Body Slam+1"],"picked":"Inflame+1","floor":22},{"not_picked":["Shrug It Off","Dropkick+1","Second Wind"],"picked":"Flame Barrier+1","floor":24},{"not_picked":["Disarm","Body Slam+1","Shrug It Off"],"picked":"Heavy Blade+1","floor":25},{"not_picked":["Feel No Pain+1","Brutality+1","Reckless Charge+1","Shrug It Off"],"picked":"SKIP","floor":27},{"not_picked":["Twin Strike+1","Anger+1","Cleave+1"],"picked":"Perfected Strike+1","floor":30},{"not_picked":["Spot Weakness+1","Evolve+1","Thunderclap+1","Searing Blow+1"],"picked":"SKIP","floor":31},{"not_picked":["Barricade+1","Juggernaut+1","Immolate+1"],"picked":"Demon Form+1","floor":33},{"not_picked":["Warcry","Searing Blow+1"],"picked":"SKIP","floor":35},{"not_picked":["Headbutt+1","Anger+1"],"picked":"SKIP","floor":38},{"not_picked":["Thunderclap+1","Flex"],"picked":"SKIP","floor":41},{"not_picked":["Twin Strike+1","Anger+1"],"picked":"Singing Bowl","floor":42},{"not_picked":["Pummel+1","Offering"],"picked":"Singing Bowl","floor":45},{"not_picked":["Entrench","Sword Boomerang+1"],"picked":"Singing Bowl","floor":46},{"not_picked":["Bloodletting+1"],"picked":"Shockwave","floor":47}],"player_experience":113735,"relics_obtained":[{"floor":7,"key":"Ornamental Fan"},{"floor":7,"key":"Question Card"},{"floor":9,"key":"Sundial"},{"floor":10,"key":"Toy Ornithopter"},{"floor":10,"key":"Molten Egg 2"},{"floor":19,"key":"Frozen Egg 2"},{"floor":24,"key":"Mercury Hourglass"},{"floor":24,"key":"Mummified Hand"},{"floor":26,"key":"Anchor"},{"floor":27,"key":"InkBottle"},{"floor":27,"key":"Eternal Feather"},{"floor":42,"key":"Singing Bowl"},{"floor":42,"key":"Mango"},{"floor":43,"key":"Ancient Tea Set"},{"floor":45,"key":"Bottled Tornado"},{"floor":45,"key":"Happy Flower"},{"floor":47,"key":"StoneCalendar"}],"event_choices":[{"damage_healed":26,"gold_gain":0,"player_choice":"Banana","damage_taken":0,"max_hp_gain":0,"max_hp_loss":0,"event_name":"Big Fish","floor":13,"gold_loss":0},{"damage_healed":0,"gold_gain":0,"player_choice":"Forge","damage_taken":0,"max_hp_gain":0,"max_hp_loss":0,"event_name":"Accursed Blacksmith","floor":14,"gold_loss":0,"cards_upgraded":["Clash"]},{"damage_healed":0,"gold_gain":0,"player_choice":"Read","damage_taken":0,"max_hp_gain":0,"max_hp_loss":0,"event_name":"The Library","floor":28,"gold_loss":0,"cards_obtained":["Perfected Strike"]},{"damage_healed":0,"gold_gain":0,"player_choice":"Memory 1","damage_taken":0,"max_hp_gain":0,"max_hp_loss":0,"event_name":"SensoryStone","floor":36,"gold_loss":0},{"damage_healed":0,"gold_gain":0,"player_choice":"Paid","damage_taken":0,"relics_obtained":["Red Mask"],"max_hp_gain":0,"max_hp_loss":0,"event_name":"Tomb of Lord Red Mask","floor":39,"gold_loss":125},{"damage_healed":0,"gold_gain":0,"player_choice":"Damaged","damage_taken":9,"max_hp_gain":0,"max_hp_loss":0,"event_name":"Wheel of Change","floor":44,"gold_loss":0},{"damage_healed":0,"gold_gain":0,"player_choice":"Fight","damage_taken":0,"max_hp_gain":0,"max_hp_loss":0,"event_name":"MindBloom","floor":47,"gold_loss":0}],"is_beta":false,"boss_relics":[{"not_picked":["Pandora\u0027s Box","Runic Dome"],"picked":"Snecko Eye"},{"not_picked":["Mark of Pain","Runic Cube"],"picked":"Busted Crown"}],"items_purged_floors":[20,21,37,48],"is_endless":false,"potions_floor_spawned":[2,7,10,11,16,22,30,31,41,42,45,46],"ascension_level":3}}