{"host":"9oysz4knkucnjyyz","time":1610287366,"event":{"mods":["100% Spire Juice","2.2 Compatiblity","Act Like it!","BaseMod","Better Altar","Better Match","Better Note","Better Sensory Stone","Better Skull","Better Third Choice","BetterRewards","Displayed Cursed Tome","Downfall","Friendly Minions","Googly Eyes","GungeonMod","Hallownest","Hermit","Lobotomy","LobotomyExtend","Minty Spire (QoL Compilation)","Spicy Shops","Spire Birthday Party","StSLib","The Bug Knight","everything is the same but u backflip on backflip","slay the spire mod where everything is the same but ironclad has a cowboy hat"],"gold_per_floor":[100,100,100,34,51,51,51,64,64,98,109,109,125,157,157,236,236,236,254,272,289,308,358,381,391,372,372,386,386,397,397,408,480,480,480,497,514,533,550,550,550,550,126,126,143,162,162,162,172,172,172],"floor_reached":52,"playtime":2554,"items_purged":[],"score":1465,"play_id":"4c0f037b-9c99-46be-b5cf-304dfe932e7b","local_time":"20210110090246","is_ascension_mode":true,"campfire_choices":[],"circlet_count":0,"master_deck":["BlueStar","Mercenary","DespairKnight","BigBird","LongBird","ApocalypseBird","PunishingBird","SpecialBullet","SpecialBullet","SpecialBullet","SpecialBullet","SpecialBullet","SpecialBullet","SpecialBullet","SpecialBullet","InformationCode","SecurityCode","CentralCode","GreedKing","WristCuter","WristCuter","WallGazer","Penitence","Scorched","WristCuter","GoldRush","Diffraction","WelfareCode","RedShoes","WristCuter","Wellcheers","Christmas","Twilight","Freischutz","TodaysExpression","OSAHOGD","ParadiseLost","DisciplinaryCode","SingingMachine","FourthMatchFlame+1","LaLuna","WristCuter","SpiderBud","CherryBlossom+1","BigBadWolf","Justitia","Variant","WristCuter+1","Regret_ego","ControlCode","GrinderMk4","TT2Protocol","FieryBird","DemoMod:Invincible+1","BlackSwan_ego","SummonCall","WristCuter"],"relics":["CogitoBucket","RabbitCall","downfall:HeartsMalice","LetterFromLob","PreservedInsect","CaptainsWheel","HollowMod:StagPassRelic","Ice Cream","Sozu","LuminousBracelet","Lantern","SkinProphecy","Twilight","Philosopher\u0027s Stone","BehaviorAdjustment","AtMidnight","Justitia_r","Lamp_r","DemoMod:MeltedRock","DemoMod:PartiallyEatenCheese","Lee\u0027s Waffle","SwordSharpenedByTears_r","WantedRequest","SoundOfStar_r"],"acts_visited":["Exordium","TheCity","TheBeyond"],"potions_floor_usage":[26,52],"damage_taken":[{"damage":0,"enemies":"Cultist","floor":2,"turns":1},{"damage":0,"enemies":"2 Louse","floor":3,"turns":1},{"damage":0,"enemies":"downfall:FleeingMerchant","floor":4,"turns":1},{"damage":14,"enemies":"Small Slimes","floor":5,"turns":3},{"damage":30,"enemies":"Gremlin Gang","floor":8,"turns":5},{"damage":4,"enemies":"3 Sentries","floor":10,"turns":2},{"damage":1,"enemies":"Large Slime","floor":11,"turns":2},{"damage":7,"enemies":"Exordium Wildlife","floor":13,"turns":2},{"damage":12,"enemies":"Gremlin Nob","floor":14,"turns":3},{"damage":42,"enemies":"downfall:Ironclad","floor":16,"turns":4},{"damage":10,"enemies":"Spheric Guardian","floor":19,"turns":2},{"damage":12,"enemies":"3 Byrds","floor":20,"turns":4},{"damage":28,"enemies":"Centurion and Healer","floor":21,"turns":3},{"damage":0,"enemies":"Snecko","floor":22,"turns":2},{"damage":25,"enemies":"Snake Plant","floor":25,"turns":2},{"damage":29,"enemies":"Shelled Parasite and Fungi","floor":26,"turns":4},{"damage":2,"enemies":"Snecko","floor":28,"turns":2},{"damage":17,"enemies":"Sentry and Sphere","floor":30,"turns":3},{"damage":100,"enemies":"downfall:FleeingMerchant","floor":31,"turns":7},{"damage":7,"enemies":"Chosen and Byrds","floor":32,"turns":2},{"damage":17,"enemies":"downfall:Watcher","floor":33,"turns":3},{"damage":0,"enemies":"3 Darklings","floor":36,"turns":4},{"damage":73,"enemies":"3 Shapes","floor":37,"turns":3},{"damage":13,"enemies":"Sphere and 2 Shapes","floor":38,"turns":3},{"damage":18,"enemies":"Writhing Mass","floor":39,"turns":2},{"damage":5,"enemies":"downfall:FleeingMerchant","floor":43,"turns":2},{"damage":25,"enemies":"3 Darklings","floor":45,"turns":2},{"damage":43,"enemies":"Sphere and 2 Shapes","floor":46,"turns":1},{"damage":18,"enemies":"Maw","floor":49,"turns":3},{"damage":66,"enemies":"downfall:Silent","floor":50,"turns":4},{"damage":36,"enemies":"Malkuth","floor":52,"turns":4},{"damage":78,"enemies":"Netzach","floor":52,"turns":3},{"damage":45,"enemies":"Geburah","floor":52,"turns":5},{"damage":81,"enemies":"Binah","floor":52,"turns":6},{"damage":206,"enemies":"Angela","floor":52,"turns":5}],"seed_played":"6889974595208476903","potions_obtained":[{"floor":5,"key":"DemoMod:LeadSkinPotion"},{"floor":8,"key":"GamblersBrew"}],"is_trial":false,"path_per_floor":["R","M","M","$","M","R","T","M","R","E","M","R","M","E","M","B",null,"R","M","M","M","M","?","T","M","M","R","M","R","M","$","M","B",null,"R","M","M","M","M","R","T","R","$","?","M","M","R","?","M","B",null,null],"character_chosen":"Angela","items_purchased":["PreservedInsect","DemoMod:PartiallyEatenCheese","Lee\u0027s Waffle","DemoMod:Invincible"],"campfire_rested":0,"item_purchase_floors":[4,43,43,43],"current_hp_per_floor":[63,70,70,70,66,66,66,54,54,66,81,81,86,90,90,64,84,84,105,113,105,117,117,117,109,111,111,129,129,126,69,79,84,134,134,153,125,150,148,148,148,148,186,186,181,158,164,170,185,144,150],"gold":172,"neow_bonus":"THREE_ENEMY_KILL","is_daily":false,"chose_seed":false,"campfire_upgraded":0,"win_rate":0.0,"timestamp":1610287366,"path_taken":["R","M","M","$","M","R","T","M","R","E","M","R","M","E","M","BOSS","R","M","M","M","M","?","T","M","M","R","M","R","M","$","M","BOSS","R","M","M","M","M","R","T","R","$","?","M","M","R","?","M","BOSS"],"items_purchased_type":["Relic","Relic","Relic","Card"],"build_version":"2020-12-22","purchased_purges":0,"victory":true,"max_hp_per_floor":[70,70,70,70,70,70,70,74,74,78,82,82,86,90,90,90,90,90,109,113,113,117,117,117,121,125,125,131,131,137,143,149,151,151,151,155,161,167,173,173,173,173,186,186,188,190,190,190,192,196,196],"card_choices":[{"not_picked":["CrumblingArmor","Yin"],"picked":"GreedKing","floor":2},{"not_picked":["CUTE"],"picked":"WristCuter","floor":2},{"not_picked":["BeautyBeast","Yin"],"picked":"PunishingBird","floor":3},{"not_picked":["Gaze"],"picked":"WristCuter","floor":3},{"not_picked":["MeatLantern","UniverseFragment"],"picked":"WallGazer","floor":4},{"not_picked":["TodaysExpression"],"picked":"Penitence","floor":4},{"not_picked":["LittlePrince","MeatLantern"],"picked":"LongBird","floor":5},{"not_picked":["Soda","Hypocrisy"],"picked":"SKIP","floor":5},{"not_picked":["SingingMachine","Bloodbath"],"picked":"Scorched","floor":8},{"not_picked":["Lantern"],"picked":"WristCuter","floor":8},{"not_picked":["FieryBird","OldLady"],"picked":"QueenOfHatred","floor":10},{"not_picked":["Soda"],"picked":"GoldRush","floor":10},{"not_picked":["FairyFestival","Bloodbath"],"picked":"OldLady","floor":11},{"not_picked":["RapturousDream"],"picked":"Diffraction","floor":11},{"not_picked":["Bloodbath","ShyLook"],"picked":"RedShoes","floor":13},{"not_picked":["TheSmile"],"picked":"WristCuter","floor":13},{"not_picked":["FairyFestival","ShyLook"],"picked":"Wellcheers","floor":14},{"not_picked":["Pleasure"],"picked":"Christmas","floor":14},{"not_picked":["TheSmile"],"picked":"Twilight","floor":16},{"not_picked":["HeroicMonk","BeautyBeast"],"picked":"Freischutz","floor":19},{"not_picked":["Penitence"],"picked":"TodaysExpression","floor":19},{"not_picked":["ShyLook","Porccubus"],"picked":"OSAHOGD","floor":20},{"not_picked":["Noise","Lantern"],"picked":"SKIP","floor":20},{"not_picked":["Wingbeat"],"picked":"ParadiseLost","floor":21},{"not_picked":["Woodsman","BeautyBeast"],"picked":"DespairKnight","floor":22},{"not_picked":["Galaxy","Harmony"],"picked":"SKIP","floor":22},{"not_picked":["VoidDream","HappyTeddy"],"picked":"BlueStar","floor":25},{"not_picked":["CUTE","Wingbeat"],"picked":"SKIP","floor":25},{"not_picked":["Woodsman","Murderer"],"picked":"SingingMachine","floor":26},{"not_picked":["RapturousDream"],"picked":"FourthMatchFlame+1","floor":26},{"not_picked":["UniverseFragment","BlackSwan"],"picked":"LaLuna","floor":28},{"not_picked":["TodaysExpression","RedEyes"],"picked":"SKIP","floor":28},{"not_picked":["Porccubus","BlackArmy"],"picked":"BigBird","floor":30},{"not_picked":["Lamp"],"picked":"WristCuter","floor":30},{"not_picked":["CherryBlossoms","BlackSwan"],"picked":"SpiderBud","floor":31},{"not_picked":["Discord"],"picked":"CherryBlossom+1","floor":31},{"not_picked":["LittleHelper","HappyTeddy"],"picked":"BigBadWolf","floor":32},{"not_picked":["RedEyes"],"picked":"Adoration","floor":32},{"not_picked":["SoundOfStar"],"picked":"Justitia","floor":33},{"not_picked":["Galaxy","RedEyes"],"picked":"SKIP","floor":36},{"not_picked":["HappyTeddy","Scarecrow"],"picked":"Variant","floor":37},{"not_picked":["Harmony"],"picked":"WristCuter+1","floor":37},{"not_picked":["CrumblingArmor","CherryBlossoms"],"picked":"Mercenary","floor":38},{"not_picked":["Horn"],"picked":"Regret_ego","floor":38},{"not_picked":["UniverseFragment","BlackArmy"],"picked":"MeltingLove","floor":39},{"not_picked":["Loneliness"],"picked":"GrinderMk4","floor":39},{"not_picked":["MeatLantern","Murderer"],"picked":"FieryBird","floor":43},{"not_picked":["RedEyes","CrimsonScar"],"picked":"SKIP","floor":43},{"not_picked":["CUTE","Beak"],"picked":"SKIP","floor":45},{"not_picked":["SomewhereSpear"],"picked":"BlackSwan_ego","floor":46},{"not_picked":["SomewhereSpear"],"picked":"WristCuter","floor":49}],"player_experience":353567,"relics_obtained":[{"floor":2,"key":"LetterFromLob"},{"floor":7,"key":"CaptainsWheel"},{"floor":10,"key":"HollowMod:StagPassRelic"},{"floor":14,"key":"Ice Cream"},{"floor":24,"key":"Lantern"},{"floor":31,"key":"Twilight"},{"floor":36,"key":"AtMidnight"},{"floor":41,"key":"DemoMod:MeltedRock"}],"event_choices":[{"cards_removed":["OldLady"],"damage_healed":0,"gold_gain":0,"player_choice":"Removed Skill","damage_taken":0,"max_hp_gain":0,"max_hp_loss":0,"event_name":"Falling","floor":44,"gold_loss":0}],"is_beta":false,"boss_relics":[{"not_picked":["Coffee Dripper","Empty Cage"],"picked":"Sozu"},{"not_picked":["Calling Bell","SlaversCollar"],"picked":"Philosopher\u0027s Stone"}],"items_purged_floors":[],"is_endless":false,"potions_floor_spawned":[5,8,13,14,20,21,22,30,33,37,39,49],"ascension_level":20}}