{"host":"4mxntv5hh20ijfso","time":1610296608,"event":{"mods":["AchievementEnabler","Act Like it!","BaseMod","CapriCore","Chen","Energized Spire","Gensokyo","Halation","Infinite Spire","Koishi","Marisa????????","Minty Spire (QoL Compilation)","Onozuka Komachi Mod","Quick Restart","Random Character Button","Rare Cards Sparkle","Reimu??????","Remilia??????","Shop Mod","Spicy Shops","StSLib","The Administrix","The Immortal","The Servant 0.9.4","TheVelvet","Uncapped","Waifu the Spire","Yakumo Yukari mod","Yuri Mod","Yuyuko"],"gold_per_floor":[116,133,133,145,17,17,44,44,68,68,84,299,299,299],"floor_reached":13,"playtime":1083,"items_purged":[],"score":85,"play_id":"277cd154-85ee-467a-baee-d096d0841c78","local_time":"20210110113648","is_ascension_mode":false,"campfire_choices":[],"circlet_count":0,"master_deck":["hadesmod:Strike","hadesmod:Strike","hadesmod:Strike","hadesmod:SwapStrike","hadesmod:Defend","hadesmod:Defend","hadesmod:Defend","hadesmod:Dash+1","hadesmod:RuyiJinguBang","hadesmod:IThinkEyePatchesAreHot","hadesmod:CutDust+","hadesmod:FierceCry","hadesmod:StrikeBooster","hadesmod:Hitpower","hadesmod:YatsuhashisDefence"],"relics":["hadesmod:WeaponCharger","halation:PinkSoulGem","Gensokyo:PortableGap","infinitespire:PuzzleCube","War Paint","Gensokyo:Justice","Calipers"],"acts_visited":["Gensokyo:Gensokyo"],"potions_floor_usage":[7,7],"damage_taken":[{"damage":12,"enemies":"Gensokyo:Gryphon","floor":1,"turns":4},{"damage":3,"enemies":"Gensokyo:3_Fairies","floor":2,"turns":4},{"damage":0,"enemies":"Gensokyo:Python","floor":4,"turns":2},{"damage":23,"enemies":"Gensokyo:Mamizou","floor":7,"turns":9},{"damage":0,"enemies":"Gensokyo:LivingMonolith","floor":11,"turns":3},{"damage":19,"enemies":"Gensokyo:Gryphon_and_Rabbit","floor":12,"turns":6},{"damage":10,"enemies":"Gensokyo:Cirno","floor":13,"turns":2}],"seed_played":"-6339809854291931201","potions_obtained":[{"floor":2,"key":"Fire Potion"},{"floor":4,"key":"FearPotion"}],"is_trial":false,"path_per_floor":["M","M","?","M","COS","?","E","?","T","?","M","M","E"],"character_chosen":"THE_HUNTRESS","items_purchased":[],"campfire_rested":0,"item_purchase_floors":[],"current_hp_per_floor":[54,51,51,51,51,51,28,28,28,28,28,9,0,0],"gold":299,"neow_bonus":"TEN_PERCENT_HP_BONUS","is_daily":false,"chose_seed":false,"campfire_upgraded":0,"win_rate":0.0,"timestamp":1610296608,"path_taken":["M","M","?","M","COS","?","E","?","T","?","M","M","E"],"items_purchased_type":[],"build_version":"2020-12-22","purchased_purges":0,"victory":false,"max_hp_per_floor":[66,66,66,66,66,60,60,60,60,60,60,60,60,60],"card_choices":[{"not_picked":["hadesmod:SickeningStrength","hadesmod:GunCamera"],"picked":"hadesmod:IThinkEyePatchesAreHot","floor":1},{"not_picked":["hadesmod:CameraCamera","hadesmod:GlanceShot"],"picked":"hadesmod:CutDust","floor":2},{"not_picked":["hadesmod:Flamesmash","hadesmod:SlotSlash"],"picked":"hadesmod:FierceCry","floor":4},{"not_picked":["hadesmod:PrepareAttack","hadesmod:Xactivate"],"picked":"hadesmod:StrikeBooster","floor":7},{"not_picked":["hadesmod:Claws","hadesmod:CerberusStrike"],"picked":"hadesmod:Hitpower","floor":11},{"not_picked":["hadesmod:Restrikeler","hadesmod:CrescentDexterity"],"picked":"hadesmod:YatsuhashisDefence","floor":12}],"player_experience":16148,"relics_obtained":[{"floor":7,"key":"infinitespire:PuzzleCube"},{"floor":9,"key":"War Paint"}],"event_choices":[],"is_beta":false,"boss_relics":[],"items_purged_floors":[],"is_endless":false,"potions_floor_spawned":[2,4],"killed_by":"Gensokyo:Cirno","ascension_level":0}}