{"host":"d61fcf2p3sjwe6yo","time":1610285733,"event":{"mods":["AchievementEnabler","BaseMod","Colored Map","Minty Spire (QoL Compilation)","StSLib","SuperFastMode"],"gold_per_floor":[113,126,141,161,171,199,199,233,257,257,289,302,317,328,328,424,424,444,143,155,171,171,171,203,203,203,231,131,144,157,157,157,259,259,277,287,287,298,317,317,346,346,346,361,381,381,401,420,420,420],"floor_reached":51,"playtime":2655,"items_purged":["Strike_G","Strike_G+1"],"score":1174,"play_id":"9a0c3862-342f-4dae-8313-87cd05191304","local_time":"20210110163533","is_ascension_mode":true,"campfire_choices":[{"data":"Neutralize","floor":7.0,"key":"SMITH"},{"data":"Dagger Spray","floor":10.0,"key":"SMITH"},{"data":"Bouncing Flask","floor":15.0,"key":"SMITH"},{"data":"Footwork","floor":23.0,"key":"SMITH"},{"data":"Well Laid Plans","floor":25.0,"key":"SMITH"},{"data":"Deadly Poison","floor":32.0,"key":"SMITH"},{"data":"Backflip","floor":40.0,"key":"SMITH"},{"data":"PiercingWail","floor":46,"key":"SMITH"},{"data":"Footwork","floor":49,"key":"SMITH"}],"circlet_count":0,"master_deck":["AscendersBane","Strike_G+1","Defend_G+1","Defend_G+1","Defend_G+1","Defend_G+1","Defend_G+1","Survivor+1","Dagger Spray+1","Bouncing Flask+1","Backflip+1","Poisoned Stab","Well Laid Plans+1","Deadly Poison+1","Burst+1","Deadly Poison+1","Footwork+1","Escape Plan","Corpse Explosion","Backflip+1","Bouncing Flask+1","PiercingWail+1","Footwork+1"],"relics":["Coffee Dripper","Matryoshka","Toy Ornithopter","White Beast Statue","Nunchaku","Omamori","Empty Cage","Snake Skull","War Paint","Bottled Lightning","Sundial","Bronze Scales","Sozu","Bird Faced Urn","Eternal Feather"],"acts_visited":["Exordium","TheCity","TheBeyond"],"potions_floor_usage":[50],"damage_taken":[{"damage":0.0,"enemies":"Cultist","floor":1.0,"turns":4.0},{"damage":2.0,"enemies":"Small Slimes","floor":2.0,"turns":4.0},{"damage":4.0,"enemies":"Jaw Worm","floor":3.0,"turns":4.0},{"damage":1.0,"enemies":"3 Louse","floor":4.0,"turns":4.0},{"damage":9.0,"enemies":"Large Slime","floor":5.0,"turns":8.0},{"damage":0.0,"enemies":"3 Sentries","floor":6.0,"turns":6.0},{"damage":16.0,"enemies":"Gremlin Nob","floor":8.0,"turns":4.0},{"damage":10.0,"enemies":"Lagavulin","floor":11.0,"turns":7.0},{"damage":3.0,"enemies":"Blue Slaver","floor":12.0,"turns":3.0},{"damage":0.0,"enemies":"Gremlin Gang","floor":13.0,"turns":5.0},{"damage":7.0,"enemies":"Large Slime","floor":14.0,"turns":5.0},{"damage":9.0,"enemies":"The Guardian","floor":16.0,"turns":8.0},{"damage":0.0,"enemies":"3 Byrds","floor":18.0,"turns":4.0},{"damage":7.0,"enemies":"Chosen","floor":20.0,"turns":4.0},{"damage":7.0,"enemies":"Snake Plant","floor":21.0,"turns":4.0},{"damage":2.0,"enemies":"Book of Stabbing","floor":24.0,"turns":5.0},{"damage":15.0,"enemies":"Slavers","floor":27.0,"turns":5.0},{"damage":4.0,"enemies":"Chosen and Byrds","floor":29.0,"turns":4.0},{"damage":9.0,"enemies":"Snecko","floor":30.0,"turns":4.0},{"damage":0.0,"enemies":"Centurion and Healer","floor":31.0,"turns":1.0},{"damage":24.0,"enemies":"Champ","floor":33.0,"turns":10.0},{"damage":0.0,"enemies":"3 Darklings","floor":35.0,"turns":2.0},{"damage":3.0,"enemies":"Orb Walker","floor":36.0,"turns":3.0},{"damage":5.0,"enemies":"Sphere and 2 Shapes","floor":38.0,"turns":4.0},{"damage":14.0,"enemies":"3 Darklings","floor":39.0,"turns":4.0},{"damage":24.0,"enemies":"Reptomancer","floor":41.0,"turns":5.0},{"damage":1,"enemies":"Writhing Mass","floor":44,"turns":4},{"damage":0,"enemies":"Maw","floor":45,"turns":5},{"damage":0,"enemies":"3 Darklings","floor":47,"turns":3},{"damage":20,"enemies":"Writhing Mass","floor":48,"turns":4},{"damage":43,"enemies":"Awakened One","floor":50,"turns":16}],"seed_played":"9136826396721962176","potions_obtained":[{"floor":1.0,"key":"DistilledChaos"},{"floor":3.0,"key":"Strength Potion"},{"floor":5.0,"key":"Block Potion"},{"floor":11.0,"key":"Ancient Potion"},{"floor":12.0,"key":"Ancient Potion"},{"floor":13.0,"key":"Weak Potion"},{"floor":14.0,"key":"ColorlessPotion"},{"floor":16.0,"key":"DuplicationPotion"},{"floor":18.0,"key":"BlessingOfTheForge"},{"floor":20.0,"key":"CunningPotion"},{"floor":21.0,"key":"BlessingOfTheForge"},{"floor":24.0,"key":"SmokeBomb"},{"floor":27.0,"key":"GamblersBrew"},{"floor":29.0,"key":"Regen Potion"},{"floor":30.0,"key":"Poison Potion"},{"floor":33.0,"key":"Strength Potion"}],"is_trial":false,"path_per_floor":["M","M","M","M","M","E","R","E","T","R","E","M","M","M","R","B",null,"M","$","M","M","?","R","E","R","T","E","$","M","M","M","R","B",null,"M","M","?","M","M","R","E","?","T","M","M","R","M","M","R","B",null],"character_chosen":"THE_SILENT","items_purchased":["Snake Skull","Footwork"],"campfire_rested":0,"item_purchase_floors":[19,19],"current_hp_per_floor":[63,61,57,56,47,47,47,31,31,31,21,18,18,16,16,12,56,56,56,54,52,52,52,60,60,60,45,45,46,42,47,47,48,65,65,62,62,57,43,43,19,19,19,22,26,38,42,28,40,8],"gold":420,"neow_bonus":"BOSS_RELIC","is_daily":false,"chose_seed":false,"campfire_upgraded":9,"win_rate":0.0,"timestamp":1610285733,"path_taken":["M","M","M","M","M","E","R","E","T","R","E","M","?","M","R","BOSS","M","$","M","M","?","R","E","R","T","E","$","M","M","M","R","BOSS","M","M","?","M","?","R","E","?","T","M","M","R","M","M","R","BOSS"],"items_purchased_type":["Relic","Card"],"build_version":"2020-12-22","purchased_purges":2,"victory":true,"max_hp_per_floor":[70,70,70,70,70,70,70,70,70,70,70,70,70,70,70,70,70,70,70,70,70,70,70,70,70,70,70,70,70,70,70,70,70,70,70,70,70,70,70,70,70,70,70,70,70,70,70,70,70,70],"card_choices":[{"not_picked":["Tactician","Deflect"],"picked":"Dagger Spray","floor":1.0},{"not_picked":["Concentrate","Prepared"],"picked":"Bouncing Flask","floor":2.0},{"not_picked":["Outmaneuver","Tactician","Dagger Throw"],"picked":"SKIP","floor":3.0},{"not_picked":["Prepared","Slice"],"picked":"Backflip","floor":4.0},{"not_picked":["Well Laid Plans","Underhanded Strike"],"picked":"Backflip","floor":5.0},{"not_picked":["Doppelganger","PiercingWail"],"picked":"Poisoned Stab","floor":6.0},{"not_picked":["Blade Dance","Flechettes"],"picked":"Well Laid Plans","floor":8.0},{"not_picked":["Dodge and Roll","Flying Knee","Terror"],"picked":"SKIP","floor":11.0},{"not_picked":["Sucker Punch","Acrobatics","Blade Dance"],"picked":"SKIP","floor":12.0},{"not_picked":["Sucker Punch","Cloak And Dagger"],"picked":"Deadly Poison","floor":13.0},{"not_picked":["Quick Slash","Sucker Punch","PiercingWail"],"picked":"SKIP","floor":14.0},{"not_picked":["Doppelganger","Grand Finale"],"picked":"Burst","floor":16.0},{"not_picked":["PiercingWail","Sucker Punch"],"picked":"Deadly Poison+1","floor":18.0},{"not_picked":["Deadly Poison","Blade Dance","Deflect+1"],"picked":"SKIP","floor":20.0},{"not_picked":["Acrobatics","Prepared","Eviscerate+1"],"picked":"SKIP","floor":21.0},{"not_picked":["Storm of Steel","Blade Dance"],"picked":"Escape Plan","floor":24.0},{"not_picked":["Eviscerate","Cloak And Dagger","Endless Agony"],"picked":"SKIP","floor":27.0},{"not_picked":["Outmaneuver+1","Acrobatics","Sucker Punch"],"picked":"SKIP","floor":29.0},{"not_picked":["Outmaneuver","Expertise+1","Heel Hook"],"picked":"SKIP","floor":30.0},{"not_picked":["Night Terror","Wraith Form v2"],"picked":"Corpse Explosion","floor":33.0},{"not_picked":["Accuracy+1","Expertise"],"picked":"Backflip+1","floor":35.0},{"not_picked":["Deflect+1","Terror","Prepared+1"],"picked":"SKIP","floor":36.0},{"not_picked":["Choke+1","Poisoned Stab+1","Deadly Poison"],"picked":"SKIP","floor":38.0},{"not_picked":["Flying Knee","Skewer","Distraction+1"],"picked":"SKIP","floor":39.0},{"not_picked":["Underhanded Strike+1","Deflect"],"picked":"Bouncing Flask+1","floor":41.0},{"not_picked":["Cloak And Dagger","Setup+1","PiercingWail"],"picked":"SKIP","floor":44},{"not_picked":["Cloak And Dagger","Setup+1"],"picked":"PiercingWail","floor":44},{"not_picked":["Calculated Gamble","Distraction+1","Outmaneuver+1"],"picked":"SKIP","floor":45},{"not_picked":["Concentrate+1","Prepared"],"picked":"Footwork","floor":47},{"not_picked":["Underhanded Strike","Bullet Time","Deflect"],"picked":"SKIP","floor":48}],"player_experience":178402,"relics_obtained":[{"floor":6.0,"key":"Matryoshka"},{"floor":8.0,"key":"Toy Ornithopter"},{"floor":9.0,"key":"White Beast Statue"},{"floor":9.0,"key":"Nunchaku"},{"floor":11.0,"key":"Omamori"},{"floor":24.0,"key":"War Paint"},{"floor":26.0,"key":"Bottled Lightning"},{"floor":26.0,"key":"Sundial"},{"floor":27.0,"key":"Bronze Scales"},{"floor":41.0,"key":"Bird Faced Urn"},{"floor":43.0,"key":"Eternal Feather"}],"event_choices":[{"damage_healed":0.0,"max_hp_gain":0.0,"max_hp_loss":0.0,"gold_gain":0.0,"event_name":"Back to Basics","player_choice":"Simplicity","floor":22.0,"gold_loss":0.0,"damage_taken":0.0,"cards_upgraded":["Strike_G","Strike_G","Defend_G","Defend_G","Defend_G","Defend_G","Defend_G"]},{"cards_removed":["Backflip"],"damage_healed":0.0,"max_hp_gain":0.0,"max_hp_loss":0.0,"gold_gain":0.0,"event_name":"Purifier","player_choice":"Purged","floor":37.0,"gold_loss":0.0,"damage_taken":0.0},{"cards_removed":["Neutralize"],"damage_healed":0.0,"max_hp_gain":0.0,"max_hp_loss":0.0,"gold_gain":0.0,"event_name":"Falling","player_choice":"Removed Attack","floor":42.0,"gold_loss":0.0,"damage_taken":0.0}],"is_beta":false,"boss_relics":[{"not_picked":["Philosopher\u0027s Stone","Runic Dome"],"picked":"Empty Cage"},{"not_picked":["Pandora\u0027s Box","Astrolabe"],"picked":"Sozu"}],"items_purged_floors":[19,28],"is_endless":false,"potions_floor_spawned":[1,3,5,11,12,13,14,16,18,20,21,24,27,29,30,31,33,35,36,38,39,41,44,45,47,48],"ascension_level":10}}