{"host":"25fn74ijs2305xd4","time":1610280151,"event":{"mods":["AchievementEnabler","BaseMod","Colored Map","Colored Powertips","Minty Spire (QoL Compilation)","Relic Stats","StSLib"],"gold_per_floor":[417,428,703,593,608,642,660,660,660,660,694,694,713,374,374,477,477,464,464,440,450,450,485,33,47,102,64,64,89,101,129,129,229,229,247,247,93,113,113,148,163,163,188,162,181,79,99,116,116,116],"floor_reached":51,"playtime":3281,"items_purged":["Regret","Strike_R","Defend_R"],"score":894,"play_id":"d14526f4-6e44-45de-857a-f50adba70ad9","local_time":"20210110130231","is_ascension_mode":true,"campfire_choices":[{"data":"Disarm","floor":8,"key":"SMITH"},{"data":"Shrug It Off","floor":15,"key":"SMITH"},{"floor":28,"key":"REST"},{"floor":32,"key":"REST"},{"data":"Juggernaut","floor":42,"key":"SMITH"},{"floor":49,"key":"REST"}],"circlet_count":0,"master_deck":["Strike_R","Strike_R","Defend_R","Defend_R","Bash","Cleave+1","Uppercut+1","Metallicize","Power Through","Shrug It Off+1","Disarm+1","Power Through","Iron Wave","Feed","Juggernaut+1","Impervious","Shrug It Off","Impervious","Seeing Red","Shrug It Off","Inflame","Power Through+1","Metallicize","Disarm","Flame Barrier","Armaments+1","Corruption","Pommel Strike","Bandage Up","Disarm","Pommel Strike+1","Body Slam","Parasite"],"relics":["Burning Blood","Old Coin","Juzu Bracelet","Mummified Hand","Ice Cream","Spirit Poop","Empty Cage","NlothsMask","Pen Nib","Orichalcum","Bag of Marbles","Membership Card","Sundial","Whetstone","Busted Crown","Medical Kit","PreservedInsect","Toy Ornithopter","Strange Spoon"],"acts_visited":["Exordium","TheCity","TheBeyond"],"potions_floor_usage":[11,11,16,23,25,29,31,31,50,50,50],"damage_taken":[{"damage":0,"enemies":"Small Slimes","floor":1,"turns":3},{"damage":6,"enemies":"Cultist","floor":2,"turns":4},{"damage":7,"enemies":"2 Louse","floor":5,"turns":2},{"damage":31,"enemies":"Lagavulin","floor":6,"turns":8},{"damage":11,"enemies":"Blue Slaver","floor":7,"turns":4},{"damage":2,"enemies":"3 Sentries","floor":11,"turns":6},{"damage":10,"enemies":"Exordium Thugs","floor":13,"turns":7},{"damage":66,"enemies":"Slime Boss","floor":16,"turns":12},{"damage":26,"enemies":"2 Thieves","floor":18,"turns":5},{"damage":0,"enemies":"Shell Parasite","floor":21,"turns":8},{"damage":54,"enemies":"Gremlin Leader","floor":23,"turns":11},{"damage":7,"enemies":"Centurion and Healer","floor":25,"turns":13},{"damage":3,"enemies":"Book of Stabbing","floor":29,"turns":8},{"damage":0,"enemies":"Snake Plant","floor":30,"turns":4},{"damage":36,"enemies":"Slavers","floor":31,"turns":8},{"damage":46,"enemies":"Automaton","floor":33,"turns":14},{"damage":0,"enemies":"Orb Walker","floor":35,"turns":7},{"damage":0,"enemies":"3 Shapes","floor":38,"turns":9},{"damage":2,"enemies":"Reptomancer","floor":40,"turns":9},{"damage":23,"enemies":"Writhing Mass","floor":41,"turns":8},{"damage":29,"enemies":"Spire Growth","floor":45,"turns":6},{"damage":14,"enemies":"3 Darklings","floor":47,"turns":8},{"damage":34,"enemies":"Writhing Mass","floor":48,"turns":6},{"damage":0,"enemies":"Awakened One","floor":50,"turns":14}],"seed_played":"524488999941785532","potions_obtained":[{"floor":1,"key":"ElixirPotion"},{"floor":2,"key":"Regen Potion"},{"floor":7,"key":"PowerPotion"},{"floor":11,"key":"BlessingOfTheForge"},{"floor":13,"key":"LiquidMemories"},{"floor":18,"key":"DuplicationPotion"},{"floor":25,"key":"SkillPotion"},{"floor":30,"key":"AttackPotion"},{"floor":35,"key":"FearPotion"},{"floor":41,"key":"AttackPotion"},{"floor":48,"key":"EssenceOfSteel"}],"is_trial":false,"path_per_floor":["M","M","?","$","M","E","M","R","T","?","E","?","M","$","R","B",null,"M","?","$","M","?","E","$","M","T","$","R","E","M","E","R","B",null,"M","?","$","M","?","E","M","R","T","$","M","$","M","M","R","B",null],"character_chosen":"IRONCLAD","items_purchased":["Metallicize","Feed","Juggernaut","Shrug It Off","Orichalcum","Bag of Marbles","Membership Card","Metallicize","Medical Kit","Disarm","Body Slam","Strange Spoon","Energy Potion"],"campfire_rested":3,"item_purchase_floors":[4,14,14,20,24,24,24,27,37,37,44,46,46],"current_hp_per_floor":[80,80,80,80,79,54,49,49,49,69,80,77,73,73,73,16,80,60,60,60,66,66,18,18,21,21,21,46,52,61,31,58,22,94,94,84,84,97,97,100,83,83,83,83,64,64,63,39,69,94],"gold":116,"neow_bonus":"ONE_RARE_RELIC","is_daily":false,"chose_seed":false,"campfire_upgraded":3,"win_rate":0.0,"timestamp":1610280151,"path_taken":["M","M","?","$","?","E","M","R","T","?","E","?","M","$","R","BOSS","M","?","$","M","?","E","$","M","T","$","R","E","M","E","R","BOSS","M","?","$","M","?","E","M","R","T","$","M","$","M","M","R","BOSS"],"items_purchased_type":["Card","Card","Card","Card","Relic","Relic","Relic","Card","Relic","Card","Card","Relic","Potion"],"build_version":"2020-12-22","purchased_purges":3,"victory":true,"max_hp_per_floor":[80,80,80,80,80,80,80,80,80,80,80,77,77,77,77,80,80,80,80,80,80,80,80,80,84,84,84,84,87,90,90,90,94,94,94,94,94,97,97,100,100,100,100,100,100,100,103,103,103,103],"relic_stats":{"counters":[24,184],"Pen Nib":[13],"PreservedInsect":0,"Juzu Bracelet":1,"Whetstone":["Uppercut","Cleave"],"Orichalcum":[72],"Medical Kit":[46],"Burning Blood":121,"Strange Spoon":[26],"Busted Crown":20,"Mummified Hand":[71],"Sundial":[10],"obtain_stats":[{"Ice Cream":11,"Spirit Poop":12,"Pen Nib":23,"PreservedInsect":40,"Juzu Bracelet":6,"Whetstone":31,"Orichalcum":24,"Empty Cage":17,"Medical Kit":37,"Burning Blood":0,"Old Coin":0,"Strange Spoon":46,"Busted Crown":34,"Mummified Hand":9,"Sundial":29,"Bag of Marbles":24,"Membership Card":24,"Toy Ornithopter":43,"NlothsMask":22},{"Ice Cream":6,"Spirit Poop":6,"Pen Nib":11,"PreservedInsect":19,"Juzu Bracelet":4,"Whetstone":15,"Orichalcum":11,"Empty Cage":8,"Medical Kit":17,"Burning Blood":0,"Old Coin":0,"Strange Spoon":21,"Busted Crown":16,"Mummified Hand":5,"Sundial":13,"Bag of Marbles":11,"Membership Card":11,"Toy Ornithopter":20,"NlothsMask":10},{"Ice Cream":27,"Spirit Poop":27,"Pen Nib":70,"PreservedInsect":142,"Juzu Bracelet":17,"Whetstone":103,"Orichalcum":70,"Empty Cage":46,"Medical Kit":124,"Burning Blood":0,"Old Coin":0,"Strange Spoon":156,"Busted Crown":117,"Mummified Hand":21,"Sundial":91,"Bag of Marbles":70,"Membership Card":70,"Toy Ornithopter":150,"NlothsMask":59}],"Toy Ornithopter":15},"card_choices":[{"not_picked":["Rage","Combust"],"picked":"Cleave","floor":1},{"not_picked":["Iron Wave","Dual Wield"],"picked":"Uppercut","floor":2},{"not_picked":["Pommel Strike","Cleave"],"picked":"Power Through","floor":5},{"not_picked":["Rage","Thunderclap"],"picked":"Shrug It Off","floor":6},{"not_picked":["Cleave","Rage"],"picked":"Disarm","floor":7},{"not_picked":["Rupture","Armaments"],"picked":"Power Through","floor":11},{"not_picked":["Armaments","Shockwave"],"picked":"Iron Wave","floor":13},{"not_picked":["Demon Form","Immolate"],"picked":"Impervious","floor":16},{"not_picked":["Anger","Rage"],"picked":"Shrug It Off","floor":18},{"not_picked":["Perfected Strike","Warcry"],"picked":"Inflame","floor":21},{"not_picked":["Shrug It Off","Infernal Blade"],"picked":"Power Through+1","floor":23},{"not_picked":["Clash","Pummel","Power Through"],"picked":"SKIP","floor":25},{"not_picked":["Cleave","Shockwave"],"picked":"Disarm","floor":29},{"not_picked":["Flex","Wild Strike"],"picked":"Flame Barrier","floor":30},{"not_picked":["Shrug It Off","Second Wind"],"picked":"Armaments+1","floor":31},{"not_picked":["Double Tap","Demon Form"],"picked":"Corruption","floor":33},{"not_picked":[],"picked":"Pommel Strike","floor":35},{"not_picked":[],"picked":"Bandage Up","floor":36},{"not_picked":["Headbutt"],"picked":"SKIP","floor":38},{"not_picked":["Headbutt"],"picked":"SKIP","floor":38},{"not_picked":["Offering"],"picked":"SKIP","floor":40},{"not_picked":[],"picked":"Pommel Strike+1","floor":41},{"not_picked":["Warcry"],"picked":"SKIP","floor":45},{"not_picked":["Perfected Strike"],"picked":"SKIP","floor":47},{"not_picked":["Warcry"],"picked":"SKIP","floor":48}],"player_experience":42331,"relics_obtained":[{"floor":6,"key":"Juzu Bracelet"},{"floor":9,"key":"Mummified Hand"},{"floor":11,"key":"Ice Cream"},{"floor":23,"key":"Pen Nib"},{"floor":29,"key":"Sundial"},{"floor":31,"key":"Whetstone"},{"floor":40,"key":"PreservedInsect"},{"floor":43,"key":"Toy Ornithopter"}],"event_choices":[{"damage_healed":0,"gold_gain":275,"player_choice":"Desecrate","damage_taken":0,"max_hp_gain":0,"max_hp_loss":0,"event_name":"Golden Shrine","floor":3,"gold_loss":0,"cards_obtained":["Regret"]},{"damage_healed":20,"gold_gain":0,"player_choice":"Healed and dodged fight","damage_taken":0,"max_hp_gain":0,"max_hp_loss":0,"event_name":"Mushrooms","floor":10,"gold_loss":0,"cards_obtained":["Parasite"]},{"cards_removed":["Parasite"],"damage_healed":0,"gold_gain":0,"player_choice":"Offered Curse","damage_taken":0,"relics_obtained":["Spirit Poop"],"max_hp_gain":0,"max_hp_loss":0,"event_name":"Bonfire Elementals","floor":12,"gold_loss":0},{"damage_healed":0,"gold_gain":0,"cards_transformed":["Defend_R","Strike_R"],"player_choice":"Became Test Subject","damage_taken":0,"max_hp_gain":0,"max_hp_loss":0,"event_name":"Drug Dealer","floor":19,"gold_loss":0,"cards_obtained":["Impervious","Seeing Red"]},{"damage_healed":0,"gold_gain":0,"player_choice":"Trade","damage_taken":0,"relics_obtained":["NlothsMask"],"max_hp_gain":0,"max_hp_loss":0,"event_name":"FaceTrader","floor":22,"gold_loss":0},{"damage_healed":0,"gold_gain":0,"player_choice":"Memory 3","damage_taken":10,"max_hp_gain":0,"max_hp_loss":0,"event_name":"SensoryStone","floor":36,"gold_loss":0},{"damage_healed":0,"gold_gain":0,"player_choice":"Ignored","damage_taken":0,"max_hp_gain":0,"max_hp_loss":0,"event_name":"Tomb of Lord Red Mask","floor":39,"gold_loss":0}],"is_beta":false,"boss_relics":[{"not_picked":["SacredBark","Coffee Dripper"],"picked":"Empty Cage"},{"not_picked":["Runic Cube","Velvet Choker"],"picked":"Busted Crown"}],"items_purged_floors":[4,14,37],"is_endless":false,"potions_floor_spawned":[1,2,7,11,13,18,25,30,35,41,48],"ascension_level":2}}