{"host":"etdvqcaukayomjhd","time":1610311078,"event":{"mods":["AchievementEnabler","Act Like it!","BaseMod","BetterRewards","Colored Powertips","Hermit","Infinite Spire","Minty Spire (QoL Compilation)","Quick Restart","Replay The Spire","Spicy Shops","StSLib","The Animator","Waifu the Spire"],"gold_per_floor":[116,116,291,38,55,89,99,129,177,187,204,224,224,13,13,116,116,135,148,37,37,37,68,68,68,118,144,144,15,33,33,33,136,136,156,156,0,19,36,36,66,66,89,122,122,122,167,167,167,167,167,167,16,43,43],"floor_reached":56,"playtime":2444,"items_purged":["Doubt","Spreading Infection","Decay"],"score":1159,"play_id":"d6dabb7e-2945-4d84-b30c-890b13d33023","local_time":"20210110213758","is_ascension_mode":true,"campfire_choices":[{"floor":15.0,"key":"REST"},{"data":"Loop","floor":24.0,"key":"SMITH"},{"floor":32.0,"key":"REST"},{"floor":40.0,"key":"RECALL"},{"floor":46.0,"key":"REST"},{"data":"infinitespire:Oblivion","floor":49,"key":"SMITH"},{"data":"Buffer","floor":52,"key":"SMITH"}],"circlet_count":0,"master_deck":["Strike_B+1","Strike_B+1","Strike_B","Strike_B","Defend_B","Defend_B","Defend_B+1","Defend_B","Zap","Dualcast","Steam+1","Ball Lightning","Go for the Eyes","Hologram","Genetic Algorithm","Tempest+1","Rip and Tear+1","Buffer+1","Conserve Battery+1","Melter+1","Seek","Steam","Double Energy+1","Loop+1","Sweeping Beam","Barrage","Panic Button","Amplify","Redo+1","Hologram","Blizzard+1","Pot Of Greed","Pot Of Greed","Pot Of Greed","infinitespire:Oblivion+1","White Noise","Pot Of Greed","Madness","Madness","Redo+1","Compile Driver+1","Reinforced Body"],"relics":["FrozenCore","Whetstone","Cracked Core","animator:Hoodie","CloakClasp","Inserter","infinitespire:Chaos","Philosopher\u0027s Stone","DollysMirror","Simple Rune","Bronze Scales","HornCleat","ReplayTheSpireMod:CursedCoin","DollysMirror","Red Mask","Grinning Jar","Toy Ornithopter","Ring of Hypnosis","infinitespire:CursedDice","Anchor","Bag of Marbles","infinitespire:Lucky Rock"],"acts_visited":["Exordium","TheCity","TheBeyond","TheEnding"],"potions_floor_usage":[],"damage_taken":[{"damage":5.0,"enemies":"Small Slimes","floor":1.0,"turns":3.0},{"damage":0.0,"enemies":"2 Louse","floor":5.0,"turns":3.0},{"damage":26.0,"enemies":"3 Sentries","floor":6.0,"turns":8.0},{"damage":1.0,"enemies":"Jaw Worm","floor":7.0,"turns":3.0},{"damage":0.0,"enemies":"Replay:BlueRogue","floor":8.0,"turns":5.0},{"damage":5.0,"enemies":"Blue Slaver","floor":10.0,"turns":4.0},{"damage":13.0,"enemies":"3 Louse","floor":11.0,"turns":3.0},{"damage":8.0,"enemies":"Lots of Slimes","floor":12.0,"turns":3.0},{"damage":8.0,"enemies":"The Guardian","floor":16.0,"turns":10.0},{"damage":4.0,"enemies":"Shell Parasite","floor":18.0,"turns":4.0},{"damage":0.0,"enemies":"Spheric Guardian","floor":19.0,"turns":1.0},{"damage":22.0,"enemies":"Replay:Snechameleon","floor":23.0,"turns":5.0},{"damage":0.0,"enemies":"Slavers","floor":27.0,"turns":1.0},{"damage":0.0,"enemies":"3 Cultists","floor":30.0,"turns":4.0},{"damage":2.0,"enemies":"Collector","floor":33.0,"turns":9.0},{"damage":3.0,"enemies":"3 Shapes","floor":35.0,"turns":5.0},{"damage":7.0,"enemies":"3 Darklings","floor":38.0,"turns":6.0},{"damage":12.0,"enemies":"Maw","floor":39.0,"turns":9.0},{"damage":0.0,"enemies":"Nightmare","floor":41.0,"turns":1.0},{"damage":0.0,"enemies":"Reptomancer","floor":44.0,"turns":6.0},{"damage":0,"enemies":"2 Orb Walkers","floor":47,"turns":1},{"damage":0,"enemies":"Time Eater","floor":50,"turns":1},{"damage":120,"enemies":"Shield and Spear","floor":54,"turns":10},{"damage":0,"enemies":"The Heart","floor":55,"turns":1}],"seed_played":"5315281294496730708","potions_obtained":[{"floor":1.0,"key":"Ancient Potion"},{"floor":7.0,"key":"Block Potion"},{"floor":8.0,"key":"Elixir"},{"floor":12.0,"key":"SpeedPotion"},{"floor":13.0,"key":"Flashbang"},{"floor":13.0,"key":"Energy Potion"},{"floor":13.0,"key":"ColorlessPotion"},{"floor":16.0,"key":"DistilledChaos"},{"floor":33.0,"key":"EntropicBrew"},{"floor":44.0,"key":"Adrenaline Potion"}],"is_trial":false,"path_per_floor":["M","?","?","$","M","E","M","E","T","M","M","M","?","$","R","B",null,"M","M","$","?","AVR","E","R","$","T","E","?","$","M","?","R","B",null,"M","AVR","?","M","M","R","NM","?","T","E","?","R","?","T","R","B",null,"R","$","E","B",null],"character_chosen":"DEFECT","items_purchased":["Guide Book","Conserve Battery+1","Melter","infinitespire:Chaos","Loop","ReplayTheSpireMod:CursedCoin","DollysMirror","Bag of Marbles"],"campfire_rested":3,"item_purchase_floors":[4,14,14,14,20,29,29,53],"current_hp_per_floor":[70,70,70,70,70,44,43,43,43,38,25,17,17,17,39,31,75,71,74,74,74,74,52,52,52,52,55,40,40,43,43,69,67,89,86,86,86,79,67,67,70,58,58,61,61,89,92,92,92,95,101,101,101,61,64],"gold":43,"neow_bonus":"ONE_RARE_RELIC","is_daily":false,"chose_seed":false,"campfire_upgraded":3,"win_rate":0.0,"timestamp":1610311078,"path_taken":["M","?","?","?","M","E","M","E","T","M","M","?","?","$","R","BOSS","M","M","?","?","AVR","E","R","?","T","E","?","$","M","?","R","BOSS","M","AVR","?","M","M","R","NM","?","T","E","?","R","?","?","R","BOSS","R","$","E","BOSS"],"items_purchased_type":["Relic","Card","Card","Relic","Card","Relic","Relic","Relic"],"build_version":"2020-12-22","purchased_purges":3,"victory":true,"max_hp_per_floor":[75,75,75,75,75,75,75,75,75,75,75,75,75,75,75,75,75,75,78,78,78,78,78,78,78,78,81,86,86,89,89,89,89,89,89,89,89,89,89,89,92,92,92,95,95,95,98,98,98,101,101,101,101,101,104],"card_choices":[{"not_picked":["Time Bomb","BasicCrystalCard"],"picked":"Steam","floor":1.0},{"not_picked":["Double Energy","Leap"],"picked":"Ball Lightning","floor":5.0},{"not_picked":["Sunder","Force Field"],"picked":"Go for the Eyes","floor":6.0},{"not_picked":["Time Bomb","ReplayTheSpireMod:Repulse"],"picked":"Hologram","floor":7.0},{"not_picked":["BootSequence","Reprogram"],"picked":"Genetic Algorithm","floor":8.0},{"not_picked":["Conserve Battery","Beam Cell"],"picked":"Tempest","floor":10.0},{"not_picked":["Reprogram","Undo"],"picked":"Rip and Tear","floor":11.0},{"not_picked":["Steam Power","Sweeping Beam"],"picked":"Buffer","floor":12.0},{"not_picked":["Buffer","Rainbow"],"picked":"Seek","floor":16.0},{"not_picked":["Storm","BasicCrystalCard"],"picked":"Steam","floor":18.0},{"not_picked":["Chaos","Barrage"],"picked":"Double Energy+1","floor":19.0},{"not_picked":["Turbo","Steam"],"picked":"Sweeping Beam","floor":23.0},{"not_picked":["Leap","Genetic Algorithm"],"picked":"Barrage","floor":27.0},{"not_picked":["Fusion","Crystallizer"],"picked":"Panic Button","floor":30.0},{"not_picked":["Creative AI","Buffer"],"picked":"Amplify","floor":33.0},{"not_picked":["ReplaySolidLightProjector","Cold Snap"],"picked":"Redo+1","floor":35.0},{"not_picked":["Rebound+1","Sweeping Beam"],"picked":"Hologram","floor":38.0},{"not_picked":["Cold Snap+1","Rebound+1"],"picked":"Blizzard+1","floor":39.0},{"not_picked":["infinitespire:Starlight","infinitespire:SevenWalls"],"picked":"infinitespire:Oblivion","floor":41.0},{"not_picked":["Steam+1","Melter+1"],"picked":"White Noise","floor":41.0},{"not_picked":["Panic Button","Reinforced Body"],"picked":"Redo+1","floor":44.0},{"not_picked":["Rebound+1","Coolheaded"],"picked":"Compile Driver+1","floor":47},{"not_picked":["BasicCrystalCard","Redo"],"picked":"Reinforced Body","floor":54}],"player_experience":348740,"relics_obtained":[{"floor":6.0,"key":"InkBottle"},{"floor":8.0,"key":"Replay:Rubber Ducky"},{"floor":9.0,"key":"Pen Nib"},{"floor":23.0,"key":"Simple Rune"},{"floor":26.0,"key":"Bronze Scales"},{"floor":27.0,"key":"HornCleat"},{"floor":41.0,"key":"Grinning Jar"},{"floor":44.0,"key":"Toy Ornithopter"},{"floor":45.0,"key":"Ring of Hypnosis"},{"floor":47,"key":"infinitespire:CursedDice"},{"floor":48,"key":"Anchor"},{"floor":54,"key":"infinitespire:Lucky Rock"}],"event_choices":[{"damage_healed":0.0,"max_hp_gain":0.0,"max_hp_loss":0.0,"gold_gain":0.0,"event_name":"The Cleric","player_choice":"Leave","floor":2.0,"gold_loss":0.0,"damage_taken":0.0},{"damage_healed":0.0,"max_hp_gain":0.0,"max_hp_loss":0.0,"gold_gain":175.0,"event_name":"Liars Game","player_choice":"AGREE","floor":3.0,"gold_loss":0.0,"damage_taken":0.0,"cards_obtained":["Doubt"]},{"damage_healed":0.0,"max_hp_gain":0.0,"max_hp_loss":0.0,"gold_gain":0.0,"event_name":"Lab","player_choice":"Got Potions","floor":13.0,"gold_loss":0.0,"damage_taken":0.0},{"damage_healed":0.0,"max_hp_gain":0.0,"max_hp_loss":0.0,"gold_gain":0.0,"event_name":"Vampires","player_choice":"Ignored","floor":21.0,"gold_loss":0.0,"damage_taken":0.0},{"damage_healed":0.0,"max_hp_gain":5.0,"max_hp_loss":0.0,"gold_gain":0.0,"event_name":"Forgotten Altar","player_choice":"Shed Blood","floor":28.0,"gold_loss":0.0,"damage_taken":20.0},{"damage_healed":0.0,"max_hp_gain":0.0,"max_hp_loss":0.0,"gold_gain":0.0,"event_name":"Upgrade Shrine","player_choice":"Upgraded","floor":31.0,"gold_loss":0.0,"damage_taken":0.0,"cards_upgraded":["Tempest"]},{"damage_healed":0.0,"max_hp_gain":0.0,"max_hp_loss":0.0,"gold_gain":0.0,"event_name":"Tomb of Lord Red Mask","player_choice":"Paid","floor":37.0,"gold_loss":156.0,"damage_taken":0.0,"relics_obtained":["Red Mask"]},{"damage_healed":0.0,"max_hp_gain":0.0,"max_hp_loss":0.0,"gold_gain":0.0,"event_name":"Winding Halls","player_choice":"Embrace Madness","floor":42.0,"gold_loss":0.0,"damage_taken":12.0,"cards_obtained":["Madness","Madness"]},{"damage_healed":0,"gold_gain":0,"player_choice":"Fight","damage_taken":0,"max_hp_gain":0,"max_hp_loss":0,"event_name":"Mysterious Sphere","floor":47,"gold_loss":0}],"is_beta":false,"boss_relics":[{"not_picked":["Replay:Ancient Bell","ChewingGum"],"picked":"Philosopher\u0027s Stone"},{"not_picked":["Busted Crown","Ring of Chaos"],"picked":"FrozenCore"}],"items_purged_floors":[4,4,29],"is_endless":false,"potions_floor_spawned":[1,7,8,12,16,18,19,30,33,41,44,54],"ascension_level":1}}