{"host":"y76x98twjnyyxs83","time":1610321828,"event":{"mods":["BaseMod","Colored Powertips","Minty Spire (QoL Compilation)","Permanent Neow","Quick Restart","Rare Cards Sparkle","Relic Stats","StSLib"],"gold_per_floor":[116,116,129,139,214,214,231,231,231],"floor_reached":8,"playtime":233,"items_purged":[],"score":96,"play_id":"b219b7a9-051a-49a9-8c53-10c830a8a22d","local_time":"20210111073708","is_ascension_mode":true,"campfire_choices":[{"data":"EmptyFist","floor":6,"key":"SMITH"}],"circlet_count":0,"master_deck":["AscendersBane","Strike_P","Strike_P","Strike_P","Defend_P","Defend_P","Eruption","Vigilance","EmptyFist+1","SignatureMove"],"relics":["Empty Cage"],"acts_visited":["Exordium"],"potions_floor_usage":[],"damage_taken":[{"damage":2,"enemies":"2 Louse","floor":1,"turns":2},{"damage":6,"enemies":"Jaw Worm","floor":3,"turns":6},{"damage":1,"enemies":"Cultist","floor":4,"turns":4},{"damage":3,"enemies":"Exordium Wildlife","floor":7,"turns":3},{"damage":35,"enemies":"Lagavulin","floor":8,"turns":4}],"seed_played":"-3936031595668898943","potions_obtained":[],"is_trial":false,"path_per_floor":["M","?","M","M","?","R","M","E"],"character_chosen":"WATCHER","items_purchased":[],"campfire_rested":0,"item_purchase_floors":[],"current_hp_per_floor":[59,52,46,45,34,34,31,0,0],"gold":231,"neow_bonus":"BOSS_RELIC","is_daily":false,"chose_seed":false,"campfire_upgraded":1,"win_rate":0.0,"timestamp":1610321828,"path_taken":["M","?","M","M","?","R","M","E"],"items_purchased_type":[],"build_version":"2020-12-22","purchased_purges":0,"victory":false,"max_hp_per_floor":[68,68,68,68,68,68,68,68,68],"relic_stats":{"counters":[5,19],"obtain_stats":[{"PureWater":0,"Empty Cage":0},{"PureWater":0,"Empty Cage":0},{"PureWater":0,"Empty Cage":0}]},"card_choices":[{"not_picked":["ClearTheMind","Protect","WreathOfFlame"],"picked":"SKIP","floor":1},{"not_picked":["EmptyBody","CrushJoints"],"picked":"EmptyFist","floor":3},{"not_picked":["InnerPeace","Study"],"picked":"SignatureMove","floor":4},{"not_picked":["Consecrate","JustLucky","SashWhip"],"picked":"SKIP","floor":7}],"player_experience":1118434,"relics_obtained":[],"event_choices":[{"cards_removed":["Defend_P"],"damage_healed":0,"gold_gain":0,"player_choice":"Card Removal","damage_taken":7,"max_hp_gain":0,"max_hp_loss":0,"event_name":"Golden Wing","floor":2,"gold_loss":0},{"damage_healed":0,"gold_gain":75,"player_choice":"Gather Gold","damage_taken":11,"max_hp_gain":0,"max_hp_loss":0,"event_name":"World of Goop","floor":5,"gold_loss":0}],"is_beta":false,"boss_relics":[],"items_purged_floors":[],"is_endless":false,"potions_floor_spawned":[],"killed_by":"Lagavulin","ascension_level":20}}