{"host":"iajupulv8i19r34s","time":1610246525,"event":{"mods":["BaseMod","Bestiary","Better Altar","Better Match","Better Note","Better Sensory Stone","Better Skull","Better Third Choice","Block Reminder","Curses Come First","Evolution","Hermit","Highlight Path","Minty Spire (QoL Compilation)","Permanent Neow","Random Character Button","Rare Cards Sparkle","Relic Sorter","Relic Stats","StSLib","Synergy Search","The Hierophant","everything is the same but u backflip on backflip","thorton"],"gold_per_floor":[120,144,144,169,7,27,32,32,32],"floor_reached":7,"playtime":229,"items_purged":[],"score":49,"play_id":"c583727a-f0d1-4be7-9f62-7c85082e620e","local_time":"20210109214205","is_ascension_mode":true,"campfire_choices":[],"circlet_count":0,"master_deck":["thethorton:Strike","thethorton:Strike","thethorton:Strike","thethorton:Defend","thethorton:Defend","thethorton:Defend","thethorton:Heckle","thethorton:CreditCard","thethorton:AdministrativeActions","thethorton:YoureFired","thethorton:CallShop","thethorton:Rebalance","thethorton:PowerUp","thethorton:BusinessCard"],"relics":["thethorton:CouragePotion","EVO:Axolotl","Membership Card"],"acts_visited":["Exordium"],"potions_floor_usage":[],"damage_taken":[{"damage":33,"enemies":"Small Slimes","floor":1,"turns":5},{"damage":0,"enemies":"Cultist","floor":2,"turns":3},{"damage":8,"enemies":"Jaw Worm","floor":4,"turns":4},{"damage":11,"enemies":"Blue Slaver","floor":6,"turns":5},{"damage":31,"enemies":"Gremlin Nob","floor":7,"turns":3}],"seed_played":"-3173774415820607807","potions_obtained":[{"floor":4,"key":"EssenceOfSteel"},{"floor":6,"key":"ColorlessPotion"}],"is_trial":false,"path_per_floor":["M","M","?","M","$","M","E"],"character_chosen":"THE_THORT","items_purchased":["Membership Card","thethorton:PowerUp"],"campfire_rested":0,"item_purchase_floors":[5,5],"current_hp_per_floor":[35,35,35,27,27,16,0,0,0],"gold":32,"neow_bonus":"TRANSFORM_TWO_CARDS","is_daily":false,"chose_seed":false,"campfire_upgraded":0,"win_rate":0.0,"timestamp":1610246525,"path_taken":["M","M","?","M","?","M","E"],"items_purchased_type":["Relic","Card"],"build_version":"2020-12-22","purchased_purges":0,"victory":false,"max_hp_per_floor":[68,68,68,68,68,68,68,68,68],"relic_stats":{"counters":[5,20],"obtain_stats":[{"thethorton:CouragePotion":0,"EVO:Axolotl":0,"Membership Card":5},{"thethorton:CouragePotion":0,"EVO:Axolotl":0,"Membership Card":3},{"thethorton:CouragePotion":0,"EVO:Axolotl":0,"Membership Card":12}]},"card_choices":[{"not_picked":["thethorton:BookBash","thethorton:FearfulRun","thethorton:SicklyRun"],"picked":"SKIP","floor":1},{"not_picked":["thethorton:TakeAccounts","thethorton:DualBap"],"picked":"thethorton:CallShop","floor":2},{"not_picked":["thethorton:BookBash","thethorton:AngerMoment"],"picked":"thethorton:Rebalance","floor":4},{"not_picked":["thethorton:GoldBuffer","thethorton:RunningKick"],"picked":"thethorton:BusinessCard","floor":6}],"player_experience":88293,"relics_obtained":[],"event_choices":[{"cards_removed":["Normality","Normality"],"damage_healed":0,"gold_gain":0,"player_choice":"Removed Curses","damage_taken":0,"max_hp_gain":0,"max_hp_loss":0,"event_name":"Fountain of Cleansing","floor":3,"gold_loss":0}],"is_beta":false,"boss_relics":[],"items_purged_floors":[],"is_endless":false,"potions_floor_spawned":[4,6],"killed_by":"Gremlin Nob","ascension_level":3}}