{"host":"vzkpoqyw8ea6g4k2","time":1610249040,"event":{"mods":["AchievementEnabler","BaseMod","Colored Map","Colored Powertips","Lobotomy","Minty Spire (QoL Compilation)","Permanent Neow","Quick Restart","StSLib"],"gold_per_floor":[115,115,129,143,159,159,173,173,173,200,211,221,235,252,252,356,356,366,366,291,306,320,320,180,180,180,212,59,59,76,76,76,76,76],"floor_reached":33,"playtime":1139,"items_purged":[],"score":296,"play_id":"46c84f4a-3884-4f63-bb1a-12de9ccc4726","local_time":"20210110122400","is_ascension_mode":false,"campfire_choices":[{"data":"Carnage","floor":6,"key":"SMITH"},{"data":"Whirlwind","floor":15,"key":"SMITH"},{"floor":25,"key":"REST"},{"floor":29,"key":"REST"},{"floor":32,"key":"REST"}],"circlet_count":0,"master_deck":["Apo_SoulSlash","Apo_Charge","Apo_Charge","Apo_Charge","Apo_Charge","Apo_Beam","Apo_Beam","Apo_Beam","Apo_Execute","Apo_Slash","Apo_Slash","Apo_SoulSlash"],"relics":["Burning Blood","CogitoBucket","InkBottle","Bottled Lightning","Mummified Hand","ChangeAnything","Philosopher\u0027s Stone","AdjustmentMirror","Nilry\u0027s Codex","Toxic Egg 2","Gambling Chip","Sling","ApostleMask"],"acts_visited":["Exordium","TheCity"],"potions_floor_usage":[],"damage_taken":[{"damage":11,"enemies":"Jaw Worm","floor":1,"turns":3},{"damage":0,"enemies":"Small Slimes","floor":3,"turns":3},{"damage":10,"enemies":"Cultist","floor":4,"turns":4},{"damage":9,"enemies":"Large Slime","floor":5,"turns":7},{"damage":38,"enemies":"Blue Slaver","floor":7,"turns":3},{"damage":6,"enemies":"Gremlin Nob","floor":10,"turns":3},{"damage":0,"enemies":"Exordium Thugs","floor":11,"turns":1},{"damage":11,"enemies":"Large Slime","floor":12,"turns":3},{"damage":11,"enemies":"Exordium Wildlife","floor":13,"turns":2},{"damage":0,"enemies":"Gremlin Gang","floor":14,"turns":1},{"damage":28,"enemies":"Hexaghost","floor":16,"turns":7},{"damage":59,"enemies":"Spheric Guardian","floor":18,"turns":4},{"damage":18,"enemies":"Chosen","floor":21,"turns":5},{"damage":1,"enemies":"3 Cultists","floor":22,"turns":3},{"damage":40,"enemies":"Book of Stabbing","floor":27,"turns":4},{"damage":16,"enemies":"Centurion and Healer","floor":30,"turns":3},{"damage":17,"enemies":"Champ","floor":33,"turns":1}],"seed_played":"7426309299550334099","potions_obtained":[{"floor":1,"key":"Dexterity Potion"},{"floor":13,"key":"Dexterity Potion"},{"floor":14,"key":"Ancient Potion"}],"is_trial":false,"path_per_floor":["M","?","M","M","M","R","M","?","T","E","M","M","M","M","R","B",null,"M","?","?","M","M","?","$","R","T","E","$","R","M","M","R","B"],"character_chosen":"IRONCLAD","items_purchased":["Offering","Sling"],"campfire_rested":3,"item_purchase_floors":[24,28],"current_hp_per_floor":[75,72,78,74,71,71,39,39,39,39,45,40,35,41,41,22,80,27,27,27,20,31,15,15,40,40,9,9,34,25,12,12,0,0],"gold":76,"neow_bonus":"","is_daily":false,"chose_seed":false,"campfire_upgraded":2,"win_rate":0.0,"timestamp":1610249040,"path_taken":["M","?","M","M","M","R","M","?","T","E","?","M","M","M","R","BOSS","M","?","?","?","M","?","?","R","T","E","$","R","M","M","R","BOSS"],"items_purchased_type":["Card","Relic"],"build_version":"2020-12-22","purchased_purges":0,"victory":false,"max_hp_per_floor":[80,80,80,80,80,80,80,80,80,80,80,80,80,80,80,80,80,80,80,80,83,86,86,86,86,86,86,86,86,86,86,86,86,86],"card_choices":[{"not_picked":["Wellcheers","UniverseFragment"],"picked":"CrumblingArmor","floor":1},{"not_picked":["Flex","Dual Wield"],"picked":"Sword Boomerang","floor":1},{"not_picked":["SpiderBud","FieryBird"],"picked":"UniverseFragment","floor":3},{"not_picked":["Double Tap","Rage"],"picked":"Iron Wave","floor":3},{"not_picked":["HeroicMonk","DreamingCurrent"],"picked":"CherryBlossoms","floor":4},{"not_picked":["Iron Wave","Twin Strike"],"picked":"Sword Boomerang","floor":4},{"not_picked":["BeautyBeast","ShyLook"],"picked":"Scorched","floor":5},{"not_picked":["Shrug It Off","Battle Trance"],"picked":"Carnage","floor":5},{"not_picked":["OldLady","WallGazer"],"picked":"BeautyBeast","floor":7},{"not_picked":["Clothesline","Anger"],"picked":"Pummel","floor":7},{"not_picked":["OldLady","RedShoes"],"picked":"SingingMachine","floor":10},{"not_picked":["Rage","Dual Wield"],"picked":"Pommel Strike","floor":10},{"not_picked":["BlackSwan","WhitesApple"],"picked":"Wellcheers","floor":11},{"not_picked":["Clothesline","Uppercut","Iron Wave"],"picked":"SKIP","floor":11},{"not_picked":["PunishingBird","ShyLook"],"picked":"Murderer","floor":12},{"not_picked":["Iron Wave","Warcry"],"picked":"Pommel Strike","floor":12},{"not_picked":["WallGazer","DreamingCurrent"],"picked":"FairyFestival","floor":13},{"not_picked":["Cleave","Clothesline"],"picked":"Heavy Blade","floor":13},{"not_picked":["WhitesApple","PunishingBird"],"picked":"RedShoes","floor":14},{"not_picked":["Armaments","Heavy Blade"],"picked":"Whirlwind","floor":14},{"not_picked":["WallGazer","ShyLook"],"picked":"OSAHOGD","floor":16},{"not_picked":["Reaper","Double Tap"],"picked":"Feed","floor":16},{"not_picked":["WallGazer","Laetitia"],"picked":"PlagueDoctor","floor":18},{"not_picked":["Entrench","Bloodletting+1"],"picked":"Sword Boomerang","floor":18},{"not_picked":["PunishingBird","SpiderBud"],"picked":"BigBird","floor":21},{"not_picked":["Pummel","Headbutt+1"],"picked":"Shrug It Off+1","floor":21},{"not_picked":["SpiderBud","OldLady"],"picked":"WallGazer","floor":22},{"not_picked":["Warcry","Anger"],"picked":"Metallicize","floor":22},{"not_picked":["Bloodbath","NothingThere"],"picked":"MHz","floor":27},{"not_picked":["Entrench+1","Blood for Blood"],"picked":"Battle Trance+1","floor":27},{"not_picked":["Variant","Funeral"],"picked":"NakedNest","floor":30},{"not_picked":["Sword Boomerang","Clothesline"],"picked":"Flex+1","floor":30}],"player_experience":16482,"relics_obtained":[{"floor":9,"key":"Bottled Lightning"},{"floor":10,"key":"Mummified Hand"},{"floor":23,"key":"Nilry\u0027s Codex"},{"floor":26,"key":"Toxic Egg 2"},{"floor":27,"key":"Gambling Chip"}],"event_choices":[{"damage_healed":0,"gold_gain":0,"player_choice":"Success","damage_taken":3,"relics_obtained":["InkBottle"],"max_hp_gain":0,"max_hp_loss":0,"event_name":"Scrap Ooze","floor":2,"gold_loss":0},{"damage_healed":0,"gold_gain":0,"player_choice":"Bought 0 Potions","damage_taken":0,"max_hp_gain":0,"max_hp_loss":0,"event_name":"The Woman in Blue","floor":8,"gold_loss":0},{"damage_healed":0,"gold_gain":0,"player_choice":"Simplicity","damage_taken":0,"max_hp_gain":0,"max_hp_loss":0,"event_name":"Back to Basics","floor":19,"gold_loss":0,"cards_upgraded":["Strike_R","Strike_R","Strike_R","Strike_R","Strike_R","Defend_R","Defend_R","Defend_R","Defend_R"]},{"cards_removed":["Defend_R"],"damage_healed":0,"gold_gain":0,"player_choice":"Gave Gold","damage_taken":0,"max_hp_gain":0,"max_hp_loss":0,"event_name":"Beggar","floor":20,"gold_loss":75},{"damage_healed":0,"gold_gain":0,"player_choice":"Obtained Book","damage_taken":16,"max_hp_gain":0,"max_hp_loss":0,"event_name":"Cursed Tome","floor":23,"gold_loss":0}],"is_beta":false,"boss_relics":[{"not_picked":["Runic Cube","Calling Bell"],"picked":"Philosopher\u0027s Stone"}],"items_purged_floors":[],"is_endless":false,"potions_floor_spawned":[1,13,14,16,27],"killed_by":"Champ","ascension_level":0}}