{"host":"poshtwjux72eqzmy","time":1610246303,"event":{"mods":["BaseMod","Bestiary","Block Reminder","Downfall","Highlight Path","Minty Spire (QoL Compilation)","Relic Stats","StSLib","ojb\u0027s Info Mod"],"gold_per_floor":[99,99,99,50,50,85,85,10,37,37,37,37,37,49,66,162,162,87,97,197,215,43,68,68,84,9,37,49,69,84,413,426,522,522,522,533,544,561,228,228,228,253,263,34,34,64,84,134,152,152,152,184,12,12,12],"floor_reached":56,"playtime":6147,"items_purged":["Pain","Regret"],"score":1400,"play_id":"73804e92-4234-4000-b51a-9ef06779ad5a","local_time":"20210110043823","is_ascension_mode":false,"campfire_choices":[{"floor":1,"key":"RECALL"},{"data":"Slimebound:RollThrough","floor":8,"key":"SMITH"},{"data":"Slimebound:RejuvenatingLick","floor":12,"key":"SMITH"},{"data":"Slimebound:RejuvenatingLick","floor":18,"key":"SMITH"},{"floor":26,"key":"REST"},{"data":"Slimebound:Dissolve","floor":35,"key":"SMITH"},{"data":"Slimebound:SelfFormingGoo","floor":54,"key":"SMITH"}],"circlet_count":0,"master_deck":["Slimebound:Strike_Slimebound+1","Slimebound:Strike_Slimebound","Slimebound:Strike_Slimebound","Slimebound:Tackle","Slimebound:Defend_Slimebound","Slimebound:Defend_Slimebound","Slimebound:Defend_Slimebound","Slimebound:Defend_Slimebound+1","Slimebound:Split+1","Slimebound:CorrosiveSpit","Slimebound:RollThrough+1","Slimebound:FinishingTackle","Slimebound:Dissolve+1","Slimebound:Overexert","Slimebound:RejuvenatingLick+1","Slimebound:RejuvenatingLick+1","Slimebound:SlimeSpikes","Slimebound:MassFeed","Slimebound:ComboTackle+1","Slimebound:Equalize","Slimebound:LeechingTouch+1","Slimebound:RejuvenatingLick+1","Slimebound:OneTwoCombo","Slimebound:SplitMire+1","Slimebound:Nibble","Slimebound:WasteNot","Slimebound:Equalize+1","Slimebound:Darklings","Slimebound:Gluttony","Slimebound:RainOfGoop+1","Slimebound:RejuvenatingLick+1","Master of Strategy+1","expansioncontent:YouAreMine+1","expansioncontent:Flail","Slimebound:SelfFormingGoo+1","Slimebound:Schlurp+1","Slimebound:Replication+1","Slimebound:BestDefense"],"relics":["Slimebound:AbsorbEndCombat","downfall:HeartsMalice","WarpedTongs","Ice Cream","downfall:HeartBlessingRed","Bottled Flame","SlaversCollar","downfall:HeartBlessingGreen","Slimebound:AggressiveSlimeRelic","Nunchaku","Calipers","downfall:HeartBlessingBlue","Anchor","Old Coin","Busted Crown","Pen Nib","Toxic Egg 2","Membership Card","Pantograph","StrikeDummy","PreservedInsect","Prayer Wheel","TungstenRod","OrangePellets"],"acts_visited":["Exordium","TheCity","TheBeyond","TheEnding"],"potions_floor_usage":[16,16,19,25,27,33,46,55,55],"damage_taken":[{"damage":0,"enemies":"Jaw Worm","floor":3,"turns":1},{"damage":0,"enemies":"downfall:FleeingMerchant","floor":4,"turns":1},{"damage":0,"enemies":"Lagavulin","floor":6,"turns":1},{"damage":36,"enemies":"Gremlin Nob","floor":9,"turns":4},{"damage":0,"enemies":"Cultist","floor":11,"turns":1},{"damage":23,"enemies":"Small Slimes","floor":14,"turns":3},{"damage":15,"enemies":"Exordium Thugs","floor":15,"turns":3},{"damage":49,"enemies":"downfall:Ironclad","floor":16,"turns":6},{"damage":16,"enemies":"Chosen","floor":19,"turns":5},{"damage":40,"enemies":"Snecko","floor":21,"turns":8},{"damage":22,"enemies":"downfall:FleeingMerchant","floor":22,"turns":4},{"damage":49,"enemies":"Book of Stabbing","floor":23,"turns":5},{"damage":15,"enemies":"Centurion and Healer","floor":25,"turns":6},{"damage":44,"enemies":"Gremlin Leader","floor":27,"turns":6},{"damage":35,"enemies":"Snake Plant","floor":28,"turns":5},{"damage":19,"enemies":"Sentry and Sphere","floor":29,"turns":4},{"damage":19,"enemies":"Centurion and Healer","floor":30,"turns":4},{"damage":46,"enemies":"Book of Stabbing","floor":31,"turns":4},{"damage":42,"enemies":"Chosen and Byrds","floor":32,"turns":5},{"damage":49,"enemies":"downfall:Defect","floor":33,"turns":7},{"damage":14,"enemies":"3 Shapes","floor":36,"turns":3},{"damage":35,"enemies":"3 Darklings","floor":37,"turns":3},{"damage":31,"enemies":"Transient","floor":38,"turns":5},{"damage":53,"enemies":"Nemesis","floor":42,"turns":4},{"damage":43,"enemies":"Jaw Worm Horde","floor":43,"turns":3},{"damage":44,"enemies":"downfall:FleeingMerchant","floor":44,"turns":4},{"damage":44,"enemies":"Giant Head","floor":46,"turns":5},{"damage":19,"enemies":"4 Shapes","floor":47,"turns":2},{"damage":4,"enemies":"Mind Bloom Boss Battle","floor":48,"turns":2},{"damage":39,"enemies":"Maw","floor":49,"turns":4},{"damage":89,"enemies":"downfall:Silent","floor":50,"turns":5},{"damage":75,"enemies":"downfall:CharBossMerchant","floor":52,"turns":5},{"damage":118,"enemies":"downfall:NeowBoss","floor":55,"turns":24}],"seed_played":"-4790014703074065122","potions_obtained":[{"floor":6,"key":"DistilledChaos"},{"floor":14,"key":"champ:CounterPotion"},{"floor":16,"key":"Slimebound:SlimedPotion"},{"floor":23,"key":"Regen Potion"},{"floor":25,"key":"Fruit Juice"},{"floor":28,"key":"Slimebound:SlimyTonguePotion"},{"floor":29,"key":"Regen Potion"},{"floor":33,"key":"Slimebound:SpawnSlimePotion"},{"floor":43,"key":"Fruit Juice"},{"floor":46,"key":"champ:CounterPotion"}],"is_trial":false,"path_per_floor":["R","?","M","$","?","E","T","R","E","?","M","R","?","M","M","B",null,"R","M","?","M","$","E","T","M","R","E","M","M","M","E","M","B",null,"R","M","M","M","?","?","T","E","M","$","?","E","M","?","M","B",null,"E","$","R","B",null],"character_chosen":"SLIMEBOUND","items_purchased":["Swift Potion","Slimebound:AggressiveSlimeRelic","Membership Card","Slimebound:RejuvenatingLick+1","Master of Strategy+1","Pantograph","StrikeDummy","OrangePellets","Slimebound:BestDefense","FearPotion"],"campfire_rested":1,"item_purchase_floors":[4,22,44,44,44,44,44,53,53,53],"current_hp_per_floor":[60,60,60,60,60,60,60,60,34,34,34,34,60,45,40,9,60,60,61,61,39,39,15,15,18,53,60,47,57,66,48,50,48,100,100,100,85,93,117,117,117,106,89,118,108,121,132,140,135,113,140,105,105,105,110],"gold":12,"neow_bonus":"THREE_ENEMY_KILL","is_daily":false,"chose_seed":false,"campfire_upgraded":5,"win_rate":0.0,"timestamp":1610246303,"path_taken":["R","?","M","?","?","E","T","R","E","?","M","R","?","M","M","BOSS","R","M","?","?","$","E","T","M","R","E","M","M","M","E","M","BOSS","R","M","M","M","?","?","T","E","M","$","?","E","M","?","M","BOSS","E","$","R","BOSS"],"items_purchased_type":["Potion","Relic","Relic","Card","Card","Relic","Relic","Relic","Card","Potion"],"build_version":"2020-12-22","purchased_purges":2,"victory":true,"max_hp_per_floor":[60,60,60,60,60,60,60,60,60,60,60,60,60,60,60,60,60,60,63,63,67,67,70,70,74,84,88,88,91,91,91,91,100,100,100,100,104,104,117,117,117,117,117,120,120,125,137,140,140,140,140,140,140,140,140],"relic_stats":{"OrangePellets":[5],"Nunchaku":[28],"Busted Crown":36,"counters":[33,147],"Pantograph":35,"Prayer Wheel":1,"Pen Nib":[16],"PreservedInsect":100,"obtain_stats":[{"Ice Cream":6,"Calipers":24,"downfall:HeartBlessingGreen":18,"Old Coin":31,"Nunchaku":23,"downfall:BrokenWingStatue":10,"downfall:HeartBlessingBlue":26,"Pantograph":44,"Prayer Wheel":48,"Toxic Egg 2":42,"Slimebound:AggressiveSlimeRelic":22,"downfall:HeartBlessingRed":8,"downfall:HeartsMalice":0,"Pen Nib":41,"PreservedInsect":46,"WarpedTongs":2,"SlaversCollar":17,"OrangePellets":53,"Bottled Flame":9,"Anchor":27,"Busted Crown":34,"Slimebound:AbsorbEndCombat":0,"Membership Card":44,"StrikeDummy":44,"TungstenRod":52},{"Ice Cream":3,"Calipers":12,"downfall:HeartBlessingGreen":8,"Old Coin":18,"Nunchaku":12,"downfall:BrokenWingStatue":4,"downfall:HeartBlessingBlue":13,"Pantograph":26,"Prayer Wheel":29,"Toxic Egg 2":24,"Slimebound:AggressiveSlimeRelic":11,"downfall:HeartBlessingRed":3,"downfall:HeartsMalice":0,"Pen Nib":23,"PreservedInsect":27,"WarpedTongs":0,"SlaversCollar":8,"OrangePellets":32,"Bottled Flame":4,"Anchor":14,"Busted Crown":20,"Slimebound:AbsorbEndCombat":0,"Membership Card":26,"StrikeDummy":26,"TungstenRod":32},{"Ice Cream":0,"Calipers":38,"downfall:HeartBlessingGreen":16,"Old Coin":66,"Nunchaku":38,"downfall:BrokenWingStatue":4,"downfall:HeartBlessingBlue":44,"Pantograph":100,"Prayer Wheel":109,"Toxic Egg 2":93,"Slimebound:AggressiveSlimeRelic":33,"downfall:HeartBlessingRed":0,"downfall:HeartsMalice":0,"Pen Nib":89,"PreservedInsect":105,"WarpedTongs":0,"SlaversCollar":16,"OrangePellets":123,"Bottled Flame":4,"Anchor":50,"Busted Crown":78,"Slimebound:AbsorbEndCombat":0,"Membership Card":100,"StrikeDummy":100,"TungstenRod":123}],"TungstenRod":20,"WarpedTongs":[138]},"card_choices":[{"not_picked":["Slimebound:SplitLeeching","Slimebound:FinishingTackle"],"picked":"Slimebound:RollThrough","floor":3},{"not_picked":["Slimebound:SplitLeeching","Slimebound:PressTheAttack"],"picked":"Slimebound:FinishingTackle","floor":4},{"not_picked":["Slimebound:PressTheAttack","Slimebound:SplitAcid"],"picked":"Slimebound:Dissolve","floor":6},{"not_picked":["Slimebound:SplitAcid","Slimebound:RollThrough"],"picked":"Slimebound:Overexert","floor":9},{"not_picked":["Slimebound:SplitMire","Slimebound:SamplingLick"],"picked":"Slimebound:RejuvenatingLick","floor":11},{"not_picked":["Slimebound:SplitBruiser","Slimebound:FinishingTackle"],"picked":"Slimebound:RejuvenatingLick","floor":14},{"not_picked":["Slimebound:ViciousTackle","Slimebound:Overexert"],"picked":"Slimebound:SlimeSpikes","floor":15},{"not_picked":["Slimebound:Teamwork","Slimebound:MassRepurpose"],"picked":"Slimebound:MassFeed","floor":16},{"not_picked":["Slimebound:SlimeSpikes+1","Slimebound:SplitMire+1"],"picked":"Slimebound:ComboTackle+1","floor":19},{"not_picked":["Slimebound:FinishingTackle","Slimebound:SplitAcid"],"picked":"Slimebound:Equalize","floor":21},{"not_picked":["Slimebound:LeechingTouch","Slimebound:RollThrough","Slimebound:ForwardTackle"],"picked":"SKIP","floor":22},{"not_picked":["Slimebound:SplitBruiser","Slimebound:SplitLeeching"],"picked":"Slimebound:LeechingTouch+1","floor":23},{"not_picked":["Slimebound:SlimeTap","Slimebound:SpikyOuterGoop+1"],"picked":"Slimebound:RejuvenatingLick+1","floor":25},{"not_picked":["Slimebound:SplitAcid","Slimebound:MegaLick","Slimebound:SplitMire"],"picked":"SKIP","floor":27},{"not_picked":["Slimebound:Schlurp","Slimebound:ComboTackle","Slimebound:Replication"],"picked":"SKIP","floor":28},{"not_picked":["Slimebound:RainOfGoop","Slimebound:Nibble"],"picked":"Slimebound:OneTwoCombo","floor":29},{"not_picked":["Slimebound:Dissolve","Slimebound:GoopSpray"],"picked":"Slimebound:SplitMire+1","floor":30},{"not_picked":["Slimebound:FlameTackle","Slimebound:LeechEnergy"],"picked":"Slimebound:Nibble","floor":31},{"not_picked":["Slimebound:TongueLash","Slimebound:SplitAcid","Slimebound:GrowthPunch"],"picked":"SKIP","floor":32},{"not_picked":["Slimebound:SlimeSlap","Slimebound:OneTwoCombo"],"picked":"Slimebound:WasteNot","floor":33},{"not_picked":[],"picked":"Slimebound:Equalize+1","floor":36},{"not_picked":["Slimebound:Schlurp"],"picked":"SKIP","floor":37},{"not_picked":["Slimebound:RainOfGoop"],"picked":"SKIP","floor":38},{"not_picked":["Slimebound:FinishingTackle"],"picked":"SKIP","floor":42},{"not_picked":[],"picked":"Slimebound:Gluttony","floor":43},{"not_picked":[],"picked":"Slimebound:RainOfGoop+1","floor":44},{"not_picked":[],"picked":"expansioncontent:YouAreMine+1","floor":45},{"not_picked":[],"picked":"expansioncontent:Flail","floor":45},{"not_picked":[],"picked":"Slimebound:SelfFormingGoo","floor":46},{"not_picked":[],"picked":"Slimebound:Schlurp+1","floor":47},{"not_picked":[],"picked":"Slimebound:Replication+1","floor":48},{"not_picked":["Slimebound:SplitAcid+1"],"picked":"SKIP","floor":49},{"not_picked":["Slimebound:Chomp"],"picked":"SKIP","floor":49},{"not_picked":["Slimebound:RollThrough+1"],"picked":"SKIP","floor":52}],"player_experience":1056657,"relics_obtained":[{"floor":6,"key":"Ice Cream"},{"floor":9,"key":"Bottled Flame"},{"floor":23,"key":"Nunchaku"},{"floor":24,"key":"Calipers"},{"floor":27,"key":"Anchor"},{"floor":31,"key":"Old Coin"},{"floor":41,"key":"Pen Nib"},{"floor":42,"key":"Toxic Egg 2"},{"floor":46,"key":"PreservedInsect"},{"floor":48,"key":"Prayer Wheel"},{"floor":52,"key":"TungstenRod"}],"event_choices":[{"damage_healed":0,"gold_gain":0,"player_choice":"Rummage","damage_taken":0,"relics_obtained":["WarpedTongs"],"max_hp_gain":0,"max_hp_loss":0,"event_name":"Accursed Blacksmith","floor":2,"gold_loss":0,"cards_obtained":["Pain"]},{"damage_healed":26,"gold_gain":0,"player_choice":"Full Heal","damage_taken":0,"max_hp_gain":0,"max_hp_loss":0,"event_name":"Wheel of Change","floor":13,"gold_loss":0}],"is_beta":false,"boss_relics":[{"not_picked":["Tiny House","Runic Dome"],"picked":"SlaversCollar"},{"not_picked":["Runic Pyramid","Calling Bell"],"picked":"Busted Crown"}],"items_purged_floors":[44,53],"is_endless":false,"potions_floor_spawned":[6,14,16,23,25,28,29,30,33,43,46,49,52],"ascension_level":0}}