{"host":"qyj10gxn865bn2jn","time":1610255545,"event":{"mods":["Act Like it!","BaseMod","Better-Laid Plans","Challenge The Spire","Hallownest","Lobotomy","Minty Spire (QoL Compilation)","Permanent Neow","Quick Restart","Relic Stats","Shop Mod","Spicy Shops","StSLib","SuperFastMode","TestMod","The Bug Knight","óô»ðÖ¸ÄÏ"],"gold_per_floor":[112,112,112,129,148,148,148],"floor_reached":6,"playtime":674,"items_purged":[],"score":36,"play_id":"6b454340-8020-4942-b5e1-f4b0b86b06e7","local_time":"20210110131225","is_ascension_mode":false,"campfire_choices":[],"circlet_count":0,"master_deck":["HollowMod:NailStrikeStart","HollowMod:NailStrikeStart","HollowMod:NailStrikeStart","HollowMod:NailStrikeStart","HollowMod:QuickDashStart","HollowMod:QuickDashStart","HollowMod:QuickDashStart","HollowMod:FocusHealStart","HollowMod:PogoStrike","BeautyBeast","HollowMod:GrimmsGift","Scorched","HollowMod:VengefulVoid","WhitesApple","HollowMod:FastStrike"],"relics":["HollowMod:VesselMask","testmod-TestBox","CogitoBucket"],"acts_visited":["Exordium"],"potions_floor_usage":[],"damage_taken":[{"damage":1,"enemies":"Jaw Worm","floor":1,"turns":3},{"damage":0,"enemies":"2 Louse","floor":4,"turns":3},{"damage":38,"enemies":"Small Slimes","floor":5,"turns":4},{"damage":54,"enemies":"Lagavulin","floor":6,"turns":4}],"seed_played":"8472258785424973944","potions_obtained":[{"floor":1,"key":"DuplicationPotion"}],"is_trial":false,"path_per_floor":["M","?","?","M","M","E"],"character_chosen":"THE_BUGKNIGHT","items_purchased":[],"campfire_rested":0,"item_purchase_floors":[],"current_hp_per_floor":[74,67,67,73,41,0,0],"gold":148,"neow_bonus":"","is_daily":false,"chose_seed":false,"campfire_upgraded":0,"win_rate":0.0,"timestamp":1610255545,"path_taken":["M","?","?","M","M","E"],"items_purchased_type":[],"build_version":"2020-12-22","purchased_purges":0,"victory":false,"max_hp_per_floor":[75,75,75,75,75,75,75],"relic_stats":{"counters":[4,14],"obtain_stats":[{"CogitoBucket":0,"testmod-TestBox":0,"HollowMod:VesselMask":0,"Juzu Bracelet":3},{"CogitoBucket":0,"testmod-TestBox":0,"HollowMod:VesselMask":0,"Juzu Bracelet":1},{"CogitoBucket":0,"testmod-TestBox":0,"HollowMod:VesselMask":0,"Juzu Bracelet":3}]},"card_choices":[{"not_picked":["UniverseFragment","Scorched"],"picked":"BeautyBeast","floor":1},{"not_picked":["HollowMod:InfectionAssault","HollowMod:ShadowDash"],"picked":"HollowMod:GrimmsGift","floor":1},{"not_picked":["UniverseFragment","MeatLantern"],"picked":"Scorched","floor":4},{"not_picked":["HollowMod:WraithStrike","HollowMod:HornetsHelp"],"picked":"HollowMod:VengefulVoid","floor":4},{"not_picked":["ShyLook","Porccubus"],"picked":"WhitesApple","floor":5},{"not_picked":["HollowMod:InfectedAttack","HollowMod:CornifersMapStart"],"picked":"HollowMod:FastStrike","floor":5}],"player_experience":54373,"relics_obtained":[],"event_choices":[{"cards_removed":["HollowMod:QuickDashStart"],"damage_healed":0,"gold_gain":0,"player_choice":"Card Removal","damage_taken":7,"max_hp_gain":0,"max_hp_loss":0,"event_name":"Golden Wing","floor":2,"gold_loss":0},{"damage_healed":0,"gold_gain":0,"player_choice":"Swap Relic","damage_taken":0,"relics_obtained":["Juzu Bracelet"],"max_hp_gain":0,"max_hp_loss":0,"event_name":"Box For Yourself","floor":3,"relics_lost":["Juzu Bracelet"],"gold_loss":0}],"is_beta":false,"boss_relics":[],"items_purged_floors":[],"is_endless":false,"potions_floor_spawned":[1],"killed_by":"Lagavulin","ascension_level":0}}