{"host":"4id8injl4bo2b6ih","time":1610281321,"event":{"mods":["Act Like it!","BaseMod","Better Third Choice","Colored Map","Downfall","Ekko","Friendly Minions","Highlight Path","Ironclad Rager","Minty Spire (QoL Compilation)","Relic Stats","Robot Space Explorer","Shade Mod","Shop Mod","Spicy Shops","StSLib","The Bug Knight"],"gold_per_floor":[99,119,134,154,329,347,370,380,393,405,422,347,361,378,393,489,489,489,507,518,538,555,555,555,581,581,681,681,66,77,62,82,186,186,186,206,222,271,288,322,334,346,358,358],"floor_reached":43,"playtime":3658,"items_purged":["Doubt"],"score":505,"play_id":"04eb70b4-022a-4d09-a8ba-69c0e9b96777","local_time":"20210110132201","is_ascension_mode":false,"campfire_choices":[{"floor":1.0,"key":"RECALL"},{"data":"Shade:GreaterAnimation","floor":12.0,"key":"SMITH"},{"data":"Shade:SkeletonArmy","floor":18,"key":"SMITH"},{"data":"Shade:Brains","floor":23,"key":"SMITH"},{"floor":28,"key":"REST"},{"data":"Shade:OfferingToTheBeyond","floor":35,"key":"SMITH"}],"circlet_count":0,"master_deck":["Shade:Strike_Shade","Shade:Strike_Shade","Shade:Strike_Shade","Shade:Strike_Shade","Shade:Defend_Shade","Shade:Defend_Shade","Shade:Defend_Shade","Shade:Defend_Shade","Shade:AnimateDead","Shade:CarefulCut","Shade:WallOfFlesh","Shade:SpectralStrikes","Shade:StitchTogether","Shade:Coordination","Shade:SkeletonArmy+1","Shade:GreaterAnimation+1","Shade:OpenGraves","Shade:Awaken","Shade:Brains+1","Shade:OfferingToTheBeyond+1","Shade:AblativeArmor","Shade:LyeBath+1","Shade:CommandSoldier+1","Shade:CommandSoldier+1","Shade:OpenGraves+1","Shade:AncientSpear+1","Shade:PressTheAttack+1","Shade:TouchOfTheGrave+1","Shade:Carnophage","Shade:Carnophage+1","Shade:StitchTogether+1","Shade:OpenGraves","Shade:OpenGraves","Shade:FuneraryArmor+1","Pain"],"relics":["Shade:YorickPolishedSkull","Dream Catcher","downfall:HeartBlessingRed","sneckomod:SneckoTalon","Meat on the Bone","Anchor","Pocketwatch","InkBottle","TheAbacus","Turnip","Nunchaku","Shovel","MawBank","Question Card","WarpedTongs"],"acts_visited":["Exordium","TheCity","TheBeyond"],"potions_floor_usage":[15,15,16,27,33,38,40,40],"damage_taken":[{"damage":0.0,"enemies":"Small Slimes","floor":2.0,"turns":2.0},{"damage":0.0,"enemies":"2 Louse","floor":3.0,"turns":3.0},{"damage":2.0,"enemies":"Jaw Worm","floor":4.0,"turns":4.0},{"damage":2.0,"enemies":"Blue Slaver","floor":6.0,"turns":6.0},{"damage":4.0,"enemies":"Red Slaver","floor":8.0,"turns":5.0},{"damage":2.0,"enemies":"Lots of Slimes","floor":9.0,"turns":3.0},{"damage":7.0,"enemies":"2 Fungi Beasts","floor":10.0,"turns":5.0},{"damage":4.0,"enemies":"Large Slime","floor":11.0,"turns":7.0},{"damage":8,"enemies":"Exordium Thugs","floor":13,"turns":6},{"damage":0,"enemies":"Blue Slaver","floor":14,"turns":5},{"damage":6,"enemies":"Lots of Slimes","floor":15,"turns":3},{"damage":39,"enemies":"downfall:Ironclad","floor":16,"turns":13},{"damage":4,"enemies":"Spheric Guardian","floor":19,"turns":6},{"damage":0,"enemies":"Chosen","floor":20,"turns":4},{"damage":14,"enemies":"Snecko","floor":21,"turns":5},{"damage":8,"enemies":"Centurion and Healer","floor":22,"turns":3},{"damage":29,"enemies":"Gremlin Leader","floor":25,"turns":7},{"damage":9,"enemies":"downfall:Defect","floor":27,"turns":6},{"damage":1,"enemies":"downfall:FleeingMerchant","floor":29,"turns":4},{"damage":5,"enemies":"Snake Plant","floor":30,"turns":3},{"damage":10,"enemies":"downfall:FleeingMerchant","floor":31,"turns":4},{"damage":7,"enemies":"Snecko","floor":32,"turns":5},{"damage":31,"enemies":"downfall:Silent","floor":33,"turns":7},{"damage":0,"enemies":"Orb Walker","floor":36,"turns":2},{"damage":7,"enemies":"3 Darklings","floor":37,"turns":3},{"damage":19,"enemies":"2 Orb Walkers","floor":38,"turns":4},{"damage":2,"enemies":"Maw","floor":39,"turns":7},{"damage":52,"enemies":"Giant Head","floor":40,"turns":8},{"damage":21,"enemies":"Sphere and 2 Shapes","floor":43,"turns":3}],"seed_played":"-3247153403212065308","potions_obtained":[{"floor":4.0,"key":"PowerPotion"},{"floor":6.0,"key":"Dexterity Potion"},{"floor":9.0,"key":"Energy Potion"},{"floor":13,"key":"SteroidPotion"},{"floor":15,"key":"Swift Potion"},{"floor":21,"key":"Energy Potion"},{"floor":25,"key":"LiquidMemories"},{"floor":26,"key":"CultistPotion"},{"floor":30,"key":"FairyPotion"},{"floor":33,"key":"EntropicBrew"},{"floor":37,"key":"Energy Potion"},{"floor":40,"key":"Weak Potion"}],"is_trial":false,"path_per_floor":["R","M","M","M","?","M","T","M","M","M","M","R","M","M","M","B",null,"R","M","M","M","M","R","T","E","?","?","R","$","M","$","M","B",null,"R","M","M","?","M","E","T","?","M"],"character_chosen":"SHADE","items_purchased":["TheAbacus","Turnip","Nunchaku"],"campfire_rested":1,"item_purchase_floors":[29,29,29],"current_hp_per_floor":[71,71,71,69,69,67,67,63,61,61,64,64,63,63,64,32,71,71,67,67,60,52,52,52,35,35,45,66,65,60,50,43,24,71,71,71,64,55,53,13,13,13,0,0],"gold":358,"neow_bonus":"TEN_PERCENT_HP_BONUS","is_daily":false,"chose_seed":false,"campfire_upgraded":4,"win_rate":0.0,"timestamp":1610281321,"path_taken":["R","M","M","M","?","M","T","M","M","M","M","R","M","M","M","BOSS","R","M","M","M","M","R","T","E","?","?","R","?","M","$","M","BOSS","R","M","M","?","M","E","T","?","M"],"items_purchased_type":["Relic","Relic","Relic"],"build_version":"2020-12-22","purchased_purges":1,"victory":false,"max_hp_per_floor":[71,71,71,71,71,71,71,71,71,71,71,71,71,71,71,71,71,71,71,71,71,71,71,71,71,71,71,71,71,71,71,71,71,71,71,71,71,71,71,71,71,71,71,71],"relic_stats":{"counters":[29,143],"MawBank":36,"Question Card":0,"WarpedTongs":[3],"Dream Catcher":1,"Nunchaku":[3],"TheAbacus":[36],"Shovel":0,"Turnip":[10],"obtain_stats":[{"downfall:HeartBlessingRed":12,"Shade:YorickSkull":0,"Shade:YorickPolishedSkull":34,"sneckomod:SneckoTalon":17,"MawBank":40,"Question Card":41,"WarpedTongs":42,"Dream Catcher":7,"Anchor":25,"Nunchaku":29,"TheAbacus":29,"Shovel":38,"Turnip":29,"InkBottle":27,"Meat on the Bone":24,"Pocketwatch":27},{"downfall:HeartBlessingRed":8,"Shade:YorickSkull":0,"Shade:YorickPolishedSkull":23,"sneckomod:SneckoTalon":12,"MawBank":28,"Question Card":28,"WarpedTongs":28,"Dream Catcher":4,"Anchor":17,"Nunchaku":19,"TheAbacus":19,"Shovel":26,"Turnip":19,"InkBottle":18,"Meat on the Bone":16,"Pocketwatch":18},{"downfall:HeartBlessingRed":35,"Shade:YorickSkull":0,"Shade:YorickPolishedSkull":116,"sneckomod:SneckoTalon":62,"MawBank":140,"Question Card":140,"WarpedTongs":140,"Dream Catcher":15,"Anchor":87,"Nunchaku":97,"TheAbacus":97,"Shovel":125,"Turnip":97,"InkBottle":93,"Meat on the Bone":80,"Pocketwatch":93}],"InkBottle":[18],"Meat on the Bone":48,"Pocketwatch":[51]},"card_choices":[{"not_picked":["Shade:GreyBargain","Shade:SpontaneousRitual"],"picked":"Shade:WallOfFlesh","floor":2.0},{"not_picked":["Shade:FreshBones","Shade:FleshToFlesh"],"picked":"Shade:SpectralStrikes","floor":3.0},{"not_picked":["Shade:WallOfFlesh","Shade:Brains"],"picked":"Shade:StitchTogether","floor":4.0},{"not_picked":["Shade:Frenzy","Shade:FingerOfDeath"],"picked":"Shade:Coordination","floor":6.0},{"not_picked":["Shade:FleshToFlesh","Shade:PotionOfRestlessness"],"picked":"Shade:SkeletonArmy","floor":8.0},{"not_picked":["Shade:Frenzy","Shade:Premonition","Shade:BoneShards"],"picked":"SKIP","floor":9.0},{"not_picked":["Shade:GraveStillness","Shade:WallOfFlesh"],"picked":"Shade:GreaterAnimation","floor":10.0},{"not_picked":["Shade:AblativeArmor","Shade:FingerOfDeath"],"picked":"Shade:OpenGraves","floor":11.0},{"not_picked":["Shade:FuneraryArmor","Shade:FleshToFlesh"],"picked":"Shade:Awaken","floor":13},{"not_picked":["Shade:SpontaneousRitual","Shade:RavenousHorde"],"picked":"Shade:Brains","floor":14},{"not_picked":["Shade:FleshOffering","Shade:SpectralStrikes","Shade:WallOfFlesh"],"picked":"SKIP","floor":15},{"not_picked":["Shade:Tombstone","Shade:LoseControl"],"picked":"Shade:OfferingToTheBeyond","floor":16},{"not_picked":["Shade:Trample","Shade:FreshBones"],"picked":"Shade:AblativeArmor","floor":19},{"not_picked":["Shade:SkeletonArmy","Shade:FingerOfDeath+1"],"picked":"Shade:LyeBath+1","floor":20},{"not_picked":["Shade:FeralStrike+1","Shade:FuneraryArmor"],"picked":"Shade:CommandSoldier+1","floor":21},{"not_picked":["Shade:ClawBack","Shade:FleshOffering+1"],"picked":"Shade:CommandSoldier+1","floor":22},{"not_picked":["Shade:FeralStrike+1","Shade:GoDigging"],"picked":"Shade:OpenGraves+1","floor":25},{"not_picked":["Shade:CallWraith","Shade:ClawBack"],"picked":"Shade:AncientSpear+1","floor":27},{"not_picked":["Shade:TouchOfTheGrave","Shade:SensePrey"],"picked":"Shade:PressTheAttack+1","floor":28},{"not_picked":["Shade:SoulToxin","Shade:ScuttlingHand","Shade:CommandSoldier"],"picked":"SKIP","floor":29},{"not_picked":["Shade:Asphyxiate","Shade:WallOfFlesh","Shade:Bonestorm"],"picked":"SKIP","floor":30},{"not_picked":["Shade:CommandSoldier","Shade:FleshToFlesh"],"picked":"Shade:TouchOfTheGrave+1","floor":31},{"not_picked":["Shade:Bonestorm","Shade:CoffinDance"],"picked":"Shade:Carnophage","floor":32},{"not_picked":["Shade:Bonestorm+1","Shade:Frenzy+1"],"picked":"Shade:Carnophage+1","floor":36},{"not_picked":["Shade:AblativeArmor","Shade:GraveStillness+1"],"picked":"Shade:StitchTogether+1","floor":37},{"not_picked":["Shade:AncientSpear","Shade:FuneraryArmor+1"],"picked":"Shade:OpenGraves","floor":38},{"not_picked":["Shade:SkeletonHug","Shade:DarkOfNight"],"picked":"Shade:OpenGraves","floor":39},{"not_picked":["Shade:AncientSpear+1","Shade:FingerOfDeath"],"picked":"Shade:FuneraryArmor+1","floor":40}],"player_experience":400943,"relics_obtained":[{"floor":7.0,"key":"Dream Catcher"},{"floor":24,"key":"Meat on the Bone"},{"floor":25,"key":"Anchor"},{"floor":27,"key":"Pocketwatch"},{"floor":27,"key":"InkBottle"},{"floor":38,"key":"Shovel"},{"floor":40,"key":"MawBank"},{"floor":41,"key":"Question Card"}],"event_choices":[{"damage_healed":0,"gold_gain":0,"player_choice":"Fight","damage_taken":0,"max_hp_gain":0,"max_hp_loss":0,"event_name":"Mysterious Sphere","floor":38,"gold_loss":0},{"damage_healed":0,"gold_gain":0,"player_choice":"Rummage","damage_taken":0,"relics_obtained":["WarpedTongs"],"max_hp_gain":0,"max_hp_loss":0,"event_name":"Accursed Blacksmith","floor":42,"gold_loss":0,"cards_obtained":["Pain"]}],"is_beta":false,"boss_relics":[{"not_picked":["Fusion Hammer","Philosopher\u0027s Stone"],"picked":"sneckomod:SneckoTalon"},{"not_picked":["Snecko Eye","Empty Cage"],"picked":"Shade:YorickPolishedSkull"}],"items_purged_floors":[29],"is_endless":false,"potions_floor_spawned":[4,6,9,13,15,21,25,30,32,33,37,40],"killed_by":"Sphere and 2 Shapes","ascension_level":0}}