{"host":"ifhtq4ixo5m3h13u","time":1610271789,"event":{"mods":["BaseMod","Downfall","Minty Spire (QoL Compilation)","StSLib","Waifu the Spire","noobMod","vexMod","¡¾ÒÅÎï¿¨ÅÆ¡¿REMEMod"],"gold_per_floor":[112,123,138,156,168,209,288,307,332,345,356,375,405,129,54,157,157,172,187,387,406,432,459,459,459,459],"floor_reached":25,"playtime":1752,"items_purged":[],"score":361,"play_id":"f3df0846-e31f-4302-b621-85f0c1c2a7d4","local_time":"20210110174309","is_ascension_mode":true,"campfire_choices":[{"floor":15.0,"key":"RECALL"}],"circlet_count":0,"master_deck":["sneckomod:Strike","sneckomod:Strike+1","sneckomod:Strike","sneckomod:Defend","sneckomod:Defend","sneckomod:Defend","sneckomod:TailWhip","sneckomod:SnekBite","sneckomod:Unknown","sneckomod:Unknown","Violence","sneckomod:DiceCrush","sneckomod:UnknownEthereal","sneckomod:DiceBlock","sneckomod:DiceBoulder","sneckomod:SerpentIdol","sneckomod:MorePower","sneckomod:UnknownRareSkill+1","sneckomod:Nope","sneckomod:Unknown3Cost+1","sneckomod:Unknown2Cost+1","sneckomod:UnknownClassTHE_CHAMP_GRAY+1","sneckomod:UnknownClassPURPLE+1","sneckomod:Rotation","sneckomod:UnknownClassPURPLE+1","sneckomod:Unknown0Cost+1","Sadistic Nature","sneckomod:CheapStock","sneckomod:UnknownRarePower+1","sneckomod:UnknownColorless+1","sneckomod:Unknown3Cost+1","sneckomod:UnknownBlock+1","sneckomod:UnknownExhaust+1","sneckomod:Mudshield","sneckomod:UnknownColorless+1"],"relics":["sneckomod:SneckoSoul","REME_ComplimentaryCards","ice","Omamori","sneckomod:UnknownEgg","PreservedInsect","MealTicket","downfall:HeartBlessingGreen","SlaversCollar","vexMod:PlasmaPancake","Tiny Chest","vexMod:RetaliationKit"],"acts_visited":["Exordium","TheCity"],"potions_floor_usage":[],"damage_taken":[{"damage":8.0,"enemies":"Jaw Worm","floor":1.0,"turns":2.0},{"damage":6.0,"enemies":"Cultist","floor":2.0,"turns":3.0},{"damage":2.0,"enemies":"Small Slimes","floor":3.0,"turns":2.0},{"damage":15.0,"enemies":"2 Fungi Beasts","floor":4.0,"turns":5.0},{"damage":41.0,"enemies":"Gremlin Gang","floor":5.0,"turns":6.0},{"damage":29.0,"enemies":"3 Sentries","floor":6.0,"turns":12.0},{"damage":6.0,"enemies":"Large Slime","floor":8.0,"turns":4.0},{"damage":19.0,"enemies":"Lagavulin","floor":9.0,"turns":6.0},{"damage":14.0,"enemies":"Red Slaver","floor":10.0,"turns":4.0},{"damage":12.0,"enemies":"Lots of Slimes","floor":11.0,"turns":4.0},{"damage":17.0,"enemies":"3 Louse","floor":12.0,"turns":3.0},{"damage":21.0,"enemies":"3 Sentries","floor":13.0,"turns":4.0},{"damage":5.0,"enemies":"downfall:FleeingMerchant","floor":14.0,"turns":4.0},{"damage":25.0,"enemies":"downfall:Defect","floor":16.0,"turns":6.0},{"damage":59.0,"enemies":"3 Byrds","floor":18.0,"turns":7.0},{"damage":39.0,"enemies":"Chosen","floor":19.0,"turns":6.0},{"damage":18.0,"enemies":"Sentry and Sphere","floor":21.0,"turns":5.0},{"damage":19.0,"enemies":"downfall:FleeingMerchant","floor":22.0,"turns":4.0},{"damage":58.0,"enemies":"Slavers","floor":23.0,"turns":4.0},{"damage":0,"enemies":"Snake Plant","floor":25,"turns":1}],"seed_played":"-2751078143003188312","potions_obtained":[{"floor":2.0,"key":"EntropicBrew"},{"floor":3.0,"key":"SneckoOil"},{"floor":6.0,"key":"Weak Potion"},{"floor":9.0,"key":"LiquidBronze"},{"floor":13.0,"key":"Slimebound:ThreeZeroPotion"},{"floor":16.0,"key":"SkillPotion"},{"floor":18.0,"key":"FairyPotion"}],"is_trial":false,"path_per_floor":["M","M","M","M","M","E","T","M","E","M","M","M","E","$","R","B",null,"M","M","?","M","$","E","T","M"],"character_chosen":"THE_SNECKO","items_purchased":["Sadistic Nature","sneckomod:CheapStock","vexMod:PlasmaPancake"],"campfire_rested":0,"item_purchase_floors":[14,14,22],"current_hp_per_floor":[91,86,84,69,28,91,91,86,76,64,53,37,16,34,34,10,151,93,55,55,46,59,14,14,14,14],"gold":459,"neow_bonus":"TEN_PERCENT_HP_BONUS","is_daily":false,"chose_seed":false,"campfire_upgraded":0,"win_rate":0.0,"timestamp":1610271789,"path_taken":["M","M","M","M","M","E","T","M","E","M","M","M","E","$","R","BOSS","M","M","?","M","$","E","T","?"],"items_purchased_type":["Card","Card","Relic"],"build_version":"2020-12-22","purchased_purges":0,"victory":false,"max_hp_per_floor":[99,100,100,100,100,101,101,102,106,110,121,127,131,136,136,151,151,152,153,153,155,161,162,162,162,162],"card_choices":[{"not_picked":["sneckomod:SnakeSap","sneckomod:QuickBite"],"picked":"sneckomod:DiceCrush","floor":1.0},{"not_picked":["sneckomod:UnknownCommonAttack","sneckomod:QuickMove"],"picked":"sneckomod:UnknownEthereal","floor":2.0},{"not_picked":["sneckomod:Nope","sneckomod:UnknownCommonAttack"],"picked":"sneckomod:DiceBlock","floor":3.0},{"not_picked":["sneckomod:DiceBlock","sneckomod:QuickMove"],"picked":"sneckomod:DiceBoulder","floor":4.0},{"not_picked":["sneckomod:UnknownVulnerable","sneckomod:UnknownCommonAttack"],"picked":"sneckomod:SerpentIdol","floor":5.0},{"not_picked":["sneckomod:Unknown1Cost","sneckomod:QuickMove"],"picked":"sneckomod:MorePower","floor":6.0},{"not_picked":["sneckomod:UnknownColorless+1","sneckomod:UnknownClassTHE_CHAMP_GRAY+1"],"picked":"sneckomod:UnknownRareSkill+1","floor":8.0},{"not_picked":["sneckomod:UnknownCommonSkill","sneckomod:UnknownClassRED"],"picked":"sneckomod:Nope","floor":8.0},{"not_picked":["sneckomod:UnknownClassBLUE+1","sneckomod:UnknownX+1"],"picked":"sneckomod:Unknown3Cost+1","floor":9.0},{"not_picked":["sneckomod:QuickBite","sneckomod:UnknownWeak+1"],"picked":"sneckomod:Unknown2Cost+1","floor":9.0},{"not_picked":["sneckomod:UnknownVulnerable+1","sneckomod:UnknownCommonAttack+1"],"picked":"sneckomod:UnknownClassTHE_CHAMP_GRAY+1","floor":10.0},{"not_picked":["sneckomod:Unknown1Cost+1","sneckomod:UnknownClassRED+1"],"picked":"sneckomod:UnknownClassPURPLE+1","floor":10.0},{"not_picked":["sneckomod:RainOfDice","sneckomod:SnekBeam"],"picked":"sneckomod:Rotation","floor":10.0},{"not_picked":["sneckomod:UnknownClassGREEN+1","sneckomod:UnknownClassRED+1"],"picked":"sneckomod:UnknownClassPURPLE+1","floor":11.0},{"not_picked":["sneckomod:UnknownCommonSkill+1","sneckomod:SoulDraw","sneckomod:IronFang"],"picked":"SKIP","floor":11.0},{"not_picked":["sneckomod:UnknownWeak+1","sneckomod:UnknownClassPURPLE+1"],"picked":"sneckomod:Unknown0Cost+1","floor":12.0},{"not_picked":["sneckomod:UnknownCommonSkill+1","sneckomod:QuickMove","sneckomod:UnknownUncommonAttack+1"],"picked":"SKIP","floor":12.0},{"not_picked":["sneckomod:MasterEye","sneckomod:UnknownVulnerable+1","sneckomod:UnknownClassRED+1"],"picked":"SKIP","floor":13.0},{"not_picked":["sneckomod:UnknownClassSLIMEBOUND+1","sneckomod:SoulRoll","sneckomod:WideSting"],"picked":"SKIP","floor":14.0},{"not_picked":["sneckomod:SoulExchange","sneckomod:SerpentMind"],"picked":"sneckomod:UnknownRarePower+1","floor":16.0},{"not_picked":["sneckomod:UnknownUncommonAttack+1","sneckomod:UnknownX+1"],"picked":"sneckomod:UnknownColorless+1","floor":18.0},{"not_picked":["sneckomod:UnknownStrike+1","sneckomod:UnknownCommonSkill+1","sneckomod:DiceBlock"],"picked":"SKIP","floor":18.0},{"not_picked":["sneckomod:UnknownClassGREEN+1","sneckomod:UnknownStrike+1"],"picked":"sneckomod:Unknown3Cost+1","floor":19.0},{"not_picked":["sneckomod:SoulDraw+1","sneckomod:IronFang","sneckomod:SoulRoll+1"],"picked":"SKIP","floor":19.0},{"not_picked":["sneckomod:UnknownX+1","sneckomod:Unknown1Cost+1"],"picked":"sneckomod:UnknownBlock+1","floor":21.0},{"not_picked":["sneckomod:UnknownStrike+1","sneckomod:DiceCrush+1"],"picked":"sneckomod:UnknownExhaust+1","floor":21.0},{"not_picked":["sneckomod:Restock","sneckomod:RainOfDice"],"picked":"sneckomod:Mudshield","floor":22.0},{"not_picked":["sneckomod:SerpentIdol","sneckomod:DiceBlock+1"],"picked":"sneckomod:UnknownColorless+1","floor":23.0}],"player_experience":53323,"relics_obtained":[{"floor":6.0,"key":"Omamori"},{"floor":9.0,"key":"sneckomod:UnknownEgg"},{"floor":13.0,"key":"MealTicket"},{"floor":23.0,"key":"Tiny Chest"},{"floor":24.0,"key":"vexMod:RetaliationKit"}],"event_choices":[{"damage_healed":0.0,"max_hp_gain":0.0,"max_hp_loss":0.0,"gold_gain":200.0,"event_name":"Wheel of Change","player_choice":"Gold","floor":20.0,"gold_loss":0.0,"damage_taken":0.0}],"is_beta":false,"boss_relics":[{"not_picked":["vexMod:FluxCapacitor","Cursed Key"],"picked":"SlaversCollar"}],"items_purged_floors":[],"is_endless":false,"potions_floor_spawned":[2,3,6,9,13,16,18,19],"killed_by":"Snake Plant","ascension_level":1}}