{"host":"jpcy2bclvs7juczu","time":1610242826,"event":{"mods":["AchievementEnabler","BaseMod","Block Reminder","Colored Map","Colored Powertips","Curses Come First","Minty Spire (QoL Compilation)","Quick Restart","Relic Stats","StSLib","ojb\u0027s Better Paths Mod","ojb\u0027s Info Mod","slay the spire mod where everything is the same but ironclad has a cowboy hat"],"gold_per_floor":[112,130,143,143,160,160,160,160],"floor_reached":7,"playtime":428,"items_purged":[],"score":86,"play_id":"840977d7-4361-4363-bde8-b7c57ec5be73","local_time":"20210110014026","is_ascension_mode":true,"campfire_choices":[{"floor":6,"key":"REST"}],"circlet_count":0,"master_deck":["AscendersBane","Strike_G","Strike_G","Strike_G","Strike_G+1","Strike_G","Defend_G","Defend_G","Defend_G","Defend_G","Defend_G","Survivor","Neutralize+1","Bouncing Flask","Flying Knee"],"relics":["Snecko Eye"],"acts_visited":["Exordium"],"potions_floor_usage":[3,7],"damage_taken":[{"damage":8,"enemies":"2 Louse","floor":1,"turns":4},{"damage":13,"enemies":"Small Slimes","floor":2,"turns":6},{"damage":0,"enemies":"Jaw Worm","floor":3,"turns":6},{"damage":15,"enemies":"Large Slime","floor":5,"turns":6},{"damage":23,"enemies":"3 Sentries","floor":7,"turns":5}],"seed_played":"-6053243244701992380","potions_obtained":[{"floor":1,"key":"DistilledChaos"},{"floor":2,"key":"BlessingOfTheForge"}],"is_trial":false,"path_per_floor":["M","M","M","?","M","R","E"],"character_chosen":"THE_SILENT","items_purchased":[],"campfire_rested":1,"item_purchase_floors":[],"current_hp_per_floor":[51,38,38,18,3,22,0,0],"gold":160,"neow_bonus":"BOSS_RELIC","is_daily":false,"chose_seed":false,"campfire_upgraded":0,"win_rate":0.0,"timestamp":1610242826,"path_taken":["M","M","M","?","M","R","E"],"items_purchased_type":[],"build_version":"2020-12-22","purchased_purges":0,"victory":false,"max_hp_per_floor":[66,66,66,66,66,66,66,66],"relic_stats":{"counters":[5,27],"Snecko Eye":[41,31,55,48],"obtain_stats":[{"Snecko Eye":0,"Ring of the Snake":0},{"Snecko Eye":0,"Ring of the Snake":0},{"Snecko Eye":0,"Ring of the Snake":0}]},"card_choices":[{"not_picked":["Setup","Footwork","Escape Plan"],"picked":"SKIP","floor":1},{"not_picked":["Noxious Fumes","Escape Plan","Accuracy"],"picked":"SKIP","floor":2},{"not_picked":["Slice","Backstab"],"picked":"Bouncing Flask","floor":3},{"not_picked":["Calculated Gamble","Blur"],"picked":"Flying Knee","floor":5}],"player_experience":365247,"relics_obtained":[],"event_choices":[{"damage_healed":0,"gold_gain":0,"player_choice":"Entered Light","damage_taken":20,"max_hp_gain":0,"max_hp_loss":0,"event_name":"Shining Light","floor":4,"gold_loss":0,"cards_upgraded":["Neutralize","Strike_G"]}],"is_beta":false,"boss_relics":[],"items_purged_floors":[],"is_endless":false,"potions_floor_spawned":[1,2],"killed_by":"3 Sentries","ascension_level":20}}