{"host":"8lgo2trwv2o0qyml","time":1610316313,"event":{"mods":["BaseMod","Colored Map","Colored Powertips","DeckTracker","Highlight Path","Hubris","Infinite Spire","Minty Spire (QoL Compilation)","Quick Restart","Random Character Button","Relic Sorter","Replay The Spire","StSLib","SuperFastMode","Synergy Search","The Jungle"],"gold_per_floor":[117,117,132,150,6,25,43,43,43,43,72,91,125,137,137,241,241,253,268,268,280,280,280,308,308,308,25,25,25,53,53,53,148,148,162,215,265,265,283,309,309,335,362,378,412,430,444,454,454,454],"floor_reached":51,"playtime":3786,"items_purged":["Strike_R"],"score":682,"play_id":"c25398ae-c395-4e88-a330-ac39a0bdb987","local_time":"20210110170513","is_ascension_mode":false,"campfire_choices":[{"data":"Hemogenesis","floor":8,"key":"SMITH"},{"data":"Inflame","floor":10,"key":"SMITH"},{"floor":23,"key":"REST"},{"data":"Infernal Blade","floor":25,"key":"SMITH"},{"floor":32,"key":"REST"},{"data":"Barricade","floor":41,"key":"SMITH"},{"data":"Demon Form","floor":49,"key":"SMITH"}],"circlet_count":0,"master_deck":["Strike_R","Strike_R","Strike_R","Strike_R","Defend_R","Defend_R","Defend_R","Defend_R","Bash","Hemogenesis+1","Cleave","Burning Pact","Inflame+1","Anger","Anger","Infernal Blade+1","Rage","Headbutt+1","Clothesline","Ghostly Armor","ReplayReversal","Anger","Defy Death","Demon Form+1","Armaments","Barricade+1","ReplayTheSpireMod:Strike From Hell+1","Uppercut","Battle Trance","Replay:Dark Deal","Purity","Panache","Shame","Spot Weakness","Replay:Many Hands","Flex+1","Dark Embrace+1","Rage","ReplayTheSpireMod:Stacked","Heavy Blade+1","Reckless Charge+1","Iron Wave+1","Sentinel","Infernal Blade+1"],"relics":["Burning Blood","Orrery","Toy Ornithopter","infinitespire:Lucky Rock","Bottled Flame","ChewingGum","Replay:Blank Codex","infinitespire:EmpoweringShard","Pen Nib","hubris:IronBody","ReplayTheSpireMod:ShopPack","Anchor","Molten Egg 2","Oddly Smooth Stone","Ooze Armor","Replay:Bronze Core","Calipers","Champion Belt","hubris:ScarierMask","Snack Pack","Strawberry","Centennial Puzzle","hubris:MysteriousPyramids"],"acts_visited":["Exordium","TheCity","TheBeyond"],"potions_floor_usage":[13,16,16,21,40,40,50,50],"damage_taken":[{"damage":10,"enemies":"Jaw Worm","floor":1,"turns":5},{"damage":33,"enemies":"infinitespire:Voidling","floor":3,"turns":6},{"damage":1,"enemies":"Cultist","floor":4,"turns":4},{"damage":19,"enemies":"Exordium Wildlife","floor":6,"turns":5},{"damage":14,"enemies":"Large Slime","floor":7,"turns":7},{"damage":13,"enemies":"Replay:BlueRogue","floor":11,"turns":8},{"damage":9,"enemies":"Looter","floor":12,"turns":3},{"damage":0,"enemies":"Gremlin Nob","floor":13,"turns":2},{"damage":15,"enemies":"Blue Slaver","floor":14,"turns":3},{"damage":38,"enemies":"Hexaghost","floor":16,"turns":9},{"damage":26,"enemies":"Shell Parasite","floor":18,"turns":6},{"damage":22,"enemies":"2 Thieves","floor":19,"turns":3},{"damage":13,"enemies":"Sentry and Sphere","floor":21,"turns":4},{"damage":44,"enemies":"Gremlin Leader","floor":24,"turns":6},{"damage":0,"enemies":"Slavers","floor":30,"turns":1},{"damage":24,"enemies":"hubris:MusketHawk","floor":33,"turns":9},{"damage":7,"enemies":"Orb Walker","floor":35,"turns":3},{"damage":31,"enemies":"2 Orb Walkers","floor":36,"turns":5},{"damage":3,"enemies":"Mind Bloom Boss Battle","floor":37,"turns":5},{"damage":8,"enemies":"3 Shapes","floor":39,"turns":3},{"damage":45,"enemies":"Reptomancer","floor":40,"turns":4},{"damage":22,"enemies":"Writhing Mass","floor":44,"turns":5},{"damage":13,"enemies":"R_Hoarder","floor":45,"turns":6},{"damage":3,"enemies":"3 Darklings","floor":46,"turns":3},{"damage":0,"enemies":"Maw","floor":47,"turns":7},{"damage":10,"enemies":"Spire Growth","floor":48,"turns":4},{"damage":35,"enemies":"Replay:Hell Engine","floor":50,"turns":10}],"seed_played":"-1284294492563513645","potions_obtained":[{"floor":3,"key":"Adrenaline Potion"},{"floor":4,"key":"Adrenaline Potion"},{"floor":6,"key":"LiquidMemories"},{"floor":19,"key":"AttackPotion"},{"floor":21,"key":"Milkshake"},{"floor":35,"key":"Energy Potion"},{"floor":40,"key":"Elixir"},{"floor":45,"key":"Dexterity Potion"},{"floor":48,"key":"LifebloodPotion"}],"is_trial":false,"path_per_floor":["M","?","M","M","$","M","M","R","T","R","E","M","E","M","R_BF","B",null,"M","M","?","M","?","R","E","R","T","$","?","T","E","AVR","R","B",null,"M","?","?","AVR","M","E","R","T","T","M","E","M","M","M","R","B",null],"character_chosen":"IRONCLAD","items_purchased":["Orrery","ReplayTheSpireMod:ShopPack","Battle Trance"],"campfire_rested":2,"item_purchase_floors":[5,27,27],"current_hp_per_floor":[76,76,58,68,68,60,57,57,57,57,50,47,58,57,80,56,80,68,52,36,42,42,66,28,28,28,28,28,28,34,34,58,48,80,79,54,65,65,71,41,41,48,48,36,37,52,72,80,80,77],"gold":454,"neow_bonus":"ONE_RANDOM_RARE_CARD","is_daily":false,"chose_seed":false,"campfire_upgraded":5,"win_rate":0.0,"timestamp":1610316313,"path_taken":["M","?","?","M","?","M","M","R","T","R","E","M","E","M","R_BF","BOSS","M","M","?","M","?","R","E","R","T","?","?","?","E","AVR","R","BOSS","M","?","?","AVR","M","E","R","?","T","M","E","M","?","M","R","BOSS"],"items_purchased_type":["Relic","Relic","Card"],"build_version":"2020-12-22","purchased_purges":1,"victory":true,"max_hp_per_floor":[80,80,80,80,80,80,80,80,80,80,80,80,80,80,80,80,80,80,80,80,80,80,80,80,80,80,80,80,80,80,80,80,80,80,80,80,80,80,80,80,80,87,87,87,87,87,87,87,87,87],"card_choices":[{"not_picked":["Body Slam","Dark Embrace"],"picked":"Cleave","floor":1},{"not_picked":["Feel No Pain","Intimidate"],"picked":"Inflame","floor":3},{"not_picked":["Replay:Undeath\u0027s Touch","Disarm"],"picked":"Anger","floor":4},{"not_picked":["Havoc","Warcry"],"picked":"Anger","floor":5},{"not_picked":["Clothesline","Havoc"],"picked":"Infernal Blade","floor":5},{"not_picked":["Impervious","Heavy Blade"],"picked":"Rage","floor":5},{"not_picked":["Offering","Cleave"],"picked":"Headbutt","floor":5},{"not_picked":["Second Wind","ReplayTheSpireMod:Corrosion Curse"],"picked":"Clothesline","floor":5},{"not_picked":["ReplayTheSpireMod:Strike From Hell","Spot Weakness"],"picked":"Ghostly Armor","floor":6},{"not_picked":["Clash","Thunderclap"],"picked":"ReplayReversal","floor":7},{"not_picked":["Metallicize","Run Through"],"picked":"Anger","floor":11},{"not_picked":["hubris:CleavingFinish","ReplayTheSpireMod:Stacked"],"picked":"Defy Death","floor":12},{"not_picked":["Body Slam","ReplayTheSpireMod:Muscle Training"],"picked":"Demon Form","floor":13},{"not_picked":["Second Wind","Battle Trance"],"picked":"Armaments","floor":14},{"not_picked":["Berserk","Eclipse"],"picked":"Barricade","floor":16},{"not_picked":["Havoc","Dual Wield"],"picked":"ReplayTheSpireMod:Strike From Hell+1","floor":18},{"not_picked":["Perfected Strike","ReplayTheSpireMod:Strike From Hell+1","hubris:ReadiedAction"],"picked":"SKIP","floor":19},{"not_picked":["Replay:Undeath\u0027s Touch","Hemokinesis+1"],"picked":"Uppercut","floor":21},{"not_picked":["Berserk","ReplayTheSpireMod:Strike From Hell","Clothesline"],"picked":"SKIP","floor":24},{"not_picked":["Thinking Ahead","ReplayTheSpireMod:Brewmster"],"picked":"Replay:Dark Deal","floor":27},{"not_picked":["Secret Technique","hubris:Ssssneak"],"picked":"Purity","floor":27},{"not_picked":["Secret Weapon","Deep Breath"],"picked":"Panache","floor":27},{"not_picked":["Perfected Strike+1","ReplayTheSpireMod:Strike From Hell+1"],"picked":"Spot Weakness","floor":30},{"not_picked":["Hemogenesis+1","Offering"],"picked":"Replay:Many Hands","floor":33},{"not_picked":["Feel No Pain","Entrench+1"],"picked":"Flex+1","floor":35},{"not_picked":["Thunderclap+1","Clothesline+1"],"picked":"Dark Embrace+1","floor":36},{"not_picked":["Sever Soul+1","Dark Embrace+1"],"picked":"Rage","floor":39},{"not_picked":["Abandon","ReplayTheSpireMod:Strike From Hell+1"],"picked":"ReplayTheSpireMod:Stacked","floor":40},{"not_picked":["hubris:SharpeningStone+1","Combust+1"],"picked":"Heavy Blade+1","floor":44},{"not_picked":["Demon Form","Whirlwind+1"],"picked":"Reckless Charge+1","floor":45},{"not_picked":["hubris:ReadiedAction+1","ReplayTheSpireMod:Strike From Hell+1"],"picked":"Iron Wave+1","floor":46},{"not_picked":["Carnage+1","Offering"],"picked":"Sentinel","floor":47},{"not_picked":["Reckless Charge+1","Spot Weakness+1"],"picked":"Infernal Blade+1","floor":48}],"player_experience":41938,"relics_obtained":[{"floor":9,"key":"Toy Ornithopter"},{"floor":11,"key":"infinitespire:Lucky Rock"},{"floor":13,"key":"Bottled Flame"},{"floor":20,"key":"Replay:Blank Codex"},{"floor":24,"key":"Pen Nib"},{"floor":26,"key":"hubris:IronBody"},{"floor":29,"key":"Molten Egg 2"},{"floor":30,"key":"Oddly Smooth Stone"},{"floor":36,"key":"Calipers"},{"floor":37,"key":"Champion Belt"},{"floor":40,"key":"Snack Pack"},{"floor":42,"key":"Strawberry"},{"floor":43,"key":"Centennial Puzzle"},{"floor":45,"key":"hubris:MysteriousPyramids"}],"event_choices":[{"damage_healed":0,"gold_gain":0,"player_choice":"1 cards matched","damage_taken":0,"max_hp_gain":0,"max_hp_loss":0,"event_name":"Match and Keep!","floor":2,"gold_loss":0,"cards_obtained":["Burning Pact"]},{"damage_healed":0,"gold_gain":0,"player_choice":"Obtained Book","damage_taken":16,"max_hp_gain":0,"max_hp_loss":0,"event_name":"Cursed Tome","floor":20,"gold_loss":0},{"damage_healed":0,"gold_gain":0,"player_choice":"Stole Relic","damage_taken":0,"relics_obtained":["Anchor"],"max_hp_gain":0,"max_hp_loss":0,"event_name":"Addict","floor":28,"gold_loss":0,"cards_obtained":["Shame"]},{"damage_healed":0,"gold_gain":0,"player_choice":"Fight","damage_taken":0,"max_hp_gain":0,"max_hp_loss":0,"event_name":"Mysterious Sphere","floor":36,"gold_loss":0},{"damage_healed":0,"gold_gain":0,"player_choice":"Fight","damage_taken":0,"max_hp_gain":0,"max_hp_loss":0,"event_name":"MindBloom","floor":37,"gold_loss":0}],"is_beta":false,"boss_relics":[{"not_picked":["hubris:Backtick","Replay:Grab Bag"],"picked":"ChewingGum"},{"not_picked":["Runic Cube","Fusion Hammer"],"picked":"Replay:Bronze Core"}],"items_purged_floors":[27],"is_endless":false,"potions_floor_spawned":[3,4,6,12,19,21,35,40,45,48],"ascension_level":0}}