{"host":"p08oqmr389b4tgxi","time":1610274766,"event":{"mods":["Act Like it!","BaseMod","CapriCore","Colored Powertips","Gensokyo","Hallownest","Luminous","Minty Spire (QoL Compilation)","Quick Restart","Relic Stats","StSLib","The Immortal","UnlockEverythingMod","Yakumo Yukari mod","¡¾ÒÅÎï¿¨ÅÆ¡¿REMEMod"],"gold_per_floor":[131,56,70,82,12,45,45,76,114,161,189,201,232,276,288,395,407,433,459,381,393,423,469,514,555,567,290,305,337,257,290,290,390,390,403,419,429,80,80,80,107,117,167,192,42,42,102,134,134,134],"floor_reached":51,"playtime":3983,"items_purged":["AT_purpleEX","Defend_purpleEX","Hallownest:curseDreamersLament","Defend_purpleEX"],"score":1222,"play_id":"b1732cbc-8bb3-46cf-b7e6-c5573df97ff3","local_time":"20210110183246","is_ascension_mode":true,"campfire_choices":[{"data":"D_absorption_purple","floor":7.0,"key":"SMITH"},{"data":"Observe_purple_2","floor":15.0,"key":"SMITH"},{"data":"Apotheosis","floor":32.0,"key":"SMITH"},{"data":"Mirror_TwoAndThreeElementRealm_purple","floor":40.0,"key":"SMITH"},{"data":"Mirror_FourBoundary_purple","floor":49,"key":"SMITH"}],"circlet_count":0,"master_deck":["AT_purpleEX","AT_purpleEX","Defend_purpleEX","Defend_purpleEX+1","Observe_purple_1","Observe_purple_2+1","D_absorption_purple+1","Bait_Toxicbait_purple","MeetDecomposer_purple+1","ProofOfUnderstanding_purple","REME_TheoryOfElimination+1","Mirror_FourBoundary_purple+1","Umbrella_purple+1","Apotheosis+1","Hallownest:skillCityofTearsMap","Mirror_TwoAndThreeElementRealm_purple+1","Worldmountain_purple+1","ExistenceContinue_purple+1","WangLiang_OokamiKakushi_purple+1","SharpContractionReality_purple+1","Fantasy_PerpetualMotionMachine_purple","Fantasy_PerpetualMotionMachine_purple","Boundary_LifeAndDeath_purple","OpenedBox_purple+1"],"relics":["Boundary_crack","Memoryfragments_purpleEX","REME_ComplimentaryCards","Antimatter_spacedebris","MawBank","Lantern","Happy Flower","WingedGreaves","REME_LowDesire","Tiny Chest","Hallownest:StagBellStandRelic","Hallownest:WatcherSealRelic","War Paint","Meat on the Bone","Omamori","Blood Vial","Pantograph","Boot","Astrolabe","White Beast Statue","Akabeko","Oddly Smooth Stone","Prayer Wheel","Blue Candle"],"acts_visited":["Exordium","Hallownest:Greenpath","Hallownest:CityofTears"],"potions_floor_usage":[],"damage_taken":[{"damage":12.0,"enemies":"Hallownest:2_Tiktiks_and_1_Crawlid","floor":1.0,"turns":7.0},{"damage":5.0,"enemies":"Hallownest:monsterHuskGuard","floor":3.0,"turns":4.0},{"damage":0.0,"enemies":"Hallownest:2_MossCreeps","floor":4.0,"turns":6.0},{"damage":16.0,"enemies":"Hallownest:eliteCrystalGuardian","floor":6.0,"turns":7.0},{"damage":21.0,"enemies":"Hallownest:eliteVengeflyKing","floor":8.0,"turns":17.0},{"damage":0.0,"enemies":"Hallownest:eliteMossKnight","floor":10.0,"turns":10.0},{"damage":0.0,"enemies":"Hallownest:Guard_and_Warrior","floor":11.0,"turns":7.0},{"damage":0.0,"enemies":"Hallownest:Wandering_and_Horned","floor":13.0,"turns":4.0},{"damage":0.0,"enemies":"Hallownest:eliteCrystalGuardian","floor":14.0,"turns":5.0},{"damage":4.0,"enemies":"Hallownest:BossBrokenVessel","floor":16.0,"turns":8.0},{"damage":23.0,"enemies":"Hallownest:Flukemon_and_Top","floor":18.0,"turns":7.0},{"damage":11.0,"enemies":"Hallownest:Guard_and_Sentry","floor":19.0,"turns":8.0},{"damage":2.0,"enemies":"Hallownest:Master_and_Novice","floor":22.0,"turns":5.0},{"damage":0.0,"enemies":"Hallownest:eliteSoulWarrior","floor":23.0,"turns":7.0},{"damage":1.0,"enemies":"Hallownest:Nosk","floor":24.0,"turns":4.0},{"damage":0.0,"enemies":"Hallownest:eliteWatcherKnight","floor":25.0,"turns":11.0},{"damage":0.0,"enemies":"Hallownest:2_Flukemon","floor":28.0,"turns":6.0},{"damage":5.0,"enemies":"Hallownest:eliteSoulWarrior","floor":29.0,"turns":6.0},{"damage":2.0,"enemies":"Hallownest:eliteWatcherKnight","floor":31.0,"turns":11.0},{"damage":5.0,"enemies":"Hallownest:BossSoulMaster","floor":33.0,"turns":7.0},{"damage":2.0,"enemies":"Hallownest:Shield_Heavy","floor":35.0,"turns":5.0},{"damage":63.0,"enemies":"Hallownest:2_Littles","floor":36.0,"turns":6.0},{"damage":0.0,"enemies":"Hallownest:Xero_Hu_Marmu","floor":37.0,"turns":6.0},{"damage":18.0,"enemies":"Hallownest:eliteHiveKnight","floor":41.0,"turns":5.0},{"damage":22.0,"enemies":"Hallownest:monsterPrimalAspid","floor":42.0,"turns":3.0},{"damage":1.0,"enemies":"Hallownest:eliteCollector","floor":44.0,"turns":5.0},{"damage":52.0,"enemies":"Hallownest:2_Primals","floor":47.0,"turns":3.0},{"damage":24,"enemies":"Hallownest:StalkingDevout","floor":48,"turns":5},{"damage":0,"enemies":"Hallownest:Radiance","floor":50,"turns":7}],"seed_played":"-2221242088684439952","potions_obtained":[{"floor":1.0,"key":"BlessingOfTheForge"},{"floor":4.0,"key":"Fire Potion"},{"floor":8.0,"key":"Regen Potion"},{"floor":22.0,"key":"Energy Potion"},{"floor":25.0,"key":"Swift Potion"},{"floor":28.0,"key":"GamblersBrew"},{"floor":41.0,"key":"Block Potion"},{"floor":42.0,"key":"DistilledChaos"}],"is_trial":false,"path_per_floor":["M","$","M","M","?","E","R","E","T","E","M","?","M","E","R","B",null,"M","M","?","?","M","E","E","E","T","$","M","E","?","E","R","B",null,"M","M","M","$","T","R","E","M","T","E","$","?","?","E","R","B",null],"character_chosen":"Youkari","items_purchased":["Blood Vial","Boundary_ObjectiveBoundary_purple","Fantasy_PerpetualMotionMachine_purple","Boundary_LifeAndDeath_purple"],"campfire_rested":0,"item_purchase_floors":[27,27,38,38],"current_hp_per_floor":[54,54,51,52,52,39,39,20,20,22,23,23,24,27,27,41,63,44,38,38,38,41,46,50,55,55,55,62,63,63,63,63,63,63,63,46,49,49,49,49,37,44,44,46,46,46,42,41,41,63],"gold":134,"neow_bonus":"THREE_RARE_CARDS","is_daily":false,"chose_seed":false,"campfire_upgraded":5,"win_rate":0.0,"timestamp":1610274766,"path_taken":["M","?","M","M","?","E","R","E","T","E","M","?","M","E","R","BOSS","M","M","?","?","M","E","E","E","T","$","M","E","?","E","R","BOSS","M","M","M","$","?","R","E","M","T","E","$","?","?","E","R","BOSS"],"items_purchased_type":["Relic","Card","Card","Card"],"build_version":"2020-12-22","purchased_purges":4,"victory":true,"max_hp_per_floor":[63,63,63,63,63,63,63,63,63,63,63,63,63,63,63,63,63,63,63,63,63,63,63,63,63,63,63,63,63,63,63,63,63,63,63,63,63,63,63,63,63,63,63,63,63,63,63,63,63,63],"relic_stats":{"Happy Flower":[47],"counters":[29,192],"Astrolabe":["Worldmountain_purple","ExistenceContinue_purple","WangLiang_OokamiKakushi_purple"],"Blue Candle":[0],"War Paint":["Defend_purpleEX","REME_TheoryOfElimination"],"MawBank":228,"Boot":[101],"Blood Vial":15,"Pantograph":22,"Tiny Chest":1,"Prayer Wheel":0,"obtain_stats":[{"Hallownest:StagBellRelic1":5,"Lantern":9,"Antimatter_spacedebris":6,"Boot":31,"Hallownest:StagBellStandRelic":20,"Blood Vial":27,"Pantograph":29,"Tiny Chest":17,"Prayer Wheel":47,"WingedGreaves":14,"REME_LowDesire":17,"Happy Flower":10,"Astrolabe":34,"Blue Candle":48,"Oddly Smooth Stone":44,"Omamori":25,"Boundary_crack":0,"War Paint":23,"MawBank":8,"White Beast Statue":39,"Akabeko":41,"Hallownest:WatcherSealRelic":21,"Memoryfragments_purpleEX":0,"REME_ComplimentaryCards":0,"Meat on the Bone":24},{"Hallownest:StagBellRelic1":3,"Lantern":5,"Antimatter_spacedebris":4,"Boot":19,"Hallownest:StagBellStandRelic":12,"Blood Vial":16,"Pantograph":18,"Tiny Chest":10,"Prayer Wheel":27,"WingedGreaves":9,"REME_LowDesire":10,"Happy Flower":6,"Astrolabe":20,"Blue Candle":28,"Oddly Smooth Stone":26,"Omamori":16,"Boundary_crack":0,"War Paint":14,"MawBank":5,"White Beast Statue":23,"Akabeko":24,"Hallownest:WatcherSealRelic":12,"Memoryfragments_purpleEX":0,"REME_ComplimentaryCards":0,"Meat on the Bone":15},{"Hallownest:StagBellRelic1":17,"Lantern":41,"Antimatter_spacedebris":24,"Boot":140,"Hallownest:StagBellStandRelic":90,"Blood Vial":117,"Pantograph":129,"Tiny Chest":75,"Prayer Wheel":180,"WingedGreaves":67,"REME_LowDesire":75,"Happy Flower":51,"Astrolabe":147,"Blue Candle":185,"Oddly Smooth Stone":177,"Omamori":117,"Boundary_crack":0,"War Paint":102,"MawBank":41,"White Beast Statue":164,"Akabeko":169,"Hallownest:WatcherSealRelic":90,"Memoryfragments_purpleEX":0,"REME_ComplimentaryCards":0,"Meat on the Bone":106}],"Meat on the Bone":24},"card_choices":[{"not_picked":["UniverseChoice_purple","ProofOfUnderstanding_purple"],"picked":"D_absorption_purple","floor":0.0},{"not_picked":["RuptureOfTimeAndSpace_purple","AdvanceAttack_purple"],"picked":"Bait_Toxicbait_purple","floor":1.0},{"not_picked":["Umbrella_purple","AdvanceAttack_purple"],"picked":"MeetDecomposer_purple","floor":3.0},{"not_picked":["Boundary_DreamRealityDamnation_purple","Computing_the_future_purpleEX","Worldmountain_purple"],"picked":"SKIP","floor":4.0},{"not_picked":["Boundary_DynamicStaticEquilibrium_purple","StateDuplicate_purple"],"picked":"ProofOfUnderstanding_purple","floor":6.0},{"not_picked":["AdvanceAttack_purple","Shallow_ocean_purpleEX","Worldmountain_purple"],"picked":"SKIP","floor":8.0},{"not_picked":["StateDuplicate_purple","Mirror_FormAndEmptin_purple","ExistenceContinue_purple"],"picked":"SKIP","floor":10.0},{"not_picked":["StateErode_purple","WeekHit_purple","DimensionStaggered_purple"],"picked":"SKIP","floor":11.0},{"not_picked":["Charmbait_purple","ButterflyHabitatTemple_purple","ExternalForce_HighSpeedFlying_purple"],"picked":"SKIP","floor":13.0},{"not_picked":["StateDuplicate_purple","Shallow_ocean_purpleEX","Photoelasticity_Doppler_Effect_purple"],"picked":"SKIP","floor":14.0},{"not_picked":["StateDuplicate_purple","Shallow_ocean_purpleEX","Photoelasticity_Doppler_Effect_purple"],"picked":"SKIP","floor":14.0},{"not_picked":["Worldmountain_purple+1","CommonSense_AntiCommonSense_purple","ExternalForce_HighSpeedFlying_purple"],"picked":"REME_TheoryOfElimination","floor":18.0},{"not_picked":["MeetDecomposer_purple","StateDuplicate_purple","OmniscientAndOmnipotent_Monster_purple","Mind Blast"],"picked":"SKIP","floor":19.0},{"not_picked":["WingOfChimera_purple","MeetDecomposer_purple","PanicButton"],"picked":"Mirror_FourBoundary_purple","floor":22.0},{"not_picked":["ExistenceContinue_purple","Shallow_ocean_purpleEX","Magnetism"],"picked":"Umbrella_purple+1","floor":23.0},{"not_picked":["Boundary_ObjectiveBoundary_purple","Nest_LightFlightworm_purple+1","RealityDreamConfluencek_purple","Enlightenment"],"picked":"SKIP","floor":24.0},{"not_picked":["BarrageBoundary_PipeDream_purple","RuleDissolution_purple","Worldmountain_purple","REME_HeartOfCthun"],"picked":"SKIP","floor":25.0},{"not_picked":["Bait_HighSpeedFlying_purple","Realm_recovery_purpleEX","Boundary_DreamRealityDamnation_purple","Enlightenment"],"picked":"SKIP","floor":28.0},{"not_picked":["Charmbait_purple","MonsterNeedle_purple","Computing_the_future_purpleEX"],"picked":"Apotheosis","floor":29.0},{"not_picked":["MonsterNeedle_purple","MeetDecomposer_purple","Realm_recovery_purpleEX","REME_HeartOfCthun"],"picked":"SKIP","floor":31.0},{"not_picked":["ContainerChange_purple","ProofOfUnderstanding_purple","Dark Shackles"],"picked":"Mirror_TwoAndThreeElementRealm_purple","floor":33.0},{"not_picked":["MeetDecomposer_purple","SfantasyHide_purple","AdvanceAttack_purple+1","Forethought+1"],"picked":"SKIP","floor":35.0},{"not_picked":["Boundary_DreamRealityDamnation_purple","Realm_recovery_purpleEX+1","REME_MawOfCthun"],"picked":"SharpContractionReality_purple+1","floor":36.0},{"not_picked":["ExistenceContinue_purple+1","OpenedBox_purple","Good Instincts"],"picked":"Fantasy_PerpetualMotionMachine_purple","floor":37.0},{"not_picked":["Mirror_FormAndEmptin_purple","DarkRealmRedLine_purple+1","Magnetism"],"picked":"OpenedBox_purple+1","floor":41.0},{"not_picked":["AdvanceAttack_purple+1","Computing_the_future_purpleEX","WeekHit_purple+1","Thinking Ahead"],"picked":"SKIP","floor":42.0},{"not_picked":["Human_Monster_Realm_purple","RuleDissolution_purple","EighthInstrument_OneDividesIntoTwo_purple","Purity"],"picked":"SKIP","floor":44.0},{"not_picked":["WorldDissolvedintheRealm_purple+1","CommonSense_AntiCommonSense_purple","Mirror_FormAndEmptin_purple","REME_FirmDetermination"],"picked":"SKIP","floor":48}],"player_experience":39183,"relics_obtained":[{"floor":6.0,"key":"Antimatter_spacedebris"},{"floor":8.0,"key":"MawBank"},{"floor":9.0,"key":"Lantern"},{"floor":10.0,"key":"Happy Flower"},{"floor":14.0,"key":"WingedGreaves"},{"floor":17.0,"key":"Tiny Chest"},{"floor":23.0,"key":"War Paint"},{"floor":24.0,"key":"Meat on the Bone"},{"floor":25.0,"key":"Omamori"},{"floor":29.0,"key":"Pantograph"},{"floor":31.0,"key":"Boot"},{"floor":39.0,"key":"White Beast Statue"},{"floor":41.0,"key":"Akabeko"},{"floor":44.0,"key":"Oddly Smooth Stone"},{"floor":47.0,"key":"Prayer Wheel"},{"floor":48,"key":"Blue Candle"}],"event_choices":[],"is_beta":false,"boss_relics":[{"not_picked":["Velvet Choker","Snecko Eye"],"picked":"REME_LowDesire"},{"not_picked":["Pandora\u0027s Box","Tiny House"],"picked":"Astrolabe"}],"items_purged_floors":[2,27,38,45],"is_endless":false,"potions_floor_spawned":[1,4,8,11,13,22,25,28,31,37,41,42,44,47,48],"ascension_level":4}}