{"host":"nx6ib2o6hmd449ys","time":1610261177,"event":{"mods":["100% Spire Juice","2.2 Compatiblity","Act Like it!","Arknights The Spire","Aspiration","Bartender","BaseMod","Better Silent Start","BetterRewards","CCEM","CapriCore","Chen","Colorless Booster Pack","Conjunction","Conspire","Dota2Spire","Downfall","Eldritch Tears","Elementarium","Energized Spire","Fiend Mod","Fireblade Mod","Fox Events","Friendly Minions","Gensokyo","GifTheSpireLib","GungeonMod","Halation","Hallownest","HexUI Lib","HornydragonMod","Hubris","Infinite Spire","Ironclad Rager","Jedi Mod","KinomotoSakuraMod(????)","Magineer Mod","Marisa????????","Menagerie","Mimic Mod","Minty Spire (QoL Compilation)","MostiFishMod","Quick Restart","RRrroohrrRGHHhhh!!","Rare Cards Sparkle","RatMod","Replay The Spire","RumiaBox-????????","SIMod","Shop Mod","Small Relic Pack","Somnambulant","Spicy Shops","Spikes Relics","StSLib","Stuff the Spire","TestMod","The Bladedancer","The Blue Laboratory","The Caster","The Clintock","The Dragon Tamer","The Exalted","The Factory","The Florist","The Gatherer","The Immortal","The Jungle","The Marked","The Runesmith","TheWitcher","Thrall Mod","Wandering Minibosses","Yakumo Yukari mod","Yuyuko","[IsaacMod]????","noobMod","sanctuary","vexMod","??????REMEMod"],"gold_per_floor":[116,116,130,148,159,159,183,31,53,82,131,106,178,212,212,310,310,324,60,72,88,100,132,145,171,171,171,181,199,212,227,236,236,236,340,340,352,451,451,462,167,176,202,202,225,243,274,283,283,12,12,136,136,147,147,147],"floor_reached":55,"playtime":3750,"items_purged":["Decay","StuffTheSpire:CuriosityCurse","Decay"],"score":878,"play_id":"2673256d-1b39-4d07-b23b-9215f1f88404","local_time":"20210110074617","is_ascension_mode":true,"campfire_choices":[{"data":"DoctorFetus","floor":6,"key":"SMITH"},{"data":"blademaster:DancingEdge","floor":15,"key":"SMITH"},{"data":"blademaster:Havoc","floor":27,"key":"SMITH"},{"data":"SnafuTest:BlackSunRise","floor":33,"key":"SMITH"},{"data":"MostiFishMod:KingOfFree","floor":44,"key":"SMITH"},{"floor":51,"key":"DIG"}],"circlet_count":0,"master_deck":["blademaster:Strike","blademaster:Strike","blademaster:Strike","blademaster:Strike","blademaster:Defend","blademaster:Defend","blademaster:Defend","blademaster:Defend","blademaster:RagingBlow","blademaster:HighVoltage","DoctorFetus+1","SnafuTest:BlackSunRise+1","testmod-Mystery","blademaster:Safeguard","blademaster:ThunderSlash","blademaster:FuriousStrike","blademaster:CullingStrike","blademaster:Flurry","blademaster:DancingEdge+1","blademaster:LightningCrash","blademaster:Empower","MostiFishMod:KingOfFree+1","blademaster:FuriousStrike","blademaster:AspectOfLightning","blademaster:Havoc+1","blademaster:AspectOfWind","blademaster:CombatPrep+1","blademaster:ParryingStrike","blademaster:AirSlash","MostiFishMod:SephirahHod","blademaster:BloodyBlow+1","blademaster:TraverseCut","Replay:SS_fish_1"],"relics":["blademaster:DancersAmulet","DaveBox","testmod-TestBox","ice","REME_ComplimentaryCards","HushsDoor","SteamSale","Medical Kit","testmod-Charity","Replay:Bandana","DeadEye","Dota2Spire:Butterfly","StuffTheSpire:Gunfinga","infinitespire:Golems Mask","Dota2Spire:OctarineCore","SynthV:TestCard","Strawberry","ats:Originium","Replay:Rubber Ducky","testmod-Acrobat","REME_HandOfSuture","testmod-LifeArmor","PillsDrop","Mercury Hourglass","BloodDonationMachine","Question Card","testmod-OneHitWonder","energizedSpire:NeverEndingSparkler","GuppysHairball","Chemical X","relicPack:WeightedSword","testmod-EqualTreatment","jedi:HeartOfTheCards","Simple Rune","Shuriken","DemoMod:RatBoots","DemoMod:ResourcefulSack","DemoMod:PartiallyEatenCheese","MostiFishMod:Hod","RhineSuit","jedi:archwizardhat","halation:Jellyphish","halation:LostSnail","StuffTheSpire:Tea","Bromod:ArcaneNullifier","SSSystem","DemoMod:WeirdEgg","Replay:Ringing Soul","Dota2Spire:HandOfMidas","Dota2Spire:PhaseBoots","JellyFishMachine","DemoMod:GlassGuonStoneRelic"],"acts_visited":["Gensokyo:Gensokyo","TheCity","TheCity","TheBeyond","Hallownest:Greenpath"],"potions_floor_usage":[],"damage_taken":[{"damage":0,"enemies":"Gensokyo:2_Kodama","floor":1,"turns":2},{"damage":0,"enemies":"Gensokyo:3_Fairies","floor":3,"turns":3},{"damage":0,"enemies":"Gensokyo:Gryphon","floor":4,"turns":3},{"damage":0,"enemies":"Gensokyo:LivingMonolith","floor":5,"turns":3},{"damage":5,"enemies":"Gensokyo:Aya","floor":7,"turns":4},{"damage":9,"enemies":"Gensokyo:Cirno","floor":10,"turns":7},{"damage":11,"enemies":"Hiden Room Battle","floor":11,"turns":2},{"damage":0,"enemies":"Gensokyo:Mamizou","floor":14,"turns":4},{"damage":22,"enemies":"Gensokyo:Reimu","floor":16,"turns":6},{"damage":3,"enemies":"2 Thieves","floor":18,"turns":2},{"damage":0,"enemies":"Spheric Guardian","floor":20,"turns":2},{"damage":0,"enemies":"Centurion and Healer","floor":21,"turns":1},{"damage":0,"enemies":"Cultist and Chosen","floor":22,"turns":2},{"damage":13,"enemies":"Nightmare","floor":23,"turns":4},{"damage":4,"enemies":"Chosen and Byrds","floor":24,"turns":2},{"damage":0,"enemies":"Gremlin Leader","floor":25,"turns":2},{"damage":9,"enemies":"DemoMod:Veteran_shot_gun_kin_and_bullet_kin","floor":28,"turns":1},{"damage":0,"enemies":"DemoMod:Red_and_blue_shotgun_kin","floor":29,"turns":1},{"damage":0,"enemies":"DemoMod:Veteran_shot_gun_kin_and_red_shotgun_kin_with_gunsinger","floor":30,"turns":1},{"damage":5,"enemies":"DemoMod:Red_and_blue_shotgun_kin_with_gunsinger","floor":31,"turns":1},{"damage":9,"enemies":"DemoMod:Veteran_shot_gun_kin_and_blue_shotgun_kin_with_gunsinger","floor":32,"turns":3},{"damage":69,"enemies":"DemoMod:ResourcefulRat","floor":35,"turns":8},{"damage":4,"enemies":"3 Shapes","floor":37,"turns":1},{"damage":14,"enemies":"Orb Walker","floor":40,"turns":2},{"damage":0,"enemies":"Writhing Mass","floor":42,"turns":1},{"damage":29,"enemies":"R_Hoarder","floor":43,"turns":3},{"damage":0,"enemies":"Transient","floor":46,"turns":3},{"damage":0,"enemies":"Reptomancer","floor":47,"turns":1},{"damage":6,"enemies":"4 Shapes","floor":48,"turns":1},{"damage":24,"enemies":"Awakened One","floor":52,"turns":3},{"damage":0,"enemies":"Hallownest:monsterHuskGuard","floor":54,"turns":1}],"seed_played":"-2335605009402198792","potions_obtained":[{"floor":1,"key":"blueLaboratory:CorrosionFlask"},{"floor":4,"key":"Strength Potion"},{"floor":11,"key":"champ:CounterPotion"},{"floor":16,"key":"blueLaboratory:BottleOfRum"},{"floor":25,"key":"Elixir"}],"is_trial":false,"path_per_floor":["M","?","M","M","M","R","E","$","T","E","?","?","T","E","R","B",null,"M","$","M","M","M","NM","M","E","T","R","M","M","M","M","M","R","B","B",null,"M","?","?","M","$","M","E","R","T","M","E","M","?","$","R","B",null,"M","?"],"character_chosen":"THE_BLADEMASTER","items_purchased":["Replay:Bandana","DeadEye","DemoMod:GnawedKey","StuffTheSpire:Gunfinga","testmod-Acrobat","REME_HandOfSuture","GuppysHairball","MostiFishMod:KingOfFree","Chemical X","relicPack:WeightedSword","testmod-EqualTreatment","jedi:HeartOfTheCards","halation:Jellyphish","halation:LostSnail","StuffTheSpire:Tea","Replay:Ringing Soul","Dota2Spire:HandOfMidas","Replay:SS_fish_1"],"campfire_rested":0,"item_purchase_floors":[0,0,0,0,8,8,17,17,19,19,19,19,41,41,41,50,50,50],"current_hp_per_floor":[59,56,78,97,119,119,151,151,152,206,221,221,222,267,267,294,371,403,403,444,480,527,584,629,673,673,673,697,714,736,761,792,792,819,905,966,990,991,991,998,998,1018,1008,1008,1009,1102,1147,1179,1179,1182,1182,1245,1286,1298,0,0],"gold":147,"neow_bonus":"","is_daily":false,"chose_seed":false,"campfire_upgraded":5,"win_rate":0.0,"timestamp":1610261177,"path_taken":["M","?","M","M","?","R","E","$","T","E","?","?","?","E","R","BOSS","M","$","M","M","?","NM","M","E","T","R","M","M","M","M","M","R","BOSS","BOSS","M","?","?","M","$","M","E","R","T","M","E","M","?","$","R","BOSS","M","?"],"items_purchased_type":["Relic","Relic","Relic","Relic","Relic","Relic","Relic","Card","Relic","Relic","Relic","Relic","Relic","Relic","Relic","Relic","Relic","Card"],"build_version":"2020-12-13","purchased_purges":3,"victory":false,"max_hp_per_floor":[94,101,123,142,164,164,201,201,202,265,291,291,292,337,337,386,371,403,403,444,480,527,591,633,673,673,673,700,717,736,761,795,795,821,966,966,990,991,991,1006,1006,1026,1045,1045,1046,1132,1173,1204,1204,1207,1207,1286,1286,1298,1298,1298],"card_choices":[{"not_picked":[],"picked":"DoctorFetus","floor":0},{"not_picked":["blademaster:Meditate","blademaster:Overcharge","blademaster:IcyWind"],"picked":"SKIP","floor":1},{"not_picked":["blademaster:CombatPrep","blademaster:Sunder","blademaster:AwakeningDefend","blademaster:RagingBlow"],"picked":"blademaster:Safeguard","floor":3},{"not_picked":["blademaster:DaggerAndCloak","blademaster:Sunder","blademaster:BloodyBlow","blademaster:Frontflip"],"picked":"blademaster:ThunderSlash","floor":4},{"not_picked":["blademaster:Gust","blademaster:DeadlyDance","blademaster:DancingEdge","blademaster:UnrelentingWind"],"picked":"blademaster:FuriousStrike","floor":5},{"not_picked":["blademaster:Quickstep","blademaster:Sunder","blademaster:RagingBlow","blademaster:Stability"],"picked":"blademaster:CullingStrike","floor":7},{"not_picked":["blademaster:AspectOfWind","blademaster:AncestralHealing","blademaster:LeechingStrike","blademaster:Thrust"],"picked":"blademaster:Flurry","floor":10},{"not_picked":["blademaster:EyeOfTheTornado","blademaster:Sunder","blademaster:Frontflip","blademaster:Quickness"],"picked":"blademaster:DancingEdge","floor":11},{"not_picked":["blademaster:RagingBlow","blademaster:FuriousStrike","blademaster:Frontflip","blademaster:SharpBlades","blademaster:LeechingStrike"],"picked":"blademaster:LightningCrash","floor":14},{"not_picked":["blademaster:Flash","blademaster:RollingTyphoon","blademaster:ColdBlood","blademaster:FlockOfBlades","blademaster:Blindside"],"picked":"blademaster:Empower","floor":16},{"not_picked":["blademaster:Slice+1","blademaster:LeechingStrike+1","blademaster:Cut","blademaster:Sharpen","blademaster:Overcharge+1"],"picked":"blademaster:FuriousStrike+1","floor":18},{"not_picked":["blademaster:Sunder","blademaster:LightningDraw","blademaster:AspectOfWind+1","blademaster:BloodyBlow","blademaster:Rupture"],"picked":"blademaster:AspectOfLightning","floor":20},{"not_picked":["blademaster:DaggerAndCloak+1","blademaster:Empower","blademaster:AspectOfLightning","blademaster:Flurry","blademaster:DeadlyDance"],"picked":"blademaster:Havoc","floor":21},{"not_picked":["blademaster:Bloodbath+1","blademaster:Rupture","blademaster:Sharpen","blademaster:BloodyBlow","blademaster:Reversal"],"picked":"blademaster:AspectOfWind","floor":22},{"not_picked":["blademaster:Thrust","blademaster:Flurry+1","blademaster:Quickstep+1","blademaster:BloodyBlow","blademaster:EyeOfTheTornado+1"],"picked":"blademaster:CombatPrep+1","floor":23},{"not_picked":["blademaster:Momentum+1","blademaster:Breeze","blademaster:ThunderSlash","blademaster:AwakeningDefend","blademaster:AspectOfWind"],"picked":"blademaster:ParryingStrike","floor":24},{"not_picked":["blademaster:StanceMastery","blademaster:Flurry+1","blademaster:Frontflip","blademaster:BladeDance","blademaster:AspectOfWind","blademaster:Stability"],"picked":"SKIP","floor":25},{"not_picked":["blademaster:FuriousStrike","blademaster:DragonStrike","blademaster:AspectOfLightning","blademaster:RagingBlow","blademaster:AwakeningStrike","blademaster:Frontflip"],"picked":"SKIP","floor":28},{"not_picked":["blademaster:Havoc","blademaster:Vortex","blademaster:SharpBlades+1","blademaster:Sunder+1","blademaster:BladeCross+1"],"picked":"blademaster:AirSlash","floor":29},{"not_picked":["blademaster:Stormstrike","blademaster:OneTrickPony+1","blademaster:DeadlyDance","blademaster:Overcharge+1","blademaster:Frontflip+1","blademaster:DragonStrike"],"picked":"SKIP","floor":30},{"not_picked":["blademaster:DeadlyDance","blademaster:Momentum","blademaster:AspectOfLightning","blademaster:LightningCrash+1","blademaster:Quickstep","blademaster:DragonStrike+1"],"picked":"SKIP","floor":31},{"not_picked":["blademaster:AspectOfWind","blademaster:AirSlash+1","blademaster:EyeOfTheTornado+1","blademaster:FuriousStrike+1","blademaster:Momentum+1","blademaster:WindSlash+1"],"picked":"SKIP","floor":32},{"not_picked":["blademaster:Cut","blademaster:Safeguard","blademaster:UnrelentingWind","blademaster:AwakeningStrike","blademaster:ChargingUp+1"],"picked":"blademaster:BloodyBlow+1","floor":37},{"not_picked":["blademaster:WindSlash+1","blademaster:Sunder","blademaster:ThreePointStrike","blademaster:Cut+1","blademaster:Stability+1","blademaster:CombatPrep"],"picked":"SKIP","floor":40},{"not_picked":["blademaster:Empower","blademaster:EyeOfTheTornado+1","blademaster:Sunder","blademaster:DeadlyDance+1","blademaster:ParryingStrike+1","blademaster:Frenzy+1"],"picked":"SKIP","floor":42},{"not_picked":["blademaster:CullingStrike","blademaster:StanceMastery","blademaster:IcyWind+1","blademaster:Slice","blademaster:AncestralHealing"],"picked":"blademaster:TraverseCut","floor":43},{"not_picked":["blademaster:Meditate+1","blademaster:KiBarrier+1","blademaster:Sharpen+1","blademaster:Safeguard","blademaster:Cut","blademaster:BloodyBlow"],"picked":"SKIP","floor":46},{"not_picked":["blademaster:Reversal+1","blademaster:BloodyBlow+1","blademaster:Thrust","blademaster:DaggerAndCloak+1","blademaster:KiBarrier+1","blademaster:Safeguard+1"],"picked":"SKIP","floor":47},{"not_picked":["blademaster:AirSlash","blademaster:SlyStabs","blademaster:ThunderingOpener+1","blademaster:Slice+1","blademaster:DaggerAndCloak+1","blademaster:IcyWind"],"picked":"SKIP","floor":48},{"not_picked":["blademaster:ChargingUp","blademaster:Havoc","blademaster:Meditate","blademaster:CloudOfSteel","blademaster:DaggerAndCloak","blademaster:AspectOfLightning"],"picked":"SKIP","floor":54}],"player_experience":537268,"relics_obtained":[{"floor":1,"key":"blademaster:RandomBladePerk"},{"floor":1,"key":"SynthV:TestCard"},{"floor":7,"key":"ats:Originium"},{"floor":7,"key":"Replay:Rubber Ducky"},{"floor":7,"key":"blademaster:OnAttackedChargePerk"},{"floor":9,"key":"testmod-LifeArmor"},{"floor":10,"key":"ats:Originium"},{"floor":10,"key":"PillsDrop"},{"floor":10,"key":"blademaster:FinisherDrawCardPerk"},{"floor":11,"key":"Mercury Hourglass"},{"floor":11,"key":"blademaster:StanceHealPerk"},{"floor":11,"key":"BloodDonationMachine"},{"floor":13,"key":"Question Card"},{"floor":14,"key":"ats:Originium"},{"floor":14,"key":"testmod-OneHitWonder"},{"floor":14,"key":"blademaster:DextrousPerk"},{"floor":23,"key":"Simple Rune"},{"floor":23,"key":"blademaster:FuryEveryTurnPerk"},{"floor":25,"key":"Shuriken"},{"floor":25,"key":"blademaster:StrongPerk"},{"floor":36,"key":"DemoMod:RatBoots"},{"floor":36,"key":"DemoMod:ResourcefulSack"},{"floor":36,"key":"DemoMod:PartiallyEatenCheese"},{"floor":36,"key":"MostiFishMod:Hod"},{"floor":36,"key":"RhineSuit"},{"floor":43,"key":"Bromod:ArcaneNullifier"},{"floor":43,"key":"blademaster:BonusFuryPerk"},{"floor":45,"key":"SSSystem"},{"floor":47,"key":"DemoMod:WeirdEgg"},{"floor":47,"key":"blademaster:ComboEveryTurnPerk"},{"floor":51,"key":"Dota2Spire:PhaseBoots"}],"event_choices":[{"damage_healed":0,"gold_gain":0,"player_choice":"Fight","damage_taken":0,"max_hp_gain":0,"max_hp_loss":0,"event_name":"HidenRoomEvent","floor":11,"gold_loss":0},{"damage_healed":0,"gold_gain":0,"player_choice":"Ignored","damage_taken":0,"max_hp_gain":0,"max_hp_loss":0,"event_name":"Falling","floor":49,"gold_loss":0}],"is_beta":false,"boss_relics":[{"not_picked":["Transparent","CosmicIsotope"],"picked":"energizedSpire:NeverEndingSparkler"},{"not_picked":[]},{"not_picked":[]},{"not_picked":["Painkiller Herb","Kintsugi"],"picked":"JellyFishMachine"},{"not_picked":[]}],"items_purged_floors":[19,41,50],"is_endless":true,"potions_floor_spawned":[1,4,11,14,16,20,22,25,28,29,32,35,37,46,47,48,54],"ascension_level":1}}