{"host":"ha6p5pdchuduffeg","time":1610251122,"event":{"mods":["Act Like it!","BaseMod","Gensokyo","KinomotoSakuraMod(ƒæ÷Æ±æ”£)","Koishi","Marisa£®ÏF”Í°°ƒß¿Ì…≥£©","Minty Spire (QoL Compilation)","Reimu£®≤©¿ˆ¡È√Œ£©","Remilia£®¿Ÿ√◊¿Ú—«£©","Replay The Spire","StSLib","The Servant 0.9.4","Youmu£®ªÍ∆«—˝√Œ£©"],"gold_per_floor":[110,110,122,197,37,67,67,67,67,82,107,118,118,153,153,249,249,260,273,129,89,89,121,121,151,151,226,237,252,285,43,43,141,141,160,174,174,92,92,92,92,92,118,469,111,139,158,175,175,175],"floor_reached":51,"playtime":2155,"items_purged":["Decay","Amnesia"],"score":1044,"play_id":"07533a38-02f5-4be1-beb5-30dd163d9f44","local_time":"20210110115842","is_ascension_mode":true,"campfire_choices":[{"data":"KidneyShot","floor":7.0,"key":"SMITH"},{"floor":13.0,"key":"REST"},{"data":"PendulumOfEternity","floor":15.0,"key":"SMITH"},{"floor":24,"key":"REST"},{"floor":32,"key":"REST"},{"data":"SoulSculpture","floor":40,"key":"SMITH"},{"data":"Defy","floor":42,"key":"SMITH"},{"data":"LightFlow","floor":49,"key":"SMITH"}],"circlet_count":0,"master_deck":["Strike_S","Strike_S","Strike_S","Strike_S","Defend_S","Defend_S","Defend_S","Defend_S","KidneyShot+1","Exchange","ShatteredReality","LightFlow","LightFlow+1","Ricochet","Defy+1","Snipe","PendulumOfEternity+1","FlawlessForm+1","CurseOfTheBell","SilverBlades+1","Wraith","Barrier+1","SoulSculpture+1","Gensokyo:AllTheWorldsEvil","Contraction+1","Defy+1","ReplayTheSpireMod:Private Reserves","Gensokyo:ImpossibleRequest","Rearm","DualDimension+1"],"relics":["Uniform","NeowsBlessing","Thread and Needle","Shuriken","Pocketwatch","Regal Pillow","Replay:Grab Bag","Cursed Key","Philosopher\u0027s Stone","Calling Bell","Blood Vial","Kunai","WingedGreaves","RuthlessExorcism:ReiMu","ZunR:ReiMu","Blue Doll","Blue Candle","Sundial","ReplayTheSpireMod:CursedCoin","Mirror","Replay:Ringing Soul","Replay:Ancient Bell","MealTicket","Matryoshka","Durian","Ring of Misfortune","Onion Ring","Broom","Old Coin","Garlic","Counterbalance"],"acts_visited":["Exordium","TheCity","TheBeyond"],"potions_floor_usage":[23,23,50,50,50],"damage_taken":[{"damage":0.0,"enemies":"Small Slimes","floor":1.0,"turns":1.0},{"damage":0.0,"enemies":"Jaw Worm","floor":3.0,"turns":1.0},{"damage":0.0,"enemies":"Lagavulin","floor":6.0,"turns":1.0},{"damage":0.0,"enemies":"Cultist","floor":10.0,"turns":2.0},{"damage":13.0,"enemies":"Gremlin Nob","floor":11.0,"turns":3.0},{"damage":0.0,"enemies":"2 Fungi Beasts","floor":12.0,"turns":2.0},{"damage":0.0,"enemies":"Lagavulin","floor":14.0,"turns":4.0},{"damage":57.0,"enemies":"Hexaghost","floor":16.0,"turns":8.0},{"damage":0.0,"enemies":"Shell Parasite","floor":18.0,"turns":5.0},{"damage":7.0,"enemies":"Spheric Guardian","floor":19.0,"turns":5.0},{"damage":19,"enemies":"Book of Stabbing","floor":23,"turns":4},{"damage":20,"enemies":"Gremlin Leader","floor":25,"turns":4},{"damage":2,"enemies":"Snake Plant","floor":28,"turns":3},{"damage":0,"enemies":"Centurion and Healer","floor":29,"turns":4},{"damage":14,"enemies":"Book of Stabbing","floor":30,"turns":6},{"damage":0,"enemies":"Automaton","floor":33,"turns":12},{"damage":9,"enemies":"3 Shapes","floor":35,"turns":5},{"damage":0,"enemies":"Orb Walker","floor":36,"turns":4},{"damage":4,"enemies":"Spire Growth","floor":38,"turns":5},{"damage":0,"enemies":"2 Orb Walkers","floor":44,"turns":6},{"damage":7,"enemies":"Giant Head","floor":46,"turns":11},{"damage":0,"enemies":"3 Darklings","floor":47,"turns":5},{"damage":0,"enemies":"Transient","floor":48,"turns":5},{"damage":0,"enemies":"Time Eater","floor":50,"turns":13}],"seed_played":"-4210577271430549228","potions_obtained":[{"floor":3.0,"key":"LiquidBronze"},{"floor":11.0,"key":"Reflective Coating"},{"floor":12.0,"key":"EntropicBrew"},{"floor":18.0,"key":"ColorlessPotion"},{"floor":25,"key":"Elixir"},{"floor":38,"key":"Dexterity Potion"},{"floor":44,"key":"LifebloodPotion"}],"is_trial":false,"path_per_floor":["M","?","M","?","$","E","R","?","T","M","E","M","R","E","R","B",null,"M","M","$","?","?","E","R","E","T","$","M","M","E","$","R","B",null,"M","M","?","M","?","R","?","R","T","?","$","E","M","M","R","B",null],"character_chosen":"THE_SERVANT","items_purchased":["LightFlow","RuthlessExorcism:ReiMu","ReplayTheSpireMod:CursedCoin","Replay:Ringing Soul","Garlic"],"campfire_rested":3,"item_purchase_floors":[5,20,27,31,45],"current_hp_per_floor":[65,65,65,54,54,54,54,54,54,54,41,41,60,60,60,3,65,65,58,58,58,58,41,65,45,45,45,45,47,35,35,65,68,76,70,75,75,73,73,73,76,76,79,81,88,84,86,91,91,93],"gold":175,"neow_bonus":"THREE_ENEMY_KILL","is_daily":false,"chose_seed":false,"campfire_upgraded":5,"win_rate":0.0,"timestamp":1610251122,"path_taken":["M","?","M","?","$","E","R","?","T","?","E","M","R","E","R","BOSS","M","M","$","?","?","E","R","E","T","$","M","?","E","$","R","BOSS","M","?","?","?","?","R","?","R","T","?","$","E","?","M","R","BOSS"],"items_purchased_type":["Card","Relic","Relic","Relic","Relic"],"build_version":"2020-12-22","purchased_purges":2,"victory":true,"max_hp_per_floor":[65,65,65,65,65,65,65,65,65,65,65,65,65,65,65,65,65,65,65,65,65,65,65,65,65,65,65,65,65,65,65,65,68,76,79,82,82,82,82,82,85,85,88,88,88,91,91,94,94,94],"card_choices":[{"not_picked":["Potential","Unruled"],"picked":"ShatteredReality","floor":1.0},{"not_picked":["Potential","Spin","BottledTime"],"picked":"SKIP","floor":3.0},{"not_picked":["Unruled","Alleviate"],"picked":"LightFlow","floor":6.0},{"not_picked":["Barrier","Rewind"],"picked":"Ricochet","floor":10.0},{"not_picked":["SpecialFormula","BestPractice"],"picked":"Defy","floor":11.0},{"not_picked":["Spin","Replace"],"picked":"Snipe","floor":12.0},{"not_picked":["Alleviate","RealityMarble"],"picked":"PendulumOfEternity","floor":14.0},{"not_picked":["MurderousAura","TheWorld"],"picked":"FlawlessForm","floor":16.0},{"not_picked":["Potential","Alleviate","Replace+1"],"picked":"SKIP","floor":18.0},{"not_picked":["Deny","Revamp+1"],"picked":"SilverBlades+1","floor":19.0},{"not_picked":["Unruled+1","Hightail","Potential"],"picked":"SKIP","floor":23},{"not_picked":["Snipe","Unruled","FloweringNight"],"picked":"SKIP","floor":25},{"not_picked":["Unruled","Starlight","Spin"],"picked":"SKIP","floor":28},{"not_picked":["Rewind","Alleviate"],"picked":"Barrier+1","floor":29},{"not_picked":["Starlight","Replace","BottledTime+1"],"picked":"SKIP","floor":30},{"not_picked":["Embodiment","Deny"],"picked":"SoulSculpture","floor":33},{"not_picked":["Poor:ReiMu","Normality"],"picked":"Gensokyo:AllTheWorldsEvil","floor":34},{"not_picked":["CurseOfTheBell","Delirium"],"picked":"Amnesia","floor":34},{"not_picked":["Normality","Delirium"],"picked":"ReplayTheSpireMod:IOU","floor":34},{"not_picked":["Luminosity","SurpressingFire"],"picked":"Contraction+1","floor":35},{"not_picked":["Manipulate+1","ShatteredReality"],"picked":"Defy+1","floor":36},{"not_picked":["TimeWarp","Misdirection+1","Rewind"],"picked":"SKIP","floor":38},{"not_picked":["ReplayTheSpireMod:Brewmster","Magnetism"],"picked":"ReplayTheSpireMod:Private Reserves","floor":41},{"not_picked":["Potential","Read"],"picked":"Rearm","floor":46},{"not_picked":["BestPractice","Defy","Spin"],"picked":"SKIP","floor":47},{"not_picked":["BottledTime","ShatteredReality+1"],"picked":"DualDimension+1","floor":48}],"player_experience":43108,"relics_obtained":[{"floor":6.0,"key":"Thread and Needle"},{"floor":9.0,"key":"Shuriken"},{"floor":11.0,"key":"Pocketwatch"},{"floor":14.0,"key":"Regal Pillow"},{"floor":17.0,"key":"Blood Vial"},{"floor":17.0,"key":"Kunai"},{"floor":17.0,"key":"WingedGreaves"},{"floor":23,"key":"Blue Doll"},{"floor":25,"key":"Blue Candle"},{"floor":26,"key":"Sundial"},{"floor":30,"key":"Mirror"},{"floor":39,"key":"Ring of Misfortune"},{"floor":43,"key":"Onion Ring"},{"floor":43,"key":"Broom"},{"floor":44,"key":"Old Coin"},{"floor":46,"key":"Counterbalance"}],"event_choices":[{"damage_healed":0.0,"max_hp_gain":0.0,"max_hp_loss":0.0,"gold_gain":0.0,"event_name":"Golden Wing","player_choice":"Ignored","floor":2.0,"gold_loss":0.0,"damage_taken":0.0},{"damage_healed":0.0,"max_hp_gain":0.0,"max_hp_loss":0.0,"gold_gain":75.0,"event_name":"World of Goop","player_choice":"Gather Gold","floor":4.0,"gold_loss":0.0,"damage_taken":11.0},{"damage_healed":0.0,"max_hp_gain":0.0,"max_hp_loss":0.0,"gold_gain":0.0,"event_name":"The Woman in Blue","player_choice":"Bought 0 Potions","floor":8.0,"gold_loss":0.0,"damage_taken":0.0},{"damage_healed":0.0,"max_hp_gain":0.0,"max_hp_loss":0.0,"gold_gain":0.0,"event_name":"ZunEvent","player_choice":"π∫¬Ú…Òæ∆","floor":21.0,"gold_loss":40.0,"damage_taken":0.0,"relics_obtained":["ZunR:ReiMu"]},{"damage_healed":0.0,"max_hp_gain":0.0,"max_hp_loss":0.0,"gold_gain":0.0,"event_name":"Upgrade Shrine","player_choice":"Upgraded","floor":22.0,"gold_loss":0.0,"damage_taken":0.0,"cards_upgraded":["FlawlessForm"]},{"damage_healed":0,"gold_gain":0,"player_choice":"Ignored","damage_taken":0,"max_hp_gain":0,"max_hp_loss":0,"event_name":"SecretPortal","floor":37,"gold_loss":0},{"damage_healed":0,"gold_gain":0,"player_choice":"Memory 1","damage_taken":0,"max_hp_gain":0,"max_hp_loss":0,"event_name":"SensoryStone","floor":41,"gold_loss":0},{"damage_healed":0,"gold_gain":0,"player_choice":"Fight","damage_taken":0,"max_hp_gain":0,"max_hp_loss":0,"event_name":"Mysterious Sphere","floor":44,"gold_loss":0}],"is_beta":false,"boss_relics":[{"not_picked":["Runic Dome","Black Star"],"picked":"Replay:Grab Bag"},{"not_picked":["Busted Crown","SlaversCollar"],"picked":"Cursed Key"},{"not_picked":["Velvet Choker","Coffee Dripper"],"picked":"Philosopher\u0027s Stone"},{"not_picked":["Empty Cage","Ring of Chaos"],"picked":"Calling Bell"},{"not_picked":["Abe\u0027s Treasure","Replay:Bronze Core"],"picked":"Replay:Ancient Bell"},{"not_picked":["Lantern","Bag of Preparation"],"picked":"MealTicket"},{"not_picked":["Eternal Feather","Replay:Bottled Steam"],"picked":"Matryoshka"},{"not_picked":["Bird Faced Urn","Girya"],"picked":"Durian"}],"items_purged_floors":[27,45],"is_endless":false,"potions_floor_spawned":[3,11,12,18,19,25,38,44,46,48],"ascension_level":1}}