{"host":"6swbl1yqdi8v28pk","time":1610316962,"event":{"mods":["AchievementEnabler","BaseMod","Colored Map","Minty Spire (QoL Compilation)","Quick Restart"],"gold_per_floor":[116,135,20,95,111,111,144,144,144,144,164,180,198,229,229,332,332,348,363,383,383,383,383,181,181,181,197,223,74,92,103,103,103,103],"floor_reached":33,"playtime":1466,"items_purged":["True Grit","Defend_R"],"score":304,"play_id":"23f74b5d-993d-4f12-be3e-f9810d065db7","local_time":"20210110161602","is_ascension_mode":false,"campfire_choices":[{"data":"Seeing Red","floor":6,"key":"SMITH"},{"floor":8,"key":"REST"},{"floor":15,"key":"REST"},{"floor":23,"key":"REST"},{"data":"Limit Break","floor":32,"key":"SMITH"}],"circlet_count":0,"master_deck":["Defend_R","Defend_R","Defend_R","Bash","Reaper","Shrug It Off+1","Limit Break+1","Inflame","Seeing Red+1","Cleave","Bludgeon","Anger","Clothesline","Cleave+1","Immolate+1","Shrug It Off","Iron Wave+1","Iron Wave+1","Bite+1","Bite+1","Bite+1","Bite+1","Bite+1","Double Tap","J.A.X.","Sword Boomerang+1","Flex","Armaments","Cleave+1","Bludgeon+1"],"relics":["Burning Blood","Darkstone Periapt","Bottled Flame","Molten Egg 2","Empty Cage","Ornamental Fan","Oddly Smooth Stone"],"acts_visited":["Exordium","TheCity"],"potions_floor_usage":[14,28,28,33,33],"damage_taken":[{"damage":2,"enemies":"Small Slimes","floor":1,"turns":4},{"damage":0,"enemies":"2 Louse","floor":2,"turns":4},{"damage":2,"enemies":"Jaw Worm","floor":5,"turns":5},{"damage":42,"enemies":"Gremlin Nob","floor":7,"turns":5},{"damage":10,"enemies":"Looter","floor":11,"turns":3},{"damage":10,"enemies":"2 Fungi Beasts","floor":12,"turns":4},{"damage":12,"enemies":"Blue Slaver","floor":13,"turns":4},{"damage":25,"enemies":"3 Sentries","floor":14,"turns":5},{"damage":21,"enemies":"Slime Boss","floor":16,"turns":9},{"damage":0,"enemies":"Spheric Guardian","floor":18,"turns":3},{"damage":20,"enemies":"2 Thieves","floor":19,"turns":2},{"damage":13,"enemies":"3 Cultists","floor":20,"turns":4},{"damage":0,"enemies":"Snecko","floor":27,"turns":5},{"damage":12,"enemies":"Slavers","floor":28,"turns":2},{"damage":10,"enemies":"Cultist and Chosen","floor":30,"turns":5},{"damage":27,"enemies":"Centurion and Healer","floor":31,"turns":7},{"damage":65,"enemies":"Automaton","floor":33,"turns":6}],"seed_played":"-1296412153846115844","potions_obtained":[{"floor":5,"key":"ElixirPotion"},{"floor":7,"key":"Strength Potion"},{"floor":16,"key":"ColorlessPotion"},{"floor":18,"key":"Strength Potion"},{"floor":27,"key":"Fire Potion"},{"floor":31,"key":"AttackPotion"}],"is_trial":false,"path_per_floor":["M","M","$","?","M","R","E","R","T","?","M","M","M","E","R","B",null,"M","M","M","?","?","R","$","?","T","M","E","$","M","M","R","B"],"character_chosen":"IRONCLAD","items_purchased":["Inflame","Seeing Red","Double Tap","SteroidPotion","Armaments"],"campfire_rested":3,"item_purchase_floors":[3,3,24,24,29],"current_hp_per_floor":[64,73,73,62,70,70,38,62,62,62,58,62,56,55,79,77,80,80,66,71,56,56,59,59,59,59,59,53,53,59,47,47,0,0],"gold":103,"neow_bonus":"THREE_RARE_CARDS","is_daily":false,"chose_seed":false,"campfire_upgraded":2,"win_rate":0.0,"timestamp":1610316962,"path_taken":["M","M","$","?","M","R","E","R","T","?","M","M","?","E","R","BOSS","M","M","M","?","?","R","$","?","T","M","E","$","M","M","R","BOSS"],"items_purchased_type":["Card","Card","Card","Potion","Card"],"build_version":"2020-12-22","purchased_purges":2,"victory":false,"max_hp_per_floor":[80,80,80,80,80,80,80,80,80,80,80,80,80,80,80,80,80,80,80,80,85,59,59,59,59,59,59,59,59,59,59,59,59,59],"card_choices":[{"not_picked":["Impervious","Brutality"],"picked":"Reaper","floor":0},{"not_picked":["Wild Strike","Thunderclap"],"picked":"Shrug It Off","floor":1},{"not_picked":["Rupture","True Grit"],"picked":"Limit Break","floor":2},{"not_picked":["Flex","Clothesline"],"picked":"Cleave","floor":5},{"not_picked":["Rampage","Havoc"],"picked":"Bludgeon","floor":7},{"not_picked":["Wild Strike","Thunderclap"],"picked":"True Grit","floor":11},{"not_picked":["Dual Wield","Havoc"],"picked":"Anger","floor":12},{"not_picked":["True Grit","Intimidate"],"picked":"Clothesline","floor":13},{"not_picked":["Sword Boomerang+1","Havoc"],"picked":"Cleave+1","floor":14},{"not_picked":["Exhume","Juggernaut"],"picked":"Immolate+1","floor":16},{"not_picked":["Pommel Strike+1","Reckless Charge+1"],"picked":"Shrug It Off","floor":18},{"not_picked":["Bloodletting","Body Slam+1"],"picked":"Iron Wave+1","floor":19},{"not_picked":["Spot Weakness","Pommel Strike+1"],"picked":"Iron Wave+1","floor":20},{"not_picked":["Entrench+1","Thunderclap+1"],"picked":"Sword Boomerang+1","floor":27},{"not_picked":["Power Through","Headbutt+1"],"picked":"Flex","floor":28},{"not_picked":["Flex","Searing Blow+1"],"picked":"Cleave+1","floor":30},{"not_picked":["Metallicize","Clash+1"],"picked":"Bludgeon+1","floor":31}],"player_experience":92117,"relics_obtained":[{"floor":7,"key":"Darkstone Periapt"},{"floor":9,"key":"Bottled Flame"},{"floor":14,"key":"Molten Egg 2"},{"floor":26,"key":"Ornamental Fan"},{"floor":28,"key":"Oddly Smooth Stone"}],"event_choices":[{"damage_healed":0,"gold_gain":75,"player_choice":"Gather Gold","damage_taken":11,"max_hp_gain":0,"max_hp_loss":0,"event_name":"World of Goop","floor":4,"gold_loss":0},{"damage_healed":0,"gold_gain":0,"player_choice":"Grow","damage_taken":0,"max_hp_gain":0,"max_hp_loss":0,"event_name":"Living Wall","floor":10,"gold_loss":0,"cards_upgraded":["Shrug It Off"]},{"damage_healed":0,"gold_gain":0,"player_choice":"Shed Blood","damage_taken":20,"max_hp_gain":5,"max_hp_loss":0,"event_name":"Forgotten Altar","floor":21,"gold_loss":0},{"damage_healed":0,"gold_gain":0,"player_choice":"Became a vampire","damage_taken":0,"max_hp_gain":0,"max_hp_loss":26,"event_name":"Vampires","floor":22,"gold_loss":0,"cards_obtained":["Bite","Bite","Bite","Bite","Bite"]},{"damage_healed":0,"gold_gain":0,"player_choice":"Obtain J.A.X.","damage_taken":0,"max_hp_gain":0,"max_hp_loss":0,"event_name":"Drug Dealer","floor":25,"gold_loss":0,"cards_obtained":["J.A.X."]}],"is_beta":false,"boss_relics":[{"not_picked":["Snecko Eye","SacredBark"],"picked":"Empty Cage"}],"items_purged_floors":[24,29],"is_endless":false,"potions_floor_spawned":[5,7,16,18,27,31],"killed_by":"Automaton","ascension_level":0}}