{"host":"dl7h25vjpuplx29g","time":1610242021,"event":{"mods":["BaseMod","Colored Map","Minty Spire (QoL Compilation)"],"gold_per_floor":[113,127,144,69,84,84,134,134,134,134,168,168,186,211,211,285,285,240,240,240,240,240,240,240,240],"floor_reached":24,"playtime":81043,"items_purged":["Defend_R"],"score":364,"play_id":"b18b42c3-e1ca-4af9-80e1-46881cda73f8","local_time":"20210110102701","is_ascension_mode":true,"campfire_choices":[{"data":"Inflame","floor":6.0,"key":"SMITH"},{"data":"Bash","floor":8.0,"key":"SMITH"},{"data":"Heavy Blade","floor":10.0,"key":"SMITH"},{"data":"Uppercut","floor":12.0,"key":"SMITH"},{"floor":15,"key":"REST"},{"floor":23,"key":"REST"}],"circlet_count":0,"master_deck":["AscendersBane","Strike_R","Strike_R","Strike_R","Strike_R","Strike_R","Defend_R","Defend_R","Defend_R","Bash+1","Heavy Blade+1","Inflame+1","Heavy Blade","Ghostly Armor","Uppercut+1","Twin Strike","Impervious","Whirlwind","Clothesline+1"],"relics":["Burning Blood","Bag of Marbles","Bottled Flame","Turnip","Omamori","Ectoplasm"],"acts_visited":["Exordium","TheCity"],"potions_floor_usage":[14,16,22],"damage_taken":[{"damage":11.0,"enemies":"2 Louse","floor":1.0,"turns":3.0},{"damage":0.0,"enemies":"Cultist","floor":2.0,"turns":3.0},{"damage":6.0,"enemies":"Jaw Worm","floor":3.0,"turns":5.0},{"damage":0.0,"enemies":"Large Slime","floor":5.0,"turns":4.0},{"damage":40.0,"enemies":"3 Sentries","floor":11.0,"turns":6.0},{"damage":11.0,"enemies":"3 Louse","floor":13.0,"turns":4.0},{"damage":25,"enemies":"Lagavulin","floor":14,"turns":4},{"damage":30,"enemies":"Hexaghost","floor":16,"turns":9},{"damage":28,"enemies":"2 Thieves","floor":18,"turns":4},{"damage":27,"enemies":"3 Byrds","floor":19,"turns":6},{"damage":14,"enemies":"Snake Plant","floor":21,"turns":3},{"damage":8,"enemies":"Cultist and Chosen","floor":22,"turns":4},{"damage":41,"enemies":"Slavers","floor":24,"turns":3}],"seed_played":"-8242771153499663150","potions_obtained":[{"floor":2.0,"key":"Energy Potion"},{"floor":3.0,"key":"FairyPotion"},{"floor":11.0,"key":"ColorlessPotion"},{"floor":14,"key":"Explosive Potion"},{"floor":21,"key":"BlessingOfTheForge"}],"is_trial":false,"path_per_floor":["M","M","M","$","M","R","?","R","T","R","E","R","M","E","R","B",null,"M","M","?","M","M","R","E"],"character_chosen":"IRONCLAD","items_purchased":[],"campfire_rested":2,"item_purchase_floors":[],"current_hp_per_floor":[63,69,69,69,75,75,75,75,75,75,41,41,36,17,39,15,60,38,17,24,16,14,38,0,0],"gold":240,"neow_bonus":"RANDOM_COMMON_RELIC","is_daily":false,"chose_seed":false,"campfire_upgraded":4,"win_rate":0.0,"timestamp":1610242021,"path_taken":["M","M","M","$","M","R","?","R","T","R","E","R","M","E","R","BOSS","M","M","?","M","M","R","E"],"items_purchased_type":[],"build_version":"2020-12-22","purchased_purges":1,"victory":false,"max_hp_per_floor":[75,75,75,75,75,75,75,75,75,75,75,75,75,75,75,75,75,75,75,80,80,80,80,80,80],"card_choices":[{"not_picked":["Cleave","Spot Weakness"],"picked":"Heavy Blade","floor":1.0},{"not_picked":["Iron Wave","Seeing Red"],"picked":"Inflame","floor":2.0},{"not_picked":["Burning Pact","Iron Wave"],"picked":"Heavy Blade","floor":3.0},{"not_picked":["Heavy Blade","Havoc"],"picked":"Ghostly Armor","floor":5.0},{"not_picked":["Juggernaut","Headbutt"],"picked":"Uppercut","floor":11.0},{"not_picked":["Pommel Strike","Reckless Charge"],"picked":"Twin Strike","floor":13.0},{"not_picked":["Rampage","Anger","Thunderclap"],"picked":"SKIP","floor":14},{"not_picked":["Bludgeon","Berserk"],"picked":"Impervious","floor":16},{"not_picked":["Blood for Blood","Thunderclap+1","Body Slam"],"picked":"SKIP","floor":18},{"not_picked":["Combust","Heavy Blade+1","Thunderclap"],"picked":"SKIP","floor":19},{"not_picked":["Thunderclap","Entrench"],"picked":"Whirlwind","floor":21},{"not_picked":["Barricade","Iron Wave"],"picked":"Clothesline+1","floor":22}],"player_experience":1528033,"relics_obtained":[{"floor":9.0,"key":"Bottled Flame"},{"floor":11.0,"key":"Turnip"},{"floor":14,"key":"Omamori"}],"event_choices":[{"damage_healed":0.0,"max_hp_gain":0.0,"max_hp_loss":0.0,"gold_gain":50.0,"event_name":"Golden Shrine","player_choice":"Pray","floor":7.0,"gold_loss":0.0,"damage_taken":0.0},{"damage_healed":0,"gold_gain":0,"player_choice":"Shed Blood","damage_taken":26,"max_hp_gain":5,"max_hp_loss":0,"event_name":"Forgotten Altar","floor":20,"gold_loss":0}],"is_beta":false,"boss_relics":[{"not_picked":["Runic Pyramid","Empty Cage"],"picked":"Ectoplasm"}],"items_purged_floors":[4],"is_endless":false,"potions_floor_spawned":[2,3,11,14,21],"killed_by":"Slavers","ascension_level":15}}