{"host":"7xbu8gt067z192g2","time":1610278730,"event":{"mods":["BaseMod","Better Note","Colored Map","Colored Powertips","Googly Eyes","Highlight Path","Minty Spire (QoL Compilation)","Rare Cards Sparkle","Replay The Spire","StSLib","The Bladedancer","The Cursed","The Hierophant","The Valiant","The Wild Card"],"gold_per_floor":[114,114,132,142,69,69,96,96,96,96,106,106,118,147,147,244,244,255,305,320,333,18,57,57,57,127,162,162,162,183,197,197,197,197],"floor_reached":33,"playtime":2358,"items_purged":["TheCursedMod:HellsGateOpen+1"],"score":295,"play_id":"081250eb-bc33-4d81-a4b6-6bcb630a9b71","local_time":"20210110063850","is_ascension_mode":false,"campfire_choices":[{"data":"TheCursedMod:HellsGateOpen","floor":6,"key":"SMITH"},{"data":"TheCursedMod:ForbiddenAlchemy","floor":8,"key":"SMITH"},{"data":"TheCursedMod:CleanUpWorkshop","floor":24,"key":"SMITH"},{"data":"TheCursedMod:VoidForm","floor":28,"key":"SMITH"},{"floor":32,"key":"DIG"}],"circlet_count":0,"master_deck":["TheCursedMod:Strike_TheCursed","TheCursedMod:Strike_TheCursed","TheCursedMod:Strike_TheCursed","TheCursedMod:Strike_TheCursed+1","TheCursedMod:Defend_TheCursed","TheCursedMod:Defend_TheCursed","TheCursedMod:Defend_TheCursed","TheCursedMod:Defend_TheCursed","TheCursedMod:CursedWand","TheCursedMod:CleanUpWorkshop+1","TheCursedMod:Dregs","TheCursedMod:ForbiddenAlchemy+1","TheCursedMod:CursedAmulet","TheCursedMod:SpitefulStrike","TheCursedMod:CircleOfFlame","TheCursedMod:CursedBoomerang+1","Parasite","TheCursedMod:Neurasthenia","TheCursedMod:AshesToAshes","TheCursedMod:CursedMace","TheCursedMod:VoidForm+1","Amnesia","TheCursedMod:FuryStrike","TheCursedMod:ReleasedKnowledge+1","Writhe","TheCursedMod:LuckyCharm+1","TheCursedMod:CircleOfAbyss"],"relics":["TheCursedMod:BlackMagic101","TheCursedMod:DemonicMark","Replay:Bottled Flurry","Toy Ornithopter","Replay:Grab Bag","Replay:Bronze Core","Philosopher\u0027s Stone","Runic Pyramid","Ring of Greed","Golden Idol","MealTicket","Replay:Accelerometer","Pondfish Scales","Bronze Scales","InkBottle","PreservedInsect","Archangels Feather"],"acts_visited":["Exordium","TheCity"],"potions_floor_usage":[1,1,3,3,3,3,3,4,4,7,7,7,7,11,11,11,14,14,14,14,16,16,16,16,18,18,18,20,20,20,20,21,21,21,23,23,23,23,27,27,27,33],"damage_taken":[{"damage":0,"enemies":"2 Louse","floor":1,"turns":2},{"damage":6,"enemies":"Cultist","floor":3,"turns":3},{"damage":0,"enemies":"Jaw Worm","floor":4,"turns":4},{"damage":21,"enemies":"Replay:BlueRogue","floor":7,"turns":6},{"damage":0,"enemies":"Large Slime","floor":11,"turns":3},{"damage":2,"enemies":"Blue Slaver","floor":13,"turns":3},{"damage":13,"enemies":"3 Sentries","floor":14,"turns":4},{"damage":30,"enemies":"Slime Boss","floor":16,"turns":8},{"damage":28,"enemies":"2 Thieves","floor":18,"turns":3},{"damage":9,"enemies":"Shell Parasite","floor":20,"turns":4},{"damage":29,"enemies":"Cultist and Chosen","floor":21,"turns":5},{"damage":16,"enemies":"Replay:Snechameleon","floor":23,"turns":4},{"damage":37,"enemies":"Slavers","floor":27,"turns":6},{"damage":13,"enemies":"Snake Plant","floor":30,"turns":3},{"damage":11,"enemies":"Snecko","floor":31,"turns":4},{"damage":76,"enemies":"Automaton","floor":33,"turns":8}],"seed_played":"-3351783724409475824","potions_obtained":[{"floor":11,"key":"Doom Potion"},{"floor":14,"key":"ColorlessPotion"},{"floor":18,"key":"SpeedPotion"},{"floor":21,"key":"PowerPotion"},{"floor":30,"key":"SpeedPotion"}],"is_trial":false,"path_per_floor":["M","?","M","M","$","R","E","R","T","?","M","?","M","E","R_BF","B",null,"M","?","M","M","$","E","R","?","T","E","R","?","M","M","R_BF","B"],"character_chosen":"THE_CURSED","items_purchased":["TheCursedMod:HellsGateOpen","Replay:Accelerometer"],"campfire_rested":0,"item_purchase_floors":[5,22],"current_hp_per_floor":[75,75,69,69,69,69,48,48,48,33,33,51,49,36,36,26,75,47,47,58,44,59,63,63,63,63,38,38,38,25,14,14,0,0],"gold":197,"neow_bonus":"ONE_RANDOM_RARE_CARD","is_daily":false,"chose_seed":false,"campfire_upgraded":4,"win_rate":0.0,"timestamp":1610278730,"path_taken":["M","?","M","?","$","R","E","R","T","?","M","?","M","E","R_BF","BOSS","M","?","M","M","$","E","R","?","T","E","R","?","M","?","R_BF","BOSS"],"items_purchased_type":["Card","Relic"],"build_version":"2020-12-22","purchased_purges":1,"victory":false,"max_hp_per_floor":[75,75,75,75,75,75,75,75,75,75,75,75,75,75,75,75,75,75,75,75,75,75,75,75,75,75,75,75,75,75,75,75,75,75],"card_choices":[{"not_picked":["TheCursedMod:RavingStaff","TheCursedMod:RapidMovement"],"picked":"TheCursedMod:CursedAmulet","floor":1},{"not_picked":["TheCursedMod:Mangle","TheCursedMod:TacticalStrike"],"picked":"TheCursedMod:SpitefulStrike","floor":3},{"not_picked":["TheCursedMod:FleshFromBone","TheCursedMod:Obscuration"],"picked":"TheCursedMod:CircleOfFlame","floor":4},{"not_picked":["TheCursedMod:Obscuration","TheCursedMod:WearCloak"],"picked":"TheCursedMod:CursedBoomerang","floor":7},{"not_picked":["TheCursedMod:Mangle","TheCursedMod:FleshFromBone"],"picked":"TheCursedMod:ParallelWorld","floor":11},{"not_picked":["TheCursedMod:RavingStaff","TheCursedMod:CursedAmulet"],"picked":"TheCursedMod:Neurasthenia","floor":13},{"not_picked":["TheCursedMod:CursedStaff","TheCursedMod:Torture"],"picked":"TheCursedMod:AshesToAshes","floor":14},{"not_picked":["TheCursedMod:DemonSword","TheCursedMod:ShockAndAwe"],"picked":"TheCursedMod:VoidForm","floor":16},{"not_picked":["TheCursedMod:FleshFromBone+1","TheCursedMod:CircleOfWindfury","TheCursedMod:ReleasedStrength"],"picked":"SKIP","floor":18},{"not_picked":["TheCursedMod:CircleOfFlame","TheCursedMod:TacticalStrike"],"picked":"TheCursedMod:FuryStrike","floor":20},{"not_picked":["TheCursedMod:Wield","TheCursedMod:SurpriseAttack"],"picked":"TheCursedMod:ReleasedKnowledge+1","floor":21},{"not_picked":["TheCursedMod:TacticalStrike","TheCursedMod:Stigma","TheCursedMod:DoubleShield"],"picked":"SKIP","floor":23},{"not_picked":["TheCursedMod:Torture","TheCursedMod:CursedShiv+1","TheCursedMod:SpitefulStrike"],"picked":"SKIP","floor":27},{"not_picked":["TheCursedMod:AshesToAshes","TheCursedMod:CircleOfCorruption"],"picked":"TheCursedMod:LuckyCharm+1","floor":30},{"not_picked":["TheCursedMod:CircleOfFlame","TheCursedMod:CursedMace+1"],"picked":"TheCursedMod:CircleOfAbyss","floor":31}],"player_experience":170964,"relics_obtained":[{"floor":7,"key":"TheCursedMod:DemonicMark"},{"floor":9,"key":"Replay:Bottled Flurry"},{"floor":14,"key":"Toy Ornithopter"},{"floor":19,"key":"Ring of Greed"},{"floor":19,"key":"Golden Idol"},{"floor":19,"key":"MealTicket"},{"floor":23,"key":"Pondfish Scales"},{"floor":26,"key":"InkBottle"},{"floor":27,"key":"PreservedInsect"},{"floor":32,"key":"Archangels Feather"}],"event_choices":[{"cards_removed":["TheCursedMod:Defend_TheCursed"],"damage_healed":0,"gold_gain":0,"player_choice":"Give","damage_taken":0,"max_hp_gain":0,"max_hp_loss":0,"event_name":"betterNote:BetterNote","floor":2,"gold_loss":0,"cards_obtained":["All For One"]},{"damage_healed":0,"gold_gain":0,"player_choice":"Entered Light","damage_taken":15,"max_hp_gain":0,"max_hp_loss":0,"event_name":"Shining Light","floor":10,"gold_loss":0,"cards_upgraded":["TheCursedMod:Strike_TheCursed","TheCursedMod:CursedBoomerang"]},{"damage_healed":18,"gold_gain":0,"player_choice":"Healed and dodged fight","damage_taken":0,"max_hp_gain":0,"max_hp_loss":0,"event_name":"Mushrooms","floor":12,"gold_loss":0,"cards_obtained":["Parasite"]},{"damage_healed":0,"gold_gain":0,"player_choice":"Bought 0 Potions","damage_taken":0,"max_hp_gain":0,"max_hp_loss":0,"event_name":"The Woman in Blue","floor":29,"gold_loss":0}],"is_beta":false,"boss_relics":[{"not_picked":["Painkiller Herb","Black Star"],"picked":"Replay:Grab Bag"},{"not_picked":["Cursed Key","Sozu"],"picked":"Replay:Bronze Core"},{"not_picked":["Abe\u0027s Treasure","Fusion Hammer"],"picked":"Philosopher\u0027s Stone"},{"not_picked":["TheCursedMod:BlackMagicAdvanced","Snecko Eye"],"picked":"Runic Pyramid"}],"items_purged_floors":[22],"is_endless":false,"potions_floor_spawned":[11,13,14,18,21,30],"killed_by":"Automaton","ascension_level":0}}