{"host":"hf83sijwe64ts2lm","time":1610310865,"event":{"mods":["2.2 Compatiblity","BaseMod","Better Altar","Better Match","Better Note","Better Sensory Stone","Better Skull","Better Third Choice","Colored Map","Colored Powertips","Highlight Path","Hubris","Infinite Spire","Minty Spire (QoL Compilation)","Quick Restart","Rare Cards Sparkle","Relic Stats","Replay The Spire","Shop Mod","Spicy Shops","StSLib","Thieving Mod"],"gold_per_floor":[116,133,133,145,54,54,66,84,84,109,109,109,128,158,158,261,261,272,272,272,272,288,288,321,321,321,349,359,372,372,372],"floor_reached":30,"playtime":1020,"items_purged":[],"score":336,"play_id":"ce5383fc-8a5d-4846-b164-73d1edabe9ae","local_time":"20210110153425","is_ascension_mode":true,"campfire_choices":[{"floor":6.0,"key":"RECALL"},{"data":"infinitespire:OneForAll","floor":11.0,"key":"SMITH"},{"floor":15.0,"key":"REST"},{"floor":23.0,"key":"REST"},{"floor":25.0,"key":"REST"}],"circlet_count":0,"master_deck":["Strike_R","Strike_R","Strike_R","Strike_R","Strike_R","Defend_R","Defend_R","Defend_R","Defend_R","Bash","infinitespire:OneForAll+1","Rampage","Shrug It Off","Flash of Steel","Ghostly Armor","Flex","Pommel Strike","Demon Form","Metallicize","Limit Break+1","Wild Strike","RitualDagger","infinitespire:Starlight","Clothesline+1","Twin Strike+1","Shrug It Off+1","Spot Weakness","Power Through","Thunderclap+1","Twin Strike+1","Wild Strike"],"relics":["Burning Blood","NeowsBlessing","King of Hearts","Pear","hubris:Backtick","Paper Frog","Prayer Wheel","Champion Belt","Mercury Hourglass","Shovel"],"acts_visited":["Exordium","TheCity"],"potions_floor_usage":[30],"damage_taken":[{"damage":0.0,"enemies":"Small Slimes","floor":1.0,"turns":1.0},{"damage":0.0,"enemies":"Cultist","floor":2.0,"turns":1.0},{"damage":0.0,"enemies":"2 Louse","floor":4.0,"turns":1.0},{"damage":6.0,"enemies":"Looter","floor":7.0,"turns":4.0},{"damage":15.0,"enemies":"3 Louse","floor":8.0,"turns":5.0},{"damage":15.0,"enemies":"Gremlin Nob","floor":10.0,"turns":3.0},{"damage":1.0,"enemies":"Exordium Wildlife","floor":13.0,"turns":3.0},{"damage":14.0,"enemies":"Lagavulin","floor":14.0,"turns":6.0},{"damage":24.0,"enemies":"Slime Boss","floor":16.0,"turns":11.0},{"damage":23.0,"enemies":"2 Thieves","floor":18.0,"turns":4.0},{"damage":23.0,"enemies":"Spheric Guardian","floor":22.0,"turns":4.0},{"damage":57.0,"enemies":"Replay:Snechameleon","floor":24.0,"turns":7.0},{"damage":40.0,"enemies":"Book of Stabbing","floor":27.0,"turns":5.0},{"damage":23.0,"enemies":"Centurion and Healer","floor":28.0,"turns":7.0},{"damage":9.0,"enemies":"3 Cultists","floor":29.0,"turns":5.0},{"damage":52,"enemies":"Gremlin Leader","floor":30,"turns":4}],"seed_played":"-5761613844208963576","potions_obtained":[{"floor":1.0,"key":"Energy Potion"},{"floor":3.0,"key":"Fire Potion"},{"floor":3.0,"key":"Regen Potion"},{"floor":7.0,"key":"Strength Potion"},{"floor":8.0,"key":"ElixirPotion"},{"floor":14.0,"key":"AttackPotion"},{"floor":16.0,"key":"DistilledChaos"},{"floor":24.0,"key":"LiquidBronze"},{"floor":28.0,"key":"Adrenaline Potion"},{"floor":29.0,"key":"Strength Potion"}],"is_trial":false,"path_per_floor":["M","M","?","M","$","R","M","M","T","E","R","?","M","E","R","B",null,"M","?","AVR","?","M","R","E","R","T","E","M","M","E"],"character_chosen":"IRONCLAD","items_purchased":["Flash of Steel"],"campfire_rested":3,"item_purchase_floors":[5],"current_hp_per_floor":[80,80,80,80,80,80,80,80,80,71,71,71,76,78,90,72,90,73,67,67,67,50,77,36,63,63,39,32,39,0,0],"gold":372,"neow_bonus":"THREE_ENEMY_KILL","is_daily":false,"chose_seed":false,"campfire_upgraded":1,"win_rate":0.0,"timestamp":1610310865,"path_taken":["M","M","?","M","$","R","?","M","T","E","R","?","M","E","R","BOSS","M","?","AVR","?","M","R","E","R","T","E","M","M","E"],"items_purchased_type":["Card"],"build_version":"2020-12-22","purchased_purges":0,"victory":false,"max_hp_per_floor":[80,80,80,80,80,80,80,80,80,80,80,80,80,90,90,90,90,90,90,90,90,90,90,90,90,90,90,90,90,90,90],"relic_stats":{"Shovel":0,"counters":[16,71],"Prayer Wheel":3,"Champion Belt":[6],"obtain_stats":[{"Pear":14,"hubris:Backtick":20,"Shovel":27,"NeowsBlessing":0,"Prayer Wheel":20,"King of Hearts":10,"Champion Belt":24,"Burning Blood":0,"Paper Frog":20,"Mercury Hourglass":26},{"Pear":8,"hubris:Backtick":10,"Shovel":13,"NeowsBlessing":0,"Prayer Wheel":10,"King of Hearts":6,"Champion Belt":12,"Burning Blood":0,"Paper Frog":10,"Mercury Hourglass":12},{"Pear":24,"hubris:Backtick":39,"Shovel":55,"NeowsBlessing":0,"Prayer Wheel":39,"King of Hearts":15,"Champion Belt":50,"Burning Blood":0,"Paper Frog":39,"Mercury Hourglass":50}],"Burning Blood":69,"Mercury Hourglass":[93]},"card_choices":[{"not_picked":["Perfected Strike","Clothesline"],"picked":"infinitespire:OneForAll","floor":1.0},{"not_picked":["Cleave","Armaments"],"picked":"Rampage","floor":2.0},{"not_picked":["Havoc","Second Wind"],"picked":"Shrug It Off","floor":4.0},{"not_picked":["Rampage","Uppercut"],"picked":"Ghostly Armor","floor":7.0},{"not_picked":["Defy Death","ReplayTheSpireMod:Limb From Limb"],"picked":"Flex","floor":8.0},{"not_picked":["ReplayTheSpireMod:Limb From Limb","Heavy Blade"],"picked":"Pommel Strike","floor":10.0},{"not_picked":["Inflame","Flex"],"picked":"Demon Form","floor":13.0},{"not_picked":["Heavy Blade","Headbutt"],"picked":"Metallicize","floor":14.0},{"not_picked":["Immolate","Double Tap"],"picked":"Limit Break","floor":16.0},{"not_picked":["Power Through","Shrug It Off+1"],"picked":"Wild Strike","floor":18.0},{"not_picked":["True Grit","Demonic Infusion"],"picked":"Clothesline+1","floor":22.0},{"not_picked":["Clothesline+1","Clash"],"picked":"Twin Strike+1","floor":22.0},{"not_picked":["hubris:SharpeningStone","Iron Wave"],"picked":"Shrug It Off+1","floor":24.0},{"not_picked":["Evolve","Combust+1"],"picked":"Spot Weakness","floor":27.0},{"not_picked":["Sever Soul","Heavy Blade"],"picked":"Power Through","floor":28.0},{"not_picked":["Clothesline","Twin Strike"],"picked":"Thunderclap+1","floor":28.0},{"not_picked":["Entrench+1","hubris:ReadiedAction"],"picked":"Twin Strike+1","floor":29.0},{"not_picked":["Havoc+1","ReplayTheSpireMod:Strike From Hell+1"],"picked":"Wild Strike","floor":29.0}],"player_experience":125891,"relics_obtained":[{"floor":10.0,"key":"King of Hearts"},{"floor":14.0,"key":"Pear"},{"floor":24.0,"key":"Champion Belt"},{"floor":26.0,"key":"Mercury Hourglass"},{"floor":27.0,"key":"Shovel"}],"event_choices":[{"damage_healed":0.0,"max_hp_gain":0.0,"max_hp_loss":0.0,"gold_gain":0.0,"event_name":"Lab","player_choice":"Got Potions","floor":3.0,"gold_loss":0.0,"damage_taken":0.0},{"damage_healed":0.0,"max_hp_gain":0.0,"max_hp_loss":0.0,"gold_gain":0.0,"event_name":"betterThird:BetterNest","player_choice":"Dagger","floor":19.0,"gold_loss":0.0,"damage_taken":6.0,"cards_obtained":["RitualDagger"]}],"is_beta":false,"boss_relics":[{"not_picked":["hubris:GrandSneckoEye","Pandora\u0027s Box","Cursed Key"]}],"items_purged_floors":[],"is_endless":false,"potions_floor_spawned":[1,7,8,14,16,24,28,29],"killed_by":"Gremlin Leader","ascension_level":4}}