{"host":"uxq2rly8rxtwffuf","time":1610293920,"event":{"mods":["BaseMod","Koishi","Minty Spire (QoL Compilation)","StSLib","The Servant 0.9.4"],"gold_per_floor":[112,123,48,62,77,77,95,95,122,133,158,158,0,0,0,0,0],"floor_reached":16,"playtime":623,"items_purged":["Strike_S"],"score":199,"play_id":"31673af3-25e4-46f2-ba89-0e562abfda42","local_time":"20210110185200","is_ascension_mode":true,"campfire_choices":[{"data":"Moondial","floor":6,"key":"SMITH"},{"data":"TheWorld","floor":8,"key":"SMITH"},{"floor":15,"key":"REST"}],"circlet_count":0,"master_deck":["AscendersBane","Strike_S","Strike_S","Defend_S","Defend_S","Defend_S","Defend_S","KidneyShot","Exchange","TheWorld+1","Ricochet","Moondial+1","Starlight","ShiftingGears","Moonlight","FlawlessForm"],"relics":["Uniform","Juzu Bracelet","Blood Vial","Pen Nib"],"acts_visited":["Exordium"],"potions_floor_usage":[10,11],"damage_taken":[{"damage":9,"enemies":"Small Slimes","floor":1,"turns":6},{"damage":2,"enemies":"Jaw Worm","floor":2,"turns":6},{"damage":0,"enemies":"2 Louse","floor":4,"turns":2},{"damage":0,"enemies":"2 Fungi Beasts","floor":5,"turns":2},{"damage":0,"enemies":"Looter","floor":7,"turns":2},{"damage":8,"enemies":"Exordium Thugs","floor":10,"turns":5},{"damage":3,"enemies":"Lagavulin","floor":11,"turns":6},{"damage":46,"enemies":"Hexaghost","floor":16,"turns":10}],"seed_played":"-8224033425255535190","potions_obtained":[{"floor":2,"key":"Fire Potion"},{"floor":4,"key":"PowerPotion"},{"floor":11,"key":"SpeedPotion"}],"is_trial":false,"path_per_floor":["M","M","$","M","M","R","M","R","T","M","E","?","$","?","R","B"],"character_chosen":"THE_SERVANT","items_purchased":["Pen Nib"],"campfire_rested":1,"item_purchase_floors":[13],"current_hp_per_floor":[45,43,43,43,43,43,43,43,43,35,32,25,25,25,43,0,0],"gold":0,"neow_bonus":"ONE_RANDOM_RARE_CARD","is_daily":false,"chose_seed":false,"campfire_upgraded":2,"win_rate":0.0,"timestamp":1610293920,"path_taken":["M","M","$","M","M","R","M","R","T","M","E","?","$","?","R","BOSS"],"items_purchased_type":["Relic"],"build_version":"2020-12-22","purchased_purges":1,"victory":false,"max_hp_per_floor":[60,60,60,60,60,60,60,60,60,60,60,60,60,60,60,60,60],"card_choices":[{"not_picked":["Spin","Snipe"],"picked":"Ricochet","floor":1},{"not_picked":["InstantArmor","ShiftingGears"],"picked":"Moondial","floor":2},{"not_picked":["Revamp","TimeTheft"],"picked":"Starlight","floor":4},{"not_picked":["ShatteredReality","DualDimension","ReturningBlade"],"picked":"SKIP","floor":5},{"not_picked":["ShatteredReality","WasteNot"],"picked":"ShiftingGears","floor":7},{"not_picked":["Rearm","Potential"],"picked":"Moonlight","floor":10},{"not_picked":["Potential","Unruled"],"picked":"FlawlessForm","floor":11}],"player_experience":1378476,"relics_obtained":[{"floor":9,"key":"Juzu Bracelet"},{"floor":11,"key":"Blood Vial"}],"event_choices":[{"cards_removed":["Strike_S"],"damage_healed":0,"gold_gain":0,"player_choice":"Card Removal","damage_taken":7,"max_hp_gain":0,"max_hp_loss":0,"event_name":"Golden Wing","floor":12,"gold_loss":0},{"damage_healed":0,"gold_gain":0,"player_choice":"Fled","damage_taken":0,"max_hp_gain":0,"max_hp_loss":0,"event_name":"Scrap Ooze","floor":14,"gold_loss":0}],"is_beta":false,"boss_relics":[],"items_purged_floors":[3],"is_endless":false,"potions_floor_spawned":[2,4,11],"killed_by":"Hexaghost","ascension_level":19}}