{"host":"6749gst1gzuv21qf","time":1610241571,"event":{"mods":["Aspiration","BaseMod","Better Altar","Better Match","Better Note","Better Sensory Stone","Better Skull","Better Third Choice","BetterRewards","Colored Map","Colored Powertips","Downfall","Highlight Path","Minty Spire (QoL Compilation)","Permanent Neow","Replay The Spire","Shop Mod","Spicy Shops","StSLib","The Cursed","Wandering Minibosses"],"gold_per_floor":[0,16,30,43,43,43,92,92,111,123,133,233,265,265,277,380,380,155,172,189,200,200,200,250,250,264,189,207,221,221,221,241,344,344,344,359,375,392,6,6,6,18,36,36,36,50,15,33,51,51],"floor_reached":51,"playtime":6515,"items_purged":[],"score":659,"play_id":"792a8447-8c61-424d-acdb-e4210bc8a644","local_time":"20210109201931","is_ascension_mode":false,"campfire_choices":[{"floor":1,"key":"RECALL"},{"data":"Guardian:EvasiveProtocol","floor":6,"key":"SMITH"},{"data":"Guardian:SpikerProtocol","floor":8,"key":"SMITH"},{"data":"Guardian:RevengeProtocol","floor":18,"key":"SMITH"},{"floor":23,"key":"REST"},{"floor":30,"key":"REST"},{"floor":35,"key":"DIG"},{"data":"Guardian:ConstructionForm","floor":40,"key":"SMITH"},{"data":"Guardian:SphericShield","floor":45,"key":"SMITH"}],"circlet_count":0,"master_deck":["Guardian:Strike_Guardian","Guardian:Strike_Guardian","Guardian:Defend_Guardian","Guardian:Defend_Guardian","Guardian:CurlUp","Guardian:TwinSlam","Guardian:SphericShield+1","Guardian:Orbwalk","Guardian:EvasiveProtocol+1","Guardian:WalkerClaw+1","Guardian:SpikerProtocol+1","Guardian:Suspension","Guardian:TemporalStrike","Guardian:ChargeCore","Guardian:StasisField","Guardian:TimeBomb","Guardian:RevengeProtocol+1","Guardian:RollAttack","Guardian:ArmoredProtocol","Guardian:BronzeOrb","Guardian:ShieldCharger","Guardian:RollAttack","Guardian:DonusPower","Guardian:Incinerate","Guardian:GuardianWhirl","Guardian:GatlingBeam","Guardian:ConstructionForm+1","Guardian:WalkerClaw+1","Guardian:SentryBeam+1","Guardian:FastForward","Guardian:PiercingHide+1","Guardian:TemporalStrike+1","Guardian:FastForward","Guardian:MultiBeam","Guardian:EvasiveProtocol","ReplayTheSpireMod:IOU","ReplayTheSpireMod:IOU","Guardian:WalkerClaw+1","Guardian:Gem_Green","Guardian:Repulse"],"relics":["Guardian:ModeShifter","ReplayTheSpireMod:Ring of Exchange","Ring of Fury","Blue Candle","Membership Card","downfall:HeartBlessingGreen","downfall:HeartBlessingRed","downfall:HeartBlessingBlue","expansioncontent:StudyCardRelic","ReplayTheSpireMod:Lightbulb","MerchantsRug","Vajra","Bronze Scales","Lantern","Iron Hammer","Oddly Smooth Stone","Replay:Bottled Eggs"],"acts_visited":["Exordium","TheCity","TheBeyond"],"potions_floor_usage":[19,26],"damage_taken":[{"damage":0,"enemies":"Jaw Worm","floor":2,"turns":3},{"damage":0,"enemies":"2 Louse","floor":3,"turns":3},{"damage":0,"enemies":"Cultist","floor":4,"turns":4},{"damage":4,"enemies":"Exordium Wildlife","floor":9,"turns":3},{"damage":0,"enemies":"Blue Slaver","floor":10,"turns":3},{"damage":7,"enemies":"3 Louse","floor":11,"turns":3},{"damage":5,"enemies":"3 Sentries","floor":13,"turns":7},{"damage":6,"enemies":"2 Fungi Beasts","floor":15,"turns":3},{"damage":32,"enemies":"downfall:Defect","floor":16,"turns":9},{"damage":22,"enemies":"3 Byrds","floor":19,"turns":6},{"damage":6,"enemies":"Chosen","floor":20,"turns":4},{"damage":33,"enemies":"Shelled Parasite and Fungi","floor":21,"turns":6},{"damage":18,"enemies":"Snake Plant","floor":26,"turns":3},{"damage":0,"enemies":"Centurion and Healer","floor":28,"turns":8},{"damage":7,"enemies":"Shelled Parasite and Fungi","floor":29,"turns":3},{"damage":16,"enemies":"Snake Plant","floor":32,"turns":3},{"damage":33,"enemies":"downfall:Watcher","floor":33,"turns":9},{"damage":1,"enemies":"3 Darklings","floor":36,"turns":3},{"damage":1,"enemies":"3 Shapes","floor":37,"turns":3},{"damage":12,"enemies":"Jaw Worm Horde","floor":38,"turns":4},{"damage":0,"enemies":"downfall:FleeingMerchant","floor":39,"turns":7},{"damage":26,"enemies":"4 Shapes","floor":42,"turns":3},{"damage":0,"enemies":"Spire Growth","floor":43,"turns":6},{"damage":5,"enemies":"Writhing Mass","floor":46,"turns":4},{"damage":10,"enemies":"downfall:FleeingMerchant","floor":47,"turns":4},{"damage":1,"enemies":"3 Darklings","floor":48,"turns":2},{"damage":7,"enemies":"Jaw Worm Horde","floor":49,"turns":3},{"damage":31,"enemies":"downfall:Silent","floor":50,"turns":12}],"seed_played":"-6054919132289798945","potions_obtained":[{"floor":3,"key":"Fire Potion"},{"floor":4,"key":"Guardian:AcceleratePotion"},{"floor":13,"key":"champ:CounterPotion"},{"floor":15,"key":"FairyPotion"},{"floor":21,"key":"ColorlessPotion"},{"floor":25,"key":"Slimebound:ThreeZeroPotion"},{"floor":25,"key":"Adrenaline Potion"},{"floor":26,"key":"SpeedPotion"},{"floor":42,"key":"Fire Potion"},{"floor":48,"key":"sneckomod:MuddlingPotion"},{"floor":49,"key":"Strength Potion"}],"is_trial":false,"path_per_floor":["R","M","M","M","?","R","T","R","M","M","M","?","E","?","M","B",null,"R","M","M","M","?","R","T","?","M","?","M","M","R","?","M","B",null,"R_BF","M","M","M","$","R","T","M","M","?","R","M","$","M","M","B",null],"character_chosen":"GUARDIAN","items_purchased":["MerchantsRug","Vajra","Bronze Scales","Lantern","Guardian:FastForward","Guardian:PiercingHide+1","Oddly Smooth Stone","Guardian:WalkerClaw","Replay:Bottled Eggs"],"campfire_rested":2,"item_purchase_floors":[39,39,39,39,39,39,47,47,47],"current_hp_per_floor":[80,80,80,80,80,80,80,80,76,76,69,69,64,64,58,26,80,90,68,62,29,21,48,48,48,30,30,30,23,50,50,34,1,90,90,89,88,76,76,76,76,50,50,79,79,74,64,63,56,25],"gold":51,"neow_bonus":"TRANSFORM_TWO_CARDS","is_daily":false,"chose_seed":false,"campfire_upgraded":5,"win_rate":0.0,"timestamp":1610241571,"path_taken":["R","M","M","M","?","R","T","R","M","M","M","?","E","?","M","BOSS","R","M","M","?","?","R","T","?","M","?","M","M","R","?","M","BOSS","R_BF","M","M","M","$","R","T","M","M","?","R","M","$","M","M","BOSS"],"items_purchased_type":["Relic","Relic","Relic","Relic","Card","Card","Relic","Card","Relic"],"build_version":"2020-12-22","purchased_purges":0,"victory":true,"max_hp_per_floor":[80,80,80,80,80,80,80,80,80,80,80,80,80,80,80,80,80,90,90,90,90,90,90,90,90,90,90,90,90,90,90,90,90,90,90,90,90,90,90,90,90,90,90,79,79,79,79,79,79,79],"card_choices":[{"not_picked":["Guardian:WalkerClaw","Guardian:Clone"],"picked":"Guardian:EvasiveProtocol","floor":2},{"not_picked":["Guardian:Gem_Cyan","Guardian:Recover"],"picked":"Guardian:WalkerClaw","floor":3},{"not_picked":["Guardian:TemporalShield","Guardian:Harden"],"picked":"Guardian:SpikerProtocol","floor":4},{"not_picked":["Guardian:TemporalStrike","Guardian:Gem_Cyan"],"picked":"Guardian:Suspension","floor":9},{"not_picked":["Guardian:Recover","Guardian:Suspension"],"picked":"Guardian:TemporalStrike","floor":10},{"not_picked":["Guardian:BronzeArmor","Guardian:Emergency"],"picked":"Guardian:ChargeCore","floor":11},{"not_picked":["Guardian:AncientConstruct","Guardian:DonusPower"],"picked":"Guardian:StasisField","floor":13},{"not_picked":["Guardian:ChargeCore","Guardian:Orbwalk"],"picked":"Guardian:TimeBomb","floor":15},{"not_picked":["Guardian:StasisField","Guardian:FierceBash"],"picked":"Guardian:RevengeProtocol","floor":16},{"not_picked":["Guardian:Recover","Guardian:Incinerate"],"picked":"Guardian:RollAttack","floor":19},{"not_picked":["Guardian:TemporalShield","Guardian:WalkerClaw"],"picked":"Guardian:ArmoredProtocol","floor":20},{"not_picked":["Guardian:VentSteam","Guardian:RevengeProtocol"],"picked":"Guardian:Gem_Crimson","floor":21},{"not_picked":["Guardian:Gem_Cyan","Guardian:Incinerate"],"picked":"Guardian:RollAttack","floor":26},{"not_picked":["Guardian:Gem_Fragmented","Guardian:RefractedBeam"],"picked":"Guardian:DonusPower","floor":27},{"not_picked":["Guardian:Incinerate","Guardian:Planning"],"picked":"Guardian:Gem_Red","floor":28},{"not_picked":["Guardian:Gem_Lightblue","Guardian:Planning"],"picked":"Guardian:Incinerate","floor":29},{"not_picked":["Guardian:Reroute","Guardian:RollAttack"],"picked":"Guardian:GatlingBeam","floor":32},{"not_picked":["Guardian:FierceBash","Guardian:Gem_Synthetic"],"picked":"Guardian:ConstructionForm","floor":33},{"not_picked":["Guardian:Gem_Red","Guardian:CrystalBeam"],"picked":"Guardian:WalkerClaw","floor":36},{"not_picked":["Guardian:Repulse+1","Guardian:BronzeArmor+1"],"picked":"Guardian:Gem_Red","floor":37},{"not_picked":["Guardian:Recover","Guardian:Gem_Red"],"picked":"Guardian:SentryBeam+1","floor":38},{"not_picked":["Guardian:PiercingHide+1","Guardian:PolyBeam"],"picked":"Guardian:Gem_Purple","floor":39},{"not_picked":["Guardian:Incinerate","Guardian:PiercingHide+1"],"picked":"Guardian:TemporalStrike+1","floor":42},{"not_picked":["Guardian:Planning","Guardian:Gem_Lightblue"],"picked":"Guardian:FastForward","floor":43},{"not_picked":["Guardian:CrystalBeam+1","Guardian:PiercingHide+1"],"picked":"Guardian:MultiBeam","floor":46},{"not_picked":["Guardian:BronzeArmor+1","Guardian:BronzeOrb"],"picked":"Guardian:EvasiveProtocol","floor":47},{"not_picked":["Guardian:Gem_Fragmented","Guardian:Recover+1"],"picked":"Guardian:Gem_Green","floor":48},{"not_picked":["Guardian:TemporalShield","Guardian:Gem_Cyan"],"picked":"Guardian:Repulse","floor":49}],"player_experience":606433,"relics_obtained":[{"floor":5,"key":"ReplayTheSpireMod:Ring of Exchange"},{"floor":5,"key":"Ring of Fury"},{"floor":13,"key":"Blue Candle"},{"floor":24,"key":"Replay:Wax Seal"},{"floor":35,"key":"ReplayTheSpireMod:Lightbulb"},{"floor":41,"key":"Iron Hammer"}],"event_choices":[{"damage_healed":0,"gold_gain":0,"player_choice":"Got Potions","damage_taken":0,"max_hp_gain":0,"max_hp_loss":0,"event_name":"Lab","floor":25,"gold_loss":0},{"damage_healed":0,"gold_gain":0,"player_choice":"1","damage_taken":0,"max_hp_gain":0,"max_hp_loss":0,"event_name":"betterMatch:BetterMatch","floor":27,"gold_loss":0,"cards_obtained":["betterMatch:UncommonCard"]},{"damage_healed":0,"gold_gain":0,"player_choice":"Read","damage_taken":0,"max_hp_gain":0,"max_hp_loss":0,"event_name":"The Library","floor":31,"gold_loss":0,"cards_obtained":["Guardian:GuardianWhirl"]}],"is_beta":false,"boss_relics":[{"not_picked":["aspiration:FutureDiary","Medical Kit"],"picked":"Membership Card"},{"not_picked":["Black Star","aspiration:SilentSkillbook"],"picked":"expansioncontent:StudyCardRelic"}],"items_purged_floors":[],"is_endless":false,"potions_floor_spawned":[3,4,13,15,21,26,28,36,42,48,49],"ascension_level":0}}