{"host":"lklj3eidp7g5an38","time":1610241486,"event":{"mods":["BaseMod","Minty Spire (QoL Compilation)","Relic Stats","StSLib"],"gold_per_floor":[116,135,60,80,80,110,121,121,121,147,190,215,215,273,273,401,401,437,191,226,101,101,101,154,154,154,205,17,77,77,118,118,241,241,276,276,351,351,74,74,131,131,201,251,251,306,334,434,434,434],"floor_reached":51,"playtime":5557,"items_purged":["Poisoned Stab","Cold Snap","Doom and Gloom+1"],"score":1452,"play_id":"0bb29681-a3b1-499d-8681-407b66a42eb1","local_time":"20210110011806","daily_mods":["Draft","Diverse","Elite Swarm"],"is_ascension_mode":true,"campfire_choices":[{"data":"Prepared","floor":8.0,"key":"SMITH"},{"floor":13.0,"key":"REST"},{"data":"Adrenaline","floor":15.0,"key":"SMITH"},{"data":"Coolheaded","floor":23,"key":"SMITH"},{"data":"Doppelganger","floor":25,"key":"SMITH"},{"data":"Machine Learning","floor":30,"key":"SMITH"},{"data":"Demon Form","floor":32,"key":"SMITH"},{"data":"Wireheading","floor":40,"key":"SMITH"},{"data":"Machine Learning","floor":42,"key":"SMITH"},{"data":"TalkToTheHand","floor":45,"key":"SMITH"},{"data":"Redo","floor":49,"key":"SMITH"}],"circlet_count":0,"master_deck":["AscendersBane","Terror","Backflip","Protect","Shrug It Off","Thunderclap+1","Coolheaded+1","Slice","Gash","Prepared+1","PiercingWail","Redo+1","Whirlwind","DeusExMachina","Wish","Demon Form+1","Adrenaline+1","Reaper","Leap+1","Doppelganger+1","Wireheading+1","TalkToTheHand+1","Reinforced Body","Feed","Exhume","Machine Learning+1","Meteor Strike","Brutality"],"relics":["Cracked Core","Anchor","Kunai","Pocketwatch","Mummified Hand","MealTicket","Sozu","Whetstone","Letter Opener","StrikeDummy","Thread and Needle","Cables","Incense Burner","Empty Cage","WingedGreaves","Membership Card","InkBottle","Bottled Tornado","Bottled Flame","Prayer Wheel","Peace Pipe","Happy Flower"],"acts_visited":["Exordium","TheCity","TheBeyond"],"potions_floor_usage":[],"damage_taken":[{"damage":0.0,"enemies":"Cultist","floor":1.0,"turns":3.0},{"damage":0.0,"enemies":"Small Slimes","floor":2.0,"turns":2.0},{"damage":1.0,"enemies":"Jaw Worm","floor":4.0,"turns":2.0},{"damage":24.0,"enemies":"Gremlin Nob","floor":6.0,"turns":4.0},{"damage":0.0,"enemies":"2 Fungi Beasts","floor":7.0,"turns":3.0},{"damage":0.0,"enemies":"3 Sentries","floor":10.0,"turns":3.0},{"damage":2.0,"enemies":"3 Louse","floor":11.0,"turns":4.0},{"damage":19.0,"enemies":"Gremlin Nob","floor":12.0,"turns":4.0},{"damage":4.0,"enemies":"3 Sentries","floor":14.0,"turns":4.0},{"damage":19.0,"enemies":"The Guardian","floor":16.0,"turns":7.0},{"damage":0.0,"enemies":"3 Byrds","floor":18.0,"turns":4.0},{"damage":6,"enemies":"Shell Parasite","floor":20,"turns":5},{"damage":21,"enemies":"Slavers","floor":24,"turns":6},{"damage":0,"enemies":"Book of Stabbing","floor":27,"turns":4},{"damage":7,"enemies":"Gremlin Leader","floor":29,"turns":6},{"damage":0,"enemies":"Snecko","floor":31,"turns":5},{"damage":24,"enemies":"Collector","floor":33,"turns":8},{"damage":10,"enemies":"3 Shapes","floor":35,"turns":5},{"damage":6,"enemies":"Mind Bloom Boss Battle","floor":37,"turns":7},{"damage":12,"enemies":"Reptomancer","floor":41,"turns":6},{"damage":50,"enemies":"Nemesis","floor":44,"turns":8},{"damage":0,"enemies":"Giant Head","floor":46,"turns":8},{"damage":66,"enemies":"Reptomancer","floor":47,"turns":4},{"damage":33,"enemies":"Donu and Deca","floor":50,"turns":6}],"seed_played":"1987756104970199567","potions_obtained":[{"floor":1.0,"key":"Explosive Potion"},{"floor":4.0,"key":"Explosive Potion"},{"floor":6.0,"key":"BlessingOfTheForge"},{"floor":7.0,"key":"Fire Potion"},{"floor":11.0,"key":"Explosive Potion"}],"is_trial":true,"path_per_floor":["M","M","$","M","?","E","M","R","T","E","M","E","R","E","R","B",null,"M","$","M","$","?","R","E","R","T","E","$","E","R","M","R","B",null,"M","?","?","?","$","R","E","R","T","E","R","E","E","?","R","B",null],"character_chosen":"DEFECT","items_purchased":["Whetstone","Wireheading","TalkToTheHand","Reinforced Body","Membership Card","InkBottle"],"campfire_rested":1,"item_purchase_floors":[19,28,28,28,39,39],"current_hp_per_floor":[68,68,68,67,72,48,48,48,48,48,46,27,49,45,45,26,63,75,75,73,75,75,75,74,74,74,74,75,75,75,78,78,75,77,73,73,86,86,86,86,89,89,89,75,75,95,71,71,71,94],"gold":434,"neow_bonus":"","is_daily":false,"chose_seed":false,"campfire_upgraded":10,"win_rate":0.0,"timestamp":1610241486,"path_taken":["M","?","?","M","?","E","?","R","T","E","M","E","R","E","R","BOSS","M","?","?","$","?","R","E","R","T","E","$","E","R","M","R","BOSS","M","?","?","?","$","R","E","R","T","E","R","E","E","?","R","BOSS"],"items_purchased_type":["Relic","Card","Card","Card","Relic","Relic"],"build_version":"2020-12-22","purchased_purges":3,"victory":true,"max_hp_per_floor":[75,75,75,75,75,75,75,75,75,75,75,75,75,75,75,75,75,75,75,75,75,75,75,75,75,75,75,75,75,75,78,78,78,78,84,80,86,86,86,86,89,89,89,92,92,95,95,95,95,95],"relic_stats":{"Happy Flower":[2],"counters":[24,118],"Whetstone":["Doom and Gloom","Thunderclap"],"Letter Opener":[415],"Cables":[53,35,9,0,9],"Sozu":6,"Peace Pipe":1,"Mummified Hand":[56],"MealTicket":3,"Prayer Wheel":0,"Kunai":[32],"obtain_stats":[{"Happy Flower":47,"Thread and Needle":26,"Incense Burner":29,"Whetstone":19,"Letter Opener":22,"Bottled Tornado":41,"Empty Cage":34,"Cables":27,"Sozu":17,"Peace Pipe":46,"Anchor":6,"Bottled Flame":43,"Mummified Hand":12,"MealTicket":14,"Prayer Wheel":44,"WingedGreaves":37,"Kunai":9,"Membership Card":39,"Cracked Core":0,"StrikeDummy":24,"InkBottle":39,"Pocketwatch":10},{"Happy Flower":23,"Thread and Needle":13,"Incense Burner":15,"Whetstone":11,"Letter Opener":12,"Bottled Tornado":20,"Empty Cage":17,"Cables":14,"Sozu":10,"Peace Pipe":22,"Anchor":4,"Bottled Flame":20,"Mummified Hand":8,"MealTicket":9,"Prayer Wheel":21,"WingedGreaves":19,"Kunai":5,"Membership Card":19,"Cracked Core":0,"StrikeDummy":13,"InkBottle":19,"Pocketwatch":6},{"Happy Flower":112,"Thread and Needle":51,"Incense Burner":61,"Whetstone":40,"Letter Opener":45,"Bottled Tornado":92,"Empty Cage":74,"Cables":55,"Sozu":36,"Peace Pipe":108,"Anchor":11,"Bottled Flame":92,"Mummified Hand":25,"MealTicket":29,"Prayer Wheel":100,"WingedGreaves":86,"Kunai":14,"Membership Card":86,"Cracked Core":0,"StrikeDummy":51,"InkBottle":86,"Pocketwatch":17}],"InkBottle":[21],"Pocketwatch":[47]},"card_choices":[{"not_picked":["Setup","Steam"],"picked":"Terror","floor":0.0},{"not_picked":["Clash","Weave"],"picked":"Backflip","floor":0.0},{"not_picked":["Halt","Eviscerate"],"picked":"Cold Snap","floor":0.0},{"not_picked":["True Grit","Cleave"],"picked":"Protect","floor":0.0},{"not_picked":["Deflect","PathToVictory"],"picked":"Shrug It Off","floor":0.0},{"not_picked":["Infinite Blades","Havoc"],"picked":"Thunderclap","floor":0.0},{"not_picked":["Weave","Bane"],"picked":"Streamline","floor":0.0},{"not_picked":["Beam Cell","Rupture"],"picked":"Doom and Gloom","floor":0.0},{"not_picked":["Pummel","Backflip"],"picked":"Coolheaded","floor":0.0},{"not_picked":["Crescendo","Indignation"],"picked":"Slice","floor":0.0},{"not_picked":["Slice","Rebound"],"picked":"Gash","floor":0.0},{"not_picked":["Steam Power","Sword Boomerang"],"picked":"Havoc","floor":0.0},{"not_picked":["EmptyBody","Catalyst"],"picked":"Prepared","floor":0.0},{"not_picked":["Slice","WreathOfFlame"],"picked":"PiercingWail","floor":0.0},{"not_picked":["Streamline","Shrug It Off"],"picked":"Poisoned Stab","floor":0.0},{"not_picked":["Twin Strike","ReachHeaven"],"picked":"Redo","floor":1.0},{"not_picked":["Fire Breathing","Wallop"],"picked":"Whirlwind","floor":2.0},{"not_picked":["Concentrate","BowlingBash","Havoc"],"picked":"SKIP","floor":4.0},{"not_picked":["Creative AI","Bullet Time"],"picked":"DeusExMachina","floor":6.0},{"not_picked":["Meditate","CarveReality","Tantrum"],"picked":"SKIP","floor":7.0},{"not_picked":["Hyperbeam","Double Tap"],"picked":"Wish","floor":10.0},{"not_picked":["EmptyFist","FlyingSleeves","Backflip"],"picked":"SKIP","floor":11.0},{"not_picked":["Venomology","Fission"],"picked":"Demon Form","floor":12.0},{"not_picked":["Envenom","Judgement"],"picked":"Adrenaline","floor":14.0},{"not_picked":["Storm of Steel","Adrenaline"],"picked":"Reaper","floor":16.0},{"not_picked":["Glacier","Terror"],"picked":"Leap+1","floor":18.0},{"not_picked":["Sentinel","Heavy Blade","BowlingBash"],"picked":"SKIP","floor":20},{"not_picked":["Buffer","ConjureBlade"],"picked":"Doppelganger","floor":24},{"not_picked":["Alpha","Devotion"],"picked":"Machine Learning","floor":27},{"not_picked":["Wish","Offering"],"picked":"Feed","floor":29},{"not_picked":["Dodge and Roll","Searing Blow","Conserve Battery+1"],"picked":"SKIP","floor":31},{"not_picked":["Envenom","A Thousand Cuts"],"picked":"Exhume","floor":33},{"not_picked":["Fire Breathing+1","Expertise","Flex+1"],"picked":"SKIP","floor":35},{"not_picked":["Hyperbeam","Reaper"],"picked":"Machine Learning","floor":41},{"not_picked":["Electrodynamics","Juggernaut"],"picked":"Meteor Strike","floor":44},{"not_picked":["Immolate","Alpha"],"picked":"Brutality","floor":46},{"not_picked":["Brutality","Berserk","Brilliance"],"picked":"SKIP","floor":47}],"player_experience":905478,"relics_obtained":[{"floor":6.0,"key":"Anchor"},{"floor":9.0,"key":"Kunai"},{"floor":10.0,"key":"Pocketwatch"},{"floor":12.0,"key":"Mummified Hand"},{"floor":14.0,"key":"MealTicket"},{"floor":24,"key":"StrikeDummy"},{"floor":26,"key":"Thread and Needle"},{"floor":27,"key":"Cables"},{"floor":29,"key":"Incense Burner"},{"floor":37,"key":"WingedGreaves"},{"floor":41,"key":"Bottled Tornado"},{"floor":43,"key":"Bottled Flame"},{"floor":44,"key":"Prayer Wheel"},{"floor":46,"key":"Peace Pipe"},{"floor":47,"key":"Happy Flower"}],"event_choices":[{"cards_removed":["Havoc"],"damage_healed":5.0,"max_hp_gain":0.0,"max_hp_loss":0.0,"gold_gain":0.0,"event_name":"Bonfire Elementals","player_choice":"Offered Common","floor":5.0,"gold_loss":0.0,"damage_taken":0.0},{"cards_removed":["Havoc"],"damage_healed":5.0,"max_hp_gain":0.0,"max_hp_loss":0.0,"gold_gain":0.0,"event_name":"Bonfire Elementals","player_choice":"Offered Special","floor":5.0,"gold_loss":0.0,"damage_taken":0.0},{"damage_healed":0,"gold_gain":0,"player_choice":"Opened","damage_taken":0,"relics_obtained":["Letter Opener"],"max_hp_gain":0,"max_hp_loss":0,"event_name":"The Mausoleum","floor":22,"gold_loss":0,"cards_obtained":["Writhe"]},{"damage_healed":0,"gold_gain":0,"player_choice":"Max HP","damage_taken":0,"max_hp_gain":0,"max_hp_loss":4,"event_name":"Winding Halls","floor":36,"gold_loss":0},{"damage_healed":0,"gold_gain":0,"player_choice":"Fight","damage_taken":0,"max_hp_gain":0,"max_hp_loss":0,"event_name":"MindBloom","floor":37,"gold_loss":0},{"cards_removed":["Machine Learning"],"damage_healed":0,"gold_gain":0,"player_choice":"Removed Power","damage_taken":0,"max_hp_gain":0,"max_hp_loss":0,"event_name":"Falling","floor":38,"gold_loss":0},{"damage_healed":0,"gold_gain":100,"player_choice":"Pray","damage_taken":0,"max_hp_gain":0,"max_hp_loss":0,"event_name":"Golden Shrine","floor":48,"gold_loss":0}],"is_beta":false,"boss_relics":[{"not_picked":["SacredBark","SlaversCollar"],"picked":"Sozu"},{"not_picked":["Astrolabe","Runic Dome"],"picked":"Empty Cage"}],"items_purged_floors":[3,19,21],"is_endless":false,"potions_floor_spawned":[1,4,6,7,11,18,27,29,31,33,41],"ascension_level":10}}