{"host":"gwe4vfv9m9l8sob8","time":1610245275,"event":{"mods":["AchievementEnabler","BaseMod","DeckTracker","Minty Spire (QoL Compilation)"],"gold_per_floor":[118,43,43,118,134,134,162,190,214,240,266,266,24,67,67,67,67],"floor_reached":16,"playtime":511,"items_purged":[],"score":246,"play_id":"1a92c0c1-d069-4cf1-b270-3538e564d776","local_time":"20210110022115","is_ascension_mode":true,"campfire_choices":[{"data":"Armaments","floor":6,"key":"SMITH"},{"data":"Battle Trance","floor":12,"key":"SMITH"},{"data":"Bludgeon","floor":15,"key":"SMITH"}],"circlet_count":0,"master_deck":["AscendersBane","Strike_R","Strike_R","Strike_R","Strike_R","Defend_R","Defend_R","Defend_R","Defend_R","Bash","Wild Strike","Armaments+1","Shrug It Off","Battle Trance+1","Double Tap","Bludgeon+1"],"relics":["Burning Blood","NeowsBlessing","Toy Ornithopter","CeramicFish","Lantern","Blood Vial","Strawberry","Dream Catcher"],"acts_visited":["Exordium"],"potions_floor_usage":[16,16],"damage_taken":[{"damage":0,"enemies":"2 Louse","floor":1,"turns":1},{"damage":0,"enemies":"Cultist","floor":5,"turns":1},{"damage":0,"enemies":"Gremlin Nob","floor":7,"turns":1},{"damage":7,"enemies":"Jaw Worm","floor":8,"turns":5},{"damage":15,"enemies":"Large Slime","floor":10,"turns":9},{"damage":20,"enemies":"Lagavulin","floor":14,"turns":5},{"damage":59,"enemies":"The Guardian","floor":16,"turns":9}],"seed_played":"-996278715064795809","potions_obtained":[{"floor":1,"key":"DistilledChaos"},{"floor":7,"key":"SkillPotion"},{"floor":14,"key":"AttackPotion"}],"is_trial":false,"path_per_floor":["M","?","?","?","M","R","E","M","T","M","T","R","$","E","R","B"],"character_chosen":"IRONCLAD","items_purchased":["Double Tap","Strawberry"],"campfire_rested":0,"item_purchase_floors":[13,13],"current_hp_per_floor":[74,74,63,52,58,58,64,63,63,54,54,54,61,49,49,2,2],"gold":67,"neow_bonus":"THREE_ENEMY_KILL","is_daily":false,"chose_seed":false,"campfire_upgraded":3,"win_rate":0.0,"timestamp":1610245275,"path_taken":["M","?","?","?","M","R","E","M","T","M","?","R","$","E","R","BOSS"],"items_purchased_type":["Card","Relic"],"build_version":"2020-12-22","purchased_purges":0,"victory":false,"max_hp_per_floor":[75,75,75,75,75,75,75,75,75,75,75,75,82,82,82,82,82],"card_choices":[{"not_picked":["Warcry","Uppercut"],"picked":"Wild Strike","floor":1},{"not_picked":["Hemokinesis","Sever Soul"],"picked":"Armaments","floor":5},{"not_picked":["Rupture","Second Wind","Spot Weakness"],"picked":"SKIP","floor":7},{"not_picked":["Intimidate","Headbutt"],"picked":"Shrug It Off","floor":8},{"not_picked":["Dual Wield","Power Through"],"picked":"Battle Trance","floor":10},{"not_picked":["Headbutt","Shockwave"],"picked":"Bludgeon","floor":14}],"player_experience":1210069,"relics_obtained":[{"floor":7,"key":"CeramicFish"},{"floor":9,"key":"Lantern"},{"floor":11,"key":"Blood Vial"},{"floor":14,"key":"Dream Catcher"}],"event_choices":[{"cards_removed":["Strike_R"],"damage_healed":0,"gold_gain":0,"player_choice":"Card Removal","damage_taken":0,"max_hp_gain":0,"max_hp_loss":0,"event_name":"The Cleric","floor":2,"gold_loss":75},{"damage_healed":0,"gold_gain":0,"player_choice":"Success","damage_taken":11,"relics_obtained":["Toy Ornithopter"],"max_hp_gain":0,"max_hp_loss":0,"event_name":"Scrap Ooze","floor":3,"gold_loss":0},{"damage_healed":0,"gold_gain":75,"player_choice":"Gather Gold","damage_taken":11,"max_hp_gain":0,"max_hp_loss":0,"event_name":"World of Goop","floor":4,"gold_loss":0}],"is_beta":false,"boss_relics":[],"items_purged_floors":[],"is_endless":false,"potions_floor_spawned":[1,7,14],"killed_by":"The Guardian","ascension_level":17}}