{"host":"mydft8i2zzydgggw","time":1610296909,"event":{"mods":["AchievementEnabler","BaseMod","BetterRewards","Colored Map","Colored Powertips","DeckTracker","Keyboard Shortcuts","Minty Spire (QoL Compilation)","Quick Restart","Rare Cards Sparkle","StSLib","SuperFastMode","The Poker Player","everything is the same but u backflip on backflip"],"gold_per_floor":[119,119,134,149,149,149,174,174,197,197,50,50,91,105,105,105,105],"floor_reached":16,"playtime":251,"items_purged":["Defend_P"],"score":120,"play_id":"272c71ae-d23a-4a63-a5fc-52cb2e5cbdb0","local_time":"20210111014149","is_ascension_mode":true,"campfire_choices":[{"data":"Eruption","floor":6,"key":"SMITH"},{"data":"Vigilance","floor":8,"key":"SMITH"},{"floor":10,"key":"REST"},{"data":"Judgement","floor":15,"key":"SMITH"}],"circlet_count":0,"master_deck":["Strike_P","Strike_P","Strike_P","Defend_P","Defend_P","Defend_P","Eruption+1","Vigilance+1","CurseOfTheBell","LikeWater","Judgement+1"],"relics":["Calling Bell","Pen Nib","Blue Candle","Thread and Needle","Golden Idol","Nunchaku","Potion Belt"],"acts_visited":["Exordium"],"potions_floor_usage":[3,7,13,13,13,16],"damage_taken":[{"damage":2,"enemies":"2 Louse","floor":1,"turns":4},{"damage":9,"enemies":"Cultist","floor":3,"turns":3},{"damage":1,"enemies":"Jaw Worm","floor":4,"turns":3},{"damage":12,"enemies":"Exordium Wildlife","floor":7,"turns":4},{"damage":18,"enemies":"Gremlin Nob","floor":13,"turns":3},{"damage":1,"enemies":"Blue Slaver","floor":14,"turns":5},{"damage":68,"enemies":"Slime Boss","floor":16,"turns":3}],"seed_played":"9118673905916140666","potions_obtained":[{"floor":1,"key":"Regen Potion"},{"floor":4,"key":"PowerPotion"},{"floor":12,"key":"FearPotion"},{"floor":12,"key":"DistilledChaos"},{"floor":12,"key":"Swift Potion"},{"floor":13,"key":"LiquidMemories"}],"is_trial":false,"path_per_floor":["M","?","M","M","?","R","M","R","T","R","$","?","E","M","R","B"],"character_chosen":"WATCHER","items_purchased":["LikeWater"],"campfire_rested":1,"item_purchase_floors":[11],"current_hp_per_floor":[70,70,64,63,63,63,51,51,51,67,67,67,49,48,48,0,0],"gold":105,"neow_bonus":"BOSS_RELIC","is_daily":false,"chose_seed":false,"campfire_upgraded":3,"win_rate":0.0,"timestamp":1610296909,"path_taken":["M","?","?","?","?","R","M","R","T","R","?","?","E","M","R","BOSS"],"items_purchased_type":["Card"],"build_version":"2020-12-22","purchased_purges":1,"victory":false,"max_hp_per_floor":[72,72,72,72,67,67,67,67,67,67,67,67,67,67,67,67,67],"card_choices":[{"not_picked":["ClearTheMind","EmptyFist","EmptyBody"],"picked":"SKIP","floor":1},{"not_picked":["Prostrate","WheelKick","DeceiveReality"],"picked":"SKIP","floor":3},{"not_picked":["Swivel","EmptyBody","EmptyMind"],"picked":"SKIP","floor":4},{"not_picked":["BowlingBash","DeceiveReality","FlyingSleeves"],"picked":"SKIP","floor":7},{"not_picked":["WheelKick","EmptyBody"],"picked":"Judgement","floor":13},{"not_picked":["Swivel","ClearTheMind","SashWhip"],"picked":"SKIP","floor":14}],"player_experience":170898,"relics_obtained":[{"floor":0,"key":"Pen Nib"},{"floor":0,"key":"Blue Candle"},{"floor":0,"key":"Thread and Needle"},{"floor":9,"key":"Nunchaku"},{"floor":13,"key":"Potion Belt"}],"event_choices":[{"cards_removed":["Strike_P"],"damage_healed":0,"gold_gain":0,"player_choice":"Purged","damage_taken":0,"max_hp_gain":0,"max_hp_loss":0,"event_name":"Purifier","floor":2,"gold_loss":0},{"damage_healed":0,"gold_gain":0,"player_choice":"Lose Max HP","damage_taken":0,"relics_obtained":["Golden Idol"],"max_hp_gain":0,"max_hp_loss":5,"event_name":"Golden Idol","floor":5,"gold_loss":0},{"damage_healed":0,"gold_gain":0,"player_choice":"Got Potions","damage_taken":0,"max_hp_gain":0,"max_hp_loss":0,"event_name":"Lab","floor":12,"gold_loss":0}],"is_beta":false,"boss_relics":[],"items_purged_floors":[11],"is_endless":false,"potions_floor_spawned":[1,4,13],"killed_by":"Slime Boss","ascension_level":4}}