{"host":"bf9sa99gaumonoeu","time":1610236811,"event":{"mods":["AchievementEnabler","Act Like it!","BaseMod","Better Sensory Stone","Colored Map","Colored Powertips","Downfall","Friendly Minions","Gensokyo","GifTheSpireLib","Googly Eyes","Hallownest","Hermit","Jorbs\u0027s Wanderer Trilogy","KinomotoSakuraMod(????)","Koishi","Lobotomy","Marisa????????","Minty Spire (QoL Compilation)","Prisma Mod","Rare Cards Sparkle","Reimu??????","Relic Stats","Remilia??????","StSLib","The Administrix","The Animator","The Bug Knight","The Construct","The Cursed","The Disciple","The Hierophant","The Mystic","The Necromancer","The Poker Player","The Runesmith","The Senshi","The Servant 0.9.4","TheLocksmith"],"gold_per_floor":[123,152,162,178,198,198,171,189,189,189,234,261,261,261],"floor_reached":13,"playtime":968,"items_purged":[],"score":142,"play_id":"c7dbac54-fdd8-4831-be09-37f9733b2ca5","local_time":"20210109220011","is_ascension_mode":true,"campfire_choices":[{"data":"animator:Souei","floor":6,"key":"SMITH"},{"floor":10,"key":"REST"}],"circlet_count":0,"master_deck":["AscendersBane","animator:Strike_TenSura","animator:Defend_TenSura","animator:Strike","animator:Strike","animator:Strike+1","animator:Defend","animator:Defend","animator:Defend","animator:Benimaru","animator:Shuna","animator:ElricAlphonse","animator:Kaijin","animator:Souei+1","animator:Pride","animator:EmiyaShirou","animator:Shion"],"relics":["animator:LivingPicture","animator:TheMissingPiece","Tea:ReiMu","HollowMod:StagPassRelic"],"acts_visited":["Exordium"],"potions_floor_usage":[11,13],"damage_taken":[{"damage":2,"enemies":"Cultist","floor":1,"turns":5},{"damage":2,"enemies":"Small Slimes","floor":2,"turns":4},{"damage":2,"enemies":"Jaw Worm","floor":3,"turns":4},{"damage":3,"enemies":"Exordium Wildlife","floor":4,"turns":4},{"damage":6,"enemies":"Blue Slaver","floor":5,"turns":6},{"damage":15,"enemies":"Lots of Slimes","floor":8,"turns":5},{"damage":8,"enemies":"Lagavulin","floor":11,"turns":5},{"damage":17,"enemies":"3 Louse","floor":12,"turns":4},{"damage":27,"enemies":"3 Sentries","floor":13,"turns":5}],"seed_played":"-2385203401563195243","potions_obtained":[{"floor":4,"key":"Swift Potion"},{"floor":8,"key":"BlessingOfTheForge"}],"is_trial":false,"path_per_floor":["M","M","M","M","M","R","?","M","T","R","E","M","E"],"character_chosen":"THE_ANIMATOR","items_purchased":[],"campfire_rested":1,"item_purchase_floors":[],"current_hp_per_floor":[54,52,50,48,42,42,42,28,28,52,44,27,0,0],"gold":261,"neow_bonus":"TWENTY_PERCENT_HP_BONUS","is_daily":false,"chose_seed":false,"campfire_upgraded":1,"win_rate":0.0,"timestamp":1610236811,"path_taken":["M","M","M","M","M","R","?","M","T","R","E","M","E"],"items_purchased_type":[],"build_version":"2020-12-22","purchased_purges":0,"victory":false,"max_hp_per_floor":[78,78,78,79,79,79,79,80,80,80,80,80,80,80],"relic_stats":{"counters":[9,42],"obtain_stats":[{"animator:TheMissingPiece":0,"Tea:ReiMu":9,"animator:LivingPicture":0,"HollowMod:StagPassRelic":11},{"animator:TheMissingPiece":0,"Tea:ReiMu":6,"animator:LivingPicture":0,"HollowMod:StagPassRelic":7},{"animator:TheMissingPiece":0,"Tea:ReiMu":28,"animator:LivingPicture":0,"HollowMod:StagPassRelic":33}]},"card_choices":[{"not_picked":["animator:MumenRider","animator:GazelDwargon"],"picked":"animator:ElricAlphonse","floor":1},{"not_picked":["animator:Geryuganshoop","animator:Berserker"],"picked":"animator:Kaijin","floor":2},{"not_picked":["animator:Berserker","animator:MumenRider","animator:Ara"],"picked":"SKIP","floor":3},{"not_picked":["animator:Shuna","animator:Benimaru"],"picked":"animator:Souei","floor":4},{"not_picked":["animator:Ainz","animator:Geryuganshoop","animator:Lu"],"picked":"SKIP","floor":5},{"not_picked":["animator:Assassin","animator:Alexander"],"picked":"animator:Pride","floor":8},{"not_picked":["animator:Kaijin","animator:Raven"],"picked":"animator:EmiyaShirou","floor":11},{"not_picked":["animator:Benimaru","animator:Shuna"],"picked":"animator:Shion","floor":12}],"player_experience":918673,"relics_obtained":[{"floor":9,"key":"Tea:ReiMu"},{"floor":11,"key":"HollowMod:StagPassRelic"}],"event_choices":[{"damage_healed":0,"gold_gain":0,"player_choice":"Left Gold","damage_taken":0,"max_hp_gain":0,"max_hp_loss":0,"event_name":"World of Goop","floor":7,"gold_loss":27}],"is_beta":false,"boss_relics":[],"items_purged_floors":[],"is_endless":false,"potions_floor_spawned":[4,8],"killed_by":"3 Sentries","ascension_level":12}}