{"host":"6swbl1yqdi8v28pk","time":1610322489,"event":{"mods":["AchievementEnabler","BaseMod","Colored Map","Minty Spire (QoL Compilation)","Quick Restart"],"gold_per_floor":[17,36,49,49,49,49,24,52,52,80,80,30,45,45,45,149,149,165,175,175,195,38,38,70,70,120,146,165,175,175,90,90,193,193,203,28,46,62,74,74,105,105,105,120,120,148,162,162,162,162],"floor_reached":51,"playtime":3158,"items_purged":["Creative AI+1","Defend_B+1"],"score":805,"play_id":"fb12675f-e476-4b6c-a4bb-136aca3a925b","local_time":"20210110174809","is_ascension_mode":false,"campfire_choices":[{"data":"Consume","floor":6,"key":"SMITH"},{"data":"Creative AI","floor":11,"key":"SMITH"},{"floor":15,"key":"REST"},{"data":"Capacitor","floor":23,"key":"SMITH"},{"floor":25,"key":"REST"},{"floor":32,"key":"REST"},{"floor":40,"key":"REST"},{"data":"Redo","floor":42,"key":"SMITH"},{"data":"Biased Cognition","floor":49,"key":"SMITH"}],"circlet_count":0,"master_deck":["Strike_B+1","Strike_B+1","Strike_B+1","Defend_B+1","Defend_B+1","Zap","Dualcast","Coolheaded","Steam","Consume+1","Cold Snap","Coolheaded","Redo+1","Biased Cognition+1","Cold Snap+1","Consume","Capacitor+1","Ball Lightning","Coolheaded+1","Ball Lightning","Electrodynamics","Leap+1","Undo","Chaos+1","Aggregate+1","Writhe","Aggregate"],"relics":["Cracked Core","Unceasing Top","InkBottle","Pear","Mercury Hourglass","Gremlin Horn","Nuclear Battery","Singing Bowl","Boot","Bottled Tornado","Pen Nib","Inserter","Smiling Mask","Toy Ornithopter","Ornamental Fan"],"acts_visited":["Exordium","TheCity","TheBeyond"],"potions_floor_usage":[16,16,24,33,33,33,33,46,50,50,50],"damage_taken":[{"damage":4,"enemies":"2 Louse","floor":1,"turns":3},{"damage":0,"enemies":"Small Slimes","floor":2,"turns":3},{"damage":2,"enemies":"Cultist","floor":3,"turns":4},{"damage":21,"enemies":"3 Sentries","floor":8,"turns":10},{"damage":9,"enemies":"Lagavulin","floor":10,"turns":10},{"damage":8,"enemies":"Exordium Thugs","floor":13,"turns":3},{"damage":14,"enemies":"Hexaghost","floor":16,"turns":12},{"damage":1,"enemies":"Chosen","floor":18,"turns":7},{"damage":0,"enemies":"Shell Parasite","floor":19,"turns":7},{"damage":6,"enemies":"Sentry and Sphere","floor":21,"turns":7},{"damage":24,"enemies":"Slavers","floor":24,"turns":5},{"damage":0,"enemies":"Book of Stabbing","floor":27,"turns":6},{"damage":0,"enemies":"Snake Plant","floor":28,"turns":4},{"damage":0,"enemies":"3 Cultists","floor":29,"turns":4},{"damage":13,"enemies":"Collector","floor":33,"turns":10},{"damage":20,"enemies":"3 Darklings","floor":35,"turns":4},{"damage":2,"enemies":"Orb Walker","floor":37,"turns":4},{"damage":21,"enemies":"Sphere and 2 Shapes","floor":38,"turns":4},{"damage":13,"enemies":"4 Shapes","floor":39,"turns":4},{"damage":0,"enemies":"Giant Head","floor":41,"turns":11},{"damage":0,"enemies":"3 Darklings","floor":44,"turns":4},{"damage":5,"enemies":"Reptomancer","floor":46,"turns":5},{"damage":0,"enemies":"Sphere and 2 Shapes","floor":47,"turns":4},{"damage":23,"enemies":"Time Eater","floor":50,"turns":11}],"seed_played":"-8396220343802269216","potions_obtained":[{"floor":1,"key":"DistilledChaos"},{"floor":2,"key":"EntropicBrew"},{"floor":10,"key":"PowerPotion"},{"floor":19,"key":"Strength Potion"},{"floor":21,"key":"Energy Potion"},{"floor":28,"key":"LiquidBronze"},{"floor":37,"key":"DuplicationPotion"},{"floor":47,"key":"PowerPotion"}],"is_trial":false,"path_per_floor":["M","M","M","?","?","R","$","E","T","E","R","?","M","?","R","B",null,"M","M","?","M","$","R","E","R","T","E","M","M","?","?","R","B",null,"M","$","M","M","M","R","E","R","T","M","?","E","M","?","R","B",null],"character_chosen":"DEFECT","items_purchased":["Cold Snap","Capacitor","Undo"],"campfire_rested":4,"item_purchase_floors":[7,22,36],"current_hp_per_floor":[71,71,69,57,75,75,75,64,64,55,55,55,47,47,72,58,85,84,84,84,78,78,78,54,79,79,79,81,81,64,64,91,78,92,72,72,72,51,40,68,70,70,70,70,95,95,95,97,97,79],"gold":162,"neow_bonus":"ONE_RARE_RELIC","is_daily":false,"chose_seed":false,"campfire_upgraded":5,"win_rate":0.0,"timestamp":1610322489,"path_taken":["M","M","M","?","?","R","$","E","T","E","R","?","M","?","R","BOSS","M","?","?","M","$","R","E","R","T","E","M","M","?","?","R","BOSS","M","$","M","M","M","R","E","R","T","M","?","E","M","?","R","BOSS"],"items_purchased_type":["Card","Card","Card"],"build_version":"2020-12-22","purchased_purges":2,"victory":true,"max_hp_per_floor":[75,75,75,75,75,75,75,85,85,85,85,85,85,85,85,85,85,85,85,85,85,85,85,85,85,85,85,87,87,92,92,92,92,92,92,92,94,94,96,96,98,98,98,98,98,100,100,102,102,102],"card_choices":[{"not_picked":["Scrape","Streamline"],"picked":"Coolheaded","floor":1},{"not_picked":["Barrage","Double Energy"],"picked":"Steam","floor":2},{"not_picked":["Blizzard","Fusion"],"picked":"Consume","floor":3},{"not_picked":["Barrage","Meteor Strike"],"picked":"Coolheaded","floor":8},{"not_picked":["Rip and Tear","Coolheaded"],"picked":"Creative AI","floor":10},{"not_picked":["Cold Snap","Sweeping Beam"],"picked":"Redo","floor":13},{"not_picked":["Creative AI","Machine Learning"],"picked":"Biased Cognition","floor":16},{"not_picked":["Hologram","Beam Cell+1"],"picked":"Cold Snap+1","floor":18},{"not_picked":["Stack","Self Repair"],"picked":"Consume","floor":19},{"not_picked":["Conserve Battery","Gash","Storm+1"],"picked":"SKIP","floor":21},{"not_picked":["Go for the Eyes","Coolheaded"],"picked":"Ball Lightning","floor":24},{"not_picked":["Creative AI","Chill+1"],"picked":"Coolheaded+1","floor":27},{"not_picked":["Conserve Battery","Stack+1","Reprogram"],"picked":"Singing Bowl","floor":28},{"not_picked":["Heatsinks","Beam Cell"],"picked":"Ball Lightning","floor":29},{"not_picked":["All For One","Biased Cognition"],"picked":"Electrodynamics","floor":33},{"not_picked":["Stack+1","Barrage+1"],"picked":"Leap+1","floor":35},{"not_picked":["Conserve Battery+1","Leap","Hello World+1"],"picked":"Singing Bowl","floor":37},{"not_picked":["Streamline","Leap+1"],"picked":"Chaos+1","floor":38},{"not_picked":["Conserve Battery","Beam Cell","Cold Snap"],"picked":"Singing Bowl","floor":39},{"not_picked":["Barrage","Chill+1","Reprogram+1"],"picked":"Singing Bowl","floor":41},{"not_picked":["Chill+1","Hologram"],"picked":"Aggregate+1","floor":44},{"not_picked":["Genetic Algorithm+1","Steam+1","Streamline"],"picked":"Singing Bowl","floor":46},{"not_picked":["Genetic Algorithm","Self Repair+1"],"picked":"Aggregate","floor":47},{"not_picked":["Mind Blast","Bandage Up","Deep Breath"],"picked":"Singing Bowl","floor":48}],"player_experience":98719,"relics_obtained":[{"floor":8,"key":"Pear"},{"floor":9,"key":"Mercury Hourglass"},{"floor":10,"key":"Gremlin Horn"},{"floor":24,"key":"Singing Bowl"},{"floor":26,"key":"Boot"},{"floor":27,"key":"Bottled Tornado"},{"floor":41,"key":"Smiling Mask"},{"floor":43,"key":"Toy Ornithopter"},{"floor":46,"key":"Ornamental Fan"}],"event_choices":[{"damage_healed":0,"gold_gain":0,"player_choice":"Success","damage_taken":12,"relics_obtained":["InkBottle"],"max_hp_gain":0,"max_hp_loss":0,"event_name":"Scrap Ooze","floor":4,"gold_loss":0},{"damage_healed":25,"gold_gain":0,"player_choice":"Banana","damage_taken":0,"max_hp_gain":0,"max_hp_loss":0,"event_name":"Big Fish","floor":5,"gold_loss":0},{"cards_removed":["Defend_B"],"damage_healed":0,"gold_gain":0,"player_choice":"Card Removal","damage_taken":0,"max_hp_gain":0,"max_hp_loss":0,"event_name":"The Cleric","floor":12,"gold_loss":50},{"cards_removed":["Strike_B"],"damage_healed":0,"gold_gain":0,"player_choice":"Purged","damage_taken":0,"max_hp_gain":0,"max_hp_loss":0,"event_name":"Purifier","floor":14,"gold_loss":0},{"damage_healed":0,"gold_gain":0,"player_choice":"Simplicity","damage_taken":0,"max_hp_gain":0,"max_hp_loss":0,"event_name":"Back to Basics","floor":20,"gold_loss":0,"cards_upgraded":["Strike_B","Strike_B","Strike_B","Defend_B","Defend_B","Defend_B"]},{"damage_healed":0,"gold_gain":0,"player_choice":"Shed Blood","damage_taken":22,"max_hp_gain":5,"max_hp_loss":0,"event_name":"Forgotten Altar","floor":30,"gold_loss":0},{"damage_healed":0,"gold_gain":0,"player_choice":"Obtained Relic","damage_taken":0,"relics_obtained":["Pen Nib"],"max_hp_gain":0,"max_hp_loss":0,"event_name":"Addict","floor":31,"gold_loss":85},{"damage_healed":25,"gold_gain":0,"player_choice":"Writhe","damage_taken":0,"max_hp_gain":0,"max_hp_loss":0,"event_name":"Winding Halls","floor":45,"gold_loss":0,"cards_obtained":["Writhe"]},{"damage_healed":0,"gold_gain":0,"player_choice":"Memory 1","damage_taken":0,"max_hp_gain":0,"max_hp_loss":0,"event_name":"SensoryStone","floor":48,"gold_loss":0}],"is_beta":false,"boss_relics":[{"not_picked":["SacredBark","Cursed Key"],"picked":"Nuclear Battery"},{"not_picked":["Philosopher\u0027s Stone","SlaversCollar"],"picked":"Inserter"}],"items_purged_floors":[22,36],"is_endless":false,"potions_floor_spawned":[1,2,10,19,21,28,29,37,38,39,47],"ascension_level":0}}