{"host":"Connor","time":1610237874,"event":{"mods":["Aspiration","BaseMod","Downfall","Hubris","Marisa????????","Minty Spire (QoL Compilation)","Replay The Spire","StSLib","The Cursed","The Jungle","The Servant 0.9.4"],"gold_per_floor":[117,129,143,68,68,103,113,113,139,139,29,29,29],"floor_reached":12,"playtime":313,"items_purged":["Strike_R"],"score":137,"play_id":"a1f1baf8-20be-4867-82df-0e13f04236da","local_time":"20210109161754","is_ascension_mode":true,"campfire_choices":[{"floor":8,"key":"REST"}],"circlet_count":0,"master_deck":["AscendersBane","Strike_R","Strike_R","Strike_R","Defend_R","Defend_R","Defend_R","Defend_R","Bash","Second Wind","ReplayTheSpireMod:Strike From Hell","Brutality+1","Spot Weakness","Inflame","expansioncontent:DefensiveMode","Wild Strike"],"relics":["Burning Blood","aspiration:Nostalgia","Guardian:ModeShifter","Bronze Scales","Blood Vial"],"acts_visited":["Exordium"],"potions_floor_usage":[6,12],"damage_taken":[{"damage":7,"enemies":"Small Slimes","floor":1,"turns":4},{"damage":11,"enemies":"Cultist","floor":2,"turns":4},{"damage":14,"enemies":"Jaw Worm","floor":3,"turns":3},{"damage":43,"enemies":"3 Sentries","floor":6,"turns":9},{"damage":10,"enemies":"Exordium Wildlife","floor":7,"turns":4},{"damage":37,"enemies":"Gremlin Nob","floor":12,"turns":4}],"seed_played":"1391673482403150000","potions_obtained":[{"floor":2,"key":"Elixir"},{"floor":3,"key":"ColorlessPotion"},{"floor":6,"key":"FearPotion"}],"is_trial":false,"path_per_floor":["M","M","M","$","?","E","M","R","T","?","$","E"],"character_chosen":"IRONCLAD","items_purchased":["expansioncontent:DefensiveMode","Wild Strike"],"campfire_rested":1,"item_purchase_floors":[11,11],"current_hp_per_floor":[67,62,54,54,54,17,13,35,35,35,35,0,0],"gold":29,"neow_bonus":"NOSTALGIA","is_daily":false,"chose_seed":false,"campfire_upgraded":0,"win_rate":0.0,"timestamp":1610237874,"path_taken":["M","M","M","$","?","E","?","R","T","?","$","E"],"items_purchased_type":["Card","Card"],"build_version":"2020-12-18","purchased_purges":1,"victory":false,"max_hp_per_floor":[75,75,75,75,75,75,75,75,75,75,75,75,75],"card_choices":[{"not_picked":["Sword Boomerang","Run Through"],"picked":"Second Wind","floor":1},{"not_picked":["Heavy Blade","Anger"],"picked":"ReplayTheSpireMod:Strike From Hell","floor":2},{"not_picked":["Warcry","Metallicize"],"picked":"Brutality","floor":3},{"not_picked":["Second Wind","ReplayTheSpireMod:LeadingStrike"],"picked":"Spot Weakness","floor":6},{"not_picked":["Whirlwind","Shockwave"],"picked":"Inflame","floor":7}],"player_experience":576834,"relics_obtained":[{"floor":6,"key":"Bronze Scales"},{"floor":9,"key":"Blood Vial"}],"event_choices":[{"damage_healed":0,"gold_gain":0,"player_choice":"Upgraded","damage_taken":0,"max_hp_gain":0,"max_hp_loss":0,"event_name":"Upgrade Shrine","floor":5,"gold_loss":0,"cards_upgraded":["Brutality"]},{"cards_removed":["Strike_R"],"damage_healed":0,"gold_gain":0,"player_choice":"Forget","damage_taken":0,"max_hp_gain":0,"max_hp_loss":0,"event_name":"Living Wall","floor":10,"gold_loss":0}],"is_beta":true,"boss_relics":[],"items_purged_floors":[4],"is_endless":false,"potions_floor_spawned":[2,3,6],"killed_by":"Gremlin Nob","ascension_level":15}}