{"host":"dtm4abeon6jfxj1d","time":1610239011,"event":{"mods":["BaseMod","Downfall","Minty Spire (QoL Compilation)","Rare Cards Sparkle","StSLib"],"gold_per_floor":[18,18,35,35,35,35,67,77,77,77,111,111,111,111,111,210,210,227,241,87,103,123,123,213,213,213,213,162,175,175,175,175,175,175],"floor_reached":33,"playtime":3569,"items_purged":[],"score":421,"play_id":"14607ebc-4bbb-423e-8b1c-7455a0490b5d","local_time":"20210109193651","is_ascension_mode":true,"campfire_choices":[{"data":"Perfected Strike","floor":6.0,"key":"SMITH"},{"data":"Sadistic Nature","floor":10,"key":"SMITH"},{"data":"Metallicize","floor":12,"key":"SMITH"},{"data":"Bash","floor":15,"key":"SMITH"},{"floor":23,"key":"REST"},{"floor":25,"key":"REST"},{"floor":30,"key":"REST"},{"data":"Demon Form","floor":32,"key":"SMITH"}],"circlet_count":0,"master_deck":["Strike_R","Strike_R","Strike_R","Strike_R","Strike_R","Defend_R","Defend_R","Bash+1","Sadistic Nature+1","Perfected Strike+1","Metallicize+1","Intimidate","Pain","Offering","Demon Form+1","Ghostly Armor","Shrug It Off","Warcry"],"relics":["Burning Blood","Kunai","White Beast Statue","Blood Vial","Busted Crown","ClockworkSouvenir","HornCleat"],"acts_visited":["Exordium","TheCity"],"potions_floor_usage":[11,19,22,33,33],"damage_taken":[{"damage":1.0,"enemies":"Cultist","floor":1.0,"turns":4.0},{"damage":6.0,"enemies":"2 Louse","floor":3.0,"turns":3.0},{"damage":14.0,"enemies":"Gremlin Nob","floor":7.0,"turns":4.0},{"damage":6,"enemies":"Small Slimes","floor":8,"turns":2},{"damage":19,"enemies":"3 Sentries","floor":11,"turns":8},{"damage":12,"enemies":"Slime Boss","floor":16,"turns":6},{"damage":21,"enemies":"2 Thieves","floor":18,"turns":4},{"damage":23,"enemies":"3 Byrds","floor":19,"turns":4},{"damage":35,"enemies":"Centurion and Healer","floor":21,"turns":4},{"damage":14,"enemies":"Snake Plant","floor":22,"turns":2},{"damage":24,"enemies":"Snecko","floor":29,"turns":6},{"damage":83,"enemies":"Automaton","floor":33,"turns":6}],"seed_played":"-7178556714998225805","potions_obtained":[{"floor":1.0,"key":"Block Potion"},{"floor":3.0,"key":"Energy Potion"},{"floor":8,"key":"HeartOfIron"},{"floor":11,"key":"SpeedPotion"},{"floor":16,"key":"AttackPotion"},{"floor":18,"key":"LiquidMemories"},{"floor":19,"key":"SkillPotion"},{"floor":22,"key":"AttackPotion"}],"is_trial":false,"path_per_floor":["M","$","M","$","?","R","E","M","T","R","E","R","?","?","R","B",null,"M","M","$","M","M","R","?","R","T","$","$","M","R","?","R","B"],"character_chosen":"IRONCLAD","items_purchased":["ClockworkSouvenir","Shrug It Off"],"campfire_rested":3,"item_purchase_floors":[20,28],"current_hp_per_floor":[77,77,77,77,70,70,62,62,62,62,49,49,75,75,75,71,78,65,50,50,23,17,41,29,53,53,53,53,37,61,61,61,0,0],"gold":175,"neow_bonus":"RANDOM_COLORLESS_2","is_daily":false,"chose_seed":false,"campfire_upgraded":5,"win_rate":0.0,"timestamp":1610239011,"path_taken":["M","?","M","$","?","R","E","M","T","R","E","R","?","?","R","BOSS","M","M","$","M","?","R","?","R","T","?","$","M","R","?","R","BOSS"],"items_purchased_type":["Relic","Card"],"build_version":"2020-12-22","purchased_purges":0,"victory":false,"max_hp_per_floor":[80,80,80,80,80,80,80,80,80,80,80,80,80,80,80,80,80,80,80,80,80,80,80,80,80,80,80,80,80,80,80,80,80,80],"card_choices":[{"not_picked":["Transmutation","Magnetism"],"picked":"Sadistic Nature","floor":0.0},{"not_picked":["Dark Embrace","Fire Breathing"],"picked":"Perfected Strike","floor":1.0},{"not_picked":["Wild Strike","Clothesline"],"picked":"Metallicize","floor":3.0},{"not_picked":["Body Slam","Carnage","Havoc"],"picked":"SKIP","floor":7.0},{"not_picked":["Flex","Havoc"],"picked":"Intimidate","floor":8},{"not_picked":["Anger","Whirlwind","Bludgeon"],"picked":"SKIP","floor":11},{"not_picked":["Corruption","Exhume"],"picked":"Demon Form","floor":16},{"not_picked":["Heavy Blade"],"picked":"SKIP","floor":18},{"not_picked":["Headbutt"],"picked":"SKIP","floor":19},{"not_picked":[],"picked":"Ghostly Armor","floor":21},{"not_picked":["Clash+1"],"picked":"SKIP","floor":22},{"not_picked":["Clash"],"picked":"SKIP","floor":29}],"player_experience":200915,"relics_obtained":[{"floor":7.0,"key":"Kunai"},{"floor":9,"key":"White Beast Statue"},{"floor":11,"key":"Blood Vial"},{"floor":26,"key":"HornCleat"}],"event_choices":[{"cards_removed":["Defend_R"],"damage_healed":0.0,"max_hp_gain":0.0,"max_hp_loss":0.0,"gold_gain":0.0,"event_name":"Golden Wing","player_choice":"Card Removal","floor":5.0,"gold_loss":0.0,"damage_taken":7.0},{"damage_healed":26,"gold_gain":0,"player_choice":"Banana","damage_taken":0,"max_hp_gain":0,"max_hp_loss":0,"event_name":"Big Fish","floor":13,"gold_loss":0},{"damage_healed":0,"gold_gain":0,"player_choice":"2 cards matched","damage_taken":0,"max_hp_gain":0,"max_hp_loss":0,"event_name":"Match and Keep!","floor":14,"gold_loss":0,"cards_obtained":["Pain","Offering"]},{"damage_healed":0,"gold_gain":90,"player_choice":"GOLD ","damage_taken":12,"max_hp_gain":0,"max_hp_loss":0,"event_name":"Knowing Skull","floor":24,"potions_obtained":[],"gold_loss":0,"cards_obtained":[]},{"damage_healed":0,"gold_gain":0,"cards_transformed":["Defend_R"],"player_choice":"Transformed","damage_taken":0,"max_hp_gain":0,"max_hp_loss":0,"event_name":"Transmorgrifier","floor":31,"gold_loss":0,"cards_obtained":["Warcry"]}],"is_beta":false,"boss_relics":[{"not_picked":["Runic Cube","Runic Pyramid"],"picked":"Busted Crown"}],"items_purged_floors":[],"is_endless":false,"potions_floor_spawned":[1,3,8,11,16,18,19,21,22,29],"killed_by":"Automaton","ascension_level":8}}