{"host":"nkolxg4se00n20yf","time":1610313697,"event":{"mods":["BaseMod","CatGirl Mod","Chen","Colored Map","Colored Powertips","Downfall","Friendly Minions","Infinite Spire","Kiyohime????","Marisa????????","Minty Spire (QoL Compilation)","StSLib","Td1madao Mod","The Administrix","The Cursed","The Exalted","The Hierophant","The Servant 0.9.4"],"gold_per_floor":[111,86,103,103,119,146,146,161,161,187,198,228,228,261,261,261,261],"floor_reached":16,"playtime":454,"items_purged":[],"score":215,"play_id":"62ef502d-f538-4d73-88d1-a20de58a6fde","local_time":"20210110222137","is_ascension_mode":true,"campfire_choices":[{"floor":7,"key":"REST"},{"floor":13,"key":"REST"},{"floor":15,"key":"REST"}],"circlet_count":0,"master_deck":["AscendersBane","Strike_G","Strike_G","Strike_G","Strike_G","Strike_G","Defend_G","Defend_G","Defend_G","Defend_G","Defend_G","Survivor","Neutralize","Bullet Time","Slice","Quick Slash","All Out Attack","Guardian:Aged","Decay","infinitespire:TheBestDefense","Flying Knee","Dagger Throw","Backstab","Infinite Blades","Envenom"],"relics":["Ring of the Snake","Smiling Mask","Shuriken","Bromod:ArcaneTempo","CaptainsWheel"],"acts_visited":["Exordium"],"potions_floor_usage":[6,16],"damage_taken":[{"damage":6,"enemies":"Cultist","floor":1,"turns":5},{"damage":2,"enemies":"Jaw Worm","floor":3,"turns":4},{"damage":4,"enemies":"2 Louse","floor":5,"turns":2},{"damage":32,"enemies":"Lagavulin","floor":6,"turns":7},{"damage":12,"enemies":"Looter","floor":8,"turns":4},{"damage":8,"enemies":"Blue Slaver","floor":11,"turns":2},{"damage":31,"enemies":"Gremlin Nob","floor":14,"turns":4},{"damage":26,"enemies":"Slime Boss","floor":16,"turns":6}],"seed_played":"-3520902852874108685","potions_obtained":[{"floor":1,"key":"Guardian:BlockOnCardUsePotion"},{"floor":5,"key":"Strength Potion"}],"is_trial":false,"path_per_floor":["M","$","M","?","M","E","R","M","T","T","M","?","R","E","R","B"],"character_chosen":"THE_SILENT","items_purchased":["Quick Slash"],"campfire_rested":3,"item_purchase_floors":[2],"current_hp_per_floor":[53,53,51,51,47,15,34,22,22,22,14,14,33,2,21,0,0],"gold":261,"neow_bonus":"ONE_RANDOM_RARE_CARD","is_daily":false,"chose_seed":false,"campfire_upgraded":0,"win_rate":0.0,"timestamp":1610313697,"path_taken":["M","?","M","?","?","E","R","M","T","?","M","?","R","E","R","BOSS"],"items_purchased_type":["Card"],"build_version":"2020-12-22","purchased_purges":0,"victory":false,"max_hp_per_floor":[66,66,66,66,66,66,66,66,66,66,66,66,66,66,66,66,66],"card_choices":[{"not_picked":["Setup","Outmaneuver"],"picked":"Slice","floor":1},{"not_picked":["Tactician","PiercingWail"],"picked":"All Out Attack","floor":3},{"not_picked":["infinitespire:DeathsTouch","infinitespire:Menacing"],"picked":"infinitespire:TheBestDefense","floor":4},{"not_picked":["Dagger Spray","Dodge and Roll"],"picked":"Flying Knee","floor":5},{"not_picked":["Underhanded Strike","Bullet Time"],"picked":"Dagger Throw","floor":6},{"not_picked":["Prepared","Dash"],"picked":"Backstab","floor":8},{"not_picked":["Deflect","Quick Slash"],"picked":"Infinite Blades","floor":11},{"not_picked":["Concentrate","Tactician"],"picked":"Envenom","floor":14}],"player_experience":1100565,"relics_obtained":[{"floor":6,"key":"Smiling Mask"},{"floor":9,"key":"Shuriken"},{"floor":10,"key":"Bromod:ArcaneTempo"},{"floor":14,"key":"CaptainsWheel"}],"event_choices":[{"damage_healed":0,"gold_gain":30,"player_choice":"Searched \u00271\u0027 times","damage_taken":0,"max_hp_gain":0,"max_hp_loss":0,"event_name":"Dead Adventurer","floor":12,"gold_loss":0}],"is_beta":false,"boss_relics":[],"items_purged_floors":[],"is_endless":false,"potions_floor_spawned":[1,5],"killed_by":"Slime Boss","ascension_level":19}}