{"host":"kw4o7b3ro2ktmmbe","time":1610249733,"event":{"mods":["BaseMod","Evolution","Minty Spire (QoL Compilation)","StSLib","The Death Knight"],"gold_per_floor":[364,72,91,91,91,122,122,122,122,297,297,297,314,332,332,431,431,450,450,450,468,13,13,26,26,53,85,95,95,121,121,121,121,121],"floor_reached":33,"playtime":2028,"items_purged":["Doubt"],"score":379,"play_id":"a74ec3d8-5803-4554-a0b8-84b29cb76361","local_time":"20210110163533","is_ascension_mode":true,"campfire_choices":[{"data":"DeathKnight:DancingRuneblade","floor":8.0,"key":"SMITH"},{"floor":12.0,"key":"REST"},{"floor":15.0,"key":"REST"},{"data":"DeathKnight:MarkOfBlood","floor":23.0,"key":"SMITH"},{"data":"DeathKnight:AntiMagicShell","floor":25.0,"key":"SMITH"},{"floor":32,"key":"REST"}],"circlet_count":0,"master_deck":["DeathKnight:BloodStrike","DeathKnight:BloodStrike","DeathKnight:Strike_DeathKnight","DeathKnight:Strike_DeathKnight","DeathKnight:Strike_DeathKnight","DeathKnight:Defend_DeathKnight","DeathKnight:Defend_DeathKnight","DeathKnight:Defend_DeathKnight","DeathKnight:Defend_DeathKnight","DeathKnight:Defend_DeathKnight","DeathKnight:RuneTap","DeathKnight:RuneStrike","DeathKnight:DancingRuneblade+1","DeathKnight:DarkSuccor+1","DeathKnight:MarkOfBlood+1","DeathKnight:AntiMagicShell+1","DeathKnight:UnholyAssault","DeathKnight:UnholyAssault","DeathKnight:Pestilence","DeathKnight:DarkSuccor+1","DeathKnight:WraithWalk","DeathKnight:Defile"],"relics":["DeathKnight:ReforgedRuneblade","EVO:Axolotl","Incense Burner","DeathKnight:JainasLocket","Blood Vial","DeathKnight:LanathelsBloodyNail","Juzu Bracelet","CaptainsWheel","Philosopher\u0027s Stone","DeathKnight:HelmOfDomination","Smiling Mask","Turnip","Torii"],"acts_visited":["Exordium","TheCity"],"potions_floor_usage":[30,33],"damage_taken":[{"damage":4.0,"enemies":"2 Louse","floor":1.0,"turns":2.0},{"damage":2.0,"enemies":"Jaw Worm","floor":3.0,"turns":3.0},{"damage":8.0,"enemies":"3 Sentries","floor":6.0,"turns":5.0},{"damage":9.0,"enemies":"Small Slimes","floor":13.0,"turns":5.0},{"damage":15.0,"enemies":"3 Louse","floor":14.0,"turns":3.0},{"damage":9.0,"enemies":"Slime Boss","floor":16.0,"turns":7.0},{"damage":3.0,"enemies":"Chosen","floor":18.0,"turns":4.0},{"damage":11.0,"enemies":"3 Byrds","floor":21.0,"turns":5.0},{"damage":7.0,"enemies":"Centurion and Healer","floor":24.0,"turns":4.0},{"damage":30.0,"enemies":"Slavers","floor":27.0,"turns":6.0},{"damage":0.0,"enemies":"Snecko","floor":28.0,"turns":3.0},{"damage":16,"enemies":"Book of Stabbing","floor":30,"turns":4},{"damage":78,"enemies":"Automaton","floor":33,"turns":6}],"seed_played":"-632225540149960236","potions_obtained":[{"floor":1.0,"key":"DistilledChaos"},{"floor":3.0,"key":"ColorlessPotion"},{"floor":6.0,"key":"PowerPotion"},{"floor":14.0,"key":"Energy Potion"},{"floor":18.0,"key":"SpeedPotion"},{"floor":27.0,"key":"FearPotion"},{"floor":30,"key":"Dexterity Potion"}],"is_trial":false,"path_per_floor":["M","$","M","?","T","E","?","R","T","?","?","R","M","M","R","B",null,"M","?","?","M","$","R","M","R","T","E","M","?","E","?","R","B"],"character_chosen":"DEATH_KNIGHT","items_purchased":["Incense Burner","DeathKnight:HelmOfDomination","Fruit Juice"],"campfire_rested":3,"item_purchase_floors":[2,22,22],"current_hp_per_floor":[46,46,44,44,44,36,36,36,36,36,29,51,44,31,53,46,68,67,67,67,58,63,63,58,58,58,30,32,32,18,18,42,0,0],"gold":121,"neow_bonus":"TWO_FIFTY_GOLD","is_daily":false,"chose_seed":false,"campfire_upgraded":3,"win_rate":0.0,"timestamp":1610249733,"path_taken":["M","$","M","?","?","E","?","R","T","?","?","R","M","M","R","BOSS","M","?","?","M","$","R","M","R","T","E","M","?","E","?","R","BOSS"],"items_purchased_type":["Relic","Relic","Potion"],"build_version":"2020-12-22","purchased_purges":1,"victory":false,"max_hp_per_floor":[75,75,75,75,75,75,75,75,75,75,75,75,75,75,75,75,75,75,75,75,75,80,80,80,80,80,80,80,80,80,80,80,80,80],"card_choices":[{"not_picked":["DeathKnight:HartStrike","DeathKnight:FrosPresence"],"picked":"DeathKnight:DancingRuneblade","floor":1.0},{"not_picked":["DeathKnight:DeathGrip","DeathKnight:UnholyPresence"],"picked":"DeathKnight:DarkSuccor","floor":3.0},{"not_picked":["DeathKnight:DeathsAdvance","DeathKnight:MutagenicPlague","DeathKnight:Parry"],"picked":"SKIP","floor":6.0},{"not_picked":["DeathKnight:RuneShock","DeathKnight:Ossuary","DeathKnight:HornOfWinter"],"picked":"SKIP","floor":13.0},{"not_picked":["DeathKnight:HornOfWinter","DeathKnight:PathOfFrost","DeathKnight:ScourgeStrike"],"picked":"SKIP","floor":14.0},{"not_picked":["DeathKnight:Runesurge","DeathKnight:RunicDetonation"],"picked":"DeathKnight:MarkOfBlood","floor":16.0},{"not_picked":["DeathKnight:BloodPact","DeathKnight:HornOfWinter+1"],"picked":"DeathKnight:AntiMagicShell","floor":18.0},{"not_picked":["DeathKnight:IcyTouch","DeathKnight:UnholyFrenzy","DeathKnight:PillarOfFrost"],"picked":"SKIP","floor":21.0},{"not_picked":["DeathKnight:BludPresence","DeathKnight:MindFreeze"],"picked":"DeathKnight:UnholyAssault","floor":24.0},{"not_picked":["DeathKnight:FrostStrike","DeathKnight:IceboundArmor"],"picked":"DeathKnight:UnholyAssault","floor":27.0},{"not_picked":["DeathKnight:IcyTouch","DeathKnight:Marrowrend"],"picked":"DeathKnight:Pestilence","floor":28.0},{"not_picked":["DeathKnight:BloodBoil","DeathKnight:BloodTap"],"picked":"DeathKnight:WraithWalk","floor":30}],"player_experience":1912619,"relics_obtained":[{"floor":5.0,"key":"DeathKnight:JainasLocket"},{"floor":6.0,"key":"Blood Vial"},{"floor":9.0,"key":"Juzu Bracelet"},{"floor":26.0,"key":"Smiling Mask"},{"floor":27.0,"key":"Turnip"},{"floor":30,"key":"Torii"}],"event_choices":[{"damage_healed":0.0,"max_hp_gain":0.0,"max_hp_loss":0.0,"gold_gain":0.0,"event_name":"Living Wall","player_choice":"Grow","floor":4.0,"gold_loss":0.0,"damage_taken":0.0,"cards_upgraded":["DeathKnight:DarkSuccor"]},{"damage_healed":0.0,"max_hp_gain":0.0,"max_hp_loss":0.0,"gold_gain":0.0,"event_name":"Dead Adventurer","player_choice":"Searched \u00272\u0027 times","floor":7.0,"gold_loss":0.0,"damage_taken":0.0,"relics_obtained":["DeathKnight:LanathelsBloodyNail"]},{"damage_healed":0.0,"max_hp_gain":0.0,"max_hp_loss":0.0,"gold_gain":175.0,"event_name":"Liars Game","player_choice":"AGREE","floor":10.0,"gold_loss":0.0,"damage_taken":0.0,"cards_obtained":["Doubt"]},{"damage_healed":0.0,"max_hp_gain":0.0,"max_hp_loss":0.0,"gold_gain":0.0,"event_name":"Scrap Ooze","player_choice":"Success","floor":11.0,"gold_loss":0.0,"damage_taken":7.0,"relics_obtained":["CaptainsWheel"]},{"damage_healed":0.0,"max_hp_gain":0.0,"max_hp_loss":0.0,"gold_gain":0.0,"event_name":"Ghosts","player_choice":"Ignored","floor":20.0,"gold_loss":0.0,"damage_taken":0.0},{"damage_healed":0.0,"max_hp_gain":0.0,"max_hp_loss":0.0,"gold_gain":0.0,"event_name":"Duplicator","player_choice":"Copied","floor":29.0,"gold_loss":0.0,"damage_taken":0.0,"cards_obtained":["DeathKnight:DarkSuccor"]},{"damage_healed":0,"gold_gain":0,"player_choice":"1 cards matched","damage_taken":0,"max_hp_gain":0,"max_hp_loss":0,"event_name":"Match and Keep!","floor":31,"gold_loss":0,"cards_obtained":["DeathKnight:Defile"]}],"is_beta":false,"boss_relics":[{"not_picked":["Busted Crown","Snecko Eye"],"picked":"Philosopher\u0027s Stone"}],"items_purged_floors":[22],"is_endless":false,"potions_floor_spawned":[1,3,6,14,18,27,30],"killed_by":"Automaton","ascension_level":7}}