{"host":"61r95uy0hn86b9iu","time":1610315191,"event":{"mods":["AchievementEnabler","BaseMod","Better Vampires","BetterRewards","Colored Powertips","Hubris","Minty Spire (QoL Compilation)","Shop Mod","StSLib"],"gold_per_floor":[115,115,128,53,53,53,82,99,99,111,128,16,16,16,16,16,16],"floor_reached":16,"playtime":275,"items_purged":["Pain"],"score":250,"play_id":"e84691e6-199c-4b80-a005-4065b593005a","local_time":"20210110154631","is_ascension_mode":true,"campfire_choices":[{"data":"Thunderclap","floor":6,"key":"SMITH"},{"data":"Whirlwind","floor":13,"key":"SMITH"},{"data":"Pommel Strike","floor":15,"key":"SMITH"}],"circlet_count":0,"master_deck":["AscendersBane","Strike_R","Strike_R","Strike_R","Strike_R","Defend_R","Defend_R","Defend_R","Defend_R","Bash+1","Thunderclap+1","Flex","Seeing Red","Pommel Strike+1","Iron Wave","Whirlwind+1","Metallicize"],"relics":["Burning Blood","NeowsBlessing","WarpedTongs","Peace Pipe","Prayer Wheel","hubris:FunFungus"],"acts_visited":["Exordium"],"potions_floor_usage":[16],"damage_taken":[{"damage":0,"enemies":"Small Slimes","floor":1,"turns":1},{"damage":0,"enemies":"Cultist","floor":3,"turns":1},{"damage":1,"enemies":"Gremlin Nob","floor":7,"turns":1},{"damage":12,"enemies":"Jaw Worm","floor":8,"turns":3},{"damage":14,"enemies":"2 Fungi Beasts","floor":10,"turns":2},{"damage":15,"enemies":"Lots of Slimes","floor":11,"turns":4},{"damage":74,"enemies":"Hexaghost","floor":16,"turns":10}],"seed_played":"-8301815207940977930","potions_obtained":[{"floor":1,"key":"SmokeBomb"},{"floor":8,"key":"Regen Potion"}],"is_trial":false,"path_per_floor":["M","?","M","?","?","R","E","M","T","M","M","$","R","?","R","B"],"character_chosen":"IRONCLAD","items_purchased":["Metallicize"],"campfire_rested":0,"item_purchase_floors":[12],"current_hp_per_floor":[74,74,75,75,75,75,75,69,69,61,52,52,52,52,52,0,0],"gold":16,"neow_bonus":"THREE_ENEMY_KILL","is_daily":false,"chose_seed":false,"campfire_upgraded":3,"win_rate":0.0,"timestamp":1610315191,"path_taken":["M","?","?","?","?","R","E","M","T","?","M","?","R","?","R","BOSS"],"items_purchased_type":["Card"],"build_version":"2020-12-22","purchased_purges":1,"victory":false,"max_hp_per_floor":[75,75,75,75,75,75,75,75,75,75,75,75,75,75,75,75,75],"card_choices":[{"not_picked":["Sever Soul","Warcry"],"picked":"Thunderclap","floor":1},{"not_picked":["Reckless Charge","Feel No Pain"],"picked":"Flex","floor":3},{"not_picked":["Anger","Reckless Charge"],"picked":"Seeing Red","floor":7},{"not_picked":["Sword Boomerang","Entrench"],"picked":"Pommel Strike","floor":8},{"not_picked":["Sword Boomerang","Dark Embrace"],"picked":"Iron Wave","floor":10},{"not_picked":["Cleave","Infernal Blade"],"picked":"Seeing Red","floor":10},{"not_picked":["Ghostly Armor","Fiend Fire"],"picked":"Whirlwind","floor":11},{"not_picked":["Reckless Charge","Dropkick","Sentinel"],"picked":"SKIP","floor":11}],"player_experience":3259728,"relics_obtained":[{"floor":7,"key":"Peace Pipe"},{"floor":9,"key":"Prayer Wheel"}],"event_choices":[{"damage_healed":0,"gold_gain":0,"player_choice":"Upgraded","damage_taken":0,"max_hp_gain":0,"max_hp_loss":0,"event_name":"Upgrade Shrine","floor":2,"gold_loss":0,"cards_upgraded":["Bash"]},{"cards_removed":["Strike_R"],"damage_healed":0,"gold_gain":0,"player_choice":"Card Removal","damage_taken":0,"max_hp_gain":0,"max_hp_loss":0,"event_name":"The Cleric","floor":4,"gold_loss":75},{"damage_healed":0,"gold_gain":0,"player_choice":"Rummage","damage_taken":0,"relics_obtained":["WarpedTongs"],"max_hp_gain":0,"max_hp_loss":0,"event_name":"Accursed Blacksmith","floor":5,"gold_loss":0,"cards_obtained":["Pain"]},{"cards_removed":["Seeing Red"],"damage_healed":0,"gold_gain":0,"player_choice":"Gave Card","damage_taken":0,"relics_obtained":["hubris:FunFungus"],"max_hp_gain":0,"max_hp_loss":0,"event_name":"WeMeetAgain","floor":14,"gold_loss":0}],"is_beta":false,"boss_relics":[],"items_purged_floors":[12],"is_endless":false,"potions_floor_spawned":[1,8,11],"killed_by":"Hexaghost","ascension_level":20}}