{"host":"8rwnpls8n88jrgbg","time":1610286462,"event":{"mods":["AchievementEnabler","BaseMod","Colored Map","Colored Powertips","DeckTracker","Keyboard Shortcuts","Minty Spire (QoL Compilation)","Relic Stats","StSLib","SuperFastMode"],"gold_per_floor":[114,162,182,182,107,151,166,185,233,254,275,275,275,291,291,381,381,402,68,88,104,104,104,117,132,132,146,146,71,71,21,21,21,21],"floor_reached":33,"playtime":1637,"items_purged":["Strike_G"],"score":552,"play_id":"23822b25-7a45-4e49-a279-b0bf805fe938","local_time":"20210110224742","is_ascension_mode":true,"campfire_choices":[{"floor":13.0,"key":"REST"},{"data":"Eviscerate","floor":15.0,"key":"SMITH"},{"data":"Footwork","floor":23,"key":"SMITH"},{"data":"Well Laid Plans","floor":28,"key":"SMITH"},{"data":"Acrobatics","floor":32,"key":"SMITH"}],"circlet_count":0,"master_deck":["AscendersBane","Strike_G","Defend_G","Defend_G","Defend_G","Defend_G","Defend_G","Survivor","Neutralize","Eviscerate+1","Dash","PiercingWail","Cloak And Dagger","Backstab","Dagger Throw","Storm of Steel","Acrobatics+1","Footwork+1","Well Laid Plans+1","Tools of the Trade"],"relics":["Ring of the Snake","NeowsBlessing","Boot","Golden Idol","Bag of Marbles","Nunchaku","Lantern","Coffee Dripper","Shuriken","Smiling Mask"],"acts_visited":["Exordium","TheCity"],"potions_floor_usage":[16,20,33,33],"damage_taken":[{"damage":0.0,"enemies":"Cultist","floor":1.0,"turns":1.0},{"damage":0.0,"enemies":"2 Louse","floor":3.0,"turns":1.0},{"damage":0.0,"enemies":"Gremlin Nob","floor":6.0,"turns":1.0},{"damage":0.0,"enemies":"Jaw Worm","floor":7.0,"turns":2.0},{"damage":0.0,"enemies":"Gremlin Gang","floor":8.0,"turns":4.0},{"damage":1.0,"enemies":"2 Fungi Beasts","floor":10.0,"turns":3.0},{"damage":1.0,"enemies":"Looter","floor":11.0,"turns":3.0},{"damage":0.0,"enemies":"Gremlin Gang","floor":14.0,"turns":1.0},{"damage":23,"enemies":"The Guardian","floor":16,"turns":16},{"damage":0,"enemies":"3 Byrds","floor":18,"turns":5},{"damage":0,"enemies":"Shell Parasite","floor":20,"turns":1},{"damage":11,"enemies":"Chosen and Byrds","floor":21,"turns":4},{"damage":6,"enemies":"Snake Plant","floor":24,"turns":4},{"damage":11,"enemies":"Shelled Parasite and Fungi","floor":25,"turns":5},{"damage":0,"enemies":"Snecko","floor":27,"turns":4},{"damage":34,"enemies":"Automaton","floor":33,"turns":10}],"seed_played":"7549959354385061914","potions_obtained":[{"floor":6.0,"key":"EntropicBrew"},{"floor":7.0,"key":"SteroidPotion"},{"floor":16,"key":"DuplicationPotion"},{"floor":24,"key":"Strength Potion"},{"floor":27,"key":"SpeedPotion"}],"is_trial":false,"path_per_floor":["M","T","M","?","?","E","M","M","T","M","M","?","R","M","R","B",null,"M","$","M","M","?","R","M","M","T","M","R","?","?","$","R","B"],"character_chosen":"THE_SILENT","items_purchased":["Acrobatics","Shuriken"],"campfire_rested":1,"item_purchase_floors":[19,19],"current_hp_per_floor":[59,59,59,36,36,36,36,36,36,35,34,8,27,27,27,4,51,51,51,51,40,40,40,34,23,23,23,23,23,23,23,23,0,0],"gold":21,"neow_bonus":"THREE_ENEMY_KILL","is_daily":false,"chose_seed":false,"campfire_upgraded":4,"win_rate":0.0,"timestamp":1610286462,"path_taken":["M","?","M","?","?","E","?","M","T","M","?","?","R","M","R","BOSS","M","$","M","M","?","R","M","?","T","M","R","?","?","$","R","BOSS"],"items_purchased_type":["Card","Relic"],"build_version":"2020-12-22","purchased_purges":1,"victory":false,"max_hp_per_floor":[66,66,66,66,66,66,66,66,66,66,66,66,66,66,66,66,66,66,66,66,66,66,66,66,66,66,66,66,66,66,66,66,66,66],"relic_stats":{"Nunchaku":[13],"counters":[16,65],"Golden Idol":65,"Shuriken":[19],"Boot":[76],"Smiling Mask":25,"obtain_stats":[{"Nunchaku":9,"Lantern":12,"NeowsBlessing":0,"Golden Idol":4,"Shuriken":19,"Bag of Marbles":6,"Coffee Dripper":17,"Boot":2,"Smiling Mask":26,"Ring of the Snake":0},{"Nunchaku":5,"Lantern":7,"NeowsBlessing":0,"Golden Idol":2,"Shuriken":10,"Bag of Marbles":3,"Coffee Dripper":9,"Boot":1,"Smiling Mask":14,"Ring of the Snake":0},{"Nunchaku":9,"Lantern":15,"NeowsBlessing":0,"Golden Idol":2,"Shuriken":37,"Bag of Marbles":3,"Coffee Dripper":32,"Boot":1,"Smiling Mask":51,"Ring of the Snake":0}],"Ring of the Snake":[32]},"card_choices":[{"not_picked":["Outmaneuver","Choke"],"picked":"Eviscerate","floor":1.0},{"not_picked":["Dodge and Roll","Deadly Poison"],"picked":"Dash","floor":3.0},{"not_picked":["Setup","Cloak And Dagger"],"picked":"PiercingWail","floor":6.0},{"not_picked":["Bane","Deadly Poison"],"picked":"Cloak And Dagger","floor":7.0},{"not_picked":["Prepared","PiercingWail","Poisoned Stab"],"picked":"SKIP","floor":8.0},{"not_picked":["Cloak And Dagger","Expertise"],"picked":"Backstab","floor":10.0},{"not_picked":["Deflect","Setup"],"picked":"Dagger Throw","floor":11.0},{"not_picked":["Slice","Flechettes","Quick Slash"],"picked":"SKIP","floor":14.0},{"not_picked":["Doppelganger","After Image"],"picked":"Storm of Steel","floor":16},{"not_picked":["Dagger Throw","Catalyst","Noxious Fumes"],"picked":"SKIP","floor":18},{"not_picked":["Acrobatics","Deflect"],"picked":"Footwork","floor":20},{"not_picked":["Dodge and Roll","Cloak And Dagger"],"picked":"Well Laid Plans","floor":21},{"not_picked":["Quick Slash","Catalyst","Dagger Throw"],"picked":"SKIP","floor":24},{"not_picked":["Quick Slash","Catalyst","Dagger Throw"],"picked":"SKIP","floor":24},{"not_picked":["Flechettes","Underhanded Strike"],"picked":"Tools of the Trade","floor":25},{"not_picked":["Flechettes","Slice","Poisoned Stab"],"picked":"SKIP","floor":27}],"player_experience":1495505,"relics_obtained":[{"floor":2.0,"key":"Boot"},{"floor":6.0,"key":"Bag of Marbles"},{"floor":9.0,"key":"Nunchaku"},{"floor":26,"key":"Smiling Mask"}],"event_choices":[{"damage_healed":0.0,"max_hp_gain":0.0,"max_hp_loss":0.0,"gold_gain":0.0,"event_name":"Golden Idol","player_choice":"Take Damage","floor":4.0,"gold_loss":0.0,"damage_taken":23.0,"relics_obtained":["Golden Idol"]},{"cards_removed":["Strike_G"],"damage_healed":0.0,"max_hp_gain":0.0,"max_hp_loss":0.0,"gold_gain":0.0,"event_name":"The Cleric","player_choice":"Card Removal","floor":5.0,"gold_loss":75.0,"damage_taken":0.0},{"damage_healed":0.0,"max_hp_gain":0.0,"max_hp_loss":0.0,"gold_gain":0.0,"event_name":"Scrap Ooze","player_choice":"Success","floor":12.0,"gold_loss":0.0,"damage_taken":26.0,"relics_obtained":["Lantern"]},{"cards_removed":["Strike_G"],"damage_healed":0,"gold_gain":0,"player_choice":"Offered Basic","damage_taken":0,"max_hp_gain":0,"max_hp_loss":0,"event_name":"Bonfire Elementals","floor":22,"gold_loss":0},{"cards_removed":["Strike_G"],"damage_healed":0,"gold_gain":0,"player_choice":"Gave Gold","damage_taken":0,"max_hp_gain":0,"max_hp_loss":0,"event_name":"Beggar","floor":29,"gold_loss":75},{"damage_healed":0,"gold_gain":0,"player_choice":"Ignored","damage_taken":0,"max_hp_gain":0,"max_hp_loss":0,"event_name":"Cursed Tome","floor":30,"gold_loss":0}],"is_beta":false,"boss_relics":[{"not_picked":["Runic Dome","Black Star"],"picked":"Coffee Dripper"}],"items_purged_floors":[31],"is_endless":false,"potions_floor_spawned":[6,7,8,16,24,27],"killed_by":"Automaton","ascension_level":20}}