{"host":"94qggqh0xz0sp6ai","time":1610259182,"event":{"mods":["Abigail Mod","Act Like it!","BaseMod","CapriCore","Downfall","Friendly Minions","Gensokyo","Hermit","Jorbs\u0027s Wanderer Trilogy","Koishi","Marisa（霧雨　魔理沙）","Minty Spire (QoL Compilation)","Permanent Neow","Reimu（博??梦）","StSLib","The Alterego","The Construct","The Cursed","The Hierophant","The Immortal","The Marked","The Servant 0.9.4","TheBandit","Waifu the Spire"],"gold_per_floor":[116,39,58,133,147,147,147,2,55,55,73,116,116,136,136,225,225,239,164,187,212,212,212,16,56,56,56,80,123,123,123,123,222,222,236,236,257,280,349,349,349,349],"floor_reached":41,"playtime":1865,"items_purged":[],"score":716,"play_id":"4305a9b3-a92c-494a-8d75-99f5bd09025a","local_time":"20210110001302","is_ascension_mode":true,"campfire_choices":[{"data":"Determination:ReiMu","floor":6,"key":"SMITH"},{"floor":10,"key":"REST"},{"data":"NineCharacters:ReiMu","floor":13,"key":"SMITH"},{"floor":15,"key":"REST"},{"data":"OctopathBindingBorder2:ReiMu","floor":23,"key":"SMITH"},{"floor":27,"key":"REST"},{"data":"LovePray:ReiMu","floor":30,"key":"SMITH"},{"floor":32,"key":"REST"},{"data":"FoulBorder2:ReiMu","floor":40,"key":"SMITH"}],"circlet_count":0,"master_deck":["AscendersBane","Strike_Lin:ReiMu","Strike_Lin:ReiMu","Defend_Lin:ReiMu","Defend_Lin:ReiMu","Defend_Lin:ReiMu+1","Defend_Lin:ReiMu","NB:ReiMu","Stagnation:ReiMu+1","Determination:ReiMu+1","FoulBorder2:ReiMu+1","MountainWay:ReiMu","SubAcupoint:ReiMu","FoulBorder2:ReiMu","NineCharacters:ReiMu+1","OctopathBindingBorder2:ReiMu+1","InherentArray:ReiMu","KamiRite:ReiMu","AirStrike:ReiMu","LovePray:ReiMu+1","WonderfulDomain:ReiMu","NineCharacters:ReiMu+1","SpreadBorder2:ReiMu","RainPray2:ReiMu","TightArray:ReiMu","SubAcupoint:ReiMu","AirManeuver:ReiMu","BlastKick2:ReiMu","CurseOfTheBell","TightArray:ReiMu","YinYangSange:ReiMu","WonderfulDomain:ReiMu+1","SubAcupoint:ReiMu+1"],"relics":["FlyPower:ReiMu","Golden Idol","SkyOrb:ReiMu","Mastiff:ReiMu","Regal Pillow","construct:WeddingRing","DollysMirror","TungstenRod","War Paint","Red Mask","Calling Bell","Lantern","Shuriken","Peace Pipe","CatCart"],"acts_visited":["Exordium","TheCity","TheBeyond"],"potions_floor_usage":[25,29,41,41,41],"damage_taken":[{"damage":4,"enemies":"Small Slimes","floor":1,"turns":5},{"damage":1,"enemies":"2 Louse","floor":3,"turns":4},{"damage":1,"enemies":"Jaw Worm","floor":5,"turns":4},{"damage":0,"enemies":"Looter","floor":11,"turns":3},{"damage":11,"enemies":"Lagavulin","floor":12,"turns":11},{"damage":0,"enemies":"Large Slime","floor":14,"turns":5},{"damage":3,"enemies":"The Guardian","floor":16,"turns":15},{"damage":0,"enemies":"Chosen","floor":18,"turns":6},{"damage":0,"enemies":"Spheric Guardian","floor":20,"turns":10},{"damage":13,"enemies":"Snake Plant","floor":21,"turns":5},{"damage":33,"enemies":"Slavers","floor":25,"turns":7},{"damage":14,"enemies":"Snecko","floor":28,"turns":6},{"damage":6,"enemies":"Masked Bandits","floor":29,"turns":4},{"damage":37,"enemies":"Collector","floor":33,"turns":12},{"damage":2,"enemies":"Orb Walker","floor":35,"turns":6},{"damage":0,"enemies":"3 Shapes","floor":37,"turns":7},{"damage":4,"enemies":"Sphere and 2 Shapes","floor":38,"turns":9},{"damage":0,"enemies":"Orin","floor":39,"turns":11},{"damage":60,"enemies":"Reptomancer","floor":41,"turns":4}],"seed_played":"1063081365315354561","potions_obtained":[{"floor":1,"key":"LiquidBronze"},{"floor":12,"key":"Energy Potion"},{"floor":25,"key":"FearPotion"},{"floor":33,"key":"EntropicBrew"},{"floor":35,"key":"Guardian:BlockOnCardUsePotion"}],"is_trial":false,"path_per_floor":["M","$","M","?","M","R","?","$","T","R","M","E","R","M","R","B",null,"M","?","M","M","?","R","$","E","T","R","M","?","R","?","R","B",null,"M","?","M","M","?","R","E"],"character_chosen":"REIMU","items_purchased":["MountainWay:ReiMu","SkyOrb:ReiMu","DollysMirror","SpreadBorder2:ReiMu"],"campfire_rested":4,"item_purchase_floors":[2,8,24,24],"current_hp_per_floor":[50,50,49,38,37,37,16,16,16,34,34,23,23,23,56,53,58,58,58,58,45,45,45,45,12,12,45,31,25,25,25,58,21,50,48,48,48,44,44,44,0,0],"gold":349,"neow_bonus":"ONE_RANDOM_RARE_CARD","is_daily":false,"chose_seed":false,"campfire_upgraded":5,"win_rate":0.0,"timestamp":1610259182,"path_taken":["M","$","M","?","M","R","?","$","T","R","M","E","R","M","R","BOSS","M","?","M","M","?","R","$","E","T","R","M","?","R","?","R","BOSS","M","?","M","M","?","R","E"],"items_purchased_type":["Card","Relic","Relic","Card"],"build_version":"2020-12-22","purchased_purges":0,"victory":false,"max_hp_per_floor":[60,60,60,60,60,60,60,60,60,60,60,60,60,60,60,60,60,60,60,60,60,60,60,60,60,60,60,60,60,60,60,60,60,60,60,60,60,60,60,60,60,60],"card_choices":[{"not_picked":["MountainWay:ReiMu","SubcavityInstant:ReiMu"],"picked":"FoulBorder2:ReiMu","floor":1},{"not_picked":["SafetyPray:ReiMu","Conquer:ReiMu"],"picked":"SubAcupoint:ReiMu","floor":3},{"not_picked":["Amulet:ReiMu","SafetyPray:ReiMu"],"picked":"FoulBorder2:ReiMu","floor":5},{"not_picked":["Conquer:ReiMu","OrbThrow:ReiMu"],"picked":"NineCharacters:ReiMu","floor":11},{"not_picked":["AlertArray:ReiMu","FantasyMoon:ReiMu"],"picked":"OctopathBindingBorder2:ReiMu","floor":12},{"not_picked":["OrbThrow:ReiMu","FoulBorder2:ReiMu"],"picked":"InherentArray:ReiMu","floor":14},{"not_picked":["RunawayExorcism:ReiMu","KyokaiOfKami:ReiMu"],"picked":"KamiRite:ReiMu","floor":16},{"not_picked":["Conquer:ReiMu","SpringWay:ReiMu"],"picked":"AirStrike:ReiMu","floor":18},{"not_picked":["CareerPray:ReiMu","SubcavityInstant:ReiMu"],"picked":"LovePray:ReiMu","floor":20},{"not_picked":["PayForSelf:ReiMu","EmergencyTakeOff:ReiMu+1"],"picked":"WonderfulDomain:ReiMu","floor":21},{"not_picked":["SubcavityInstant:ReiMu","Crusade:ReiMu"],"picked":"RainPray2:ReiMu","floor":25},{"not_picked":["OctopathSalyBorderN:ReiMu","PrepareRite:ReiMu"],"picked":"TightArray:ReiMu","floor":28},{"not_picked":["TightArray:ReiMu","FoulBorder2:ReiMu"],"picked":"SubAcupoint:ReiMu","floor":29},{"not_picked":["OctopathSalyBorderN:ReiMu","Free:ReiMu"],"picked":"BlastKick2:ReiMu","floor":33},{"not_picked":["Crusade:ReiMu+1","InherentArray:ReiMu"],"picked":"TightArray:ReiMu","floor":35},{"not_picked":["Mountainwind:ReiMu+1","Amulet:ReiMu"],"picked":"YinYangSange:ReiMu","floor":37},{"not_picked":["KamiSacrifice:ReiMu","ManaGlint:ReiMu"],"picked":"WonderfulDomain:ReiMu+1","floor":38},{"not_picked":["Conquer:ReiMu","OrbThrow:ReiMu+1"],"picked":"SubAcupoint:ReiMu+1","floor":39}],"player_experience":1367856,"relics_obtained":[{"floor":9,"key":"Mastiff:ReiMu"},{"floor":12,"key":"Regal Pillow"},{"floor":25,"key":"TungstenRod"},{"floor":26,"key":"War Paint"},{"floor":29,"key":"Red Mask"},{"floor":34,"key":"Lantern"},{"floor":34,"key":"Shuriken"},{"floor":34,"key":"Peace Pipe"},{"floor":39,"key":"CatCart"}],"event_choices":[{"damage_healed":0,"gold_gain":75,"player_choice":"Gather Gold","damage_taken":11,"max_hp_gain":0,"max_hp_loss":0,"event_name":"World of Goop","floor":4,"gold_loss":0},{"damage_healed":0,"gold_gain":0,"player_choice":"Take Damage","damage_taken":21,"relics_obtained":["Golden Idol"],"max_hp_gain":0,"max_hp_loss":0,"event_name":"Golden Idol","floor":7,"gold_loss":0},{"cards_removed":["Strike_Lin:ReiMu"],"damage_healed":0,"gold_gain":0,"player_choice":"Gave Gold","damage_taken":0,"max_hp_gain":0,"max_hp_loss":0,"event_name":"Beggar","floor":19,"gold_loss":75},{"damage_healed":0,"gold_gain":0,"player_choice":"Ignored","damage_taken":0,"max_hp_gain":0,"max_hp_loss":0,"event_name":"Vampires","floor":22,"gold_loss":0},{"damage_healed":0,"gold_gain":0,"player_choice":"Fought Bandits","damage_taken":0,"max_hp_gain":0,"max_hp_loss":0,"event_name":"Masked Bandits","floor":29,"gold_loss":0},{"damage_healed":0,"gold_gain":0,"player_choice":"Read","damage_taken":0,"max_hp_gain":0,"max_hp_loss":0,"event_name":"The Library","floor":31,"gold_loss":0,"cards_obtained":["AirManeuver:ReiMu"]},{"cards_removed":["Strike_Lin:ReiMu"],"damage_healed":0,"gold_gain":0,"player_choice":"Removed Attack","damage_taken":0,"max_hp_gain":0,"max_hp_loss":0,"event_name":"Falling","floor":36,"gold_loss":0},{"damage_healed":0,"gold_gain":0,"player_choice":"Fight","damage_taken":0,"max_hp_gain":0,"max_hp_loss":0,"event_name":"OrinTheCat","floor":39,"gold_loss":0}],"is_beta":false,"boss_relics":[{"not_picked":["Busted Crown","Coffee Dripper"],"picked":"construct:WeddingRing"},{"not_picked":["Runic Pyramid","Snecko Eye"],"picked":"Calling Bell"}],"items_purged_floors":[],"is_endless":false,"potions_floor_spawned":[1,12,14,25,33,35],"killed_by":"Reptomancer","ascension_level":15}}