{"host":"ordk2y2ebcetabk6","time":1610312726,"event":{"mods":["AlwaysNeverKeys","Astrologer","Bard","BaseMod","Better Debug","Colored Map","Colored Powertips","Dark Map","Hermit","Highlight Path","Minty Spire (QoL Compilation)","Permanent Neow","Rare Cards Sparkle","StSLib","The Hydrologist","The Todo","TheBandit","TheLocksmith","TheVelvet","Wandering Minibosses","Wide Potions","thorton"],"gold_per_floor":[111,111,111,128,148,148,168,168,191,205,1,33,33,33,33,162,162,182,182,182,281,281,281,231,231,231,231,272,197,197,222,222,353,353,353,353],"floor_reached":35,"playtime":1656,"items_purged":["hydrologistmod:Strike_Hydrologist","Writhe"],"score":394,"play_id":"4e3971c9-4913-4b9c-9f26-fb3c74292736","local_time":"20210110140526","is_ascension_mode":false,"campfire_choices":[{"data":"hydrologistmod:Blizzard","floor":6.0,"key":"SMITH"},{"data":"hydrologistmod:PureIce","floor":8.0,"key":"SMITH"},{"data":"hydrologistmod:FrostWhip","floor":15.0,"key":"SMITH"},{"data":"hydrologistmod:Hail","floor":23.0,"key":"SMITH"},{"data":"hydrologistmod:UnstableDefend","floor":25.0,"key":"SMITH"},{"data":"hydrologistmod:UnstableDefend","floor":27,"key":"SMITH"},{"data":"hydrologistmod:Defend_Hydrologist","floor":30,"key":"SMITH"},{"data":"hydrologistmod:PureIce","floor":32,"key":"SMITH"}],"circlet_count":0,"master_deck":["hydrologistmod:FrostWhip+1","hydrologistmod:Hydraulics+1","hydrologistmod:Defend_Hydrologist+1","hydrologistmod:UnstableDefend+1","hydrologistmod:UnstableDefend+1","hydrologistmod:ViscousShell+1","hydrologistmod:Blizzard+1","hydrologistmod:PureIce+1","hydrologistmod:FrozenCapsule+1","hydrologistmod:Hail+1","hydrologistmod:PureIce+1"],"relics":["hydrologistmod:WaterPouch","PreservedInsect","Membership Card","Juzu Bracelet","Golden Idol","Cursed Key","The Courier","Turnip","Busted Crown"],"acts_visited":["Exordium","TheCity","TheBeyond"],"potions_floor_usage":[],"damage_taken":[{"damage":2.0,"enemies":"2 Louse","floor":1.0,"turns":3.0},{"damage":0.0,"enemies":"Small Slimes","floor":4.0,"turns":2.0},{"damage":1.0,"enemies":"Jaw Worm","floor":5.0,"turns":2.0},{"damage":0.0,"enemies":"Red Slaver","floor":7.0,"turns":4.0},{"damage":16.0,"enemies":"Lots of Slimes","floor":10.0,"turns":9.0},{"damage":0.0,"enemies":"Lagavulin","floor":12.0,"turns":9.0},{"damage":14.0,"enemies":"Slime Boss","floor":16.0,"turns":18.0},{"damage":2.0,"enemies":"3 Byrds","floor":18.0,"turns":10.0},{"damage":13,"enemies":"Slavers","floor":28,"turns":6},{"damage":0,"enemies":"Spheric Guardian","floor":31,"turns":5},{"damage":4,"enemies":"Collector","floor":33,"turns":12},{"damage":6,"enemies":"3 Darklings","floor":35,"turns":6}],"seed_played":"-4655173498026204890","potions_obtained":[{"floor":1.0,"key":"DuplicationPotion"},{"floor":4.0,"key":"Fire Potion"},{"floor":31,"key":"Dexterity Potion"},{"floor":33,"key":"DistilledChaos"}],"is_trial":false,"path_per_floor":["M","?","?","M","M","R","M","R","T","M","$","E","?","?","R","B",null,"M","T","?","?","?","R","$","R","T","R","E","?","R","M","R","B",null,"M"],"character_chosen":"HYDROLOGIST_CLASS","items_purchased":["Membership Card","hydrologistmod:FrozenCapsule"],"campfire_rested":0,"item_purchase_floors":[11,11],"current_hp_per_floor":[75,75,60,60,59,59,59,59,59,43,43,43,43,43,43,29,71,69,69,56,56,56,56,56,56,56,56,43,43,43,43,43,39,76,70,70],"gold":353,"neow_bonus":"REMOVE_CARD","is_daily":false,"chose_seed":false,"campfire_upgraded":8,"win_rate":0.0,"timestamp":1610312726,"path_taken":["M","?","?","M","?","R","M","R","T","M","?","E","?","?","R","BOSS","M","?","?","?","?","R","$","R","T","R","E","?","R","M","R","BOSS","M"],"items_purchased_type":["Relic","Card"],"build_version":"2020-12-22","purchased_purges":2,"victory":false,"max_hp_per_floor":[77,77,77,77,77,77,77,77,77,77,77,77,71,71,71,71,71,71,71,76,76,76,76,76,76,76,76,76,76,76,76,76,76,76,76,76],"card_choices":[{"not_picked":["hydrologistmod:Sauna","hydrologistmod:DeepFreeze"],"picked":"hydrologistmod:ViscousShell","floor":1.0},{"not_picked":["hydrologistmod:Endothermancy","hydrologistmod:DimensionalIcicles","hydrologistmod:Condensation"],"picked":"SKIP","floor":4.0},{"not_picked":["hydrologistmod:Endothermancy","hydrologistmod:DimensionalIcicles","hydrologistmod:Condensation"],"picked":"SKIP","floor":4.0},{"not_picked":["hydrologistmod:BlockOfIce","hydrologistmod:LayeredShell"],"picked":"hydrologistmod:Blizzard","floor":5.0},{"not_picked":["hydrologistmod:OccludingMist","hydrologistmod:Upstream"],"picked":"hydrologistmod:PureIce","floor":7.0},{"not_picked":["hydrologistmod:Dehydrate","hydrologistmod:PureWater","hydrologistmod:DimensionalIcicles"],"picked":"SKIP","floor":10.0},{"not_picked":["hydrologistmod:Drench","hydrologistmod:OccludingMist","hydrologistmod:PressureBuildup"],"picked":"SKIP","floor":12.0},{"not_picked":["hydrologistmod:PureSteam","hydrologistmod:HeatBlast"],"picked":"hydrologistmod:Hail","floor":18.0},{"not_picked":["hydrologistmod:SoggySynthesis","hydrologistmod:SteamEngine+1","hydrologistmod:Cascade"],"picked":"SKIP","floor":28},{"not_picked":["hydrologistmod:YawningAbyss+1","hydrologistmod:FrozenDomain"],"picked":"hydrologistmod:PureIce","floor":31}],"player_experience":1149533,"relics_obtained":[{"floor":9.0,"key":"PreservedInsect"},{"floor":12.0,"key":"Juzu Bracelet"},{"floor":19.0,"key":"The Courier"},{"floor":28,"key":"Turnip"}],"event_choices":[{"cards_removed":["hydrologistmod:Defend_Hydrologist"],"damage_healed":0.0,"max_hp_gain":0.0,"max_hp_loss":0.0,"gold_gain":0.0,"event_name":"Living Wall","player_choice":"Forget","floor":2.0,"gold_loss":0.0,"damage_taken":0.0},{"damage_healed":0.0,"max_hp_gain":0.0,"max_hp_loss":0.0,"gold_gain":0.0,"event_name":"Shining Light","player_choice":"Entered Light","floor":3.0,"gold_loss":0.0,"damage_taken":15.0,"cards_upgraded":["hydrologistmod:ViscousShell","hydrologistmod:Hydraulics"]},{"damage_healed":0.0,"max_hp_gain":0.0,"max_hp_loss":6.0,"gold_gain":0.0,"event_name":"Golden Idol","player_choice":"Lose Max HP","floor":13.0,"gold_loss":0.0,"damage_taken":0.0,"relics_obtained":["Golden Idol"]},{"damage_healed":0.0,"max_hp_gain":0.0,"max_hp_loss":0.0,"gold_gain":0.0,"event_name":"Upgrade Shrine","player_choice":"Upgraded","floor":14.0,"gold_loss":0.0,"damage_taken":0.0,"cards_upgraded":["hydrologistmod:FrozenCapsule"]},{"damage_healed":0.0,"max_hp_gain":5.0,"max_hp_loss":0.0,"gold_gain":0.0,"event_name":"Forgotten Altar","player_choice":"Shed Blood","floor":20.0,"gold_loss":0.0,"damage_taken":18.0},{"damage_healed":0.0,"max_hp_gain":0.0,"max_hp_loss":0.0,"gold_gain":99.0,"event_name":"Nest","player_choice":"Stole From Cult","floor":21.0,"gold_loss":0.0,"damage_taken":0.0},{"cards_removed":["hydrologistmod:Strike_Hydrologist"],"damage_healed":0.0,"max_hp_gain":0.0,"max_hp_loss":0.0,"gold_gain":0.0,"event_name":"Back to Basics","player_choice":"Elegance","floor":22.0,"gold_loss":0.0,"damage_taken":0.0},{"cards_removed":["hydrologistmod:Defend_Hydrologist"],"damage_healed":0,"gold_gain":0,"player_choice":"Gave Gold","damage_taken":0,"max_hp_gain":0,"max_hp_loss":0,"event_name":"Beggar","floor":29,"gold_loss":75}],"is_beta":false,"boss_relics":[{"not_picked":["hydrologistmod:MysticalPouch","Coffee Dripper"],"picked":"Cursed Key"},{"not_picked":["Black Star","Runic Pyramid"],"picked":"Busted Crown"}],"items_purged_floors":[11,24],"is_endless":false,"potions_floor_spawned":[1,4,5,31,33],"killed_by":"3 Darklings","ascension_level":0}}