{"host":"w01uex9uy9hwwtiw","time":1610281129,"event":{"mods":["ATMod(阿瑾Mod)","Arknights The Spire","BaseMod","Better Third Choice","Library of Ruina","Minty Spire (QoL Compilation)","Remilia（蕾米莉亚）","Replay The Spire","RumiaBox-露米娅的神秘盒子","SIMod","Shop Mod","StSLib","Td1madao Mod","TestMod","The Bladedancer","The Servant 0.9.4","Yakumo Yukari mod","Youmu（魂魄妖梦）","Yuyuko","vexMod","【遗物Mod】死灵法师NEW","【遗物卡牌】REMEMod","残留之物","篝火指南"],"gold_per_floor":[113,131,111,131,98,127,145,177,177,177,210,210,275,289,289,387,387,405,415,415,815,815,842,693,693,693,73,100,100,100,119,119,217,217,235,235,251,154,0,0,35,35,61,61,61,80,130,141,141,141],"floor_reached":51,"playtime":2481,"items_purged":["LightDefense"],"score":944,"play_id":"9e334d94-efee-4607-ba6d-5deb24766f17","local_time":"20210110201849","is_ascension_mode":true,"campfire_choices":[{"data":"LightAttack","floor":15,"key":"PURGE"},{"data":"REME_HeartOfCthun","floor":32,"key":"SMITH"},{"floor":40,"key":"REST"}],"circlet_count":0,"master_deck":["LightAttack","ChargeAndCover","AT_DrawKnifeCut","REME_HeartOfCthun+1","Unlock1+1","Mutilate","Outburst","TendonChords","TasteMyFlamingBat","SilentNight","BayonetCombat","Pound","REME_AllRoundStrike","SilentNight","AbeCurse","Feast","BlowItUp+1","testmod-Mystery","StayCalm+1","ToWhereThePrescriptPoints+1","DriedUp+1","WildCard+1","AGoldenOpportunity+1","ExtractFuel+1","LeRegole+1","StayCalm+1","SparkingSpear+1","YouOnlyLiveOnce+1","Riposte+1"],"relics":["AT_ATBox","testmod-IWantAll","Replay:Drink Me","Thread and Needle","Ornamental Fan","Chameleon Ring","Bottled Lightning","REME_ComplimentaryCards","REME_LimitBreaker","testmod-SaigiyounoYou","betterThird:NestCultRelic","Juzu Bracelet","PageOfTodaysShyLook","Bird Faced Urn","GodSword7","PageOfTheKnightOfDespair","PageOfTheQueenOfHatred","Ring of Panic","Abe\u0027s Treasure","Red Mask","PageOfGreed","PageOfWrath","PageOfNihil","AT_LudenTempest"],"acts_visited":["Exordium","TheCity","TheBeyond"],"potions_floor_usage":[7,8,13,16,46],"damage_taken":[{"damage":6,"enemies":"Cultist","floor":1,"turns":3},{"damage":8,"enemies":"Small Slimes","floor":2,"turns":2},{"damage":0,"enemies":"2 Louse","floor":4,"turns":1},{"damage":20,"enemies":"Lagavulin","floor":6,"turns":5},{"damage":7,"enemies":"Looter","floor":7,"turns":2},{"damage":0,"enemies":"3 Sentries","floor":8,"turns":2},{"damage":0,"enemies":"Gremlin Nob","floor":11,"turns":3},{"damage":16,"enemies":"3 Sentries","floor":13,"turns":4},{"damage":0,"enemies":"Exordium Wildlife","floor":14,"turns":2},{"damage":2,"enemies":"Hexaghost","floor":16,"turns":6},{"damage":0,"enemies":"Spheric Guardian","floor":18,"turns":3},{"damage":18,"enemies":"2 Thieves","floor":19,"turns":3},{"damage":24,"enemies":"Gremlin Leader","floor":23,"turns":5},{"damage":20,"enemies":"Snake Plant","floor":31,"turns":5},{"damage":1,"enemies":"Collector","floor":33,"turns":5},{"damage":4,"enemies":"3 Darklings","floor":35,"turns":3},{"damage":17,"enemies":"3 Shapes","floor":37,"turns":3},{"damage":0,"enemies":"R_Hoarder","floor":41,"turns":6},{"damage":30,"enemies":"Maw","floor":46,"turns":8},{"damage":0,"enemies":"Mind Bloom Boss Battle","floor":47,"turns":4},{"damage":4,"enemies":"Jaw Worm Horde","floor":48,"turns":2},{"damage":16,"enemies":"Awakened One","floor":50,"turns":5}],"seed_played":"3343079849512620634","potions_obtained":[{"floor":2,"key":"LiquidMemories"},{"floor":3,"key":"Languid Potion"},{"floor":8,"key":"REME_GoldPotion"},{"floor":11,"key":"Regen Potion"},{"floor":13,"key":"Fire Potion"},{"floor":14,"key":"Energy Potion"},{"floor":18,"key":"LifebloodPotion"},{"floor":46,"key":"Block Potion"}],"is_trial":false,"path_per_floor":["M","M","?","M","$","E","M","E","T","?","E","?","?","M","R","B",null,"M","M","?","?","?","E","R","?","T","R","T","?","?","M","R","B",null,"M","?","M","$","?","R","E","?","T","R","$","M","?","M","R","B",null],"character_chosen":"Librarian","items_purchased":["Unlock1+1","PageOfTodaysShyLook","REME_AllRoundStrike","FrontalAssault","PageOfTheKnightOfDespair","testmod-Mystery"],"campfire_rested":1,"item_purchase_floors":[5,24,27,27,27,38],"current_hp_per_floor":[39,31,31,31,31,11,16,16,16,31,40,40,41,41,41,42,45,45,32,32,32,26,24,24,24,24,24,24,24,29,40,40,50,50,50,50,34,34,34,49,50,50,50,50,50,50,50,50,50,46],"gold":141,"neow_bonus":"BOSS_RELIC","is_daily":false,"chose_seed":false,"campfire_upgraded":1,"win_rate":0.0,"timestamp":1610281129,"path_taken":["M","?","?","?","?","E","M","E","T","?","E","?","?","M","R","BOSS","M","M","?","?","?","E","R","?","T","R","?","?","?","M","R","BOSS","M","?","M","$","?","R","E","?","T","R","?","M","?","M","R","BOSS"],"items_purchased_type":["Card","Relic","Card","Card","Relic","Card"],"build_version":"2020-12-22","purchased_purges":1,"victory":true,"max_hp_per_floor":[45,45,45,45,45,45,45,45,45,45,45,45,45,45,45,45,45,45,45,45,45,50,50,50,50,50,50,50,50,50,50,50,50,50,50,50,50,50,50,50,50,50,50,50,50,50,50,50,50,50],"card_choices":[{"not_picked":["Diversion","Thrust"],"picked":"Reload","floor":1},{"not_picked":["ExtremeEdge","FrontalAssault"],"picked":"Reload","floor":2},{"not_picked":["Rewind","StrongStrike","UnavoidableGaze"],"picked":"SKIP","floor":4},{"not_picked":["Wallop_lor","LeRegole"],"picked":"Mutilate","floor":6},{"not_picked":["SunsetBlade","Gigigig"],"picked":"Outburst","floor":7},{"not_picked":["Punishment","BackAttack"],"picked":"TendonChords","floor":8},{"not_picked":["PreparedMind","BackstreetsDash","RatsGuideToSurvival"],"picked":"SKIP","floor":11},{"not_picked":["Endure","Reload"],"picked":"FrontalAssault","floor":14},{"not_picked":["GutHarvesting","LeRegole"],"picked":"SilentNight","floor":16},{"not_picked":["EndlessBattle","FierceCharge"],"picked":"BayonetCombat","floor":18},{"not_picked":["Quickness","ReadyUp","TasteMyFlamingBat"],"picked":"SKIP","floor":19},{"not_picked":["FaintMemories","UpbeatPerformance+1"],"picked":"Pound","floor":23},{"not_picked":["Preparation","Unlock1"],"picked":"Faith+1","floor":31},{"not_picked":["FormingStorm","Tttonst"],"picked":"SilentNight","floor":33},{"not_picked":["EnergyConversion","Parry"],"picked":"Feast","floor":35},{"not_picked":["MultiHit+1","EnergyCycle"],"picked":"BlowItUp+1","floor":37},{"not_picked":["DarkCloud+1","YoureAHindrance"],"picked":"UnavoidableGaze+1","floor":41},{"not_picked":["SharpenedBlade","SmokingPipe+1"],"picked":"SparkingSpear+1","floor":46},{"not_picked":["Crush","Eliminate"],"picked":"YouOnlyLiveOnce+1","floor":47},{"not_picked":["SmokingPipe+1","SpearedSweep"],"picked":"Riposte+1","floor":48}],"player_experience":120614,"relics_obtained":[{"floor":6,"key":"Thread and Needle"},{"floor":8,"key":"Ornamental Fan"},{"floor":9,"key":"Chameleon Ring"},{"floor":11,"key":"Bottled Lightning"},{"floor":23,"key":"Juzu Bracelet"},{"floor":26,"key":"GodSword7"},{"floor":28,"key":"PageOfTheQueenOfHatred"},{"floor":29,"key":"Ring of Panic"},{"floor":41,"key":"PageOfGreed"},{"floor":43,"key":"PageOfWrath"},{"floor":46,"key":"PageOfNihil"},{"floor":47,"key":"AT_LudenTempest"}],"event_choices":[{"damage_healed":0,"gold_gain":0,"player_choice":"Bought 1 Potion","damage_taken":0,"max_hp_gain":0,"max_hp_loss":0,"event_name":"The Woman in Blue","floor":3,"gold_loss":0},{"damage_healed":15,"gold_gain":0,"player_choice":"Banana","damage_taken":0,"max_hp_gain":0,"max_hp_loss":0,"event_name":"Big Fish","floor":10,"gold_loss":0},{"damage_healed":0,"gold_gain":0,"player_choice":"Swap Relic","damage_taken":0,"relics_obtained":["REME_ComplimentaryCards"],"max_hp_gain":0,"max_hp_loss":0,"event_name":"给自己的盒子","floor":12,"relics_lost":["REME_ComplimentaryCards"],"gold_loss":0},{"damage_healed":0,"gold_gain":0,"player_choice":"Searched \u00272\u0027 times","damage_taken":0,"relics_obtained":["REME_LimitBreaker"],"max_hp_gain":0,"max_hp_loss":0,"event_name":"Dead Adventurer","floor":13,"gold_loss":0},{"damage_healed":0,"gold_gain":0,"player_choice":"Madness","damage_taken":0,"relics_obtained":["betterThird:NestCultRelic"],"max_hp_gain":0,"max_hp_loss":0,"event_name":"betterThird:BetterNest","floor":20,"gold_loss":0},{"damage_healed":0,"gold_gain":400,"player_choice":"Sell","damage_taken":0,"max_hp_gain":0,"max_hp_loss":0,"event_name":"恩洛斯的盘子","floor":21,"relics_lost":["testmod-TestBox"],"gold_loss":0},{"damage_healed":0,"gold_gain":0,"player_choice":"Shed Blood","damage_taken":11,"max_hp_gain":5,"max_hp_loss":0,"event_name":"Forgotten Altar","floor":22,"gold_loss":0},{"cards_removed":["LightDefense"],"damage_healed":0,"gold_gain":0,"player_choice":"Removed Skill","damage_taken":0,"max_hp_gain":0,"max_hp_loss":0,"event_name":"Falling","floor":36,"gold_loss":0},{"damage_healed":0,"gold_gain":0,"player_choice":"Paid","damage_taken":0,"relics_obtained":["Red Mask"],"max_hp_gain":0,"max_hp_loss":0,"event_name":"Tomb of Lord Red Mask","floor":39,"gold_loss":154},{"damage_healed":0,"gold_gain":0,"player_choice":"Fight","damage_taken":0,"max_hp_gain":0,"max_hp_loss":0,"event_name":"MindBloom","floor":47,"gold_loss":0}],"is_beta":false,"boss_relics":[{"not_picked":["EasyGame_NEW","testmod-KeyOfTheVoid"],"picked":"testmod-SaigiyounoYou"},{"not_picked":["ChewingGum","Philosopher\u0027s Stone"],"picked":"Abe\u0027s Treasure"}],"items_purged_floors":[27],"is_endless":false,"potions_floor_spawned":[2,8,11,13,14,18,31,35,46],"ascension_level":3}}