{"host":"9kesdg97wkrx2bva","time":1610267672,"event":{"mods":["AchievementEnabler","BaseMod","Colored Map","Downfall","GifTheSpireLib","Infinite Spire","Minty Spire (QoL Compilation)","Replay The Spire","StSLib"],"gold_per_floor":[20,32,51,51,51,51,79,79,79,59,70,70,12,31,31,103,103,114,133,133,133,133],"floor_reached":21,"playtime":542,"items_purged":["Strike_B"],"score":322,"play_id":"0adae4c6-9a25-41e2-978a-fc5b6ccbbb0a","local_time":"20210110033432","is_ascension_mode":true,"campfire_choices":[{"data":"Zap","floor":6,"key":"SMITH"},{"data":"White Noise","floor":8,"key":"SMITH"},{"data":"Defragment","floor":12,"key":"SMITH"},{"floor":15,"key":"REST"}],"circlet_count":0,"master_deck":["AscendersBane","Strike_B","Defend_B","Defend_B","Defend_B","Defend_B","Zap+1","Dualcast","Compile Driver+1","Panic Button","Defragment+1","Compile Driver+1","Gash","White Noise+1","Coolheaded","Core Surge","Creative AI","Cold Snap"],"relics":["Cracked Core","infinitespire:Bottled Soul","Replay:Bottled Eggs","Sozu","ClockworkSouvenir"],"acts_visited":["Exordium","TheCity"],"potions_floor_usage":[7,7,16],"damage_taken":[{"damage":1,"enemies":"Cultist","floor":1,"turns":4},{"damage":9,"enemies":"2 Louse","floor":2,"turns":3},{"damage":14,"enemies":"Small Slimes","floor":3,"turns":4},{"damage":39,"enemies":"Gremlin Nob","floor":7,"turns":4},{"damage":0,"enemies":"3 Louse","floor":11,"turns":1},{"damage":7,"enemies":"Exordium Wildlife","floor":14,"turns":3},{"damage":35,"enemies":"The Guardian","floor":16,"turns":10},{"damage":12,"enemies":"Chosen","floor":18,"turns":4},{"damage":34,"enemies":"3 Byrds","floor":19,"turns":5},{"damage":14,"enemies":"Cultist and Chosen","floor":21,"turns":3}],"seed_played":"-2258090204177407663","potions_obtained":[{"floor":2,"key":"DistilledChaos"},{"floor":3,"key":"PowerPotion"},{"floor":10,"key":"Regen Potion"},{"floor":16,"key":"Ancient Potion"}],"is_trial":false,"path_per_floor":["M","M","M","?","$","R","E","R","T","?","M","R","$","M","R","B",null,"M","M","AVR","M"],"character_chosen":"DEFECT","items_purchased":["Coolheaded"],"campfire_rested":1,"item_purchase_floors":[13],"current_hp_per_floor":[63,54,40,63,63,63,24,24,24,24,24,24,24,17,38,18,58,46,12,12,0,0],"gold":133,"neow_bonus":"TRANSFORM_TWO_CARDS","is_daily":false,"chose_seed":false,"campfire_upgraded":3,"win_rate":0.0,"timestamp":1610267672,"path_taken":["M","?","M","?","$","R","E","R","T","?","?","R","?","M","R","BOSS","M","M","AVR","M"],"items_purchased_type":["Card"],"build_version":"2020-12-22","purchased_purges":1,"victory":false,"max_hp_per_floor":[71,71,71,71,71,71,71,71,71,71,71,71,71,71,71,71,71,71,71,71,71,71],"card_choices":[{"not_picked":["Streamline","Steam Power"],"picked":"Defragment","floor":1},{"not_picked":["Time Bomb","Steam"],"picked":"Compile Driver","floor":2},{"not_picked":["Streamline","ReplaySort"],"picked":"Gash","floor":3},{"not_picked":["Panic Button","Crystallizer"],"picked":"White Noise","floor":7},{"not_picked":["Leap","Stack","Panic Button"],"picked":"SKIP","floor":11},{"not_picked":["BasicCrystalCard","Conserve Battery"],"picked":"Core Surge","floor":14},{"not_picked":["Electrodynamics","Multi-Cast"],"picked":"Creative AI","floor":16},{"not_picked":["FIFO Queue","Rip and Tear","Sweeping Beam+1"],"picked":"SKIP","floor":18},{"not_picked":["Rip and Tear","Turbo"],"picked":"Cold Snap","floor":19}],"player_experience":915763,"relics_obtained":[{"floor":7,"key":"infinitespire:Bottled Soul"},{"floor":9,"key":"Replay:Bottled Eggs"}],"event_choices":[{"damage_healed":23,"gold_gain":0,"player_choice":"Banana","damage_taken":0,"max_hp_gain":0,"max_hp_loss":0,"event_name":"Big Fish","floor":4,"gold_loss":0},{"damage_healed":0,"gold_gain":0,"player_choice":"Bought 1 Potion","damage_taken":0,"max_hp_gain":0,"max_hp_loss":0,"event_name":"The Woman in Blue","floor":10,"gold_loss":0}],"is_beta":false,"boss_relics":[{"not_picked":["ReplayTheSpireMod:DimensionalGlitch","Black Star"],"picked":"Sozu"}],"items_purged_floors":[20],"is_endless":false,"potions_floor_spawned":[2,3,16,18,19],"killed_by":"Cultist and Chosen","ascension_level":16}}