{"host":"oigynbtg272c19pw","time":1610284184,"event":{"mods":["BaseMod","Colored Map","Minty Spire (QoL Compilation)","Relic Stats","StSLib"],"gold_per_floor":[117,117,1,11,11,36,49,49,101,119,153,153,153,166,166,243,243,285,328,52,89,89,89],"floor_reached":22,"playtime":1049,"items_purged":["Strike_P","Strike_P"],"score":492,"play_id":"68c0897e-064f-435b-b115-e23dead3c0d0","local_time":"20210110140944","is_ascension_mode":true,"campfire_choices":[{"data":"CrushJoints","floor":8.0,"key":"SMITH"},{"floor":12.0,"key":"REST"},{"data":"SignatureMove","floor":15,"key":"SMITH"}],"circlet_count":0,"master_deck":["AscendersBane","Defend_P","Defend_P","Defend_P","Defend_P","Eruption","Vigilance","BowlingBash","EmptyMind","Consecrate","WindmillStrike","CrushJoints+1","CarveReality","SignatureMove+1","Prostrate","Wish","TalkToTheHand","Ragnarok"],"relics":["PureWater","Du-Vu Doll","Ancient Tea Set","Oddly Smooth Stone","Bottled Flame","Snecko Eye"],"acts_visited":["Exordium","TheCity"],"potions_floor_usage":[19,19],"damage_taken":[{"damage":0.0,"enemies":"Jaw Worm","floor":1.0,"turns":3.0},{"damage":0.0,"enemies":"Small Slimes","floor":4.0,"turns":2.0},{"damage":16.0,"enemies":"Gremlin Nob","floor":6.0,"turns":3.0},{"damage":0.0,"enemies":"2 Louse","floor":7.0,"turns":3.0},{"damage":0.0,"enemies":"Large Slime","floor":10.0,"turns":3.0},{"damage":26.0,"enemies":"3 Sentries","floor":11.0,"turns":7.0},{"damage":2,"enemies":"Exordium Wildlife","floor":14,"turns":3},{"damage":0,"enemies":"Slime Boss","floor":16,"turns":5},{"damage":0,"enemies":"Spheric Guardian","floor":18,"turns":2},{"damage":25,"enemies":"Shell Parasite","floor":19,"turns":4},{"damage":22,"enemies":"Centurion and Healer","floor":21,"turns":4},{"damage":15,"enemies":"Snake Plant","floor":22,"turns":2}],"seed_played":"1154660221303675989","potions_obtained":[{"floor":11.0,"key":"BottledMiracle"},{"floor":14,"key":"SpeedPotion"},{"floor":21,"key":"SpeedPotion"}],"is_trial":false,"path_per_floor":["M","?","$","M","?","E","M","R","T","M","E","R","?","M","R","B",null,"M","M","$","M","M"],"character_chosen":"WATCHER","items_purchased":["EmptyMind","Ragnarok"],"campfire_rested":1,"item_purchase_floors":[3,20],"current_hp_per_floor":[61,54,54,54,59,43,43,43,43,43,17,37,37,35,35,35,59,59,34,34,12,0,0],"gold":89,"neow_bonus":"ONE_RARE_RELIC","is_daily":false,"chose_seed":false,"campfire_upgraded":2,"win_rate":0.0,"timestamp":1610284184,"path_taken":["M","?","$","M","?","E","M","R","T","?","E","R","?","M","R","BOSS","M","M","$","M","M"],"items_purchased_type":["Card","Card"],"build_version":"2020-12-13","purchased_purges":2,"victory":false,"max_hp_per_floor":[62,62,62,62,67,67,67,67,67,67,67,67,67,67,67,67,67,67,67,67,67,67,67],"relic_stats":{"counters":[12,41],"Snecko Eye":[20,19,19,25],"obtain_stats":[{"Du-Vu Doll":0,"Bottled Flame":11,"Oddly Smooth Stone":9,"Snecko Eye":17,"PureWater":0,"Ancient Tea Set":6},{"Du-Vu Doll":0,"Bottled Flame":6,"Oddly Smooth Stone":4,"Snecko Eye":8,"PureWater":0,"Ancient Tea Set":3},{"Du-Vu Doll":0,"Bottled Flame":21,"Oddly Smooth Stone":11,"Snecko Eye":29,"PureWater":0,"Ancient Tea Set":8}]},"card_choices":[{"not_picked":["CrushJoints","Protect"],"picked":"BowlingBash","floor":1.0},{"not_picked":["EmptyBody","Crescendo"],"picked":"Consecrate","floor":4.0},{"not_picked":["EmptyMind","InnerPeace"],"picked":"WindmillStrike","floor":6.0},{"not_picked":["Consecrate","SashWhip"],"picked":"CrushJoints","floor":7.0},{"not_picked":["Indignation","Crescendo"],"picked":"CarveReality","floor":10.0},{"not_picked":["PathToVictory","Halt"],"picked":"SignatureMove","floor":11.0},{"not_picked":["FollowUp","Indignation"],"picked":"Prostrate","floor":14},{"not_picked":["DeusExMachina","Omniscience"],"picked":"Wish","floor":16},{"not_picked":["Study","FlyingSleeves","FollowUp"],"picked":"SKIP","floor":18},{"not_picked":["JustLucky","FlyingSleeves"],"picked":"TalkToTheHand","floor":19},{"not_picked":["Sanctity","Protect","Brilliance"],"picked":"SKIP","floor":21}],"player_experience":1356537,"relics_obtained":[{"floor":6.0,"key":"Ancient Tea Set"},{"floor":9.0,"key":"Oddly Smooth Stone"},{"floor":11.0,"key":"Bottled Flame"}],"event_choices":[{"cards_removed":["Strike_P"],"damage_healed":0.0,"max_hp_gain":0.0,"max_hp_loss":0.0,"gold_gain":0.0,"event_name":"Golden Wing","player_choice":"Card Removal","floor":2.0,"gold_loss":0.0,"damage_taken":7.0},{"damage_healed":0.0,"max_hp_gain":5.0,"max_hp_loss":0.0,"gold_gain":0.0,"event_name":"Big Fish","player_choice":"Donut","floor":5.0,"gold_loss":0.0,"damage_taken":0.0},{"cards_removed":["Strike_P"],"damage_healed":0,"gold_gain":0,"player_choice":"Forget","damage_taken":0,"max_hp_gain":0,"max_hp_loss":0,"event_name":"Living Wall","floor":13,"gold_loss":0}],"is_beta":false,"boss_relics":[{"not_picked":["Pandora\u0027s Box","Astrolabe"],"picked":"Snecko Eye"}],"items_purged_floors":[3,20],"is_endless":false,"potions_floor_spawned":[11,14,21],"killed_by":"Snake Plant","ascension_level":20}}