{"host":"jm9833yuloeli2yd","time":1610301423,"event":{"mods":["BaseMod","Better Altar","Better Match","Better Note","Better Sensory Stone","Better Skull","Better Third Choice","Better Vampires","BetterRewards","Colored Map","Colored Powertips","DeckTracker","Minty Spire (QoL Compilation)","Permanent Neow","Quick Restart","Slay-I","StSLib","SuperFastMode"],"gold_per_floor":[111,123,123,49,68,99,99,128,128,157,157,157,307,46,46,125,125,139,157,157,72,91,91,116,116,116],"floor_reached":25,"playtime":529,"items_purged":["Strike_B","Doubt"],"score":724,"play_id":"6d5bcba7-1257-4c84-9dfd-b8a0d39bee33","local_time":"20210110125703","is_ascension_mode":true,"campfire_choices":[{"data":"Zap","floor":7,"key":"SMITH"},{"data":"Loop","floor":11,"key":"SMITH"},{"data":"FTL","floor":15,"key":"SMITH"},{"data":"Buffer","floor":23,"key":"SMITH"}],"circlet_count":0,"master_deck":["AscendersBane","Zap+1","Dualcast","Turbo","Ball Lightning","Swift Strike","Glacier+1","Gash","Ball Lightning","Gash","Cold Snap","Blizzard","FTL+1","Loop+1","All For One","Lockon","Buffer+1","Go for the Eyes","Leap","Thunder Strike","Rainbow","Echo Form","Consume","Ghostly","Ghostly","Ghostly","Chill"],"relics":["Cracked Core","Ice Cream","Mango","Mercury Hourglass","DataDisk","Ornamental Fan","Art of War","OrangePellets","Pandora\u0027s Box","Ancient Tea Set","Strawberry"],"acts_visited":["Exordium","TheCity"],"potions_floor_usage":[6,8,25],"damage_taken":[{"damage":7,"enemies":"Jaw Worm","floor":1,"turns":3},{"damage":0,"enemies":"Small Slimes","floor":2,"turns":3},{"damage":0,"enemies":"2 Louse","floor":5,"turns":3},{"damage":8,"enemies":"Lagavulin","floor":6,"turns":7},{"damage":0,"enemies":"3 Sentries","floor":8,"turns":4},{"damage":11,"enemies":"Lagavulin","floor":10,"turns":4},{"damage":3,"enemies":"Slime Boss","floor":16,"turns":8},{"damage":12,"enemies":"3 Byrds","floor":18,"turns":2},{"damage":8,"enemies":"2 Thieves","floor":19,"turns":3},{"damage":27,"enemies":"Shelled Parasite and Fungi","floor":22,"turns":5},{"damage":3,"enemies":"Book of Stabbing","floor":24,"turns":5},{"damage":22,"enemies":"Masked Bandits","floor":25,"turns":2}],"seed_played":"7941021693500110466","potions_obtained":[{"floor":2,"key":"FocusPotion"},{"floor":6,"key":"SkillPotion"},{"floor":24,"key":"FocusPotion"}],"is_trial":false,"path_per_floor":["M","M","?","$","M","E","R","E","T","E","R","?","?","$","R","B",null,"M","M","?","?","M","R","E","?"],"character_chosen":"DEFECT","items_purchased":["Ice Cream","Turbo","Ball Lightning","Swift Strike","Ball Lightning","Gash","OrangePellets"],"campfire_rested":0,"item_purchase_floors":[0,0,0,0,4,4,14],"current_hp_per_floor":[71,71,76,76,76,68,68,68,68,57,57,57,57,57,57,54,81,69,61,45,45,18,18,22,0,0],"gold":116,"neow_bonus":"","is_daily":false,"chose_seed":false,"campfire_upgraded":4,"win_rate":0.0,"timestamp":1610301423,"path_taken":["M","M","?","$","M","E","R","E","T","E","R","?","?","$","R","BOSS","M","M","?","?","M","R","E","?"],"items_purchased_type":["Relic","Card","Card","Card","Card","Card","Relic"],"build_version":"2020-12-22","purchased_purges":2,"victory":false,"max_hp_per_floor":[85,85,90,90,90,90,90,90,90,90,90,90,90,90,90,90,90,90,90,45,45,45,45,52,52,52],"card_choices":[{"not_picked":["Sweeping Beam","Conserve Battery"],"picked":"Glacier","floor":1},{"not_picked":["Stack","White Noise"],"picked":"Gash","floor":2},{"not_picked":["Auto Shields","Redo"],"picked":"Cold Snap","floor":5},{"not_picked":["Steam Power","Scrape"],"picked":"Blizzard","floor":6},{"not_picked":["Genetic Algorithm","Reprogram"],"picked":"FTL","floor":8},{"not_picked":["Ball Lightning","Double Energy"],"picked":"Loop","floor":10},{"not_picked":["Core Surge","Reboot"],"picked":"All For One","floor":16},{"not_picked":["Storm","Go for the Eyes","Stack"],"picked":"SKIP","floor":18},{"not_picked":["Static Discharge","BootSequence"],"picked":"Consume","floor":19},{"not_picked":["Rebound","Go for the Eyes"],"picked":"Chill","floor":22},{"not_picked":["Darkness","Go for the Eyes","Melter+1"],"picked":"SKIP","floor":24}],"player_experience":1302969,"relics_obtained":[{"floor":6,"key":"Mercury Hourglass"},{"floor":8,"key":"DataDisk"},{"floor":9,"key":"Ornamental Fan"},{"floor":10,"key":"Art of War"},{"floor":24,"key":"Strawberry"}],"event_choices":[{"damage_healed":0,"gold_gain":0,"player_choice":"Donut","damage_taken":0,"max_hp_gain":5,"max_hp_loss":0,"event_name":"Big Fish","floor":3,"gold_loss":0},{"damage_healed":0,"gold_gain":0,"player_choice":"Grow","damage_taken":0,"max_hp_gain":0,"max_hp_loss":0,"event_name":"Living Wall","floor":12,"gold_loss":0,"cards_upgraded":["Glacier"]},{"damage_healed":0,"gold_gain":150,"player_choice":"AGREE","damage_taken":157,"max_hp_gain":0,"max_hp_loss":0,"event_name":"betterThird:BetterSerpent","floor":13,"gold_loss":0},{"damage_healed":0,"gold_gain":0,"player_choice":"Became a Ghost","damage_taken":0,"max_hp_gain":0,"max_hp_loss":45,"event_name":"Ghosts","floor":20,"gold_loss":0,"cards_obtained":["Ghostly","Ghostly","Ghostly"]},{"damage_healed":0,"gold_gain":0,"player_choice":"Obtained Relic","damage_taken":0,"relics_obtained":["Ancient Tea Set"],"max_hp_gain":0,"max_hp_loss":0,"event_name":"Addict","floor":21,"gold_loss":85},{"damage_healed":0,"gold_gain":0,"player_choice":"Fought Bandits","damage_taken":0,"max_hp_gain":0,"max_hp_loss":0,"event_name":"Masked Bandits","floor":25,"gold_loss":0}],"is_beta":false,"boss_relics":[{"not_picked":["Velvet Choker","Runic Pyramid"],"picked":"Pandora\u0027s Box"}],"items_purged_floors":[0,14],"is_endless":false,"potions_floor_spawned":[2,6,24],"killed_by":"Masked Bandits","ascension_level":20}}