{"host":"l4kdldlios54gl54","time":1610263317,"event":{"mods":["AchievementEnabler","BaseMod","Colored Map","Colored Powertips","Minty Spire (QoL Compilation)","Random Character Button"],"gold_per_floor":[109,124,137,149,162,162,189,189,189,189,206,39,59,69,69,146,146,159,159,159,84,84,84,113,113,185,185,13,33,0,0,0,74,74,93,109,109,126,137,137,155,155,155,155,155,155,166,166,166,166,166],"floor_reached":50,"playtime":2188,"items_purged":["Strike_G+1"],"score":901,"play_id":"3a29faee-221d-48cc-a7e7-14dd613d1971","local_time":"20210110082157","is_ascension_mode":true,"campfire_choices":[{"data":"Skewer","floor":6,"key":"SMITH"},{"floor":8,"key":"REST"},{"data":"Footwork","floor":15,"key":"SMITH"},{"data":"Noxious Fumes","floor":23,"key":"SMITH"},{"floor":25,"key":"REST"},{"data":"Backflip","floor":27,"key":"SMITH"},{"floor":32,"key":"REST"},{"floor":40,"key":"REST"},{"floor":44,"key":"REST"},{"floor":46,"key":"REST"},{"data":"Bouncing Flask","floor":49,"key":"SMITH"}],"circlet_count":0,"master_deck":["AscendersBane","Strike_G+1","Strike_G+1","Strike_G+1","Defend_G+1","Defend_G+1","Defend_G+1","Defend_G+1","Defend_G+1","Survivor","Neutralize+1","Bouncing Flask+1","Skewer+1","Noxious Fumes+1","Footwork+1","Backflip+1","PiercingWail","Malaise","Doppelganger"],"relics":["Ring of the Snake","Tough Bandages","StrikeDummy","Sozu","Nloth\u0027s Gift","Ornamental Fan","Darkstone Periapt","Chemical X","Philosopher\u0027s Stone","Letter Opener"],"acts_visited":["Exordium","TheCity","TheBeyond"],"potions_floor_usage":[4,7,11,16,24],"damage_taken":[{"damage":1,"enemies":"Small Slimes","floor":1,"turns":5},{"damage":0,"enemies":"Cultist","floor":2,"turns":3},{"damage":7,"enemies":"2 Louse","floor":3,"turns":4},{"damage":14,"enemies":"Exordium Wildlife","floor":4,"turns":5},{"damage":5,"enemies":"Blue Slaver","floor":5,"turns":4},{"damage":17,"enemies":"3 Sentries","floor":7,"turns":8},{"damage":13,"enemies":"Gremlin Gang","floor":11,"turns":6},{"damage":1,"enemies":"2 Fungi Beasts","floor":13,"turns":3},{"damage":1,"enemies":"Blue Slaver","floor":14,"turns":4},{"damage":46,"enemies":"Hexaghost","floor":16,"turns":10},{"damage":8,"enemies":"3 Byrds","floor":18,"turns":6},{"damage":35,"enemies":"Slavers","floor":24,"turns":6},{"damage":0,"enemies":"Shell Parasite","floor":29,"turns":4},{"damage":41,"enemies":"Automaton","floor":33,"turns":11},{"damage":30,"enemies":"3 Shapes","floor":35,"turns":5},{"damage":2,"enemies":"Orb Walker","floor":36,"turns":5},{"damage":2,"enemies":"Writhing Mass","floor":38,"turns":8},{"damage":12,"enemies":"Spire Growth","floor":39,"turns":6},{"damage":8,"enemies":"Jaw Worm Horde","floor":41,"turns":6},{"damage":16,"enemies":"3 Darklings","floor":47,"turns":5},{"damage":68,"enemies":"Awakened One","floor":50,"turns":11}],"seed_played":"-7808196495141455711","potions_obtained":[{"floor":1,"key":"PowerPotion"},{"floor":3,"key":"EssenceOfSteel"},{"floor":5,"key":"FearPotion"},{"floor":14,"key":"Swift Potion"},{"floor":16,"key":"Energy Potion"}],"is_trial":false,"path_per_floor":["M","M","M","M","M","R","E","R","T","?","M","$","M","M","R","B",null,"M","?","?","$","?","R","E","R","T","R","$","M","?","?","R","B",null,"M","M","?","M","M","R","M","?","T","R","?","R","M","?","R","B"],"character_chosen":"THE_SILENT","items_purchased":["Lee\u0027s Waffle","Chemical X"],"campfire_rested":6,"item_purchase_floors":[12,28],"current_hp_per_floor":[58,58,51,37,32,32,15,34,34,34,21,73,72,71,71,25,61,53,53,53,53,53,53,18,39,39,39,39,39,39,39,60,19,60,30,28,28,26,14,35,27,27,27,48,48,69,53,53,53,0,0],"gold":166,"neow_bonus":"UPGRADE_CARD","is_daily":false,"chose_seed":false,"campfire_upgraded":5,"win_rate":0.0,"timestamp":1610263317,"path_taken":["M","M","M","M","M","R","E","R","T","?","?","$","?","M","R","BOSS","M","?","?","$","?","R","E","R","T","R","$","?","?","?","R","BOSS","M","M","?","M","?","R","M","?","T","R","?","R","M","?","R","BOSS"],"items_purchased_type":["Relic","Relic"],"build_version":"2020-12-22","purchased_purges":1,"victory":false,"max_hp_per_floor":[66,66,66,66,66,66,66,66,66,66,66,73,73,73,73,73,73,73,73,73,73,73,73,73,73,73,73,73,73,73,73,73,73,73,73,73,73,73,73,73,73,73,73,73,73,73,73,73,73,73,73],"card_choices":[{"not_picked":["Terror","Catalyst"],"picked":"Bouncing Flask","floor":1},{"not_picked":["Dodge and Roll","Acrobatics"],"picked":"Skewer","floor":2},{"not_picked":["Dodge and Roll","Backflip"],"picked":"Noxious Fumes","floor":3},{"not_picked":["Calculated Gamble","Choke","Dagger Throw"],"picked":"SKIP","floor":4},{"not_picked":["Escape Plan","Endless Agony","Tactician"],"picked":"SKIP","floor":5},{"not_picked":["Envenom","Catalyst"],"picked":"Footwork","floor":7},{"not_picked":["Caltrops","Riddle With Holes"],"picked":"Backflip","floor":11},{"not_picked":["Bane","Dagger Throw","Expertise"],"picked":"SKIP","floor":13},{"not_picked":["Heel Hook","Poisoned Stab","All Out Attack"],"picked":"SKIP","floor":14},{"not_picked":["Quick Slash","Acrobatics","Poisoned Stab"],"picked":"SKIP","floor":18},{"not_picked":["Malaise","Dagger Throw"],"picked":"PiercingWail","floor":24},{"not_picked":["Reflex","Riddle With Holes","Backflip"],"picked":"SKIP","floor":29},{"not_picked":["A Thousand Cuts","Envenom"],"picked":"Malaise","floor":33},{"not_picked":["Accuracy+1","Setup","Dagger Spray"],"picked":"SKIP","floor":35},{"not_picked":["Slice+1","Outmaneuver","Dagger Throw+1"],"picked":"SKIP","floor":36},{"not_picked":["Dodge and Roll","Choke+1","Cloak And Dagger"],"picked":"SKIP","floor":38},{"not_picked":["Finisher","Calculated Gamble","Masterful Stab"],"picked":"SKIP","floor":39},{"not_picked":["Finisher+1","Bane+1","Dagger Spray"],"picked":"SKIP","floor":41},{"not_picked":["Crippling Poison","Dagger Spray"],"picked":"Doppelganger","floor":47}],"player_experience":841209,"relics_obtained":[{"floor":7,"key":"Tough Bandages"},{"floor":9,"key":"StrikeDummy"},{"floor":24,"key":"Ornamental Fan"},{"floor":26,"key":"Darkstone Periapt"},{"floor":43,"key":"Letter Opener"}],"event_choices":[{"damage_healed":0,"gold_gain":0,"player_choice":"Leave","damage_taken":0,"max_hp_gain":0,"max_hp_loss":0,"event_name":"FaceTrader","floor":10,"gold_loss":0},{"damage_healed":0,"gold_gain":0,"player_choice":"Ignored","damage_taken":0,"max_hp_gain":0,"max_hp_loss":0,"event_name":"Ghosts","floor":19,"gold_loss":0},{"damage_healed":0,"gold_gain":0,"player_choice":"Simplicity","damage_taken":0,"max_hp_gain":0,"max_hp_loss":0,"event_name":"Back to Basics","floor":20,"gold_loss":0,"cards_upgraded":["Strike_G","Strike_G","Strike_G","Strike_G","Strike_G","Defend_G","Defend_G","Defend_G","Defend_G","Defend_G"]},{"damage_healed":0,"gold_gain":0,"player_choice":"Traded Relic","damage_taken":0,"relics_obtained":["Nloth\u0027s Gift"],"max_hp_gain":0,"max_hp_loss":0,"event_name":"N\u0027loth","floor":22,"relics_lost":["Lee\u0027s Waffle"],"gold_loss":0},{"damage_healed":0,"gold_gain":0,"player_choice":"Paid Fearfully","damage_taken":0,"max_hp_gain":0,"max_hp_loss":0,"event_name":"Masked Bandits","floor":30,"gold_loss":33},{"damage_healed":0,"gold_gain":0,"player_choice":"Ignored","damage_taken":0,"max_hp_gain":0,"max_hp_loss":0,"event_name":"Vampires","floor":31,"gold_loss":0},{"cards_removed":["Strike_G"],"damage_healed":0,"gold_gain":0,"player_choice":"Purged","damage_taken":0,"max_hp_gain":0,"max_hp_loss":0,"event_name":"Purifier","floor":37,"gold_loss":0},{"damage_healed":0,"gold_gain":0,"player_choice":"Memory 1","damage_taken":0,"max_hp_gain":0,"max_hp_loss":0,"event_name":"SensoryStone","floor":42,"gold_loss":0},{"damage_healed":0,"gold_gain":0,"player_choice":"Ignored","damage_taken":0,"max_hp_gain":0,"max_hp_loss":0,"event_name":"Tomb of Lord Red Mask","floor":45,"gold_loss":0},{"damage_healed":0,"gold_gain":0,"player_choice":"Ignored","damage_taken":0,"max_hp_gain":0,"max_hp_loss":0,"event_name":"Mysterious Sphere","floor":48,"gold_loss":0}],"is_beta":false,"boss_relics":[{"not_picked":["WristBlade","Calling Bell"],"picked":"Sozu"},{"not_picked":["Black Star","Tiny House"],"picked":"Philosopher\u0027s Stone"}],"items_purged_floors":[21],"is_endless":false,"potions_floor_spawned":[1,3,5,14,16,29,33,35,39],"killed_by":"Awakened One","ascension_level":19}}