{"host":"2se5dq1do2gp0x9k","time":1610240344,"event":{"mods":["AchievementEnabler","BaseMod","Block Reminder","Colored Map","Colored Powertips","Minty Spire (QoL Compilation)","Relic Stats","StSLib","SuperFastMode"],"gold_per_floor":[118,118,118,78,95,95,120,85,85,85,95,115,115,142,142,215,215,228,278,30,30,30,62,62,72,72,122,141,54,81,93,93,165,165,185,185,197,217,24,57,68,102,102,102,128,143,143,143,143,143],"floor_reached":51,"playtime":3400,"items_purged":["Strike_P"],"score":1476,"play_id":"d4b0e1e4-75da-462c-bdf7-c013b18a59d8","local_time":"20210109165904","is_ascension_mode":true,"campfire_choices":[{"floor":6.0,"key":"REST"},{"data":"ForeignInfluence","floor":10.0,"key":"SMITH"},{"data":"ForeignInfluence","floor":13.0,"key":"SMITH"},{"data":"CutThroughFate","floor":15.0,"key":"SMITH"},{"floor":24.0,"key":"REST"},{"data":"MasterReality","floor":32,"key":"SMITH"},{"floor":44,"key":"REST"},{"floor":47,"key":"RECALL"},{"floor":49,"key":"REST"}],"circlet_count":0,"master_deck":["AscendersBane","Strike_P","Strike_P+1","Strike_P","Defend_P","Defend_P+1","Defend_P+1","Defend_P","Eruption","Vigilance","Scrawl+1","JustLucky","ForeignInfluence+1","ForeignInfluence+1","Consecrate","CutThroughFate+1","Weave","MasterReality+1","JustLucky","Apotheosis+1","JustLucky","Trip","Judgement","Discovery","Violence","Bandage Up","Nirvana","Consecrate+1","ThirdEye"],"relics":["HolyWater","Sundial","Juzu Bracelet","Eternal Feather","Odd Mushroom","Omamori","HornCleat","War Paint","Bottled Lightning","Incense Burner","Cursed Key","Strange Spoon","Molten Egg 2","GoldenEye","Blue Candle","Pen Nib"],"acts_visited":["Exordium","TheCity","TheBeyond"],"potions_floor_usage":[33,33,42],"damage_taken":[{"damage":2.0,"enemies":"2 Louse","floor":1.0,"turns":4.0},{"damage":0.0,"enemies":"Cultist","floor":5.0,"turns":2.0},{"damage":0.0,"enemies":"Lagavulin","floor":7.0,"turns":3.0},{"damage":1.0,"enemies":"Small Slimes","floor":11.0,"turns":3.0},{"damage":0.0,"enemies":"The Mushroom Lair","floor":12.0,"turns":1.0},{"damage":0.0,"enemies":"Gremlin Nob","floor":14.0,"turns":2.0},{"damage":51.0,"enemies":"Hexaghost","floor":16.0,"turns":8.0},{"damage":0.0,"enemies":"Spheric Guardian","floor":18.0,"turns":2.0},{"damage":35.0,"enemies":"Book of Stabbing","floor":23.0,"turns":4.0},{"damage":0.0,"enemies":"2 Thieves","floor":25.0,"turns":2.0},{"damage":0.0,"enemies":"Cultist and Chosen","floor":28.0,"turns":2.0},{"damage":0,"enemies":"Slavers","floor":30,"turns":2},{"damage":0,"enemies":"Snake Plant","floor":31,"turns":2},{"damage":14,"enemies":"Collector","floor":33,"turns":3},{"damage":0,"enemies":"Orb Walker","floor":35,"turns":1},{"damage":0,"enemies":"3 Shapes","floor":37,"turns":2},{"damage":12,"enemies":"Jaw Worm Horde","floor":38,"turns":3},{"damage":37,"enemies":"Reptomancer","floor":40,"turns":8},{"damage":0,"enemies":"3 Darklings","floor":41,"turns":5},{"damage":14,"enemies":"Nemesis","floor":42,"turns":5},{"damage":22,"enemies":"Reptomancer","floor":45,"turns":4},{"damage":16,"enemies":"4 Shapes","floor":46,"turns":3},{"damage":48,"enemies":"Awakened One","floor":50,"turns":6}],"seed_played":"-6588165906181845263","potions_obtained":[{"floor":4.0,"key":"Fire Potion"},{"floor":4.0,"key":"GamblersBrew"},{"floor":11.0,"key":"Fire Potion"},{"floor":12.0,"key":"DuplicationPotion"},{"floor":23.0,"key":"Block Potion"},{"floor":25.0,"key":"LiquidMemories"},{"floor":38,"key":"BottledMiracle"},{"floor":46,"key":"LiquidMemories"}],"is_trial":false,"path_per_floor":["M","?","?","?","M","R","E","?","T","R","M","?","R","E","R","B",null,"M","?","$","?","?","E","R","M","T","?","M","$","E","M","R","B",null,"M","?","M","M","$","E","M","E","T","R","E","M","R","?","R","B",null],"character_chosen":"WATCHER","items_purchased":["Apotheosis","Trip","Nirvana","Strange Spoon"],"campfire_rested":4,"item_purchase_floors":[20,29,39,39],"current_hp_per_floor":[59,33,13,13,13,33,33,50,50,59,58,58,67,67,68,17,55,55,55,55,55,55,20,52,52,52,46,46,46,46,46,58,44,62,62,52,58,52,52,21,27,19,19,54,38,22,37,37,65,23],"gold":143,"neow_bonus":"ONE_RANDOM_RARE_CARD","is_daily":false,"chose_seed":false,"campfire_upgraded":4,"win_rate":0.0,"timestamp":1610240344,"path_taken":["M","?","?","?","M","R","E","?","T","R","M","?","R","E","R","BOSS","M","?","$","?","?","E","R","M","T","?","M","?","E","M","R","BOSS","M","?","M","M","$","E","M","E","T","R","E","M","R","?","R","BOSS"],"items_purchased_type":["Card","Card","Card","Relic"],"build_version":"2020-12-22","purchased_purges":1,"victory":true,"max_hp_per_floor":[68,68,68,68,68,68,68,68,68,68,68,68,68,68,68,68,68,68,68,68,68,68,68,68,68,68,68,68,68,68,68,68,68,68,68,68,68,68,68,68,68,68,68,68,68,68,68,65,65,65],"relic_stats":{"Strange Spoon":[47],"counters":[23,77],"Sundial":[10],"Blue Candle":[0],"Eternal Feather":88,"Pen Nib":[5],"Juzu Bracelet":2,"War Paint":["Defend_P","Defend_P"],"Cursed Key":1,"GoldenEye":[46],"obtain_stats":[{"Blue Candle":43,"Eternal Feather":9,"Pen Nib":45,"Juzu Bracelet":7,"Omamori":14,"Incense Burner":30,"Odd Mushroom":12,"War Paint":23,"Cursed Key":34,"GoldenEye":42,"Strange Spoon":39,"HornCleat":21,"Sundial":2,"HolyWater":17,"Molten Egg 2":40,"Bottled Lightning":26,"PureWater":0},{"Blue Candle":20,"Eternal Feather":3,"Pen Nib":21,"Juzu Bracelet":3,"Omamori":6,"Incense Burner":12,"Odd Mushroom":5,"War Paint":9,"Cursed Key":14,"GoldenEye":20,"Strange Spoon":17,"HornCleat":8,"Sundial":1,"HolyWater":7,"Molten Egg 2":18,"Bottled Lightning":10,"PureWater":0},{"Blue Candle":64,"Eternal Feather":9,"Pen Nib":68,"Juzu Bracelet":9,"Omamori":15,"Incense Burner":35,"Odd Mushroom":13,"War Paint":29,"Cursed Key":40,"GoldenEye":64,"Strange Spoon":46,"HornCleat":25,"Sundial":4,"HolyWater":23,"Molten Egg 2":54,"Bottled Lightning":31,"PureWater":0}]},"card_choices":[{"not_picked":["EmptyBody","CrushJoints"],"picked":"JustLucky","floor":1.0},{"not_picked":["BowlingBash","Halt"],"picked":"ForeignInfluence","floor":5.0},{"not_picked":["CarveReality","Consecrate"],"picked":"ForeignInfluence","floor":7.0},{"not_picked":["PathToVictory","Pray"],"picked":"Consecrate","floor":11.0},{"not_picked":["SashWhip","InnerPeace"],"picked":"CutThroughFate","floor":12.0},{"not_picked":["FlyingSleeves","MentalFortress"],"picked":"Weave","floor":14.0},{"not_picked":["DeusExMachina","SpiritShield"],"picked":"MasterReality","floor":16.0},{"not_picked":["Prostrate+1","Swivel+1"],"picked":"JustLucky","floor":18.0},{"not_picked":["Collect","CrushJoints","Worship"],"picked":"SKIP","floor":23.0},{"not_picked":["FollowUp","Adaptation+1"],"picked":"JustLucky","floor":25.0},{"not_picked":["SandsOfTime","Prostrate","Judgement"],"picked":"SKIP","floor":28.0},{"not_picked":["Prostrate+1","EmptyFist","CarveReality+1"],"picked":"SKIP","floor":30},{"not_picked":["Protect","InnerPeace","Evaluate"],"picked":"SKIP","floor":31},{"not_picked":["Devotion","MasterReality"],"picked":"Judgement","floor":33},{"not_picked":["Crescendo","FlyingSleeves+1","JustLucky"],"picked":"SKIP","floor":35},{"not_picked":["Good Instincts","Master of Strategy"],"picked":"Discovery","floor":36},{"not_picked":["Chrysalis","Mind Blast"],"picked":"Violence","floor":36},{"not_picked":["Madness","Good Instincts"],"picked":"Bandage Up","floor":36},{"not_picked":["Protect+1","Vengeance","Perseverance+1"],"picked":"SKIP","floor":37},{"not_picked":["FlurryOfBlows","JustLucky","Protect"],"picked":"SKIP","floor":38},{"not_picked":["Evaluate","SashWhip+1","BowlingBash+1"],"picked":"SKIP","floor":40},{"not_picked":["EmptyFist+1","Judgement"],"picked":"Consecrate+1","floor":41},{"not_picked":["Vengeance","PathToVictory","FearNoEvil+1"],"picked":"SKIP","floor":42},{"not_picked":["Consecrate+1","WheelKick+1","ReachHeaven+1"],"picked":"SKIP","floor":45},{"not_picked":["DeceiveReality+1","Protect"],"picked":"ThirdEye","floor":46}],"player_experience":3824115,"relics_obtained":[{"floor":7.0,"key":"Juzu Bracelet"},{"floor":9.0,"key":"Eternal Feather"},{"floor":12.0,"key":"Odd Mushroom"},{"floor":14.0,"key":"Omamori"},{"floor":23.0,"key":"War Paint"},{"floor":26.0,"key":"Bottled Lightning"},{"floor":30,"key":"Incense Burner"},{"floor":40,"key":"Molten Egg 2"},{"floor":42,"key":"GoldenEye"},{"floor":43,"key":"Blue Candle"},{"floor":45,"key":"Pen Nib"}],"event_choices":[{"damage_healed":0.0,"max_hp_gain":0.0,"max_hp_loss":0.0,"gold_gain":0.0,"event_name":"Scrap Ooze","player_choice":"Success","floor":2.0,"gold_loss":0.0,"damage_taken":26.0,"relics_obtained":["Sundial"]},{"damage_healed":0.0,"max_hp_gain":0.0,"max_hp_loss":0.0,"gold_gain":0.0,"event_name":"Shining Light","player_choice":"Entered Light","floor":3.0,"gold_loss":0.0,"damage_taken":20.0,"cards_upgraded":["Strike_P","Scrawl"]},{"damage_healed":0.0,"max_hp_gain":0.0,"max_hp_loss":0.0,"gold_gain":0.0,"event_name":"The Woman in Blue","player_choice":"Bought 3 Potions","floor":4.0,"gold_loss":0.0,"damage_taken":0.0},{"damage_healed":17.0,"max_hp_gain":0.0,"max_hp_loss":0.0,"gold_gain":0.0,"event_name":"The Cleric","player_choice":"Healed","floor":8.0,"gold_loss":35.0,"damage_taken":0.0},{"damage_healed":0.0,"max_hp_gain":0.0,"max_hp_loss":0.0,"gold_gain":0.0,"event_name":"Mushrooms","player_choice":"Fought Mushrooms","floor":12.0,"gold_loss":0.0,"damage_taken":0.0},{"damage_healed":0.0,"max_hp_gain":0.0,"max_hp_loss":0.0,"gold_gain":50.0,"event_name":"Nest","player_choice":"Stole From Cult","floor":19.0,"gold_loss":0.0,"damage_taken":0.0},{"damage_healed":0.0,"max_hp_gain":0.0,"max_hp_loss":0.0,"gold_gain":0.0,"event_name":"The Mausoleum","player_choice":"Opened","floor":21.0,"gold_loss":0.0,"damage_taken":0.0,"relics_obtained":["HornCleat"],"cards_obtained":["Writhe"]},{"damage_healed":0.0,"max_hp_gain":0.0,"max_hp_loss":0.0,"gold_gain":0.0,"event_name":"Accursed Blacksmith","player_choice":"Forge","floor":22.0,"gold_loss":0.0,"damage_taken":0.0,"cards_upgraded":["Apotheosis"]},{"damage_healed":0.0,"max_hp_gain":0.0,"max_hp_loss":0.0,"gold_gain":50.0,"event_name":"FaceTrader","player_choice":"Touch","floor":27.0,"gold_loss":0.0,"damage_taken":6.0},{"damage_healed":0,"gold_gain":0,"player_choice":"Memory 3","damage_taken":10,"max_hp_gain":0,"max_hp_loss":0,"event_name":"SensoryStone","floor":36,"gold_loss":0},{"damage_healed":0,"gold_gain":0,"player_choice":"Max HP","damage_taken":0,"max_hp_gain":0,"max_hp_loss":3,"event_name":"Winding Halls","floor":48,"gold_loss":0}],"is_beta":false,"boss_relics":[{"not_picked":["Velvet Choker","VioletLotus"],"picked":"HolyWater"},{"not_picked":["SacredBark","Coffee Dripper"],"picked":"Cursed Key"}],"items_purged_floors":[20],"is_endless":false,"potions_floor_spawned":[11,12,23,25,31,38,46],"ascension_level":15}}