{"host":"r53pw7z744tg3fxg","time":1610238189,"event":{"mods":["AchievementEnabler","BaseMod","Colored Map","Colored Powertips","Highlight Path","Minty Spire (QoL Compilation)","Quick Restart","Transform Curses"],"gold_per_floor":[112,129,80,97,164,164,191,191,191,191,202,167,167,177,177,280,280,261,64,78,0,0,0,0],"floor_reached":23,"playtime":1001,"items_purged":[],"score":382,"play_id":"c50c6a44-da2d-433d-a4e2-bb68f851598b","local_time":"20210109172309","is_ascension_mode":true,"campfire_choices":[{"floor":6.0,"key":"REST"},{"floor":8.0,"key":"REST"},{"data":"Eruption","floor":10.0,"key":"SMITH"},{"data":"BattleHymn","floor":13,"key":"SMITH"},{"data":"Establishment","floor":15,"key":"SMITH"}],"circlet_count":0,"master_deck":["AscendersBane","Strike_P","Strike_P","Strike_P","Strike_P","Defend_P","Defend_P","Defend_P+1","Defend_P","Eruption+1","Vigilance","Establishment+1","Consecrate+1","BattleHymn+1","SashWhip","LessonLearned","Halt+1","FollowUp","FearNoEvil","SpiritShield","ThirdEye+1","EmptyBody","Evaluate"],"relics":["PureWater","Blue Candle","Bottled Flame","Black Star","Toolbox","Enchiridion"],"acts_visited":["Exordium","TheCity"],"potions_floor_usage":[11,16,18,20],"damage_taken":[{"damage":5.0,"enemies":"Jaw Worm","floor":1.0,"turns":6.0},{"damage":9.0,"enemies":"2 Louse","floor":2.0,"turns":4.0},{"damage":0.0,"enemies":"Small Slimes","floor":4.0,"turns":3.0},{"damage":17.0,"enemies":"Lagavulin","floor":7.0,"turns":7.0},{"damage":0,"enemies":"3 Louse","floor":11,"turns":1},{"damage":13,"enemies":"Blue Slaver","floor":14,"turns":6},{"damage":0,"enemies":"Slime Boss","floor":16,"turns":4},{"damage":24,"enemies":"2 Thieves","floor":18,"turns":4},{"damage":27,"enemies":"3 Byrds","floor":20,"turns":6},{"damage":8,"enemies":"Slavers","floor":23,"turns":1}],"seed_played":"4082579607418217814","potions_obtained":[{"floor":2.0,"key":"PowerPotion"},{"floor":7.0,"key":"BlessingOfTheForge"},{"floor":11,"key":"AttackPotion"},{"floor":16,"key":"StancePotion"},{"floor":18,"key":"ColorlessPotion"}],"is_trial":false,"path_per_floor":["M","M","$","M","?","R","E","R","T","R","M","?","R","M","R","B",null,"M","$","M","?","?","E"],"character_chosen":"WATCHER","items_purchased":["SashWhip","Toolbox","EmptyBody"],"campfire_rested":2,"item_purchase_floors":[3,19,19],"current_hp_per_floor":[42,33,33,33,33,54,37,58,58,58,58,72,72,59,59,59,69,45,45,18,18,2,0,0],"gold":0,"neow_bonus":"THREE_RARE_CARDS","is_daily":false,"chose_seed":false,"campfire_upgraded":3,"win_rate":0.0,"timestamp":1610238189,"path_taken":["M","M","$","M","?","R","E","R","T","R","M","?","R","M","R","BOSS","M","$","M","?","?","E"],"items_purchased_type":["Card","Relic","Card"],"build_version":"2020-12-22","purchased_purges":0,"victory":false,"max_hp_per_floor":[72,72,72,72,72,72,72,72,72,72,72,72,72,72,72,72,72,72,72,72,72,72,72,72],"card_choices":[{"not_picked":["Judgement","DevaForm"],"picked":"Establishment","floor":0.0},{"not_picked":["Halt","EmptyMind"],"picked":"Consecrate","floor":1.0},{"not_picked":["EmptyBody","FlyingSleeves"],"picked":"BattleHymn","floor":2.0},{"not_picked":["PathToVictory","EmptyFist"],"picked":"LessonLearned","floor":4.0},{"not_picked":["SignatureMove","Indignation"],"picked":"Halt","floor":7.0},{"not_picked":["FlurryOfBlows","Perseverance"],"picked":"FollowUp","floor":11},{"not_picked":["CrushJoints","Nirvana"],"picked":"FearNoEvil","floor":14},{"not_picked":["MasterReality","Establishment"],"picked":"SpiritShield","floor":16},{"not_picked":["WindmillStrike","Protect"],"picked":"ThirdEye+1","floor":18},{"not_picked":["Crescendo","CutThroughFate"],"picked":"Evaluate","floor":20}],"player_experience":1223025,"relics_obtained":[{"floor":7.0,"key":"Blue Candle"},{"floor":9.0,"key":"Bottled Flame"},{"floor":22,"key":"Enchiridion"}],"event_choices":[{"damage_healed":0.0,"max_hp_gain":0.0,"max_hp_loss":0.0,"gold_gain":67.0,"event_name":"Golden Wing","player_choice":"Gained Gold","floor":5.0,"gold_loss":0.0,"damage_taken":0.0},{"damage_healed":18,"gold_gain":0,"player_choice":"Healed","damage_taken":0,"max_hp_gain":0,"max_hp_loss":0,"event_name":"The Cleric","floor":12,"gold_loss":35},{"damage_healed":0,"gold_gain":0,"player_choice":"Paid Fearfully","damage_taken":0,"max_hp_gain":0,"max_hp_loss":0,"event_name":"Masked Bandits","floor":21,"gold_loss":78},{"damage_healed":0,"gold_gain":0,"player_choice":"Obtained Book","damage_taken":16,"max_hp_gain":0,"max_hp_loss":0,"event_name":"Cursed Tome","floor":22,"gold_loss":0}],"is_beta":false,"boss_relics":[{"not_picked":["VioletLotus","Coffee Dripper"],"picked":"Black Star"}],"items_purged_floors":[],"is_endless":false,"potions_floor_spawned":[2,7,11,16,18],"killed_by":"Slavers","ascension_level":12}}