{"host":"qdfumeom6htv8yxl","time":1610309266,"event":{"mods":["AchievementEnabler","BaseMod","Bestiary","Block Reminder","Minty Spire (QoL Compilation)","Quick Restart","Relic Stats"],"gold_per_floor":[115,63,116,39,52,52,80,80,80,94,120,138,238,250,250,326,326,344,195,212,212,232,232,265,265,265,297,309,219,219,231,231,231,231],"floor_reached":33,"playtime":6766,"items_purged":["Strike_B"],"score":502,"play_id":"d56a92ea-e89b-4dfb-beb7-1190bb415e4b","local_time":"20210110140746","is_ascension_mode":true,"campfire_choices":[{"data":"Loop","floor":6.0,"key":"SMITH"},{"floor":8.0,"key":"REST"},{"data":"Coolheaded","floor":15.0,"key":"SMITH"},{"floor":23,"key":"REST"},{"floor":25,"key":"REST"},{"floor":30,"key":"REST"},{"floor":32,"key":"REST"}],"circlet_count":0,"master_deck":["AscendersBane","Strike_B","Defend_B","Defend_B","Defend_B","Defend_B","Zap","Dualcast","Core Surge","Coolheaded+1","Loop+1","Rebound","Leap","Cold Snap","Electrodynamics","Conserve Battery","Defragment","Seek+1","Compile Driver","Cold Snap+1","Glacier"],"relics":["Cracked Core","Turnip","White Beast Statue","Strawberry","Velvet Choker","Akabeko","MealTicket","Molten Egg 2"],"acts_visited":["Exordium","TheCity"],"potions_floor_usage":[18,20,22,27,28,28,31,33],"damage_taken":[{"damage":7.0,"enemies":"Jaw Worm","floor":1.0,"turns":4.0},{"damage":5.0,"enemies":"2 Louse","floor":5.0,"turns":3.0},{"damage":17.0,"enemies":"Lagavulin","floor":7.0,"turns":7.0},{"damage":0.0,"enemies":"Cultist","floor":10.0,"turns":3.0},{"damage":24.0,"enemies":"Gremlin Nob","floor":11.0,"turns":4.0},{"damage":9.0,"enemies":"3 Louse","floor":12.0,"turns":4.0},{"damage":9.0,"enemies":"Red Slaver","floor":14.0,"turns":3.0},{"damage":28.0,"enemies":"Hexaghost","floor":16.0,"turns":17.0},{"damage":22,"enemies":"Shell Parasite","floor":18,"turns":7},{"damage":7,"enemies":"Spheric Guardian","floor":20,"turns":4},{"damage":26,"enemies":"Snake Plant","floor":22,"turns":5},{"damage":42,"enemies":"Gremlin Leader","floor":24,"turns":7},{"damage":20,"enemies":"Slavers","floor":27,"turns":3},{"damage":21,"enemies":"Centurion and Healer","floor":28,"turns":3},{"damage":10,"enemies":"Cultist and Chosen","floor":31,"turns":6},{"damage":0,"enemies":"Automaton","floor":33,"turns":3}],"seed_played":"2938828584843174833","potions_obtained":[{"floor":1.0,"key":"Block Potion"},{"floor":10.0,"key":"FairyPotion"},{"floor":11.0,"key":"Dexterity Potion"},{"floor":12.0,"key":"Fruit Juice"},{"floor":14.0,"key":"SpeedPotion"},{"floor":16.0,"key":"LiquidMemories"},{"floor":18,"key":"Fruit Juice"},{"floor":20,"key":"Regen Potion"},{"floor":22,"key":"Explosive Potion"},{"floor":24,"key":"AttackPotion"},{"floor":27,"key":"Regen Potion"},{"floor":28,"key":"LiquidMemories"},{"floor":31,"key":"SkillPotion"}],"is_trial":false,"path_per_floor":["M","$","?","$","M","R","E","R","T","M","E","M","?","M","R","B",null,"M","$","M","?","M","R","E","R","T","E","M","?","R","M","R","B"],"character_chosen":"DEFECT","items_purchased":["Coolheaded","Loop","Defragment"],"campfire_rested":5,"item_purchase_floors":[2,4,19],"current_hp_per_floor":[39,39,39,39,34,34,17,38,38,38,21,12,12,8,8,9,65,48,48,41,41,27,53,11,37,37,17,5,5,31,21,47,47,47],"gold":231,"neow_bonus":"THREE_RARE_CARDS","is_daily":false,"chose_seed":false,"campfire_upgraded":2,"win_rate":0.0,"timestamp":1610309266,"path_taken":["M","$","?","$","M","R","E","R","T","M","E","M","?","M","R","BOSS","M","?","M","?","?","R","E","R","T","E","M","?","R","M","R","BOSS"],"items_purchased_type":["Card","Card","Card"],"build_version":"2020-12-22","purchased_purges":1,"victory":false,"max_hp_per_floor":[71,71,71,71,71,71,71,71,71,71,78,78,78,83,83,83,83,88,88,88,88,88,88,88,88,88,88,88,88,88,88,88,88,88],"relic_stats":{"counters":[16,83],"MealTicket":0,"Turnip":[13],"obtain_stats":[{"Strawberry":11,"Velvet Choker":17,"MealTicket":26,"Molten Egg 2":27,"Turnip":7,"Cracked Core":0,"White Beast Statue":9,"Akabeko":24},{"Strawberry":5,"Velvet Choker":8,"MealTicket":12,"Molten Egg 2":13,"Turnip":3,"Cracked Core":0,"White Beast Statue":3,"Akabeko":12},{"Strawberry":21,"Velvet Choker":45,"MealTicket":68,"Molten Egg 2":71,"Turnip":14,"Cracked Core":0,"White Beast Statue":14,"Akabeko":68}]},"card_choices":[{"not_picked":["Rainbow","Meteor Strike"],"picked":"Core Surge","floor":0.0},{"not_picked":["Scrape","Hologram","Steam"],"picked":"SKIP","floor":1.0},{"not_picked":["Sunder","Stack","Turbo"],"picked":"SKIP","floor":5.0},{"not_picked":["Turbo","Barrage","Stack"],"picked":"SKIP","floor":7.0},{"not_picked":["Reprogram","Beam Cell"],"picked":"Rebound","floor":10.0},{"not_picked":["Loop","Storm"],"picked":"Leap","floor":11.0},{"not_picked":["Chill","Fusion","Steam"],"picked":"SKIP","floor":12.0},{"not_picked":["Blizzard","Chaos"],"picked":"Cold Snap","floor":14.0},{"not_picked":["All For One","Core Surge"],"picked":"Electrodynamics","floor":16.0},{"not_picked":["Cold Snap+1","Go for the Eyes"],"picked":"Conserve Battery","floor":18},{"not_picked":["Blizzard","Force Field","Go for the Eyes"],"picked":"SKIP","floor":20},{"not_picked":["Beam Cell","Chill+1"],"picked":"Seek","floor":22},{"not_picked":["Steam Power","Streamline"],"picked":"Compile Driver","floor":24},{"not_picked":["Compile Driver+1","Leap"],"picked":"Cold Snap+1","floor":27},{"not_picked":["Stack","Rebound+1"],"picked":"Glacier","floor":28},{"not_picked":["Conserve Battery","Melter+1","Leap"],"picked":"SKIP","floor":31}],"player_experience":1770360,"relics_obtained":[{"floor":7.0,"key":"Turnip"},{"floor":9.0,"key":"White Beast Statue"},{"floor":11.0,"key":"Strawberry"},{"floor":24,"key":"Akabeko"},{"floor":26,"key":"MealTicket"},{"floor":27,"key":"Molten Egg 2"}],"event_choices":[{"damage_healed":0.0,"max_hp_gain":0.0,"max_hp_loss":0.0,"gold_gain":53.0,"event_name":"Golden Wing","player_choice":"Gained Gold","floor":3.0,"gold_loss":0.0,"damage_taken":0.0},{"damage_healed":0.0,"max_hp_gain":0.0,"max_hp_loss":0.0,"gold_gain":100.0,"event_name":"Golden Shrine","player_choice":"Pray","floor":13.0,"gold_loss":0.0,"damage_taken":0.0},{"cards_removed":["Strike_B"],"damage_healed":0,"gold_gain":0,"player_choice":"Purged","damage_taken":0,"max_hp_gain":0,"max_hp_loss":0,"event_name":"Purifier","floor":21,"gold_loss":0},{"cards_removed":["Strike_B"],"damage_healed":0,"gold_gain":0,"player_choice":"Upgrade and Remove","damage_taken":0,"max_hp_gain":0,"max_hp_loss":0,"event_name":"Designer","floor":29,"gold_loss":90,"cards_upgraded":["Seek"]}],"is_beta":false,"boss_relics":[{"not_picked":["Runic Dome","Sozu"],"picked":"Velvet Choker"}],"items_purged_floors":[19],"is_endless":false,"potions_floor_spawned":[1,10,11,12,14,16,18,20,22,24,27,28,31],"killed_by":"Automaton","ascension_level":14}}