{"host":"i41n6wh529970c2c","time":1610304510,"event":{"mods":["Act Like it!","BaseMod","BetterRewards","Friendly Minions","Gold Saver","Hallownest","Hermit","Minty Spire (QoL Compilation)","Replay The Spire","Shop Mod","StSLib","The Bug Knight"],"gold_per_floor":[113,123,123,138,138,170,183,209,209,209,240,240,240,257,275,200,200,297,297,312,331,331,331,286,316,328,355,381,412,235,235,235,249,249,353,353,373,392,392,406,424,455,455,455,455],"floor_reached":44,"playtime":12728,"items_purged":["HollowMod:NailStrikeStart","Hallownest:curseDreamersLament"],"score":658,"play_id":"274955ef-9969-4a2b-aa38-1dec958561b4","local_time":"20210110134830","is_ascension_mode":true,"campfire_choices":[{"data":"HollowMod:ChannelNail","floor":10.0,"key":"SMITH"},{"data":"HollowMod:SoulStrike","floor":17.0,"key":"SMITH"},{"data":"HollowMod:MawleksShell","floor":34,"key":"SMITH"},{"data":"HollowMod:LifebloodCore","floor":43,"key":"SMITH"}],"circlet_count":0,"master_deck":["HollowMod:NailStrikeStart","HollowMod:NailStrikeStart","HollowMod:NailStrikeStart+1","HollowMod:QuickDashStart","HollowMod:QuickDashStart","HollowMod:QuickDashStart","HollowMod:FocusHealStart","HollowMod:PogoStrike","HollowMod:MantisMark","HollowMod:CycloneSlash+1","HollowMod:NewLittleFool","HollowMod:InfectedAttack","HollowMod:HeavyBlow+1","HollowMod:GoodIntentions","HollowMod:ChannelNail+1","HollowMod:SoulMaster+1","HollowMod:SoulStrike+1","Hallownest:skillGreenpathMap","HollowMod:HornetsHelp","HollowMod:HuntersJournal+1","HollowMod:SoulEater+1","HollowMod:SiblingsSouls+1","HollowMod:MawleksShell+1","HollowMod:FastStrike","HollowMod:BrokenVessel+1","HollowMod:LifebloodCore+1","HollowMod:InfectedAttack+1","HollowMod:HerrahsAnger"],"relics":["HollowMod:VesselMask","Ginger","HollowMod:QueensCombRelic","Lantern","Matryoshka","Pen Nib","Singing Bowl","Divine Protection","Frozen Egg 2","Letter Opener","Coffee Dripper","Hallownest:WatcherSealRelic","Art of War","Replay:Mystery Machine","Nunchaku","Blood Vial","White Beast Statue","SacredBark","Happy Flower"],"acts_visited":["Hallownest:Greenpath","Hallownest:CityofTears","Hallownest:KingdomsEdge"],"potions_floor_usage":[35,35,35,37,42,42],"damage_taken":[{"damage":0.0,"enemies":"Hallownest:2_Baldur","floor":1.0,"turns":3.0},{"damage":0.0,"enemies":"2_ Uuma","floor":2.0,"turns":4.0},{"damage":3.0,"enemies":"Hallownest:monsterHuskGuard","floor":4.0,"turns":4.0},{"damage":11.0,"enemies":"Hallownest:eliteCrystalGuardian","floor":6.0,"turns":5.0},{"damage":3.0,"enemies":"Hallownest:monsterFoolEater","floor":7.0,"turns":3.0},{"damage":3.0,"enemies":"Hallownest:eliteVengeflyKing","floor":8.0,"turns":4.0},{"damage":0.0,"enemies":"Hallownest:eliteCrystalGuardian","floor":11.0,"turns":5.0},{"damage":0.0,"enemies":"Hallownest:Wandering_and_Horned","floor":14.0,"turns":4.0},{"damage":6.0,"enemies":"Hallownest:1_Ooma_and_2_Uuma","floor":15.0,"turns":3.0},{"damage":52.0,"enemies":"Hallownest:BossBrokenVessel","floor":18.0,"turns":11.0},{"damage":17.0,"enemies":"Hallownest:Flukemon_and_Top","floor":20.0,"turns":6.0},{"damage":0.0,"enemies":"Hallownest:3_Youths","floor":21.0,"turns":6.0},{"damage":20.0,"enemies":"Hallownest:eliteSoulWarrior","floor":25.0,"turns":8.0},{"damage":10.0,"enemies":"Hallownest:Master_and_Novice","floor":26.0,"turns":4.0},{"damage":0.0,"enemies":"Hallownest:Nosk","floor":27.0,"turns":8.0},{"damage":14.0,"enemies":"Hallownest:eliteSoulWarrior","floor":29.0,"turns":9.0},{"damage":7,"enemies":"Hallownest:Warrior_and_Youth","floor":33,"turns":3},{"damage":24,"enemies":"Hallownest:BossGrimm","floor":35,"turns":11},{"damage":20,"enemies":"Hallownest:3_Siblings","floor":37,"turns":9},{"damage":40,"enemies":"Hallownest:2_Littles","floor":38,"turns":5},{"damage":16,"enemies":"Hallownest:2_Soldiers_and_1_Guardian","floor":40,"turns":7},{"damage":33,"enemies":"Hallownest:2_Great","floor":41,"turns":5},{"damage":14,"enemies":"Hallownest:StalkingDevout","floor":42,"turns":7},{"damage":57,"enemies":"Hallownest:eliteHiveKnight","floor":44,"turns":9}],"seed_played":"-2131072592724291168","potions_obtained":[{"floor":2.0,"key":"Weak Potion"},{"floor":4.0,"key":"GamblersBrew"},{"floor":6.0,"key":"Venom Potion"},{"floor":11.0,"key":"FearPotion"},{"floor":20.0,"key":"Strength Potion"},{"floor":21.0,"key":"Fruit Juice"},{"floor":26.0,"key":"LiquidMemories"},{"floor":33,"key":"SkillPotion"},{"floor":35,"key":"Adrenaline Potion"},{"floor":37,"key":"LiquidBronze"},{"floor":38,"key":"Elixir"},{"floor":40,"key":"SkillPotion"},{"floor":41,"key":"DistilledChaos"},{"floor":42,"key":"Regen Potion"}],"is_trial":false,"path_per_floor":["M","M","?","M","?","E","M","E","T","R","E","PTL","PTL","M","M","?","R","B",null,"M","M","?","?","?","E","M","E","T","E","$","T","?","M","R","B",null,"M","M","?","M","M","E","R","E"],"character_chosen":"THE_BUGKNIGHT","items_purchased":["Lantern","Matryoshka","HollowMod:MantisMark","HollowMod:CycloneSlash+1","HollowMod:BrokenVessel+1"],"campfire_rested":0,"item_purchase_floors":[0,0,0,0,30],"current_hp_per_floor":[50,50,41,46,46,39,44,52,52,52,52,52,52,52,48,48,48,12,54,43,54,56,56,62,55,57,69,69,57,57,57,57,58,58,50,73,57,25,25,23,14,22,22,0,0],"gold":455,"neow_bonus":"","is_daily":false,"chose_seed":false,"campfire_upgraded":4,"win_rate":0.0,"timestamp":1610304510,"path_taken":["M","M","?","M","?","E","M","E","T","R","E","PTL","PTL","M","?","?","R","BOSS","M","M","?","?","?","E","M","E","T","E","$","?","?","M","R","BOSS","M","M","?","M","M","E","R","E"],"items_purchased_type":["Relic","Relic","Card","Card","Card"],"build_version":"2020-12-22","purchased_purges":2,"victory":false,"max_hp_per_floor":[50,50,50,50,50,50,50,52,52,52,52,52,52,52,54,54,54,54,54,54,54,56,56,62,69,69,69,69,71,71,71,71,73,73,73,73,73,75,70,72,72,74,74,74,74],"card_choices":[{"not_picked":["HollowMod:CrystalDash","HollowMod:ShapeofUnn"],"picked":"HollowMod:NewLittleFool","floor":1.0},{"not_picked":["HollowMod:HowlingWraiths","HollowMod:CycloneSlash"],"picked":"HollowMod:InfectedAttack","floor":2.0},{"not_picked":["HollowMod:SharpenedShadows","HollowMod:NewLittleFool"],"picked":"HollowMod:HeavyBlow","floor":4.0},{"not_picked":["HollowMod:DashSlash","HollowMod:VengefulVoid"],"picked":"HollowMod:GoodIntentions","floor":6.0},{"not_picked":["HollowMod:DreamGate","HollowMod:SoulSplash"],"picked":"HollowMod:ChannelNail","floor":7.0},{"not_picked":["HollowMod:WhiteLadysBlessing","HollowMod:DoubleDash","HollowMod:WraithStrike"],"picked":"Singing Bowl","floor":8.0},{"not_picked":["HollowMod:BaldurShell+1","HollowMod:FastStrike"],"picked":"HollowMod:SoulMaster+1","floor":11.0},{"not_picked":["HollowMod:WraithStrike","HollowMod:NewJinnsSoul"],"picked":"HollowMod:SoulStrike","floor":14.0},{"not_picked":["HollowMod:SharpenedNail","HollowMod:NewLittleFool","HollowMod:ShadowDash"],"picked":"Singing Bowl","floor":15.0},{"not_picked":["HollowMod:WhiteLadysBlessing+1","HollowMod:LordofShades+1"],"picked":"HollowMod:HornetsHelp","floor":18.0},{"not_picked":["HollowMod:HeavyBlow+1","HollowMod:NewLittleFool+1"],"picked":"HollowMod:HuntersJournal+1","floor":20.0},{"not_picked":["HollowMod:FallenFury+1","HollowMod:GrimmsGift"],"picked":"HollowMod:SoulEater+1","floor":21.0},{"not_picked":["HollowMod:DashSlash","HollowMod:HuntersJournal"],"picked":"HollowMod:SiblingsSouls+1","floor":22.0},{"not_picked":["HollowMod:RecoilStrike","HollowMod:CloakDash","HollowMod:InfectedAttack"],"picked":"Singing Bowl","floor":22.0},{"not_picked":["HollowMod:CycloneSlash","HollowMod:GrimmsGift","HollowMod:ChannelNail"],"picked":"Singing Bowl","floor":25.0},{"not_picked":["HollowMod:InfectionAssault","HollowMod:PerfectDash"],"picked":"HollowMod:MawleksShell","floor":26.0},{"not_picked":["HollowMod:HornetsHelp","HollowMod:SharpenedNail"],"picked":"HollowMod:FastStrike","floor":27.0},{"not_picked":["HollowMod:WraithStrike","HollowMod:CloakDash","HollowMod:GreatSlash"],"picked":"Singing Bowl","floor":29.0},{"not_picked":["HollowMod:FastStrike","HollowMod:WraithStrike","HollowMod:GrimmsGift"],"picked":"Singing Bowl","floor":33},{"not_picked":["HollowMod:MidwifesHunger","HollowMod:NewInfectedGuardian"],"picked":"HollowMod:LifebloodCore","floor":35},{"not_picked":["HollowMod:DescendingDark+1","HollowMod:WraithStrike"],"picked":"HollowMod:InfectedAttack+1","floor":37},{"not_picked":["HollowMod:DesolateDive","HollowMod:HuntersJournal+1","HollowMod:VengefulVoid"],"picked":"Singing Bowl","floor":38},{"not_picked":["HollowMod:NewLittleFool","HollowMod:SiblingsSouls+1","HollowMod:ShadowDash+1"],"picked":"Singing Bowl","floor":40},{"not_picked":["HollowMod:SiblingsSouls+1","HollowMod:AbyssShriek+1"],"picked":"HollowMod:HerrahsAnger","floor":41},{"not_picked":["HollowMod:InfectedCysts+1","HollowMod:ShapeofUnn+1","HollowMod:LuriensSpire"],"picked":"Singing Bowl","floor":42}],"player_experience":1035862,"relics_obtained":[{"floor":6.0,"key":"Pen Nib"},{"floor":8.0,"key":"Singing Bowl"},{"floor":9.0,"key":"Divine Protection"},{"floor":9.0,"key":"Frozen Egg 2"},{"floor":11.0,"key":"Letter Opener"},{"floor":25.0,"key":"Art of War"},{"floor":27.0,"key":"Replay:Mystery Machine"},{"floor":28.0,"key":"Nunchaku"},{"floor":29.0,"key":"Blood Vial"},{"floor":31.0,"key":"White Beast Statue"},{"floor":42,"key":"Happy Flower"}],"event_choices":[],"is_beta":false,"boss_relics":[{"not_picked":["Velvet Choker","Honey Jar"],"picked":"Coffee Dripper"},{"not_picked":["Pandora\u0027s Box","Philosopher\u0027s Stone"],"picked":"SacredBark"}],"items_purged_floors":[0,30],"is_endless":false,"potions_floor_spawned":[2,4,6,11,20,21,26,33,35,37,38,40,41,42],"killed_by":"Hallownest:eliteHiveKnight","ascension_level":4}}