{"host":"htqwg582tjjtn9p7","time":1610313782,"event":{"mods":["2.2 Compatiblity","AchievementEnabler","Act Like it!","Aspiration","BaseMod","Better Third Choice","Colored Map","Conspire","Curses Come First","Displayed Cursed Tome","Energized Spire","Force Act Four","GifTheSpireLib","Hermit","Highlight Path","JesterMod","Mad Scientist","Minty Spire (QoL Compilation)","Pale of the Ancients","Permanent Neow","Random Character Button","Relic Stats","Replay The Spire","Robot Space Explorer","Somnambulant","Spicy Shops","Spikes Relics","StSLib","Stuff the Spire","The Blue Laboratory","The Bug Knight","The Forsaken","The Gatherer","The Judge","The Jungle","The Marked","The Runesmith","The Servant 0.9.4","Uncapped"],"gold_per_floor":[114,132,132,143,143,175,175,200,200,212,212,247,24,0,0,77,77,88,98,198,108,108,108,143,143,143,143,143,161,194,194,194,269,269,283,283,283,293,63,63,73,90,90,90,116,126,156,156,156,156,156,169,169,19,19,39,39,66,66,66],"floor_reached":61,"playtime":2946,"items_purged":["ReplayTheSpireMod:Doomed","Pain"],"score":2308,"play_id":"1a2d51e2-5e8e-413b-b0b4-5cbcbf8ee183","local_time":"20210110222302","is_ascension_mode":true,"campfire_choices":[{"data":"Poisoned Stab","floor":7,"key":"SMITH"},{"data":"conspire:DoublingDagger","floor":15,"key":"SMITH"},{"data":"ReplayTheSpireMod:Faulty Equipment","floor":23,"key":"SMITH"},{"data":"Finisher","floor":28,"key":"SMITH"},{"floor":32,"key":"REST"},{"data":"After Image","floor":40,"key":"SMITH"},{"data":"Neutralize","floor":44,"key":"SMITH"},{"data":"Corpse Explosion","floor":49,"key":"SMITH"},{"floor":55,"key":"REST"},{"floor":57,"key":"REST"}],"circlet_count":0,"master_deck":["AscendersBane","Survivor","Neutralize+1","Poisoned Stab+1","Hidden Blade","StuffTheSpire:DoubleShiv","Backstab","StuffTheSpire:Incantation","Well Laid Plans","conspire:DoublingDagger+1","Phantasmal Killer","Defy","Blade Dance","Finisher+1","Acrobatics","After Image+1","Deadly Poison","Choke","StuffTheSpire:BrimstoneBlast","Moonlight","Acrobatics","Unruled","Corpse Explosion+1","PendulumOfEternity","Clumsy","Predator+1","Backflip+1","Die Die Die","StarChef+1","Voices","Blade Dance","Accuracy+1","Alleviate+1"],"relics":["energizedSpire:CursedPentagram","Replay:Wax Seal","Potion Belt","aspiration:ChemicalBlood","Gremlin Horn","HollowMod:PaleOreRelic","Lee\u0027s Waffle","CherryCoatedStake","betterThird:SlimedRelic","aspiration:ServantSkillbook","Strawberry","theJungle:BirthdayCakeSlice","aspiration:SneckoTail","theJungle:SpiritDisease","Kunai","Pandora\u0027s Box","Spirit Poop","CrustySpines","PreservedInsect","paleoftheancients:Timepiece","paleoftheancients:KeyRelic","Oddly Smooth Stone","Bronze Scales","paleoftheancients:SoulOfTheIroncluck","WarpedTongs","aspiration:VileToxins"],"acts_visited":["Exordium","Exordium","TheBeyond","TheBeyond"],"potions_floor_usage":[6,8,10,12,16,16,21,24,29,30,33,41,42,50,50,50,50,51,51,51,51,51,52,56,60,60,60],"damage_taken":[{"damage":5,"enemies":"Cultist","floor":1,"turns":5},{"damage":2,"enemies":"2 Louse","floor":2,"turns":3},{"damage":0,"enemies":"Jaw Worm","floor":4,"turns":4},{"damage":2,"enemies":"Replay:BlueRogue","floor":6,"turns":6},{"damage":14,"enemies":"HollowMod:MossKnight","floor":8,"turns":15},{"damage":10,"enemies":"Large Slime","floor":10,"turns":6},{"damage":24,"enemies":"Lagavulin","floor":12,"turns":6},{"damage":19,"enemies":"Fading Forest","floor":16,"turns":11},{"damage":12,"enemies":"theJungle:MUSHROOMGANG","floor":18,"turns":5},{"damage":2,"enemies":"theJungle:GiantWrat","floor":19,"turns":4},{"damage":2,"enemies":"theJungle:2_Snecko_Cultists","floor":21,"turns":5},{"damage":34,"enemies":"theJungle:MamaSnecko","floor":24,"turns":8},{"damage":11,"enemies":"theJungle:Snecko_Cultist_And_Trap","floor":29,"turns":6},{"damage":5,"enemies":"theJungle:Cassacara","floor":30,"turns":6},{"damage":0,"enemies":"theJungle:FunGuy","floor":33,"turns":8},{"damage":11,"enemies":"3 Darklings","floor":35,"turns":2},{"damage":4,"enemies":"Orb Walker","floor":38,"turns":3},{"damage":10,"enemies":"Spire Growth","floor":41,"turns":5},{"damage":2,"enemies":"Maw","floor":42,"turns":4},{"damage":15,"enemies":"Reptomancer","floor":45,"turns":8},{"damage":15,"enemies":"4 Shapes","floor":46,"turns":6},{"damage":0,"enemies":"HollowMod:StalkingDevout","floor":47,"turns":7},{"damage":51,"enemies":"Awakened One","floor":50,"turns":12},{"damage":122,"enemies":"Awakened One","floor":51,"turns":8},{"damage":0,"enemies":"Awakened One","floor":52,"turns":6},{"damage":39,"enemies":"Awakened One","floor":56,"turns":7},{"damage":20,"enemies":"paleoftheancients:N","floor":60,"turns":13}],"seed_played":"7115394288724174357","potions_obtained":[{"floor":2,"key":"blueLaboratory:ArtistsPotion"},{"floor":4,"key":"blueLaboratory:SavagePotion"},{"floor":5,"key":"blueLaboratory:EnvenomedCoating"},{"floor":5,"key":"blueLaboratory:HummingbirdPotion"},{"floor":8,"key":"blueLaboratory:BlinkPotion"},{"floor":10,"key":"ColorlessPotion"},{"floor":18,"key":"FairyPotion"},{"floor":29,"key":"blueLaboratory:ArtistsPotion"},{"floor":35,"key":"blueLaboratory:SavagePotion"},{"floor":38,"key":"EssenceOfSteel"},{"floor":46,"key":"blueLaboratory:BottleOfVodka"},{"floor":47,"key":"SkillPotion"},{"floor":51,"key":"EssenceOfSteel"},{"floor":52,"key":"GamblersBrew"},{"floor":56,"key":"blueLaboratory:FrostheartPotion"},{"floor":56,"key":"blueLaboratory:BottleOfRum"},{"floor":60,"key":"blueLaboratory:BottledHope"}],"is_trial":false,"path_per_floor":["M","M","?","M","?","E","R","E","T","M","?","E","$","?","R","B",null,"M","M","?","M","?","R","E","?","T","?","R","M","E","?","R","B",null,"M","?","?","M","$","R","M","M","T","R","E","M","E","?","R","B","M","M","?","$","R","M","R","T","?","B",null],"character_chosen":"THE_SILENT","items_purchased":["Lee\u0027s Waffle","CherryCoatedStake","Die Die Die","Energy Potion"],"campfire_rested":3,"item_purchase_floors":[13,13,39,54],"current_hp_per_floor":[54,52,52,52,52,50,50,36,36,26,26,2,73,62,62,69,72,65,63,56,57,58,58,61,66,66,66,66,58,60,50,77,77,87,76,76,90,86,86,86,76,74,74,74,88,76,90,90,90,79,59,75,75,75,90,71,90,90,90,90],"gold":66,"neow_bonus":"BOSS_RELIC","is_daily":false,"chose_seed":false,"campfire_upgraded":7,"win_rate":0.0,"timestamp":1610313782,"path_taken":["M","M","?","M","?","E","R","E","T","?","?","E","$","?","R","BOSS","M","M","?","?","?","R","E","?","T","?","R","M","E","?","R","BOSS","M","?","?","M","$","R","M","M","T","R","E","?","E","?","R","BOSS","M","M","?","$","R","M","R","T","?","BOSS"],"items_purchased_type":["Relic","Relic","Card","Potion"],"build_version":"2020-12-22","purchased_purges":2,"victory":true,"max_hp_per_floor":[66,66,66,66,66,66,66,66,66,66,66,66,73,73,73,73,73,73,73,73,73,73,73,80,85,85,85,85,85,85,90,90,90,90,90,90,90,90,90,90,90,90,90,90,90,90,90,90,90,90,90,90,90,90,90,90,90,90,90,90],"relic_stats":{"Lee\u0027s Waffle":71,"Gremlin Horn":[42,42],"counters":[27,179],"Bronze Scales":[339],"Pandora\u0027s Box":["Deadly Poison","Choke","StuffTheSpire:BrimstoneBlast","Moonlight","Acrobatics","Unruled","Corpse Explosion","PendulumOfEternity"],"PreservedInsect":0,"Kunai":[90],"obtain_stats":[{"Gremlin Horn":9,"aspiration:SneckoTail":26,"Spirit Poop":43,"energizedSpire:CursedPentagram":0,"theJungle:BirthdayCakeSlice":25,"Strawberry":24,"HollowMod:PaleOreRelic":12,"Kunai":30,"Replay:Wax Seal":3,"Ring of the Snake":0,"aspiration:ChemicalBlood":8,"Potion Belt":6,"aspiration:VileToxins":58,"Lee\u0027s Waffle":13,"paleoftheancients:KeyRelic":50,"CherryCoatedStake":13,"Oddly Smooth Stone":50,"PreservedInsect":47,"theJungle:SpiritDisease":27,"WarpedTongs":53,"paleoftheancients:Timepiece":50,"betterThird:SlimedRelic":14,"Bronze Scales":50,"aspiration:ServantSkillbook":17,"Pandora\u0027s Box":34,"CrustySpines":45,"paleoftheancients:SoulOfTheIroncluck":52},{"Gremlin Horn":5,"aspiration:SneckoTail":12,"Spirit Poop":19,"energizedSpire:CursedPentagram":0,"theJungle:BirthdayCakeSlice":12,"Strawberry":12,"HollowMod:PaleOreRelic":7,"Kunai":14,"Replay:Wax Seal":2,"Ring of the Snake":0,"aspiration:ChemicalBlood":5,"Potion Belt":4,"aspiration:VileToxins":26,"Lee\u0027s Waffle":7,"paleoftheancients:KeyRelic":23,"CherryCoatedStake":7,"Oddly Smooth Stone":23,"PreservedInsect":22,"theJungle:SpiritDisease":12,"WarpedTongs":25,"paleoftheancients:Timepiece":23,"betterThird:SlimedRelic":7,"Bronze Scales":23,"aspiration:ServantSkillbook":8,"Pandora\u0027s Box":15,"CrustySpines":20,"paleoftheancients:SoulOfTheIroncluck":25},{"Gremlin Horn":33,"aspiration:SneckoTail":78,"Spirit Poop":112,"energizedSpire:CursedPentagram":0,"theJungle:BirthdayCakeSlice":78,"Strawberry":78,"HollowMod:PaleOreRelic":45,"Kunai":90,"Replay:Wax Seal":8,"Ring of the Snake":0,"aspiration:ChemicalBlood":33,"Potion Belt":18,"aspiration:VileToxins":166,"Lee\u0027s Waffle":45,"paleoftheancients:KeyRelic":145,"CherryCoatedStake":45,"Oddly Smooth Stone":145,"PreservedInsect":133,"theJungle:SpiritDisease":78,"WarpedTongs":159,"paleoftheancients:Timepiece":145,"betterThird:SlimedRelic":45,"Bronze Scales":145,"aspiration:ServantSkillbook":56,"Pandora\u0027s Box":98,"CrustySpines":120,"paleoftheancients:SoulOfTheIroncluck":159}],"WarpedTongs":[20]},"card_choices":[{"not_picked":["Endless Agony","Toxin Wave"],"picked":"Poisoned Stab","floor":1},{"not_picked":["Replay:Poison Smokescreen","StuffTheSpire:Fury"],"picked":"Hidden Blade","floor":2},{"not_picked":["conspire:PoisonWeapons","Predator"],"picked":"StuffTheSpire:DoubleShiv","floor":4},{"not_picked":["Endless Agony","PiercingWail"],"picked":"Backstab","floor":6},{"not_picked":["Poison Darts","Riddle With Holes"],"picked":"StuffTheSpire:Incantation","floor":8},{"not_picked":["Finisher","Riddle With Holes"],"picked":"Well Laid Plans","floor":10},{"not_picked":["Flying Knee","Choke"],"picked":"conspire:DoublingDagger","floor":12},{"not_picked":["Doppelganger","ReplayTheSpireMod:Necrosis"],"picked":"Phantasmal Killer","floor":16},{"not_picked":["Gouge","Replace","Spin"],"picked":"Defy","floor":18},{"not_picked":["Deadline+1","Heel Hook","Flying Knee"],"picked":"Blade Dance","floor":19},{"not_picked":["Rewind","Outmaneuver+1","Ricochet","Unruled"],"picked":"SKIP","floor":21},{"not_picked":["SurpressingFire","SpecialFormula","ReplayTheSpireMod:Exploit Weakness"],"picked":"Finisher","floor":24},{"not_picked":["TimeWarp","Toxin Wave","Prepared","TrueSight"],"picked":"SKIP","floor":29},{"not_picked":["Rearm","StuffTheSpire:Repulse","Deadly Poison"],"picked":"Acrobatics","floor":30},{"not_picked":["aspiration:Lunge","Storm of Steel","Night Terror"],"picked":"After Image","floor":33},{"not_picked":["Revamp","StuffTheSpire:Injection","Well Laid Plans"],"picked":"Predator+1","floor":35},{"not_picked":["Deadly Poison","Prepared","ShatteredReality+1"],"picked":"Backflip+1","floor":38},{"not_picked":["Unload","Catalyst","Backflip"],"picked":"StarChef+1","floor":41},{"not_picked":["Deadly Poison","Dagger Spray","ShatteredReality"],"picked":"Blade Dance","floor":42},{"not_picked":["Reflex","ReplayTheSpireMod:Scrap Shanks+1","StuffTheSpire:Python","Potential"],"picked":"SKIP","floor":45},{"not_picked":["Dagger Throw+1","Predator","DancingSilver"],"picked":"Accuracy+1","floor":46},{"not_picked":["Alleviate","FastForward","StuffTheSpire:Shiver+1","Underhanded Strike"],"picked":"SKIP","floor":47},{"not_picked":["Slice+1","DoubleEdge+1","StuffTheSpire:BumpUp+1","Prepared"],"picked":"SKIP","floor":52},{"not_picked":["Hidden Blade","StuffTheSpire:Injection","Dash"],"picked":"Alleviate+1","floor":56}],"player_experience":1926825,"relics_obtained":[{"floor":6,"key":"Potion Belt"},{"floor":8,"key":"aspiration:ChemicalBlood"},{"floor":9,"key":"Gremlin Horn"},{"floor":12,"key":"HollowMod:PaleOreRelic"},{"floor":24,"key":"Strawberry"},{"floor":26,"key":"aspiration:SneckoTail"},{"floor":30,"key":"Kunai"},{"floor":43,"key":"Spirit Poop"},{"floor":45,"key":"CrustySpines"},{"floor":47,"key":"PreservedInsect"},{"floor":52,"key":"paleoftheancients:SoulOfTheIroncluck"},{"floor":58,"key":"aspiration:VileToxins"}],"event_choices":[{"damage_healed":0,"gold_gain":0,"player_choice":"Got Potions","damage_taken":0,"max_hp_gain":0,"max_hp_loss":0,"event_name":"Lab","floor":5,"gold_loss":0},{"damage_healed":0,"gold_gain":0,"player_choice":"Ignored","damage_taken":212,"max_hp_gain":0,"max_hp_loss":0,"event_name":"betterThird:BetterSerpent","floor":11,"gold_loss":0},{"damage_healed":0,"gold_gain":0,"player_choice":"Slimed","damage_taken":11,"max_hp_gain":0,"max_hp_loss":0,"event_name":"betterThird:BetterGoop","floor":14,"gold_loss":24},{"damage_healed":0,"gold_gain":0,"player_choice":"Memory 1","damage_taken":0,"max_hp_gain":0,"max_hp_loss":0,"event_name":"SensoryStone","floor":36,"gold_loss":0},{"damage_healed":14,"gold_gain":0,"player_choice":"Full Heal","damage_taken":0,"max_hp_gain":0,"max_hp_loss":0,"event_name":"Wheel of Change","floor":37,"gold_loss":0},{"damage_healed":0,"gold_gain":0,"player_choice":"Rummage","damage_taken":0,"relics_obtained":["WarpedTongs"],"max_hp_gain":0,"max_hp_loss":0,"event_name":"Accursed Blacksmith","floor":53,"gold_loss":0,"cards_obtained":["Pain"]}],"is_beta":false,"boss_relics":[{"not_picked":["energizedSpire:SpiderWeb","aspiration:DefectSkillbook"],"picked":"aspiration:ServantSkillbook"},{"not_picked":["aspiration:SecretTechniqueScroll","energizedSpire:PogoStick"],"picked":"Pandora\u0027s Box"}],"items_purged_floors":[39,54],"is_endless":false,"potions_floor_spawned":[2,4,8,10,18,29,35,46,47,52],"ascension_level":15}}