{"host":"qkbnayyek6fga752","time":1610280620,"event":{"mods":["2.2 Compatiblity","Arknights The Spire","Aspiration","Astrologer","BaseMod","Beaked The Cultist","Better Altar","Better Match","Better Note","Better Sensory Stone","Better Skull","Better Third Choice","CCEM","CapriCore","ChefMod","Clockwork Mod","Conspire","Ekko","Energized Spire","Evolution","Glutton Mod","Hermit","Hubris","Humility","Jedi Mod","Koishi","Mad Scientist","Marisa????????","Minty Spire (QoL Compilation)","Quarter Circle Forward PUNCH!","Random Character Mod","Replay The Spire","Robot Space Explorer","SIMod","Spicy Shops","StSLib","The Administrix","The Alterego","The Blackbeard","The Blue Laboratory","The Bug Knight","The Construct","The Cursed","The Death Knight","The Disciple","The Druid","The Exalted","The Forsaken","The Gatherer","The Hayseed","The Hierophant","The Immortal","The Juggle","The Marked","The Necromancer","The Problem Sleuth","The Runesmith","The Sage","The Senshi","The Vixen","TheArtist","TheLocksmith","TheSwordswoman","TheVacant","TheVelvet","TheWitcher","Trackpad","Yuri Mod","thorton","vexMod"],"gold_per_floor":[114,132,150,0,16,16,42,42,42,67,67,67,101,136,136,233,233,250,267,267,282,282,282,317,317,370,396,424,43,75,93,93,195,195,209,222,289,301,301,330,330,363,363,363,375,375,404,28,28,28],"floor_reached":51,"playtime":4847,"items_purged":[],"score":1214,"play_id":"8ba38da4-ab3b-4655-885b-ae853d5386e9","local_time":"20210110071020","daily_mods":["SealedDeck","Heirloom","DeadlyEvents","Elite Swarm","Uncertain Future"],"is_ascension_mode":false,"campfire_choices":[{"data":"PropBag","floor":6,"key":"SMITH"},{"data":"EscapeVelocity","floor":8,"key":"SMITH"},{"data":"EscapeVelocity","floor":15,"key":"SMITH"},{"data":"MilkyWay","floor":23,"key":"SMITH"},{"data":"CasketOfStar","floor":25,"key":"SMITH"},{"data":"UltimateShortwave","floor":32,"key":"SMITH"},{"data":"JA","floor":41,"key":"SMITH"},{"data":"FinalSpark","floor":44,"key":"SMITH"},{"data":"LuminesStrike","floor":46,"key":"SMITH"},{"data":"Acceleration","floor":49,"key":"SMITH"}],"circlet_count":0,"master_deck":["GravityBeat","Orbital","PropBag+1","MilkyWay+1","6A","Acceleration+1","WitchLeyline","WitchLeyline","GasGiant","Singularity","PropBag+1","DarkMatter","OrrerysSun","LuminesStrike+1","EscapeVelocity+1","CollectingQuirk","BattleHymn","EscapeVelocity+1","CollectingQuirk","CurseOfTheBell","OrrerysSun","MokouMod:ScorchedEarth","LuminesStrike","CasketOfStar+1","UltimateShortwave+1","SatelliteIllusion","MillisecondPulsars","MilkyWay+1","FinalSpark+1","SporeBomb+1","DC+1","JA+1","CollectingQuirk","Singularity+1","CollectingQuirk","WitchLeyline+1"],"relics":["MiniHakkero","EVO:Axolotl","trackpad:FieryHotPepper","vexMod:CardConverter","trackpad:Mousetrap","hubris:AstralHammer","vexMod:RetaliationKit","CCEMRelics:CocoNut","conspire:InfiniteJournal","Pondfish Scales","Pocketwatch","Calling Bell","Blood Vial","Replay:Kaleidoscope","trackpad:BottledTsunami","alterego_mod:SomeoneToFightFor","Omamori","CCEMRelics:PorcelainBowl","Pen Nib","jedi:arcanewood","trackpad:ByrdCharm","hubris:PeanutButter","Snack Pack","Replay:Grab Bag","qcfpunch:Crimson_Sash","energizedSpire:MagnifyingGlass","thethorton:CrushedCigarette","theForsaken:HumbleEgg","PreservedInsect","MealTicket","hubris:Metronome","Happy Flower","Bromod:ArcaneFury","CCEMRelics:WhiteRose","CCEMRelics:WrappedPresent","CCEMRelics:GrindingGear","FossilizedHelix"],"acts_visited":["Exordium","TheCity","TheBeyond"],"potions_floor_usage":[10,13,14,21,27,50,50,50],"damage_taken":[{"damage":0,"enemies":"2 Louse","floor":1,"turns":1},{"damage":0,"enemies":"Cultist","floor":2,"turns":2},{"damage":0,"enemies":"Jaw Worm","floor":3,"turns":2},{"damage":1,"enemies":"Exordium Thugs","floor":5,"turns":4},{"damage":10,"enemies":"Gremlin Nob","floor":7,"turns":3},{"damage":2,"enemies":"Lagavulin","floor":10,"turns":4},{"damage":17,"enemies":"3 Sentries","floor":13,"turns":4},{"damage":27,"enemies":"Lagavulin","floor":14,"turns":4},{"damage":16,"enemies":"The Guardian","floor":16,"turns":6},{"damage":3,"enemies":"Spheric Guardian","floor":18,"turns":3},{"damage":0,"enemies":"Chosen","floor":19,"turns":2},{"damage":13,"enemies":"Snake Plant","floor":21,"turns":3},{"damage":0,"enemies":"conspire:SneckoGhost","floor":24,"turns":2},{"damage":13,"enemies":"Slavers","floor":27,"turns":3},{"damage":0,"enemies":"conspire:Head Lice","floor":28,"turns":3},{"damage":0,"enemies":"Slavers","floor":30,"turns":3},{"damage":0,"enemies":"Shelled Parasite and Fungi","floor":31,"turns":2},{"damage":0,"enemies":"Pondfish","floor":33,"turns":5},{"damage":0,"enemies":"3 Shapes","floor":35,"turns":3},{"damage":0,"enemies":"3 Darklings","floor":36,"turns":1},{"damage":0,"enemies":"Spire Growth","floor":38,"turns":2},{"damage":0,"enemies":"Giant Head","floor":40,"turns":4},{"damage":0,"enemies":"R_Hoarder","floor":42,"turns":2},{"damage":12,"enemies":"Sphere and 2 Shapes","floor":45,"turns":2},{"damage":0,"enemies":"Reptomancer","floor":47,"turns":1},{"damage":0,"enemies":"Time Eater","floor":50,"turns":4}],"seed_played":"-8539387856590641524","potions_obtained":[{"floor":7,"key":"Fruit Juice"},{"floor":10,"key":"BottledSpark"},{"floor":13,"key":"blueLaboratory:Moonshine"},{"floor":18,"key":"blueLaboratory:AbyssPotion"},{"floor":21,"key":"DeathKnight:RimePotion"},{"floor":37,"key":"blueLaboratory:SavagePotion"},{"floor":40,"key":"blueLaboratory:NullPotion"},{"floor":42,"key":"blueLaboratory:BottleOfRum"},{"floor":45,"key":"Strength Potion"}],"is_trial":true,"path_per_floor":["M","M","M","$","M","R","E","R","T","E","?","?","E","E","R","B",null,"M","M","?","M","?","R","E","R","T","E","E","$","E","M","R","B",null,"M","M","?","M","?","E","R","E","T","R","M","R","E","$","R","B",null],"character_chosen":"MARISA","items_purchased":["vexMod:CardConverter","trackpad:ByrdCharm","hubris:PeanutButter","CCEMRelics:WrappedPresent","WitchLeyline+1","CCEMRelics:GrindingGear"],"campfire_rested":0,"item_purchase_floors":[4,29,29,48,48,48],"current_hp_per_floor":[75,75,75,75,76,76,68,68,68,76,59,59,44,31,31,27,102,101,103,105,95,95,95,99,99,99,90,94,94,116,118,118,120,120,120,121,73,80,25,44,44,50,50,50,44,44,53,68,68,71],"gold":28,"neow_bonus":"","is_daily":false,"chose_seed":false,"campfire_upgraded":10,"win_rate":0.0,"timestamp":1610280620,"path_taken":["M","M","M","$","M","R","E","R","T","E","?","?","?","E","R","BOSS","M","M","?","M","?","R","E","R","T","E","?","$","E","M","R","BOSS","M","M","?","M","?","E","R","E","T","?","M","R","E","$","R","BOSS"],"items_purchased_type":["Relic","Relic","Relic","Relic","Card","Relic"],"build_version":"2020-12-22","purchased_purges":0,"victory":true,"max_hp_per_floor":[75,75,75,75,77,77,79,79,79,89,96,96,98,100,100,100,102,104,104,106,108,108,108,110,110,110,112,114,114,116,118,118,120,120,120,122,122,124,124,126,126,128,128,128,130,130,132,139,139,139],"card_choices":[{"not_picked":["SporeBomb","OpenUniverse"],"picked":"PropBag","floor":1},{"not_picked":["DoubleSpark","MysteriousBeam"],"picked":"DarkMatter","floor":2},{"not_picked":["DC","WitchOfGreed"],"picked":"OrrerysSun","floor":3},{"not_picked":["ShootTheMoon","SporeBomb"],"picked":"LuminesStrike","floor":5},{"not_picked":["MaximisePower","BigCrunch"],"picked":"EscapeVelocity","floor":7},{"not_picked":["SuperNova","MaximisePower"],"picked":"CollectingQuirk","floor":10},{"not_picked":["TreasureHunter","BlazingStar"],"picked":"EscapeVelocity","floor":13},{"not_picked":["AbsoluteMagnitude","SuperNova"],"picked":"CollectingQuirk","floor":14},{"not_picked":["GrandCross","DC+1"],"picked":"OrrerysSun","floor":18},{"not_picked":["OpenUniverse","DarkMatter","MysteriousBeam"],"picked":"SKIP","floor":19},{"not_picked":["AsteroidBelt","DoubleSpark"],"picked":"LuminesStrike","floor":21},{"not_picked":["FinalSpark","StarDustReverie"],"picked":"CasketOfStar","floor":24},{"not_picked":["BigCrunch","AbsoluteMagnitude"],"picked":"UltimateShortwave","floor":27},{"not_picked":["JA","MillisecondPulsars"],"picked":"SatelliteIllusion","floor":28},{"not_picked":["CasketOfStar","SuperNova"],"picked":"MillisecondPulsars","floor":30},{"not_picked":["MysteriousBeam","6A"],"picked":"MilkyWay+1","floor":31},{"not_picked":["BinaryStars","StarDustReverie"],"picked":"FinalSpark","floor":33},{"not_picked":["EnergyRecoil","MilkyWay+1","6A"],"picked":"SKIP","floor":35},{"not_picked":["WitchOfGreed","MysteriousBeam+1"],"picked":"SporeBomb+1","floor":36},{"not_picked":["6A+1","LuminesStrike+1"],"picked":"DC+1","floor":38},{"not_picked":["MaximisePower","StarDustReverie"],"picked":"JA","floor":40},{"not_picked":["SuperNova","MillisecondPulsars"],"picked":"CollectingQuirk","floor":42},{"not_picked":["SuperPerseids","AsteroidBelt+1"],"picked":"Singularity+1","floor":45},{"not_picked":["TreasureHunter","StarDustReverie"],"picked":"CollectingQuirk","floor":47}],"player_experience":370847,"relics_obtained":[{"floor":7,"key":"trackpad:Mousetrap"},{"floor":9,"key":"hubris:AstralHammer"},{"floor":10,"key":"vexMod:RetaliationKit"},{"floor":13,"key":"Pondfish Scales"},{"floor":14,"key":"Pocketwatch"},{"floor":17,"key":"Blood Vial"},{"floor":17,"key":"Replay:Kaleidoscope"},{"floor":17,"key":"trackpad:BottledTsunami"},{"floor":24,"key":"Omamori"},{"floor":26,"key":"CCEMRelics:PorcelainBowl"},{"floor":27,"key":"Pen Nib"},{"floor":28,"key":"jedi:arcanewood"},{"floor":30,"key":"Snack Pack"},{"floor":37,"key":"theForsaken:HumbleEgg"},{"floor":40,"key":"hubris:Metronome"},{"floor":42,"key":"Happy Flower"},{"floor":43,"key":"Bromod:ArcaneFury"},{"floor":47,"key":"CCEMRelics:WhiteRose"},{"floor":48,"key":"FossilizedHelix"}],"event_choices":[{"damage_healed":0,"gold_gain":1,"player_choice":"Card Relic Relic ","damage_taken":24,"max_hp_gain":0,"max_hp_loss":0,"event_name":"betterThird:BetterScrap","floor":11,"gold_loss":0,"cards_obtained":["BattleHymn","Wraith Form v2"]},{"damage_healed":0,"gold_gain":0,"player_choice":"Upgraded","damage_taken":0,"max_hp_gain":0,"max_hp_loss":0,"event_name":"Upgrade Shrine","floor":12,"gold_loss":0,"cards_upgraded":["PropBag"]},{"cards_removed":["DarkMatter"],"damage_healed":0,"gold_gain":0,"player_choice":"Take \u0026 Give","damage_taken":0,"max_hp_gain":0,"max_hp_loss":0,"event_name":"betterNote:BetterNote","floor":20,"gold_loss":0,"cards_obtained":["MokouMod:ScorchedEarth"]},{"damage_healed":0,"gold_gain":0,"player_choice":"Choice 2","damage_taken":0,"relics_obtained":["alterego_mod:SomeoneToFightFor"],"max_hp_gain":0,"max_hp_loss":0,"event_name":"Secret Garden","floor":22,"gold_loss":0},{"damage_healed":0,"gold_gain":0,"player_choice":"RE RE ","damage_taken":59,"relics_obtained":["PreservedInsect","MealTicket"],"max_hp_gain":0,"max_hp_loss":0,"event_name":"betterSkull:BetterSkull","floor":39,"gold_loss":0,"cards_upgraded":[]}],"is_beta":false,"boss_relics":[{"not_picked":["aspiration:RitualDagger","Bromod:ArcaneBarrier"],"picked":"Calling Bell"},{"not_picked":["Replay:Drink Me","vexMod:RockOfEvil"],"picked":"Replay:Grab Bag"},{"not_picked":["conspire:SlowCooker","Runesmith:UraniumAnvil"],"picked":"qcfpunch:Crimson_Sash"},{"not_picked":["energizedSpire:EnergizedDie","hubris:GrandSneckoEye"],"picked":"energizedSpire:MagnifyingGlass"},{"not_picked":["qcfpunch:Dark_Gi","BewitchedHakkero"],"picked":"thethorton:CrushedCigarette"}],"items_purged_floors":[],"is_endless":false,"potions_floor_spawned":[7,10,13,18,21,40,42,45],"ascension_level":0}}