{"host":"kig4ty9d1aubg29s","time":1610274809,"event":{"mods":["BaseMod","Minty Spire (QoL Compilation)","READ ME - Guardian Mod","READ ME - Snecko Mod","StSLib","The Cursed","The Gatherer","The Hierophant","The Runesmith"],"gold_per_floor":[116,116,81,81,81,113,127,127,127,147,147,182,196,224,224,298,298,318,330,330,330,348,348,374,374,426,449,499,2,34,46,46,46,46],"floor_reached":33,"playtime":1113,"items_purged":[],"score":727,"play_id":"f26a9587-092c-4fa0-ae1e-c1ae347ce786","local_time":"20210110193329","is_ascension_mode":true,"campfire_choices":[{"floor":8.0,"key":"REST"},{"data":"Zap","floor":11.0,"key":"SMITH"},{"data":"Self Repair","floor":15,"key":"SMITH"},{"floor":23,"key":"REST"},{"floor":25,"key":"REST"},{"data":"Storm","floor":32,"key":"SMITH"}],"circlet_count":0,"master_deck":["AscendersBane","Strike_B","Strike_B","Strike_B","Strike_B","Defend_B","Defend_B","Defend_B","Zap+1","Dualcast","Auto Shields","Rebound","Self Repair+1","Conserve Battery","Steam","Gash","Chill","Creative AI","FTL","Aggregate","FTL","Stack","Storm+1","Cold Snap"],"relics":["Cracked Core","NeowsBlessing","Letter Opener","WarpedTongs","Pen Nib","Bag of Marbles","Strawberry","Bronze Scales","Empty Cage","Smiling Mask","Runesmith:AutoHammer","Potion Belt","Lee\u0027s Waffle","PreservedInsect","Happy Flower","Akabeko"],"acts_visited":["Exordium","TheCity"],"potions_floor_usage":[12,14,16,18,22,24,30],"damage_taken":[{"damage":0.0,"enemies":"Small Slimes","floor":1.0,"turns":1.0},{"damage":0.0,"enemies":"Gremlin Nob","floor":6.0,"turns":1.0},{"damage":0.0,"enemies":"Jaw Worm","floor":7.0,"turns":1.0},{"damage":2.0,"enemies":"2 Louse","floor":10.0,"turns":2.0},{"damage":16,"enemies":"3 Sentries","floor":12,"turns":7},{"damage":2,"enemies":"2 Fungi Beasts","floor":13,"turns":2},{"damage":5,"enemies":"Lagavulin","floor":14,"turns":6},{"damage":66,"enemies":"Hexaghost","floor":16,"turns":11},{"damage":18,"enemies":"2 Thieves","floor":18,"turns":4},{"damage":9,"enemies":"Spheric Guardian","floor":19,"turns":4},{"damage":22,"enemies":"Cultist and Chosen","floor":22,"turns":7},{"damage":28,"enemies":"Slavers","floor":24,"turns":6},{"damage":22,"enemies":"Book of Stabbing","floor":30,"turns":5},{"damage":30,"enemies":"Shelled Parasite and Fungi","floor":31,"turns":4},{"damage":59,"enemies":"Automaton","floor":33,"turns":6}],"seed_played":"-9154627997350264403","potions_obtained":[{"floor":1.0,"key":"Dexterity Potion"},{"floor":6.0,"key":"Dexterity Potion"},{"floor":12,"key":"Swift Potion"},{"floor":16,"key":"Swift Potion"},{"floor":18,"key":"LiquidMemories"},{"floor":22,"key":"SteroidPotion"},{"floor":24,"key":"EssenceOfSteel"},{"floor":31,"key":"EssenceOfDarkness"}],"is_trial":false,"path_per_floor":["M","?","?","?","?","E","M","R","T","M","R","E","M","E","R","B",null,"M","M","?","?","M","R","E","R","T","T","?","$","E","M","R","B"],"character_chosen":"DEFECT","items_purchased":["Lee\u0027s Waffle","PreservedInsect","Happy Flower"],"campfire_rested":3,"item_purchase_floors":[29,29,29],"current_hp_per_floor":[64,29,46,46,46,46,46,67,67,71,71,69,67,69,69,13,62,44,45,23,23,11,35,7,31,31,31,31,90,78,58,58,0,0],"gold":46,"neow_bonus":"THREE_ENEMY_KILL","is_daily":false,"chose_seed":false,"campfire_upgraded":3,"win_rate":0.0,"timestamp":1610274809,"path_taken":["M","?","?","?","?","E","M","R","T","M","R","E","?","E","R","BOSS","M","?","?","?","M","R","E","R","T","?","?","?","E","M","R","BOSS"],"items_purchased_type":["Relic","Relic","Relic"],"build_version":"2020-12-22","purchased_purges":0,"victory":false,"max_hp_per_floor":[71,71,71,71,71,71,71,71,71,71,71,78,78,78,78,78,78,78,78,83,83,83,83,83,83,83,83,83,90,90,90,90,90,90],"card_choices":[{"not_picked":["Rebound","Streamline"],"picked":"Auto Shields","floor":1.0},{"not_picked":["Amplify","Hologram"],"picked":"Rebound","floor":6.0},{"not_picked":["Rip and Tear","Blizzard"],"picked":"Self Repair","floor":7.0},{"not_picked":["Redo","Recycle"],"picked":"Conserve Battery","floor":10.0},{"not_picked":["Steam Power","Blizzard"],"picked":"Steam","floor":12},{"not_picked":["Redo","Barrage"],"picked":"Gash","floor":13},{"not_picked":["Barrage","Go for the Eyes"],"picked":"Chill","floor":14},{"not_picked":["All For One","Seek"],"picked":"Creative AI","floor":16},{"not_picked":["Hologram","Go for the Eyes+1"],"picked":"FTL","floor":18},{"not_picked":["Stack","Coolheaded"],"picked":"Aggregate","floor":19},{"not_picked":["Aggregate","Hologram"],"picked":"FTL","floor":22},{"not_picked":["Skim","Genetic Algorithm"],"picked":"Stack","floor":24},{"not_picked":["Gash+1","Consume"],"picked":"Storm","floor":30},{"not_picked":["Compile Driver","Turbo"],"picked":"Cold Snap","floor":31}],"player_experience":1927633,"relics_obtained":[{"floor":6.0,"key":"Pen Nib"},{"floor":9.0,"key":"Bag of Marbles"},{"floor":12,"key":"Strawberry"},{"floor":14,"key":"Bronze Scales"},{"floor":24,"key":"Smiling Mask"},{"floor":26,"key":"Runesmith:AutoHammer"},{"floor":27,"key":"Potion Belt"},{"floor":30,"key":"Akabeko"}],"event_choices":[{"damage_healed":0.0,"max_hp_gain":0.0,"max_hp_loss":0.0,"gold_gain":0.0,"event_name":"Scrap Ooze","player_choice":"Success","floor":2.0,"gold_loss":0.0,"damage_taken":35.0,"relics_obtained":["Letter Opener"]},{"damage_healed":17.0,"max_hp_gain":0.0,"max_hp_loss":0.0,"gold_gain":0.0,"event_name":"The Cleric","player_choice":"Healed","floor":3.0,"gold_loss":35.0,"damage_taken":0.0},{"damage_healed":0.0,"max_hp_gain":0.0,"max_hp_loss":0.0,"gold_gain":0.0,"event_name":"Shining Light","player_choice":"Ignored","floor":4.0,"gold_loss":0.0,"damage_taken":0.0},{"damage_healed":0.0,"max_hp_gain":0.0,"max_hp_loss":0.0,"gold_gain":0.0,"event_name":"Accursed Blacksmith","player_choice":"Rummage","floor":5.0,"gold_loss":0.0,"damage_taken":0.0,"relics_obtained":["WarpedTongs"],"cards_obtained":["Pain"]},{"damage_healed":0,"gold_gain":0,"player_choice":"Shed Blood","damage_taken":27,"max_hp_gain":5,"max_hp_loss":0,"event_name":"Forgotten Altar","floor":20,"gold_loss":0},{"damage_healed":0,"gold_gain":0,"player_choice":"Ignored","damage_taken":0,"max_hp_gain":0,"max_hp_loss":0,"event_name":"Vampires","floor":21,"gold_loss":0},{"damage_healed":0,"gold_gain":50,"player_choice":"Stole From Cult","damage_taken":0,"max_hp_gain":0,"max_hp_loss":0,"event_name":"Nest","floor":28,"gold_loss":0}],"is_beta":false,"boss_relics":[{"not_picked":["Tiny House","Ectoplasm"],"picked":"Empty Cage"}],"items_purged_floors":[],"is_endless":false,"potions_floor_spawned":[1,6,10,12,16,18,22,24,31],"killed_by":"Automaton","ascension_level":20}}