{"host":"acw864156wjp8gcv","time":1610276241,"event":{"mods":["2.2 Compatiblity","AchievementEnabler","Aspiration","BaseMod","Beaked The Cultist","Better Altar","Better Match","Better Note","Better Sensory Stone","Better Silent Start","Better Skull","Better Third Choice","Better Vampires","BetterRewards","Challenge The Spire","Colored Map","Colored Powertips","Conspire","Curses Come First","Downfall","Energized Spire","GifTheSpireLib","Halation","Hubris","Infinite Spire","Ironclad Rager","Jedi Mod","Mimic Mod","Minty Spire (QoL Compilation)","Permanent Neow","Relic Sorter","Replay The Spire","Shop Mod","Spicy Shops","Spikes Relics","StSLib","Stuff the Spire","The Blue Laboratory","The Construct","The Jungle","Wandering Minibosses","everything is the same but u backflip on backflip","vexMod"],"gold_per_floor":[113,113,129,129,148,176,176,176,202,202,222,239,252,266,266,365,365,379,379,249,266,286,286,315,315,352,352,365,365,365,398,398,496,496,507,527,459,471,482,482,511,511,534,548,564,564,564,582,582,582],"floor_reached":51,"playtime":2043,"items_purged":["construct:Defend_Gold+2"],"score":1345,"play_id":"ab2f96dd-ef0c-4c51-901d-34192b10b748","local_time":"20210110045721","is_ascension_mode":true,"campfire_choices":[{"data":"construct:HammerDown","floor":7,"key":"SMITH"},{"data":"construct:Zapper","floor":15,"key":"SMITH"},{"data":"construct:Zapper+1","floor":23,"key":"SMITH"},{"data":"construct:Autoturret+1","floor":25,"key":"SMITH"},{"data":"construct:BatteryCore+1","floor":30,"key":"SMITH"},{"data":"construct:ScopeCore","floor":32,"key":"SMITH"},{"data":"construct:Tumble+1","floor":40,"key":"SMITH"},{"data":"construct:ForceCore","floor":42,"key":"SMITH"},{"data":"construct:ForceCore+1","floor":49,"key":"SMITH"}],"circlet_count":0,"master_deck":["construct:AttackMode+2","construct:DefenseMode+2","construct:Strike_Gold+2","construct:Strike_Gold+2","construct:Strike_Gold+2","construct:Strike_Gold+2","construct:Defend_Gold+2","construct:Defend_Gold+2","construct:HammerDown+2","construct:ScopeCore+2","construct:Zapper+2","construct:ScopeCore+1","construct:BatteryCore+2","construct:Autoturret+2","construct:ForceCore+2","construct:ForceCore+2","construct:Tumble+2","construct:Reserves"],"relics":["construct:ClockworkPhoenix","hubris:Stopwatch","wanderingMiniBosses:OtherGremlinHorn","StrikeDummy","aspiration:Lifesprig","conspire:DecoderRing","Chameleon Ring","Blood Vial","aspiration:FetidBarrel","hubris:DisguiseKit","aspiration:PoetsPen_weak","beaked:ShinyBauble","Vajra","infinitespire:EvilPickle"],"acts_visited":["Exordium","TheCity","TheBeyond"],"potions_floor_usage":[45],"damage_taken":[{"damage":1,"enemies":"Cultist","floor":1,"turns":3},{"damage":0,"enemies":"2 Louse","floor":3,"turns":1},{"damage":0,"enemies":"Small Slimes","floor":5,"turns":1},{"damage":2,"enemies":"Gremlin Nob","floor":6,"turns":3},{"damage":0,"enemies":"Looter","floor":11,"turns":2},{"damage":14,"enemies":"Exordium Thugs","floor":12,"turns":5},{"damage":0,"enemies":"Exordium Wildlife","floor":13,"turns":2},{"damage":0,"enemies":"Lots of Slimes","floor":14,"turns":3},{"damage":0,"enemies":"Slime Boss","floor":16,"turns":2},{"damage":12,"enemies":"3 Byrds","floor":18,"turns":3},{"damage":0,"enemies":"Spheric Guardian","floor":21,"turns":1},{"damage":0,"enemies":"Snecko","floor":22,"turns":2},{"damage":0,"enemies":"Gremlin Leader","floor":24,"turns":3},{"damage":0,"enemies":"Snake Plant","floor":26,"turns":3},{"damage":0,"enemies":"Snake Plant","floor":28,"turns":2},{"damage":0,"enemies":"conspire:SneckoGhost","floor":31,"turns":2},{"damage":2,"enemies":"Pondfish","floor":33,"turns":4},{"damage":0,"enemies":"Orb Walker","floor":35,"turns":2},{"damage":9,"enemies":"3 Darklings","floor":36,"turns":2},{"damage":0,"enemies":"Transient","floor":38,"turns":4},{"damage":8,"enemies":"Jaw Worm Horde","floor":39,"turns":3},{"damage":17,"enemies":"Giant Head","floor":41,"turns":3},{"damage":8,"enemies":"4 Shapes","floor":44,"turns":2},{"damage":0,"enemies":"Sphere and 2 Shapes","floor":45,"turns":2},{"damage":17,"enemies":"Spire Growth","floor":48,"turns":2},{"damage":34,"enemies":"Donu and Deca","floor":50,"turns":3}],"seed_played":"-3753675706780913514","potions_obtained":[{"floor":1,"key":"LiquidBronze"},{"floor":6,"key":"conspire:TimeTravelPotion"},{"floor":11,"key":"AttackPotion"},{"floor":45,"key":"Fruit Juice"}],"is_trial":false,"path_per_floor":["M","?","M","?","M","E","R","?","T","T","M","M","M","M","R_BF","B",null,"M","?","$","M","M","R","E","R","MIM","?","M","?","R","E","R","B",null,"M","M","$","M","M","R","E","R","T","M","M","?","?","M","R","B",null],"character_chosen":"THE_CONSTRUCT_MOD","items_purchased":["construct:ForceCore+1","construct:ForceCore"],"campfire_rested":0,"item_purchase_floors":[20,37],"current_hp_per_floor":[76,76,76,76,76,74,74,59,59,59,59,45,45,45,45,45,69,57,57,57,57,57,57,57,57,59,22,24,24,24,26,26,26,64,66,59,59,61,55,55,40,40,40,34,43,51,31,46,46,14],"gold":582,"neow_bonus":"REMOVE_TWO","is_daily":false,"chose_seed":false,"campfire_upgraded":9,"win_rate":0.0,"timestamp":1610276241,"path_taken":["M","?","M","?","M","E","R","?","T","?","?","M","M","M","R_BF","BOSS","M","?","?","M","?","R","E","R","MIM","?","M","?","R","E","R","BOSS","M","M","$","M","M","R","E","R","T","M","M","?","?","M","R","BOSS"],"items_purchased_type":["Card","Card"],"build_version":"2020-12-22","purchased_purges":1,"victory":true,"max_hp_per_floor":[77,77,77,77,77,77,77,77,77,77,77,77,77,77,77,77,77,77,77,77,77,77,77,77,77,77,77,77,77,77,77,77,77,77,77,77,77,77,77,77,77,77,77,77,84,84,84,84,84,84],"card_choices":[{"not_picked":["construct:SyphonStrike","construct:Autoturret","construct:Overcharge"],"picked":"SKIP","floor":1},{"not_picked":["construct:SyphonStrike","construct:Autoturret","construct:Overcharge"],"picked":"SKIP","floor":1},{"not_picked":["construct:SyphonStrike","construct:ModeShift","construct:ScrapCannon"],"picked":"SKIP","floor":3},{"not_picked":["construct:Anticipate","construct:Disrupt"],"picked":"construct:ScopeCore","floor":5},{"not_picked":["construct:PointDefense","construct:Impenetrable"],"picked":"construct:Dampening","floor":6},{"not_picked":["construct:Autoturret","construct:Overcharge"],"picked":"construct:Zapper","floor":11},{"not_picked":["construct:Forcefield","construct:FocusedBeam"],"picked":"construct:ScopeCore","floor":12},{"not_picked":["construct:Versatility","construct:HastyRepair","construct:ShiftStrike"],"picked":"SKIP","floor":13},{"not_picked":["construct:Forcefield","construct:Stasis","construct:SaveState"],"picked":"SKIP","floor":14},{"not_picked":["construct:ShieldBurst","construct:HastyRepair"],"picked":"construct:BatteryCore","floor":16},{"not_picked":["construct:FocusedBeam","construct:Chainstrike+1"],"picked":"construct:Autoturret+1","floor":18},{"not_picked":["construct:FlakBarrage","construct:FierceBash","construct:Boost+1"],"picked":"SKIP","floor":21},{"not_picked":["construct:Accumulate+1","construct:Electrocute","construct:ShiftStrike+1"],"picked":"SKIP","floor":22},{"not_picked":["construct:SaveState","construct:LongRangeLance","construct:Forcefield"],"picked":"SKIP","floor":24},{"not_picked":["construct:Backfire+1","construct:QuickAttack","construct:FocusedBeam+1"],"picked":"SKIP","floor":28},{"not_picked":["construct:Forcefield","construct:Chainstrike","construct:Reinforce"],"picked":"SKIP","floor":31},{"not_picked":["construct:Isolate","construct:PointDefense","construct:SuppressiveFire+1","Flex"],"picked":"SKIP","floor":35},{"not_picked":["construct:Electrocute+1","construct:Boost+1","construct:SaveState+1","Wild Strike"],"picked":"SKIP","floor":36},{"not_picked":["construct:CriticalHit+1","construct:ShiftGuard","construct:ScrapCannon+1","Wild Strike"],"picked":"SKIP","floor":38},{"not_picked":["construct:ModeShift+1","construct:Accumulate+1","Anger"],"picked":"construct:Tumble+1","floor":39},{"not_picked":["construct:Backfire+1","construct:ReactiveShield","construct:MassProduction","jedi:suffering"],"picked":"SKIP","floor":41},{"not_picked":["construct:SyphonStrike+1","construct:FocusedBeam+1","construct:BatteryAcid+1","Dark Embrace"],"picked":"SKIP","floor":44},{"not_picked":["construct:SuppressiveFire","construct:QuickAttack","Warcry"],"picked":"construct:Reserves","floor":45},{"not_picked":["construct:OneWayMirror","construct:SaveState","construct:ClusterMines","Burning Pact"],"picked":"SKIP","floor":48}],"player_experience":140049,"relics_obtained":[{"floor":6,"key":"StrikeDummy"},{"floor":9,"key":"aspiration:Lifesprig"},{"floor":10,"key":"conspire:DecoderRing"},{"floor":12,"key":"wanderingMiniBosses:OtherGremlinHorn"},{"floor":19,"key":"Chameleon Ring"},{"floor":24,"key":"Blood Vial"},{"floor":26,"key":"aspiration:FetidBarrel"},{"floor":31,"key":"hubris:DisguiseKit"},{"floor":41,"key":"beaked:ShinyBauble"},{"floor":43,"key":"Vajra"}],"event_choices":[{"damage_healed":0,"gold_gain":0,"cards_transformed":["construct:Defend_Gold"],"player_choice":"Change","damage_taken":0,"max_hp_gain":0,"max_hp_loss":0,"event_name":"Living Wall","floor":2,"gold_loss":0,"cards_obtained":["construct:HammerDown"]},{"damage_healed":74,"gold_gain":0,"player_choice":"Upgrade","damage_taken":15,"max_hp_gain":0,"max_hp_loss":77,"event_name":"betterThird:BetterShining","floor":8,"gold_loss":0,"cards_upgraded":["construct:ScopeCore","construct:HammerDown"]},{"damage_healed":0,"gold_gain":0,"player_choice":"Relic","damage_taken":0,"max_hp_gain":0,"max_hp_loss":0,"event_name":"Wheel of Change","floor":19,"gold_loss":0},{"damage_healed":0,"gold_gain":0,"player_choice":"UP UP UP ","damage_taken":43,"relics_obtained":[],"max_hp_gain":0,"max_hp_loss":0,"event_name":"betterSkull:BetterSkull","floor":27,"gold_loss":0,"cards_upgraded":["construct:ScopeCore","construct:ForceCore","construct:BatteryCore"]},{"damage_healed":0,"gold_gain":0,"player_choice":"Ignored","damage_taken":0,"max_hp_gain":0,"max_hp_loss":0,"event_name":"betterNote:BetterNote","floor":29,"gold_loss":0,"cards_obtained":["hubris:InfiniteBlow"]}],"is_beta":false,"boss_relics":[{"not_picked":["halation:LoveArrow","vexMod:EndlessSickness"],"picked":"hubris:Stopwatch"},{"not_picked":["beaked:MawFillet","halation:ForbiddenBikini"],"picked":"aspiration:PoetsPen_weak"}],"items_purged_floors":[20],"is_endless":false,"potions_floor_spawned":[1,6,11,21,24,28,39,41,45],"ascension_level":6}}