{"host":"x6tlfgqpy55vgxdn","time":1610266861,"event":{"mods":["AchievementEnabler","BaseMod","DeckTracker","Minty Spire (QoL Compilation)","Permanent Neow","Quick Restart","StSLib","SuperFastMode"],"gold_per_floor":[112,124,124,274,158,158,188,188,188,188,188,221,221,255,255,333,333,352,88,88,98,115,145,145,178,178,178,197,223,223,26,26,97,97,112,112,112,123,137,137,169,169,169,169,181,213,223,73,73,73,73,73,6,33,33],"floor_reached":56,"playtime":2379,"items_purged":["Doubt","Strike_B","Defend_B","Sunder+1","Zap+1"],"score":2314,"play_id":"80287d10-71e0-425e-ada1-d62d672e5f34","local_time":"20210110172101","is_ascension_mode":true,"campfire_choices":[{"data":"Biased Cognition","floor":6.0,"key":"SMITH"},{"data":"Sunder","floor":8.0,"key":"SMITH"},{"data":"Dualcast","floor":10.0,"key":"SMITH"},{"data":"Conserve Battery","floor":13.0,"key":"SMITH"},{"data":"Zap","floor":15.0,"key":"SMITH"},{"data":"Coolheaded","floor":24.0,"key":"SMITH"},{"data":"Defragment","floor":27.0,"key":"SMITH"},{"data":"Glacier","floor":32.0,"key":"SMITH"},{"data":"Double Energy","floor":40.0,"key":"SMITH"},{"data":"White Noise","floor":42.0,"key":"SMITH"},{"floor":44.0,"key":"RECALL"},{"data":"Echo Form","floor":49,"key":"SMITH"},{"data":"FTL","floor":52,"key":"SMITH"}],"circlet_count":0,"master_deck":["AscendersBane","Dualcast+1","Biased Cognition+1","Conserve Battery+1","FTL+1","Echo Form+1","Conserve Battery+1","Coolheaded+1","Chill","Glacier+1","Defragment+1","Go for the Eyes+1","Turbo+1","Cold Snap","Double Energy+1","White Noise+1","Leap","Coolheaded+1","Reboot","Panacea","Blizzard","Barrage","Transmutation"],"relics":["Cracked Core","Singing Bowl","Kunai","Tiny Chest","Bottled Tornado","Inserter","Runic Capacitor","Omamori","Bag of Preparation","Boot","Toy Ornithopter","ClockworkSouvenir","Pandora\u0027s Box","StrikeDummy","DataDisk","Cables","TungstenRod","Frozen Eye","Akabeko","Blue Candle","Nunchaku"],"acts_visited":["Exordium","TheCity","TheBeyond","TheEnding"],"potions_floor_usage":[55,55,55,55],"damage_taken":[{"damage":0.0,"enemies":"Cultist","floor":1.0,"turns":2.0},{"damage":3.0,"enemies":"2 Louse","floor":2.0,"turns":3.0},{"damage":36.0,"enemies":"Gremlin Nob","floor":7.0,"turns":4.0},{"damage":5.0,"enemies":"Lagavulin","floor":12.0,"turns":4.0},{"damage":16.0,"enemies":"Gremlin Nob","floor":14.0,"turns":3.0},{"damage":25.0,"enemies":"The Guardian","floor":16.0,"turns":8.0},{"damage":14.0,"enemies":"3 Byrds","floor":18.0,"turns":3.0},{"damage":11.0,"enemies":"Spheric Guardian","floor":21.0,"turns":3.0},{"damage":3.0,"enemies":"Shelled Parasite and Fungi","floor":22.0,"turns":6.0},{"damage":12.0,"enemies":"Book of Stabbing","floor":23.0,"turns":6.0},{"damage":0.0,"enemies":"Slavers","floor":25.0,"turns":1.0},{"damage":5.0,"enemies":"Snake Plant","floor":28.0,"turns":5.0},{"damage":16.0,"enemies":"Book of Stabbing","floor":29.0,"turns":8.0},{"damage":3.0,"enemies":"Collector","floor":33.0,"turns":13.0},{"damage":0.0,"enemies":"Orb Walker","floor":35.0,"turns":3.0},{"damage":3.0,"enemies":"3 Shapes","floor":38.0,"turns":6.0},{"damage":0.0,"enemies":"Maw","floor":39.0,"turns":7.0},{"damage":0.0,"enemies":"Nemesis","floor":41.0,"turns":11.0},{"damage":4.0,"enemies":"4 Shapes","floor":45.0,"turns":2.0},{"damage":9,"enemies":"Reptomancer","floor":46,"turns":6},{"damage":0,"enemies":"Sphere and 2 Shapes","floor":47,"turns":6},{"damage":0,"enemies":"Awakened One","floor":50,"turns":22},{"damage":4,"enemies":"Shield and Spear","floor":54,"turns":8},{"damage":35,"enemies":"The Heart","floor":55,"turns":13}],"seed_played":"1435333126711720997","potions_obtained":[{"floor":2.0,"key":"FocusPotion"},{"floor":12.0,"key":"EssenceOfSteel"},{"floor":18.0,"key":"BlessingOfTheForge"},{"floor":23.0,"key":"FairyPotion"},{"floor":25.0,"key":"PowerPotion"},{"floor":38.0,"key":"BlessingOfTheForge"},{"floor":39.0,"key":"FearPotion"},{"floor":41.0,"key":"SpeedPotion"}],"is_trial":false,"path_per_floor":["M","M","?","?","$","R","E","R","T","R","?","E","R","E","R","B",null,"M","$","?","M","M","E","R","E","T","R","M","E","?","$","R","B",null,"M","?","T","M","M","R","E","R","T","R","M","E","M","$","R","B",null,"R","$","E","B",null],"character_chosen":"DEFECT","items_purchased":["FTL","Runic Capacitor","ClockworkSouvenir","Panacea","Blizzard","Barrage","Frozen Eye","Akabeko","Blue Candle","EntropicBrew","Transmutation"],"campfire_rested":0,"item_purchase_floors":[5,19,31,53,53,53,53,53,53,53,53],"current_hp_per_floor":[64,61,54,54,54,54,18,18,18,18,2,42,42,28,28,5,61,47,47,47,36,33,23,23,23,23,23,18,2,2,2,2,26,70,70,70,70,69,71,71,71,71,71,71,69,62,64,64,64,64,87,87,87,85,81],"gold":33,"neow_bonus":"TRANSFORM_CARD","is_daily":false,"chose_seed":false,"campfire_upgraded":12,"win_rate":0.0,"timestamp":1610266861,"path_taken":["M","?","?","?","$","R","E","R","T","R","?","E","R","E","R","BOSS","M","$","?","M","M","E","R","E","T","R","M","E","?","$","R","BOSS","M","?","?","M","?","R","E","R","T","R","M","E","M","$","R","BOSS","R","$","E","BOSS"],"items_purchased_type":["Card","Relic","Relic","Card","Card","Card","Relic","Relic","Relic","Potion","Card"],"build_version":"2020-12-22","purchased_purges":5,"victory":true,"max_hp_per_floor":[71,71,71,71,71,71,71,71,71,71,76,76,76,78,78,80,80,80,80,80,80,80,82,82,82,82,82,82,82,82,82,82,84,84,84,84,84,86,88,88,88,88,88,88,90,92,94,94,94,94,94,94,94,96,96],"card_choices":[{"not_picked":["Beam Cell","Redo","Gash"],"picked":"SKIP","floor":1.0},{"not_picked":["Hologram","Static Discharge"],"picked":"Conserve Battery","floor":2.0},{"not_picked":["Lockon","Hello World"],"picked":"Sunder","floor":7.0},{"not_picked":["Storm","BootSequence"],"picked":"Echo Form","floor":12.0},{"not_picked":["Doom and Gloom","Static Discharge","Hello World"],"picked":"Singing Bowl","floor":14.0},{"not_picked":["Buffer","Hyperbeam","Creative AI"],"picked":"Singing Bowl","floor":16.0},{"not_picked":["BootSequence","Sweeping Beam"],"picked":"Conserve Battery+1","floor":18.0},{"not_picked":["Steam","Stack"],"picked":"Chill","floor":21.0},{"not_picked":["Cold Snap","Double Energy"],"picked":"Glacier","floor":22.0},{"not_picked":["Stack","Capacitor","Hologram"],"picked":"Singing Bowl","floor":23.0},{"not_picked":["Melter","Coolheaded"],"picked":"Defragment","floor":25.0},{"not_picked":["Capacitor","Double Energy"],"picked":"Go for the Eyes+1","floor":28.0},{"not_picked":["Thunder Strike","Steam Power"],"picked":"Turbo+1","floor":29.0},{"not_picked":["Thunder Strike","Machine Learning","Multi-Cast"],"picked":"Singing Bowl","floor":33.0},{"not_picked":["Doom and Gloom","Gash"],"picked":"Coolheaded+1","floor":35.0},{"not_picked":["Redo+1","Stack","Turbo"],"picked":"Singing Bowl","floor":38.0},{"not_picked":["Redo","Go for the Eyes","Steam Power+1"],"picked":"Singing Bowl","floor":39.0},{"not_picked":["Cold Snap","Doom and Gloom"],"picked":"Reboot","floor":41.0},{"not_picked":["Compile Driver","Coolheaded","Hologram"],"picked":"Singing Bowl","floor":45.0},{"not_picked":["Sweeping Beam+1","FTL","Genetic Algorithm"],"picked":"Singing Bowl","floor":46},{"not_picked":["Auto Shields","Tempest+1","Static Discharge"],"picked":"Singing Bowl","floor":47},{"not_picked":["Steam","Barrage","Hyperbeam"],"picked":"Singing Bowl","floor":54}],"player_experience":238151,"relics_obtained":[{"floor":7.0,"key":"Singing Bowl"},{"floor":9.0,"key":"Kunai"},{"floor":12.0,"key":"Tiny Chest"},{"floor":14.0,"key":"Bottled Tornado"},{"floor":23.0,"key":"Omamori"},{"floor":25.0,"key":"Bag of Preparation"},{"floor":29.0,"key":"Boot"},{"floor":37.0,"key":"StrikeDummy"},{"floor":41.0,"key":"DataDisk"},{"floor":43.0,"key":"Cables"},{"floor":46,"key":"TungstenRod"},{"floor":54,"key":"Nunchaku"}],"event_choices":[{"cards_removed":["Defend_B"],"damage_healed":0.0,"max_hp_gain":0.0,"max_hp_loss":0.0,"gold_gain":0.0,"event_name":"Golden Wing","player_choice":"Card Removal","floor":3.0,"gold_loss":0.0,"damage_taken":7.0},{"damage_healed":0.0,"max_hp_gain":0.0,"max_hp_loss":0.0,"gold_gain":150.0,"event_name":"Liars Game","player_choice":"AGREE","floor":4.0,"gold_loss":0.0,"damage_taken":0.0,"cards_obtained":["Doubt"]},{"damage_healed":0.0,"max_hp_gain":0.0,"max_hp_loss":0.0,"gold_gain":0.0,"event_name":"Shining Light","player_choice":"Entered Light","floor":11.0,"gold_loss":0.0,"damage_taken":21.0,"cards_upgraded":["Strike_B","Defend_B"]},{"damage_healed":0.0,"max_hp_gain":0.0,"max_hp_loss":0.0,"gold_gain":0.0,"event_name":"The Library","player_choice":"Read","floor":20.0,"gold_loss":0.0,"damage_taken":0.0,"cards_obtained":["Coolheaded"]},{"damage_healed":0.0,"max_hp_gain":0.0,"max_hp_loss":0.0,"gold_gain":0.0,"event_name":"Addict","player_choice":"Stole Relic","floor":30.0,"gold_loss":0.0,"damage_taken":0.0,"relics_obtained":["Toy Ornithopter"],"cards_obtained":["Shame"]},{"damage_healed":0.0,"max_hp_gain":0.0,"max_hp_loss":0.0,"gold_gain":0.0,"event_name":"Tomb of Lord Red Mask","player_choice":"Ignored","floor":36.0,"gold_loss":0.0,"damage_taken":0.0}],"is_beta":false,"boss_relics":[{"not_picked":["Empty Cage","Runic Pyramid"],"picked":"Inserter"},{"not_picked":["SacredBark","Astrolabe"],"picked":"Pandora\u0027s Box"}],"items_purged_floors":[5,19,31,48,53],"is_endless":false,"potions_floor_spawned":[2,12,14,16,18,22,23,25,38,39,41,45],"ascension_level":16}}