{"host":"2lvuisjyit3p3u01","time":1610304627,"event":{"mods":["Act Like it!","BaseMod","Bestiary","Better Synergies","CapriCore","Colored Map","Colored Powertips","Duelist Mod","GifTheSpireLib","Minty Spire (QoL Compilation)","Quick Restart","Replay The Spire","StSLib"],"gold_per_floor":[141,141,141,141,141,158,168,201,201,214,240,240,260,340,351,71,135,240,240,250,270,61,61,79,79,79,79,79,79,108,207,307,319,319,319,319],"floor_reached":35,"playtime":1588,"items_purged":["theDuelist:CastleWalls","theDuelist:CastleWalls"],"score":350,"play_id":"00cedcd0-fa71-4aaa-bbfa-1c036afc923f","local_time":"20210110205027","is_ascension_mode":false,"campfire_choices":[{"data":"theDuelist:ChangeHeart","floor":9.0,"key":"SMITH"},{"data":"theDuelist:SuperheavyWaraji","floor":12.0,"key":"SMITH"},{"floor":25.0,"key":"REST"}],"circlet_count":0,"master_deck":["theDuelist:ColossalFighter","theDuelist:CommandKnight","theDuelist:FeedbackWarrior","theDuelist:FeedbackWarrior","theDuelist:MightyWarrior","theDuelist:Sparks","theDuelist:Sparks","theDuelist:SuperheavySoulbuster","theDuelist:ChangeHeart+1","theDuelist:GoyoDefender","theDuelist:CelticGuardian","theDuelist:SuperheavyWaraji+1","theDuelist:ChaosSeed+1","theDuelist:SuperheavyBenkei+1","theDuelist:SoldierLady+1","theDuelist:SuperheavyOgre","theDuelist:HardArmor"],"relics":["theDuelist:MillenniumPuzzle","theDuelist:CardPoolRelic","theDuelist:CardPoolBasicRelic","theDuelist:BoosterPackPoolRelic","theDuelist:CardPoolAddRelic","theDuelist:CardPoolMinusRelic","theDuelist:CardPoolSaveRelic","theDuelist:CardPoolOptionsRelic","theDuelist:MetronomeRelicB","theDuelist:MillenniumArmor","Regal Pillow","theDuelist:DuelistOrichalcum","Sling","BargainBundle","Pondfish Scales","MutagenicStrength","Mercury Hourglass","Orichalcum","StoneCalendar","Paper Frog"],"acts_visited":["Exordium","TheCity"],"potions_floor_usage":[30,32,35],"damage_taken":[{"damage":0.0,"enemies":"2 Louse","floor":1.0,"turns":1.0},{"damage":0.0,"enemies":"Small Slimes","floor":6.0,"turns":2.0},{"damage":3.0,"enemies":"Jaw Worm","floor":7.0,"turns":3.0},{"damage":0.0,"enemies":"Gremlin Nob","floor":8.0,"turns":4.0},{"damage":0.0,"enemies":"Red Slaver","floor":10.0,"turns":4.0},{"damage":8.0,"enemies":"Exordium Thugs","floor":13.0,"turns":3.0},{"damage":0.0,"enemies":"Exordium Wildlife","floor":15.0,"turns":4.0},{"damage":0.0,"enemies":"Hexaghost","floor":18.0,"turns":5.0},{"damage":43.0,"enemies":"Chosen","floor":20.0,"turns":5.0},{"damage":10.0,"enemies":"Shell Parasite","floor":21.0,"turns":4.0},{"damage":8.0,"enemies":"Snecko","floor":24.0,"turns":6.0},{"damage":34,"enemies":"Book of Stabbing","floor":30,"turns":9},{"damage":0,"enemies":"Colosseum Slavers","floor":32,"turns":2},{"damage":14,"enemies":"Colosseum Nobs","floor":32,"turns":6},{"damage":14,"enemies":"3 Cultists","floor":33,"turns":4},{"damage":56,"enemies":"Pondfish","floor":35,"turns":9}],"seed_played":"-1736769592790367890","potions_obtained":[{"floor":1.0,"key":"theDuelist:SealedPackC"},{"floor":6.0,"key":"theDuelist:WhiteBottle"},{"floor":7.0,"key":"Energy Potion"},{"floor":18.0,"key":"theDuelist:DebuffArmorPotion"},{"floor":21.0,"key":"theDuelist:BurningPotionB"},{"floor":30,"key":"ColorlessPotion"},{"floor":33,"key":"theDuelist:DebuffFuryPotion"}],"is_trial":false,"path_per_floor":["M","?","PTL","PTL","?","M","M","E","R","M","T","R","M","?","M","$","R_BF","B",null,"M","M","$","?","M","R","T","?","T","$","E","?","?","M","R_BF","B"],"character_chosen":"THE_DUELIST","items_purchased":["Sling","theDuelist:VampireVial","BargainBundle","theDuelist:SoldierLady+1","theDuelist:GiftPotion"],"campfire_rested":1,"item_purchase_floors":[16,16,22,22,22],"current_hp_per_floor":[80,85,85,85,79,79,76,76,76,76,76,76,68,68,68,68,68,68,85,42,32,32,32,38,78,78,78,78,78,44,44,30,16,56,0,0],"gold":319,"neow_bonus":"RANDOM_COMMON_RELIC","is_daily":false,"chose_seed":false,"campfire_upgraded":2,"win_rate":0.0,"timestamp":1610304627,"path_taken":["M","?","PTL","PTL","?","M","M","E","R","M","T","R","M","?","?","?","R_BF","BOSS","M","M","$","?","M","R","?","?","T","$","E","?","?","M","R_BF","BOSS"],"items_purchased_type":["Relic","Potion","Relic","Card","Potion"],"build_version":"2020-12-22","purchased_purges":2,"victory":false,"max_hp_per_floor":[80,85,85,85,85,85,85,85,85,85,85,85,85,85,85,85,85,85,85,85,85,85,85,85,85,85,85,85,85,85,85,85,85,85,85,85],"card_choices":[{"not_picked":["theDuelist:GaiaMidNightSun","theDuelist:BlockGolem","theDuelist:WingedKuriboh","theDuelist:RainbowGravity"],"picked":"theDuelist:ChangeHeart","floor":1.0},{"not_picked":["theDuelist:SoldierLady","theDuelist:Mudballman","theDuelist:BattleWarrior","theDuelist:WeaponChange"],"picked":"theDuelist:GoyoDefender","floor":6.0},{"not_picked":["theDuelist:MeteorDestruction","theDuelist:SoldierLady","theDuelist:BattleWarrior","theDuelist:NitroWarrior"],"picked":"theDuelist:CelticGuardian","floor":7.0},{"not_picked":["theDuelist:MightyWarrior","theDuelist:ScrapFactory","theDuelist:DarkCrusader","theDuelist:Downbeat"],"picked":"theDuelist:SuperheavyWaraji","floor":8.0},{"not_picked":["theDuelist:BattleguardKing","theDuelist:Fissure","theDuelist:GaiaMidNightSun","theDuelist:HammerShot","theDuelist:AttackTheMoon"],"picked":"SKIP","floor":10.0},{"not_picked":["theDuelist:MeteorDestruction+1","theDuelist:MagnumShield+1","theDuelist:LegendaryBlackBelt+1","theDuelist:CombinationAttack+1"],"picked":"theDuelist:ChaosSeed+1","floor":13.0},{"not_picked":["theDuelist:GuardianOrder","theDuelist:DarkBurningMagic","theDuelist:BattleguardHowling","theDuelist:AgainstTheWind","theDuelist:GladiatorReturn"],"picked":"SKIP","floor":15.0},{"not_picked":["theDuelist:FightingSpirit","theDuelist:HiddenArmory","theDuelist:LightningBlade","theDuelist:GoyoKing"],"picked":"theDuelist:SuperheavyBenkei","floor":18.0},{"not_picked":["theDuelist:MeteorDestruction+1","theDuelist:MagnumShield+1","theDuelist:ChaosSeed+1","theDuelist:LegendarySword+1","theDuelist:CombinationAttack+1"],"picked":"SKIP","floor":20.0},{"not_picked":["theDuelist:SoldierLady","theDuelist:ValkMagnet+1","theDuelist:DokiDoki","theDuelist:AdvanceForce","theDuelist:DarkGrepher+1"],"picked":"SKIP","floor":21.0},{"not_picked":["theDuelist:JudgeMan","theDuelist:GaiaFierce","theDuelist:SuperheavySoulbuster","theDuelist:SuperheavySwordsman"],"picked":"theDuelist:SuperheavyOgre","floor":24.0},{"not_picked":["theDuelist:MeteorDestruction","theDuelist:CombinationAttack","theDuelist:MagnumShield","theDuelist:Downbeat","theDuelist:WarriorReturningAlive+1"],"picked":"SKIP","floor":30},{"not_picked":["theDuelist:GoyoChaser","theDuelist:BladeKnight+1","theDuelist:LegendaryBlackBelt","theDuelist:MagneticField"],"picked":"theDuelist:HardArmor","floor":33}],"player_experience":284904,"relics_obtained":[{"floor":8.0,"key":"Regal Pillow"},{"floor":11.0,"key":"theDuelist:DuelistOrichalcum"},{"floor":26.0,"key":"Pondfish Scales"},{"floor":28.0,"key":"Mercury Hourglass"},{"floor":30,"key":"Orichalcum"},{"floor":32,"key":"StoneCalendar"},{"floor":32,"key":"Paper Frog"}],"event_choices":[{"damage_healed":0.0,"max_hp_gain":5.0,"max_hp_loss":0.0,"gold_gain":0.0,"event_name":"Big Fish","player_choice":"Donut","floor":2.0,"gold_loss":0.0,"damage_taken":0.0},{"damage_healed":0.0,"max_hp_gain":0.0,"max_hp_loss":0.0,"gold_gain":0.0,"event_name":"Aknamkanon\u0027s Tomb","player_choice":"Dig - random Duelist relic","duelist":true,"floor":5.0,"gold_loss":0.0,"damage_taken":0.0},{"damage_healed":0.0,"max_hp_gain":0.0,"max_hp_loss":0.0,"gold_gain":0.0,"event_name":"Vampires","player_choice":"Ignored","floor":23.0,"gold_loss":0.0,"damage_taken":0.0},{"damage_healed":0.0,"max_hp_gain":0.0,"max_hp_loss":0.0,"gold_gain":0.0,"event_name":"Drug Dealer","player_choice":"Inject Mutagens","floor":27.0,"gold_loss":0.0,"damage_taken":0.0,"relics_obtained":["MutagenicStrength"]},{"damage_healed":0,"gold_gain":99,"player_choice":"Stole From Cult","damage_taken":0,"max_hp_gain":0,"max_hp_loss":0,"event_name":"Nest","floor":31,"gold_loss":0},{"damage_healed":0,"gold_gain":0,"player_choice":"Fight","damage_taken":0,"max_hp_gain":0,"max_hp_loss":0,"event_name":"Colosseum","floor":32,"gold_loss":0},{"damage_healed":0,"gold_gain":0,"player_choice":"Fought Nobs","damage_taken":0,"max_hp_gain":0,"max_hp_loss":0,"event_name":"Colosseum","floor":32,"gold_loss":0}],"is_beta":false,"boss_relics":[{"not_picked":["ReplayTheSpireMod:DimensionalGlitch","Replay:Drink Me","Kintsugi"]}],"items_purged_floors":[16,22],"is_endless":false,"potions_floor_spawned":[1,6,7,18,21,30,33],"killed_by":"Pondfish","ascension_level":0}}