{"host":"jyuuog6ydc2s7nd8","time":1610260795,"event":{"mods":["BaseMod","Better Vampires","Minty Spire (QoL Compilation)","Shop Mod","StSLib","The Hierophant","The Servant 0.9.4","TheBandit","[IsaacMod]ÒÔÈö¼âËþ"],"gold_per_floor":[109,34,47,47,65,65,91,91,91,124,135,135,163,63,63,155,155,190,250,264,55,55,55,62,62,62,87,102,132,154,4,4,78,78,92,122,122,129,145,145,180,261,339,339,371,422,422,451,451,451,451,451,451,276,310,310,110,144,144],"floor_reached":56,"playtime":1841,"items_purged":["Strike_R","Strike_R","Strike_R","Strike_R","Defend_R","Feed","Defend_R","Defend_R+1"],"score":3619,"play_id":"0b03087a-c464-4d5d-8c2c-2be306f64202","local_time":"20210110143955","is_ascension_mode":true,"campfire_choices":[{"data":"Body Slam","floor":6.0,"key":"SMITH"},{"data":"Bash","floor":15.0,"key":"SMITH"},{"data":"Pommel Strike","floor":23.0,"key":"SMITH"},{"data":"Sever Soul","floor":25.0,"key":"SMITH"},{"data":"Barricade","floor":32.0,"key":"SMITH"},{"data":"Feel No Pain","floor":40.0,"key":"SMITH"},{"floor":44.0,"key":"RECALL"},{"floor":49.0,"key":"REST"},{"data":"Defend_R","floor":53.0,"key":"SMITH"},{"data":"Defend_R","floor":52.0,"key":"SMITH"}],"circlet_count":0,"master_deck":["AscendersBane","Defend_R+1","Bash+1","CurseOfTheBell","Body Slam+1","Pommel Strike+1","Feel No Pain+1","Shrug It Off+1","Power Through+1","Sever Soul+1","Barricade+1","Seeing Red+1","Entrench+1","Sentinel+1","Impatience+1","Shockwave+1"],"relics":["HushsDoor","D4","Void","Turnip","Incense Burner","Magic Flower","Ornamental Fan","Bottled Flame","Mummified Hand","TuHaoJin","White Beast Statue","InkBottle","AnarchistCookbook","DeathBook","Letter Opener","Pen Nib","PreservedInsect","Lantern","Cursed Key","Mark of Pain","DeadEye","Charon\u0027s Ashes"],"acts_visited":["TheCity","TheBeyond","TheEnding"],"potions_floor_usage":[55,55],"damage_taken":[{"damage":10.0,"enemies":"Small Slimes","floor":1.0,"turns":4.0},{"damage":1.0,"enemies":"Cultist","floor":3.0,"turns":4.0},{"damage":2.0,"enemies":"Jaw Worm","floor":5.0,"turns":3.0},{"damage":15.0,"enemies":"Lagavulin","floor":7.0,"turns":6.0},{"damage":27.0,"enemies":"Gremlin Nob","floor":10.0,"turns":4.0},{"damage":6.0,"enemies":"Exordium Thugs","floor":11.0,"turns":6.0},{"damage":9.0,"enemies":"3 Sentries","floor":13.0,"turns":10.0},{"damage":0.0,"enemies":"Hexaghost","floor":16.0,"turns":10.0},{"damage":18.0,"enemies":"2 Thieves","floor":18.0,"turns":4.0},{"damage":0.0,"enemies":"Spheric Guardian","floor":20.0,"turns":3.0},{"damage":4.0,"enemies":"Snake Plant","floor":27.0,"turns":4.0},{"damage":0.0,"enemies":"Centurion and Healer","floor":28.0,"turns":4.0},{"damage":0.0,"enemies":"Gremlin Leader","floor":29.0,"turns":4.0},{"damage":4.0,"enemies":"Shelled Parasite and Fungi","floor":30.0,"turns":5.0},{"damage":0.0,"enemies":"Champ","floor":33.0,"turns":3.0},{"damage":0.0,"enemies":"3 Shapes","floor":35.0,"turns":3.0},{"damage":0.0,"enemies":"Giant Head","floor":36.0,"turns":5.0},{"damage":0.0,"enemies":"3 Darklings","floor":39.0,"turns":2.0},{"damage":0.0,"enemies":"Reptomancer","floor":41.0,"turns":2.0},{"damage":0.0,"enemies":"Giant Head","floor":45.0,"turns":3.0},{"damage":0.0,"enemies":"2 Orb Walkers","floor":46.0,"turns":4.0},{"damage":0.0,"enemies":"Reptomancer","floor":48.0,"turns":3.0},{"damage":0.0,"enemies":"Time Eater","floor":50.0,"turns":3.0},{"damage":0.0,"enemies":"Awakened One","floor":51.0,"turns":6.0},{"damage":0.0,"enemies":"Shield and Spear","floor":55.0,"turns":3.0},{"damage":5.0,"enemies":"Shield and Spear","floor":54.0,"turns":3.0},{"damage":25,"enemies":"The Heart","floor":55,"turns":9}],"seed_played":"-2338795651063453966","potions_obtained":[{"floor":7.0,"key":"LiquidMemories"},{"floor":11.0,"key":"Weak Potion"},{"floor":12.0,"key":"Strength Potion"},{"floor":12.0,"key":"FairyPotion"},{"floor":16.0,"key":"Dexterity Potion"},{"floor":33.0,"key":"AttackPotion"},{"floor":55.0,"key":"Ancient Potion"}],"is_trial":false,"path_per_floor":["M","$","M","?","M","R","E","?","T","E","M","?","E","$","R","B",null,"M","?","M","$","?","R","?","R","T","M","M","E","M","$","R","B",null,"M","M","$","?","M","R","E","T","T","R","E","?","?","E","R","B","B",null,"R","$","E","R","$","E","B",null],"character_chosen":"IRONCLAD","items_purchased":["GuppysTail","GuppysCollar","Sever Soul","GuppysPaw","Entrench+1"],"campfire_rested":1,"item_purchase_floors":[17,17,21,34,34],"current_hp_per_floor":[58,58,57,39,37,37,22,47,47,20,14,14,5,5,5,5,37,19,4,4,4,4,4,1,1,1,20,25,25,24,24,24,26,43,43,45,45,37,39,39,41,41,41,41,43,45,45,47,62,62,62,62,62,62,62,62,62,57,32],"gold":144,"neow_bonus":"BOSS_RELIC","is_daily":false,"chose_seed":false,"campfire_upgraded":8,"win_rate":0.0,"timestamp":1610260795,"path_taken":["M","$","M","?","M","R","E","?","T","E","?","?","E","$","R","BOSS","M","?","M","?","?","R","?","R","T","M","M","E","M","$","R","BOSS","M","M","$","?","M","R","E","?","T","R","E","?","?","E","R","BOSS","BOSS","R","$","E","R","$","E","BOSS"],"items_purchased_type":["Relic","Relic","Card","Relic","Card"],"build_version":"2020-12-22","purchased_purges":8,"victory":true,"max_hp_per_floor":[75,75,75,75,75,75,75,75,75,75,75,75,75,75,75,75,47,47,47,47,47,47,47,52,52,52,57,62,62,65,65,65,67,48,48,50,50,52,54,54,56,56,56,56,58,60,60,62,62,62,62,62,62,62,62,62,62,62,62],"card_choices":[{"not_picked":["True Grit","Clothesline"],"picked":"Body Slam","floor":1.0},{"not_picked":["Hemokinesis","Body Slam","Havoc"],"picked":"SKIP","floor":3.0},{"not_picked":["Dual Wield","Anger"],"picked":"Pommel Strike","floor":5.0},{"not_picked":["Hemokinesis","Fire Breathing","Blood for Blood"],"picked":"SKIP","floor":7.0},{"not_picked":["Cleave","Berserk"],"picked":"Feel No Pain","floor":10.0},{"not_picked":["Clash","Spot Weakness","Infernal Blade"],"picked":"SKIP","floor":11.0},{"not_picked":["Combust","Clash","Blood for Blood"],"picked":"SKIP","floor":13.0},{"not_picked":["Bludgeon","Limit Break+1"],"picked":"Feed","floor":16.0},{"not_picked":["Rampage+1","Thunderclap+1"],"picked":"Shrug It Off+1","floor":18.0},{"not_picked":["Inflame","Perfected Strike"],"picked":"Power Through+1","floor":20.0},{"not_picked":["Clothesline","Metallicize","Twin Strike+1"],"picked":"Singing Bowl","floor":27.0},{"not_picked":["Warcry+1","Pommel Strike+1","Clothesline+1"],"picked":"Singing Bowl","floor":28.0},{"not_picked":["Sentinel+1","Combust+1"],"picked":"Barricade","floor":29.0},{"not_picked":["Evolve","Shockwave+1"],"picked":"Seeing Red+1","floor":30.0},{"not_picked":["Immolate","Exhume+1","Fiend Fire"],"picked":"Singing Bowl","floor":33.0},{"not_picked":["Twin Strike","Shrug It Off+1"],"picked":"Sentinel+1","floor":35.0},{"not_picked":["Fire Breathing","Pommel Strike","Corruption"],"picked":"Singing Bowl","floor":36.0},{"not_picked":["Jack Of All Trades+1","Chrysalis+1"],"picked":"Impatience+1","floor":38.0},{"not_picked":["Secret Technique+1","Metamorphosis+1"],"picked":"Bomb","floor":38.0},{"not_picked":["Trip+1","Purity+1","Secret Weapon+1"],"picked":"Singing Bowl","floor":38.0},{"not_picked":["Searing Blow","Clothesline","Clash"],"picked":"Singing Bowl","floor":39.0},{"not_picked":["Heavy Blade","Thunderclap","Reckless Charge"],"picked":"Singing Bowl","floor":41.0},{"not_picked":["Rampage","Body Slam","Armaments+1"],"picked":"Singing Bowl","floor":45.0},{"not_picked":["Wild Strike+1","Hemokinesis","Entrench+1"],"picked":"Singing Bowl","floor":46.0},{"not_picked":["Headbutt","Exhume+1","Twin Strike+1"],"picked":"Singing Bowl","floor":48.0},{"not_picked":["Rupture","Shockwave+1","Pommel Strike"],"picked":"SKIP","floor":55.0},{"not_picked":["Iron Wave","Havoc"],"picked":"Shockwave+1","floor":54.0}],"player_experience":1806417,"relics_obtained":[{"floor":0.0,"key":"Dream Catcher"},{"floor":0.0,"key":"HornCleat"},{"floor":0.0,"key":"Calipers"},{"floor":7.0,"key":"D4"},{"floor":9.0,"key":"Matryoshka"},{"floor":10.0,"key":"TheBible"},{"floor":13.0,"key":"Kunai"},{"floor":26.0,"key":"Pocketwatch"},{"floor":29.0,"key":"Champion Belt"},{"floor":36.0,"key":"DoctorsRemote"},{"floor":41.0,"key":"Juzu Bracelet"},{"floor":43.0,"key":"PillsDrop"},{"floor":45.0,"key":"BookOfRevelations"},{"floor":46.0,"key":"Ginger"},{"floor":48.0,"key":"GnawedLeaf"},{"floor":55.0,"key":"DeadEye"},{"floor":54.0,"key":"Charon\u0027s Ashes"}],"event_choices":[{"damage_healed":0.0,"max_hp_gain":0.0,"max_hp_loss":0.0,"gold_gain":0.0,"event_name":"Scrap Ooze","player_choice":"Success","floor":4.0,"gold_loss":0.0,"damage_taken":18.0,"relics_obtained":["Self Forming Clay"]},{"damage_healed":25.0,"max_hp_gain":0.0,"max_hp_loss":0.0,"gold_gain":0.0,"event_name":"Big Fish","player_choice":"Banana","floor":8.0,"gold_loss":0.0,"damage_taken":0.0},{"damage_healed":0.0,"max_hp_gain":0.0,"max_hp_loss":0.0,"gold_gain":0.0,"event_name":"Lab","player_choice":"Got Potions","floor":12.0,"gold_loss":0.0,"damage_taken":0.0},{"cards_removed":["Strike_R"],"damage_healed":0.0,"max_hp_gain":0.0,"max_hp_loss":0.0,"gold_gain":0.0,"event_name":"Wheel of Change","player_choice":"Card Removal","floor":22.0,"gold_loss":0.0,"damage_taken":0.0},{"damage_healed":0.0,"max_hp_gain":5.0,"max_hp_loss":0.0,"gold_gain":0.0,"event_name":"Forgotten Altar","player_choice":"Shed Blood","floor":24.0,"gold_loss":0.0,"damage_taken":16.0},{"damage_healed":0.0,"max_hp_gain":0.0,"max_hp_loss":0.0,"gold_gain":0.0,"event_name":"SensoryStone","player_choice":"Memory 3","floor":38.0,"gold_loss":0.0,"damage_taken":10.0},{"damage_healed":0.0,"max_hp_gain":0.0,"max_hp_loss":0.0,"gold_gain":0.0,"event_name":"Mysterious Sphere","player_choice":"Fight","floor":46.0,"gold_loss":0.0,"damage_taken":0.0},{"damage_healed":0.0,"max_hp_gain":0.0,"max_hp_loss":0.0,"gold_gain":0.0,"event_name":"Duplicator","player_choice":"Ignored","floor":47.0,"gold_loss":0.0,"damage_taken":0.0}],"is_beta":false,"boss_relics":[{"not_picked":["Runic Pyramid","Tiny House"],"picked":"SlaversCollar"},{"not_picked":[]},{"not_picked":["Snecko Eye","Black Star"],"picked":"ChampionBelt"},{"not_picked":[]}],"items_purged_floors":[2,14,17,21,31,34,54,53],"is_endless":false,"potions_floor_spawned":[7,11,16,20,33,36,55,54],"ascension_level":20}}