{"host":"3zb3nk4wvq0dtbuh","time":1610251499,"event":{"mods":["BaseMod","Downfall","Minty Spire (QoL Compilation)","StSLib"],"gold_per_floor":[99,118,118,129,129,146,146,161,174,174,186,186,200,200,214,214,214,214],"floor_reached":16,"playtime":814,"items_purged":[],"score":121,"play_id":"8b4af887-0649-4e63-b3d3-df9a6f2c725b","local_time":"20210110120459","is_ascension_mode":false,"campfire_choices":[{"data":"hexamod:Sear","floor":1.0,"key":"SMITH"},{"data":"hexamod:InspiringFlames","floor":10,"key":"SMITH"}],"circlet_count":0,"master_deck":["hexamod:Strike","hexamod:Strike+1","hexamod:Strike","hexamod:Strike","hexamod:Defend","hexamod:Defend+1","hexamod:Defend","hexamod:Defend","hexamod:Sear+1","hexamod:Float","hexamod:NightmareGuise+1","hexamod:InspiringFlames+1","hexamod:PhantomFireball+1","hexamod:FifthSeal","hexamod:SixthSeal","hexamod:SpectersWail","hexamod:FastForward","Regret","hexamod:PhantomCloak","hexamod:FirstSeal","hexamod:SoulSteal"],"relics":["hexamod:SpiritBrand","downfall:ShatteredFragment","MealTicket","Pear"],"acts_visited":[],"potions_floor_usage":[16],"damage_taken":[{"damage":0.0,"enemies":"Jaw Worm","floor":2.0,"turns":3.0},{"damage":1,"enemies":"2 Louse","floor":4,"turns":3},{"damage":0,"enemies":"Small Slimes","floor":6,"turns":3},{"damage":0,"enemies":"2 Fungi Beasts","floor":8,"turns":3},{"damage":2,"enemies":"Large Slime","floor":9,"turns":7},{"damage":3,"enemies":"Exordium Thugs","floor":11,"turns":4},{"damage":3,"enemies":"Gremlin Gang","floor":13,"turns":5},{"damage":2,"enemies":"3 Louse","floor":15,"turns":3},{"damage":35,"enemies":"downfall:Defect","floor":16,"turns":6}],"seed_played":"-7176471760791309316","potions_obtained":[{"floor":2.0,"key":"SneckoOil"},{"floor":4,"key":"Ancient Potion"},{"floor":6,"key":"LiquidMemories"},{"floor":13,"key":"PowerPotion"}],"is_trial":false,"path_per_floor":["R","M","?","M","?","M","T","M","M","R","M","?","M","?","M","B"],"character_chosen":"THE_SPIRIT","items_purchased":[],"campfire_rested":0,"item_purchase_floors":[],"current_hp_per_floor":[77,77,56,55,37,37,47,47,45,45,42,42,39,32,30,0,0,0],"gold":214,"neow_bonus":"TEN_PERCENT_HP_BONUS","is_daily":false,"chose_seed":false,"campfire_upgraded":2,"win_rate":0.0,"timestamp":1610251499,"path_taken":["R","M","?","M","?","M","T","M","M","R","M","?","M","?","M","BOSS"],"items_purchased_type":[],"build_version":"2020-12-22","purchased_purges":0,"victory":false,"max_hp_per_floor":[77,77,77,77,77,77,87,87,87,87,87,87,87,87,87,87,87,87],"card_choices":[{"not_picked":["hexamod:DynamicBlow","hexamod:Hexaguard"],"picked":"hexamod:NightmareGuise","floor":2.0},{"not_picked":["hexamod:Firestarter","hexamod:ThermalTransfer"],"picked":"hexamod:InspiringFlames","floor":4},{"not_picked":["hexamod:HeatShield","hexamod:BacktrackSmack"],"picked":"hexamod:PhantomFireball","floor":6},{"not_picked":["hexamod:ShieldOfDarkness","hexamod:SwordOfDarkness"],"picked":"hexamod:FifthSeal","floor":8},{"not_picked":["hexamod:ThirdSeal","hexamod:FourthSeal"],"picked":"hexamod:SixthSeal","floor":9},{"not_picked":["hexamod:HauntingEcho","hexamod:SoulSteal"],"picked":"hexamod:SpectersWail","floor":9},{"not_picked":["hexamod:RainOfEmbers","hexamod:NightmareStrike"],"picked":"hexamod:FastForward","floor":11},{"not_picked":["hexamod:GhostLash","hexamod:InspiringFlames"],"picked":"hexamod:PhantomCloak","floor":13},{"not_picked":["hexamod:ThermalTransfer","hexamod:HeatCrush"],"picked":"hexamod:SoulSteal","floor":15}],"player_experience":13133,"relics_obtained":[{"floor":7,"key":"Pear"}],"event_choices":[{"damage_healed":0,"gold_gain":0,"player_choice":"Success","damage_taken":18,"relics_obtained":["MealTicket"],"max_hp_gain":0,"max_hp_loss":0,"event_name":"Scrap Ooze","floor":5,"gold_loss":0}],"is_beta":false,"boss_relics":[],"items_purged_floors":[],"is_endless":false,"potions_floor_spawned":[2,4,6,9,13],"killed_by":"downfall:Defect","ascension_level":0}}