{"host":"ig7tc0uedzltt2sr","time":1610265962,"event":{"mods":["BaseMod","Better Twitch Integration","Block Reminder","Colored Map","Colored Powertips","Communication Mod","Current Relic Mod","GifTheSpireLib","HexUI Lib","Minty Spire (QoL Compilation)","Quick Restart","Random Character Button","Rare Cards Sparkle","Relic Sorter","Relic Stats","Slay the Relics Exporter","StSLib","SuperFastMode","Synergy Search","Twitch Decklist","Twitch Utils","everything is the same but u backflip on backflip","slay the spire mod where everything is the same but ironclad has a cowboy hat"],"gold_per_floor":[111,111,13,27,47,47,47],"floor_reached":6,"playtime":21,"items_purged":[],"score":36,"play_id":"4ba52e8e-99bf-4a25-839f-6aa08a92408a","local_time":"20210110000602","is_ascension_mode":false,"campfire_choices":[],"circlet_count":0,"master_deck":["Strike_R","Strike_R","Strike_R","Strike_R","Strike_R","Defend_R","Defend_R","Defend_R","Defend_R","Bash","Flex"],"relics":["Burning Blood","NeowsBlessing"],"acts_visited":["Exordium"],"potions_floor_usage":[],"damage_taken":[{"damage":0,"enemies":"Cultist","floor":1,"turns":1},{"damage":0,"enemies":"2 Louse","floor":4,"turns":1},{"damage":0,"enemies":"Small Slimes","floor":5,"turns":1},{"damage":93,"enemies":"Gremlin Nob","floor":6,"turns":6}],"seed_played":"286008084473819708","potions_obtained":[{"floor":4,"key":"DistilledChaos"},{"floor":5,"key":"ElixirPotion"}],"is_trial":false,"path_per_floor":["M","$","$","M","M","E"],"character_chosen":"IRONCLAD","items_purchased":["Flex","BloodPotion"],"campfire_rested":0,"item_purchase_floors":[3,3],"current_hp_per_floor":[80,80,80,80,80,0,0],"gold":47,"neow_bonus":"THREE_ENEMY_KILL","is_daily":false,"chose_seed":false,"campfire_upgraded":0,"win_rate":0.0,"timestamp":1610265962,"path_taken":["M","?","$","?","M","E"],"items_purchased_type":["Card","Potion"],"build_version":"2020-12-22","purchased_purges":0,"victory":false,"max_hp_per_floor":[80,80,80,80,80,80,80],"relic_stats":{"counters":[4,9],"obtain_stats":[{"NeowsBlessing":0,"Burning Blood":0},{"NeowsBlessing":0,"Burning Blood":0},{"NeowsBlessing":0,"Burning Blood":0}],"Burning Blood":0},"card_choices":[{"not_picked":["Perfected Strike","Heavy Blade","Clash"],"picked":"SKIP","floor":1},{"not_picked":["Flame Barrier","Headbutt","Wild Strike"],"picked":"SKIP","floor":4},{"not_picked":["Armaments","Entrench","Cleave"],"picked":"SKIP","floor":5}],"player_experience":1500426,"relics_obtained":[],"event_choices":[],"is_beta":false,"boss_relics":[],"items_purged_floors":[],"is_endless":false,"potions_floor_spawned":[4,5],"killed_by":"Gremlin Nob","ascension_level":0}}