{"host":"asr1p6fhnuo0l7xu","time":1610315302,"event":{"mods":["BaseMod","Downfall","Minty Spire (QoL Compilation)","StSLib","The Cursed"],"gold_per_floor":[115,128,7,7,21,62,137,137,137,38,63,96,108,143,155,288,300,325,0,16,43,64,64,64,64,88,100,15,15,15,15,15],"floor_reached":31,"playtime":2507,"items_purged":[],"score":283,"play_id":"aedeac07-1428-46c7-ba80-8a976a6980ed","local_time":"20210110164822","is_ascension_mode":false,"campfire_choices":[{"floor":8,"key":"REST"},{"data":"Zap","floor":15,"key":"SMITH"},{"floor":23,"key":"REST"},{"floor":30,"key":"REST"}],"circlet_count":0,"master_deck":["Strike_B","Strike_B","Strike_B","Strike_B","Defend_B","Defend_B","Defend_B","Defend_B","Zap+1","Dualcast","Conserve Battery","Leap","Coolheaded+1","Loop","Ball Lightning","Barrage","Doom and Gloom","Rip and Tear","Self Repair","Beam Cell","Multi-Cast","Gash","Storm","Conserve Battery+1","Conserve Battery","BootSequence"],"relics":["Cracked Core","Bloody Idol","Eternal Feather","Toy Ornithopter","MawBank","HandDrill","Lantern","War Paint","Blood Vial","Bag of Marbles"],"acts_visited":["Exordium","TheCity"],"potions_floor_usage":[12,16,20,27,31],"damage_taken":[{"damage":0,"enemies":"Jaw Worm","floor":1,"turns":4},{"damage":0,"enemies":"2 Louse","floor":2,"turns":1},{"damage":0,"enemies":"Cultist","floor":5,"turns":4},{"damage":18,"enemies":"Lagavulin","floor":6,"turns":7},{"damage":0,"enemies":"Blue Slaver","floor":12,"turns":4},{"damage":8,"enemies":"Large Slime","floor":14,"turns":6},{"damage":0,"enemies":"Slime Boss","floor":16,"turns":7},{"damage":18,"enemies":"Spheric Guardian","floor":18,"turns":6},{"damage":42,"enemies":"2 Thieves","floor":20,"turns":5},{"damage":25,"enemies":"Snake Plant","floor":22,"turns":4},{"damage":51,"enemies":"Shelled Parasite and Fungi","floor":27,"turns":6},{"damage":86,"enemies":"Gremlin Leader","floor":31,"turns":6}],"seed_played":"-1899005994245989394","potions_obtained":[{"floor":12,"key":"FearPotion"},{"floor":14,"key":"PowerPotion"},{"floor":20,"key":"Dexterity Potion"},{"floor":22,"key":"GamblersBrew"}],"is_trial":false,"path_per_floor":["M","M","$","?","M","E","?","R","T","$","T","M","?","M","R","B",null,"M","$","M","T","M","R","?","?","T","M","?","$","R","E"],"character_chosen":"DEFECT","items_purchased":["Loop","Explosive Potion","Doom and Gloom","Stack","HandDrill","Lantern","Storm"],"campfire_rested":3,"item_purchase_floors":[3,3,10,10,19,19,19],"current_hp_per_floor":[75,75,75,57,57,39,28,59,59,59,59,64,64,63,75,75,75,64,64,34,34,16,53,75,75,75,41,41,41,75,0,0],"gold":15,"neow_bonus":"THREE_CARDS","is_daily":false,"chose_seed":false,"campfire_upgraded":1,"win_rate":0.0,"timestamp":1610315302,"path_taken":["M","M","$","?","M","E","?","R","T","$","?","M","?","M","R","BOSS","M","$","M","?","M","R","?","?","T","M","?","?","R","E"],"items_purchased_type":["Card","Potion","Card","Card","Relic","Relic","Card"],"build_version":"2020-12-22","purchased_purges":0,"victory":false,"max_hp_per_floor":[75,75,75,75,75,75,75,75,75,75,75,75,75,75,75,75,75,75,75,75,75,75,75,75,75,75,75,75,75,75,75,75],"card_choices":[{"not_picked":["Rebound","Force Field"],"picked":"Conserve Battery","floor":0},{"not_picked":["Steam","Darkness"],"picked":"Leap","floor":1},{"not_picked":["Leap","Lockon"],"picked":"Coolheaded","floor":2},{"not_picked":["Defragment","Stack"],"picked":"Ball Lightning","floor":5},{"not_picked":["Chaos","Reinforced Body"],"picked":"Barrage","floor":6},{"not_picked":["Steam","Turbo"],"picked":"Rip and Tear","floor":12},{"not_picked":["Thunder Strike","Gash"],"picked":"Beam Cell","floor":14},{"not_picked":["Fission","Biased Cognition"],"picked":"Multi-Cast","floor":16},{"not_picked":["Beam Cell","Lockon"],"picked":"Gash","floor":18},{"not_picked":["Turbo","Streamline"],"picked":"Conserve Battery","floor":20},{"not_picked":["Rebound","Lockon+1"],"picked":"Conserve Battery","floor":22},{"not_picked":["Chaos","Hologram"],"picked":"BootSequence","floor":27}],"player_experience":34450,"relics_obtained":[{"floor":6,"key":"Eternal Feather"},{"floor":9,"key":"Toy Ornithopter"},{"floor":11,"key":"MawBank"},{"floor":21,"key":"War Paint"},{"floor":26,"key":"Blood Vial"}],"event_choices":[{"damage_healed":0,"gold_gain":0,"player_choice":"Take Damage","damage_taken":18,"relics_obtained":["Golden Idol"],"max_hp_gain":0,"max_hp_loss":0,"event_name":"Golden Idol","floor":4,"gold_loss":0},{"damage_healed":0,"gold_gain":75,"player_choice":"Gather Gold","damage_taken":11,"max_hp_gain":0,"max_hp_loss":0,"event_name":"World of Goop","floor":7,"gold_loss":0},{"damage_healed":0,"gold_gain":0,"cards_transformed":["Stack"],"player_choice":"Transformed","damage_taken":0,"max_hp_gain":0,"max_hp_loss":0,"event_name":"Transmorgrifier","floor":13,"gold_loss":0,"cards_obtained":["Self Repair"]},{"damage_healed":25,"gold_gain":0,"player_choice":"Heal","damage_taken":0,"max_hp_gain":0,"max_hp_loss":0,"event_name":"The Library","floor":24,"gold_loss":0},{"damage_healed":0,"gold_gain":0,"player_choice":"Gave Idol","damage_taken":0,"relics_obtained":["Bloody Idol"],"max_hp_gain":0,"max_hp_loss":0,"event_name":"Forgotten Altar","floor":25,"relics_lost":["Golden Idol"],"gold_loss":0},{"damage_healed":0,"gold_gain":0,"player_choice":"Obtained Relic","damage_taken":0,"relics_obtained":["Bag of Marbles"],"max_hp_gain":0,"max_hp_loss":0,"event_name":"Addict","floor":28,"gold_loss":85}],"is_beta":false,"boss_relics":[{"not_picked":["Sozu","Runic Dome","Fusion Hammer"]}],"items_purged_floors":[],"is_endless":false,"potions_floor_spawned":[12,14,20,22],"killed_by":"Gremlin Leader","ascension_level":0}}