{"host":"4328iixd8pca51w5","time":1610259991,"event":{"mods":["2.2 Compatiblity","BaseMod","CapriCore","KOR Keyword Fix","Minty Spire (QoL Compilation)","StSLib","The Immortal"],"gold_per_floor":[118,118,133,150,150,184,204,230,230,244,271,289,289,323,323,421,471,491,107,119,119,137,137,137,137,137,171,171,171,182,201,201,201,201,201],"floor_reached":33,"playtime":1666,"items_purged":["MokouMod:Strike"],"score":439,"play_id":"92e749ae-3ad9-411d-b4e7-36efa939e09d","local_time":"20210110152631","is_ascension_mode":true,"campfire_choices":[{"floor":13,"key":"REST"},{"data":"MokouMod:Scorch","floor":15,"key":"SMITH"},{"data":"MokouMod:FujiyamaVolcano","floor":23,"key":"SMITH"},{"data":"MokouMod:FujiyamaVolcano","floor":25,"key":"SMITH"},{"data":"MokouMod:Sear","floor":32,"key":"SMITH"}],"circlet_count":0,"master_deck":["MokouMod:Strike","MokouMod:Strike","MokouMod:Strike","MokouMod:Strike","MokouMod:Defend","MokouMod:Defend","MokouMod:Defend","MokouMod:HeatSpark","MokouMod:Sear+1","MokouMod:FujiyamaVolcano+1","MokouMod:Ember+1","MokouMod:ExplosiveFlame","MokouMod:Scorch+1","MokouMod:IndiscriminateIgnition+1","MokouMod:AdaptivePyromancy","MokouMod:GuidingSmoke","MokouMod:FujiyamaVolcano+1","MokouMod:HeartofFire","MokouMod:ScorchingColumn","MokouMod:RetainTemperature","MokouMod:FujiyamaVolcano+1","MokouMod:IgneousBlow+1","MokouMod:FlickeringFlame+1","MokouMod:Overheat","MokouMod:BlazingComet","MokouMod:Sear+1","MokouMod:ScorchedEarth","MokouMod:ScorchingColumn+1","Decay","MokouMod:WarmUp+1"],"relics":["MokouMod:PhoenixFeather","Sundial","Bronze Scales","Mango","InkBottle","War Paint","Ancient Tea Set","Tiny House","Toy Ornithopter","Orrery","Bottled Lightning","Dream Catcher"],"acts_visited":["Exordium","TheCity"],"potions_floor_usage":[7,8,16,16,22,28],"damage_taken":[{"damage":1.0,"enemies":"Cultist","floor":1.0,"turns":3.0},{"damage":10.0,"enemies":"Small Slimes","floor":3.0,"turns":2.0},{"damage":6,"enemies":"2 Louse","floor":4,"turns":3},{"damage":35,"enemies":"Lagavulin","floor":6,"turns":6},{"damage":12,"enemies":"Lots of Slimes","floor":7,"turns":1},{"damage":16,"enemies":"Gremlin Nob","floor":8,"turns":3},{"damage":13,"enemies":"Blue Slaver","floor":10,"turns":2},{"damage":30,"enemies":"3 Sentries","floor":11,"turns":5},{"damage":11,"enemies":"Looter","floor":12,"turns":2},{"damage":0,"enemies":"Gremlin Nob","floor":14,"turns":2},{"damage":40,"enemies":"The Guardian","floor":16,"turns":5},{"damage":14,"enemies":"Shell Parasite","floor":18,"turns":2},{"damage":25,"enemies":"2 Thieves","floor":20,"turns":3},{"damage":24,"enemies":"Cultist and Chosen","floor":22,"turns":4},{"damage":29,"enemies":"Slavers","floor":27,"turns":2},{"damage":0,"enemies":"Snake Plant","floor":28,"turns":1},{"damage":20,"enemies":"Snecko","floor":30,"turns":3},{"damage":11,"enemies":"3 Cultists","floor":31,"turns":4},{"damage":76,"enemies":"Collector","floor":33,"turns":5}],"seed_played":"-1973676706729784182","potions_obtained":[{"floor":4,"key":"Regen Potion"},{"floor":6,"key":"SkillPotion"},{"floor":7,"key":"Fruit Juice"},{"floor":10,"key":"SteroidPotion"},{"floor":11,"key":"Weak Potion"},{"floor":14,"key":"FairyPotion"},{"floor":17,"key":"SmokeBomb"},{"floor":18,"key":"Swift Potion"},{"floor":31,"key":"SmokeBomb"}],"is_trial":false,"path_per_floor":["M","?","M","M","?","E","M","E","T","M","E","M","R","E","R","B",null,"M","$","M","?","M","R","?","R","T","E","M","?","M","M","R","B"],"character_chosen":"MKU","items_purchased":["Toy Ornithopter","Orrery"],"campfire_rested":1,"item_purchase_floors":[19,19],"current_hp_per_floor":[81,74,64,58,58,23,16,35,35,22,25,14,44,44,44,4,106,92,92,67,67,48,48,48,48,48,19,24,24,4,29,29,0,0,0],"gold":201,"neow_bonus":"TEN_PERCENT_HP_BONUS","is_daily":false,"chose_seed":false,"campfire_upgraded":4,"win_rate":0.0,"timestamp":1610259991,"path_taken":["M","?","M","M","?","E","M","E","T","?","E","M","R","E","R","BOSS","M","$","M","?","M","R","?","R","T","E","?","?","M","M","R","BOSS"],"items_purchased_type":["Relic","Relic"],"build_version":"2020-12-22","purchased_purges":1,"victory":false,"max_hp_per_floor":[82,82,82,82,82,82,87,101,101,101,101,101,101,101,101,101,106,106,106,106,106,106,106,106,106,106,106,106,106,106,106,106,106,106,106],"card_choices":[{"not_picked":["MokouMod:Stoke","MokouMod:WarmUp"],"picked":"MokouMod:Sear","floor":1.0},{"not_picked":["MokouMod:FlareStarter","MokouMod:RoaringFlare"],"picked":"MokouMod:FujiyamaVolcano","floor":3.0},{"not_picked":["MokouMod:IgneousBlow","MokouMod:RoaringFlare"],"picked":"MokouMod:Ember","floor":4},{"not_picked":["MokouMod:Firecracker","MokouMod:HeatFactory"],"picked":"MokouMod:ExplosiveFlame","floor":6},{"not_picked":["MokouMod:Overheat","MokouMod:Singe"],"picked":"MokouMod:Scorch","floor":7},{"not_picked":["MokouMod:HeatFactory","MokouMod:SubterraneanCore"],"picked":"MokouMod:IndiscriminateIgnition","floor":8},{"not_picked":["MokouMod:RoaringFlare","MokouMod:UncontrollableSolarReaction"],"picked":"MokouMod:AdaptivePyromancy","floor":10},{"not_picked":["MokouMod:AdaptivePyromancy","MokouMod:InfernalWave"],"picked":"MokouMod:GuidingSmoke","floor":11},{"not_picked":["MokouMod:HouraiForge","MokouMod:FlickeringFlame"],"picked":"MokouMod:FujiyamaVolcano","floor":12},{"not_picked":["MokouMod:FujiyamaVolcano","MokouMod:Fireball"],"picked":"MokouMod:HeartofFire","floor":14},{"not_picked":["MokouMod:Singe","MokouMod:Overheat"],"picked":"MokouMod:ScorchingColumn","floor":17},{"not_picked":["MokouMod:InfernalWave","MokouMod:HeatFactory"],"picked":"MokouMod:RetainTemperature","floor":18},{"not_picked":["MokouMod:Sear","MokouMod:FlamingFireTalons"],"picked":"MokouMod:FujiyamaVolcano+1","floor":19},{"not_picked":["MokouMod:ThermalPressure","MokouMod:FlareStarter"],"picked":"MokouMod:IgneousBlow+1","floor":19},{"not_picked":["MokouMod:Firecracker","MokouMod:IgnitionBlast"],"picked":"MokouMod:FlickeringFlame+1","floor":19},{"not_picked":["MokouMod:Singe","MokouMod:WarmUp"],"picked":"MokouMod:Overheat","floor":19},{"not_picked":["MokouMod:HeartofFire","MokouMod:ResonatingAura"],"picked":"MokouMod:BlazingComet","floor":19},{"not_picked":["MokouMod:Singe","MokouMod:Burn"],"picked":"MokouMod:Sear","floor":20},{"not_picked":["MokouMod:GuidingSmoke","MokouMod:Sear"],"picked":"MokouMod:ScorchedEarth","floor":22},{"not_picked":["MokouMod:PhoenixForm","MokouMod:TemporalFireSeal"],"picked":"MokouMod:ScorchingColumn+1","floor":27},{"not_picked":["MokouMod:GuidingSmoke","MokouMod:DanceofFlames","MokouMod:Combust"],"picked":"SKIP","floor":30},{"not_picked":["MokouMod:InfernalWave","MokouMod:DanceofFlames+1"],"picked":"MokouMod:WarmUp+1","floor":31}],"player_experience":187117,"relics_obtained":[{"floor":6,"key":"Bronze Scales"},{"floor":8,"key":"Mango"},{"floor":9,"key":"InkBottle"},{"floor":11,"key":"War Paint"},{"floor":14,"key":"Ancient Tea Set"},{"floor":26,"key":"Bottled Lightning"},{"floor":27,"key":"Dream Catcher"}],"event_choices":[{"cards_removed":["MokouMod:Defend"],"damage_healed":0.0,"max_hp_gain":0.0,"max_hp_loss":0.0,"gold_gain":0.0,"event_name":"Golden Wing","player_choice":"Card Removal","floor":2.0,"gold_loss":0.0,"damage_taken":7.0},{"damage_healed":0,"gold_gain":0,"player_choice":"Gave Potion","damage_taken":0,"relics_obtained":["Sundial"],"max_hp_gain":0,"max_hp_loss":0,"event_name":"WeMeetAgain","floor":5,"gold_loss":0},{"damage_healed":0,"gold_gain":0,"player_choice":"Ignored","damage_taken":0,"max_hp_gain":0,"max_hp_loss":0,"event_name":"Ghosts","floor":21,"gold_loss":0},{"damage_healed":0,"gold_gain":0,"player_choice":"0 cards matched","damage_taken":0,"max_hp_gain":0,"max_hp_loss":0,"event_name":"Match and Keep!","floor":24,"gold_loss":0,"cards_obtained":[]},{"damage_healed":0,"gold_gain":0,"player_choice":"Smashed Altar","damage_taken":0,"max_hp_gain":0,"max_hp_loss":0,"event_name":"Forgotten Altar","floor":29,"gold_loss":0,"cards_obtained":["Decay"]}],"is_beta":false,"boss_relics":[{"not_picked":["Fusion Hammer","Runic Pyramid"],"picked":"Tiny House"}],"items_purged_floors":[19],"is_endless":false,"potions_floor_spawned":[4,6,7,10,11,14,18,31],"killed_by":"Collector","ascension_level":4}}