{"host":"kpyoctgc7jne3jiy","time":1610281788,"event":{"mods":["AchievementEnabler","BaseMod","Minty Spire (QoL Compilation)","Relic Stats"],"gold_per_floor":[119,119,138,138,151,185,185,226,253,297,310,310,326,362,362,362,362],"floor_reached":16,"playtime":720,"items_purged":[],"score":194,"play_id":"411c0421-452e-4101-93d6-5bfee9159e66","local_time":"20210110132948","is_ascension_mode":true,"campfire_choices":[{"data":"Masterful Stab","floor":7,"key":"SMITH"},{"floor":12,"key":"REST"},{"floor":15,"key":"REST"}],"circlet_count":0,"master_deck":["Strike_G","Strike_G","Strike_G","Strike_G","Defend_G","Defend_G","Defend_G","Defend_G","Defend_G","Survivor","Neutralize","Masterful Stab+1","Poisoned Stab","Sucker Punch","Sucker Punch","Escape Plan","Terror","Crippling Poison","Flechettes","Escape Plan","Footwork"],"relics":["Sozu","Golden Idol","Akabeko","Dream Catcher","Tiny Chest","Girya","WingedGreaves"],"acts_visited":["Exordium"],"potions_floor_usage":[],"damage_taken":[{"damage":2,"enemies":"Small Slimes","floor":1,"turns":3},{"damage":5,"enemies":"2 Louse","floor":3,"turns":2},{"damage":0,"enemies":"Cultist","floor":5,"turns":4},{"damage":20,"enemies":"Gremlin Nob","floor":6,"turns":4},{"damage":0,"enemies":"3 Sentries","floor":8,"turns":7},{"damage":15,"enemies":"Lagavulin","floor":10,"turns":4},{"damage":0,"enemies":"2 Fungi Beasts","floor":11,"turns":3},{"damage":0,"enemies":"Exordium Wildlife","floor":13,"turns":3},{"damage":29,"enemies":"3 Sentries","floor":14,"turns":11},{"damage":25,"enemies":"Hexaghost","floor":16,"turns":9}],"seed_played":"-8282708929705498335","potions_obtained":[],"is_trial":false,"path_per_floor":["M","?","M","?","M","E","R","E","T","E","M","R","M","E","R","B"],"character_chosen":"THE_SILENT","items_purchased":[],"campfire_rested":2,"item_purchase_floors":[],"current_hp_per_floor":[68,51,46,46,46,26,26,26,26,11,11,32,32,3,24,0,0],"gold":362,"neow_bonus":"BOSS_RELIC","is_daily":false,"chose_seed":false,"campfire_upgraded":1,"win_rate":0.0,"timestamp":1610281788,"path_taken":["M","?","M","?","M","E","R","E","T","E","M","R","M","E","R","BOSS"],"items_purchased_type":[],"build_version":"2020-12-22","purchased_purges":0,"victory":false,"max_hp_per_floor":[70,70,70,70,70,70,70,70,70,70,70,70,70,70,70,70,70],"relic_stats":{"Sozu":3,"Dream Catcher":2,"counters":[10,50],"Golden Idol":44,"Tiny Chest":0,"obtain_stats":[{"Sozu":0,"Girya":10,"Dream Catcher":8,"Golden Idol":2,"Tiny Chest":9,"WingedGreaves":14,"Akabeko":6,"Ring of the Snake":0},{"Sozu":0,"Girya":6,"Dream Catcher":5,"Golden Idol":1,"Tiny Chest":5,"WingedGreaves":9,"Akabeko":4,"Ring of the Snake":0},{"Sozu":0,"Girya":24,"Dream Catcher":20,"Golden Idol":3,"Tiny Chest":20,"WingedGreaves":41,"Akabeko":13,"Ring of the Snake":0}]},"card_choices":[{"not_picked":["Underhanded Strike","Acrobatics"],"picked":"Masterful Stab","floor":1},{"not_picked":["Skewer","Blade Dance"],"picked":"Poisoned Stab","floor":3},{"not_picked":["Acrobatics","Outmaneuver"],"picked":"Sucker Punch","floor":5},{"not_picked":["Blade Dance","Acrobatics"],"picked":"Escape Plan","floor":6},{"not_picked":["Sucker Punch","Backflip"],"picked":"Terror","floor":8},{"not_picked":["Accuracy","Cloak And Dagger"],"picked":"Crippling Poison","floor":10},{"not_picked":["Acrobatics","Prepared","Slice"],"picked":"SKIP","floor":11},{"not_picked":["Sucker Punch","Blur"],"picked":"Flechettes","floor":12},{"not_picked":["Heel Hook","Flechettes"],"picked":"Escape Plan","floor":13},{"not_picked":["Grand Finale","Infinite Blades","Underhanded Strike"],"picked":"SKIP","floor":14},{"not_picked":["Skewer","Crippling Poison"],"picked":"Footwork","floor":15}],"player_experience":288574,"relics_obtained":[{"floor":6,"key":"Akabeko"},{"floor":8,"key":"Dream Catcher"},{"floor":9,"key":"Tiny Chest"},{"floor":10,"key":"Girya"},{"floor":14,"key":"WingedGreaves"}],"event_choices":[{"damage_healed":0,"gold_gain":0,"player_choice":"Take Damage","damage_taken":17,"relics_obtained":["Golden Idol"],"max_hp_gain":0,"max_hp_loss":0,"event_name":"Golden Idol","floor":2,"gold_loss":0},{"damage_healed":0,"gold_gain":0,"cards_transformed":["Strike_G"],"player_choice":"Transformed","damage_taken":0,"max_hp_gain":0,"max_hp_loss":0,"event_name":"Transmorgrifier","floor":4,"gold_loss":0,"cards_obtained":["Sucker Punch"]}],"is_beta":false,"boss_relics":[],"items_purged_floors":[],"is_endless":false,"potions_floor_spawned":[1,6,13],"killed_by":"Hexaghost","ascension_level":5}}