{"host":"i41n6wh529970c2c","time":1610305195,"event":{"mods":["Act Like it!","BaseMod","BetterRewards","Friendly Minions","Gold Saver","Hallownest","Hermit","Minty Spire (QoL Compilation)","Replay The Spire","Shop Mod","StSLib","The Bug Knight"],"gold_per_floor":[667,667,683,693,618,618,618],"floor_reached":6,"playtime":639,"items_purged":["HollowMod:NailStrikeStart"],"score":43,"play_id":"dc636137-1747-47ff-a41e-d17941ee512a","local_time":"20210110135955","is_ascension_mode":true,"campfire_choices":[],"circlet_count":0,"master_deck":["HollowMod:NailStrikeStart","HollowMod:NailStrikeStart","HollowMod:NailStrikeStart","HollowMod:QuickDashStart","HollowMod:QuickDashStart","HollowMod:QuickDashStart","HollowMod:FocusHealStart","HollowMod:PogoStrike","HollowMod:TaintedHusks","HollowMod:NewGlowingWomb","HollowMod:InfectedAttack","HollowMod:SiblingsSouls","HollowMod:CloakDash","HollowMod:InfectedCysts","HollowMod:Weaversong","HollowMod:DashSlash","Hallownest:skillGreenpathMap"],"relics":["HollowMod:VesselMask","Unceasing Top","Hallownest:DreamNailRelic"],"acts_visited":["Hallownest:Greenpath"],"potions_floor_usage":[],"damage_taken":[{"damage":31,"enemies":"Hallownest:2_Tiktiks_and_1_Crawlid","floor":1,"turns":6},{"damage":8,"enemies":"Hallownest:monsterHuskGuard","floor":3,"turns":5},{"damage":1,"enemies":"Hallownest:2_MossCreeps","floor":4,"turns":5},{"damage":40,"enemies":"Hallownest:eliteVengeflyKing","floor":6,"turns":8}],"seed_played":"-4271161255600106967","potions_obtained":[{"floor":1,"key":"Venom Potion"},{"floor":4,"key":"CultistPotion"}],"is_trial":false,"path_per_floor":["M","?","M","M","?","E"],"character_chosen":"THE_BUGKNIGHT","items_purchased":["HollowMod:NewGlowingWomb","HollowMod:InfectedAttack","HollowMod:SiblingsSouls","HollowMod:CloakDash"],"campfire_rested":0,"item_purchase_floors":[0,0,0,0],"current_hp_per_floor":[26,26,24,29,29,0,0],"gold":618,"neow_bonus":"","is_daily":false,"chose_seed":false,"campfire_upgraded":0,"win_rate":0.0,"timestamp":1610305195,"path_taken":["M","?","?","M","?","E"],"items_purchased_type":["Card","Card","Card","Card"],"build_version":"2020-12-22","purchased_purges":1,"victory":false,"max_hp_per_floor":[75,75,75,75,75,75,75],"card_choices":[{"not_picked":["HollowMod:TaintedHusks","HollowMod:NewGlowingWomb"],"picked":"HollowMod:InfectedCysts","floor":1},{"not_picked":["HollowMod:SiblingsSouls","HollowMod:TaintedHusks"],"picked":"HollowMod:Weaversong","floor":3},{"not_picked":["HollowMod:GoodIntentions","HollowMod:CornifersMapStart"],"picked":"HollowMod:DashSlash","floor":4}],"player_experience":1048590,"relics_obtained":[],"event_choices":[],"is_beta":false,"boss_relics":[],"items_purged_floors":[0],"is_endless":false,"potions_floor_spawned":[1,4],"killed_by":"Hallownest:eliteVengeflyKing","ascension_level":4}}