{"host":"o7j6aatxjwpw1421","time":1610274738,"event":{"mods":["2.2 Compatiblity","AchievementEnabler","BaseMod","Colored Map","DeckTracker","Highlight Path","Keyboard Shortcuts","Minty Spire (QoL Compilation)","Permanent Neow","Quick Restart","StSLib","SuperFastMode","everything is the same but u backflip on backflip"],"gold_per_floor":[118,118,128,148,148,148,167,167,167,183,196,196,208,227,227,227,227],"floor_reached":16,"playtime":644,"items_purged":[],"score":192,"play_id":"cc4ed3ec-575d-4af8-ab3d-53ff45296443","local_time":"20210110193218","is_ascension_mode":true,"campfire_choices":[{"data":"Bane","floor":6.0,"key":"SMITH"},{"data":"Poisoned Stab","floor":8.0,"key":"SMITH"},{"data":"Neutralize","floor":12.0,"key":"SMITH"},{"floor":15.0,"key":"REST"}],"circlet_count":0,"master_deck":["AscendersBane","Strike_G","Strike_G","Strike_G","Strike_G","Defend_G","Defend_G","Defend_G","Defend_G","Defend_G","Survivor","Neutralize+1","Poisoned Stab+1","Bane+1","Catalyst","Corpse Explosion","Noxious Fumes","Tactician"],"relics":["Ring of the Snake","Darkstone Periapt"],"acts_visited":["Exordium"],"potions_floor_usage":[16,16],"damage_taken":[{"damage":7.0,"enemies":"2 Louse","floor":1.0,"turns":4.0},{"damage":2.0,"enemies":"Jaw Worm","floor":3.0,"turns":7.0},{"damage":0.0,"enemies":"Small Slimes","floor":4.0,"turns":2.0},{"damage":2.0,"enemies":"3 Louse","floor":7.0,"turns":5.0},{"damage":6.0,"enemies":"Red Slaver","floor":10.0,"turns":5.0},{"damage":6.0,"enemies":"Exordium Wildlife","floor":11.0,"turns":3.0},{"damage":14.0,"enemies":"Exordium Thugs","floor":13.0,"turns":4.0},{"damage":5.0,"enemies":"3 Louse","floor":14.0,"turns":3.0},{"damage":32,"enemies":"Slime Boss","floor":16,"turns":9}],"seed_played":"6546299281447610231","potions_obtained":[{"floor":1.0,"key":"Weak Potion"},{"floor":10.0,"key":"SkillPotion"},{"floor":13.0,"key":"Regen Potion"},{"floor":14.0,"key":"Explosive Potion"}],"is_trial":false,"path_per_floor":["M","?","M","M","?","R","M","R","T","M","M","R","M","M","R","B"],"character_chosen":"THE_SILENT","items_purchased":[],"campfire_rested":1,"item_purchase_floors":[],"current_hp_per_floor":[52,41,39,39,39,39,37,37,37,31,25,25,11,18,37,5,5],"gold":227,"neow_bonus":"REMOVE_CARD","is_daily":false,"chose_seed":false,"campfire_upgraded":3,"win_rate":0.0,"timestamp":1610274738,"path_taken":["M","?","M","M","?","R","M","R","T","M","M","R","M","M","R","BOSS"],"items_purchased_type":[],"build_version":"2020-12-22","purchased_purges":0,"victory":false,"max_hp_per_floor":[66,66,66,66,66,66,66,66,66,66,66,66,66,66,66,66,66],"card_choices":[{"not_picked":["Sucker Punch","Bane"],"picked":"Poisoned Stab","floor":1.0},{"not_picked":["Slice","Blur"],"picked":"Bane","floor":3.0},{"not_picked":["Poisoned Stab","Terror","Cloak And Dagger"],"picked":"SKIP","floor":4.0},{"not_picked":["Bane","Deadly Poison"],"picked":"Catalyst","floor":7.0},{"not_picked":["Infinite Blades","Dagger Spray"],"picked":"Corpse Explosion","floor":10.0},{"not_picked":["Poisoned Stab","Underhanded Strike"],"picked":"Noxious Fumes","floor":11.0},{"not_picked":["Poisoned Stab","Outmaneuver"],"picked":"Tactician","floor":13.0},{"not_picked":["Terror","Cloak And Dagger","Blade Dance"],"picked":"SKIP","floor":14.0}],"player_experience":473804,"relics_obtained":[],"event_choices":[{"damage_healed":0.0,"max_hp_gain":0.0,"max_hp_loss":0.0,"gold_gain":0.0,"event_name":"Scrap Ooze","player_choice":"Success","floor":2.0,"gold_loss":0.0,"damage_taken":11.0,"relics_obtained":["Darkstone Periapt"]},{"damage_healed":0.0,"max_hp_gain":0.0,"max_hp_loss":0.0,"gold_gain":0.0,"event_name":"Liars Game","player_choice":"Ignored","floor":5.0,"gold_loss":0.0,"damage_taken":0.0}],"is_beta":false,"boss_relics":[],"items_purged_floors":[],"is_endless":false,"potions_floor_spawned":[1,10,13,14],"killed_by":"Slime Boss","ascension_level":20}}