{"host":"xnrw1j8ho83czkv7","time":1610315885,"event":{"mods":["AchievementEnabler","BaseMod","Colored Map","Colored Powertips","Minty Spire (QoL Compilation)","Quick Restart","StSLib"],"gold_per_floor":[12,26,26,45,58,58,58,76,76,96,96,130,130,169,169,289,289,312,237,162,175,175,219,219,219,242,242,285,309,349,439,439,568,568,588,609,609,609,365,365,365,390,415,430,455,468,502,220,220,220,220],"floor_reached":50,"playtime":2347,"items_purged":["Defend_B","Defend_B","Sweeping Beam"],"score":671,"play_id":"63e71821-138f-4e88-a5c7-7f003fbf5b36","local_time":"20210110215805","is_ascension_mode":true,"campfire_choices":[{"data":"Zap","floor":6.0,"key":"SMITH"},{"data":"Dualcast","floor":11,"key":"SMITH"},{"data":"Reinforced Body","floor":13,"key":"SMITH"},{"data":"Static Discharge","floor":15,"key":"SMITH"},{"data":"Electrodynamics","floor":24,"key":"SMITH"},{"data":"Reboot","floor":32,"key":"SMITH"},{"data":"Thunder Strike","floor":40,"key":"SMITH"},{"floor":49,"key":"RECALL"}],"circlet_count":0,"master_deck":["Zap+1","Dualcast+1","Reinforced Body+1","Gash+1","FTL+1","Gash","Thunder Strike+1","Static Discharge+1","Reboot+1","Electrodynamics+1","Master of Strategy","Madness","Auto Shields"],"relics":["Cracked Core","Golden Idol","Pear","Question Card","Omamori","Calling Bell","PreservedInsect","Darkstone Periapt","TungstenRod","Strawberry","Boot","Centennial Puzzle","Regal Pillow","Toy Ornithopter","Philosopher\u0027s Stone","Chemical X","Bag of Preparation","Whetstone"],"acts_visited":["Exordium","TheCity","TheBeyond"],"potions_floor_usage":[8,12,14,23,23,30,33],"damage_taken":[{"damage":0.0,"enemies":"Small Slimes","floor":1.0,"turns":4.0},{"damage":1.0,"enemies":"Jaw Worm","floor":2.0,"turns":5.0},{"damage":0.0,"enemies":"Cultist","floor":4.0,"turns":3.0},{"damage":0.0,"enemies":"Looter","floor":5.0,"turns":4.0},{"damage":0,"enemies":"2 Fungi Beasts","floor":8,"turns":3},{"damage":0,"enemies":"Large Slime","floor":10,"turns":5},{"damage":8,"enemies":"3 Sentries","floor":12,"turns":6},{"damage":8,"enemies":"Gremlin Nob","floor":14,"turns":5},{"damage":8,"enemies":"Slime Boss","floor":16,"turns":7},{"damage":12,"enemies":"Shell Parasite","floor":18,"turns":5},{"damage":6,"enemies":"3 Byrds","floor":21,"turns":5},{"damage":16,"enemies":"Slavers","floor":23,"turns":3},{"damage":0,"enemies":"Gremlin Leader","floor":28,"turns":4},{"damage":8,"enemies":"Cultist and Chosen","floor":29,"turns":2},{"damage":0,"enemies":"Slavers","floor":30,"turns":2},{"damage":33,"enemies":"Collector","floor":33,"turns":5},{"damage":6,"enemies":"3 Darklings","floor":35,"turns":2},{"damage":7,"enemies":"3 Shapes","floor":36,"turns":2},{"damage":11,"enemies":"3 Darklings","floor":42,"turns":2},{"damage":4,"enemies":"4 Shapes","floor":44,"turns":1},{"damage":5,"enemies":"Spire Growth","floor":45,"turns":2},{"damage":15,"enemies":"Transient","floor":46,"turns":5},{"damage":0,"enemies":"Reptomancer","floor":47,"turns":2},{"damage":45,"enemies":"Time Eater","floor":50,"turns":6}],"seed_played":"1828101457808923645","potions_obtained":[{"floor":2.0,"key":"Explosive Potion"},{"floor":4.0,"key":"Weak Potion"},{"floor":8,"key":"SmokeBomb"},{"floor":10,"key":"AttackPotion"},{"floor":12,"key":"DuplicationPotion"},{"floor":21,"key":"LiquidBronze"},{"floor":29,"key":"Weak Potion"},{"floor":33,"key":"Ancient Potion"},{"floor":44,"key":"Fire Potion"}],"is_trial":false,"path_per_floor":["M","M","?","M","M","R","?","M","T","M","R","E","R","E","R","B",null,"M","?","$","M","?","E","R","?","T","?","E","M","E","?","R","B",null,"M","M","?","?","$","R","?","M","T","M","M","M","E","$","R","B"],"character_chosen":"DEFECT","items_purchased":["Chemical X","Whetstone"],"campfire_rested":0,"item_purchase_floors":[39,48],"current_hp_per_floor":[75,74,56,56,56,56,56,56,66,66,66,58,58,50,50,42,85,73,73,73,67,74,58,58,58,58,58,58,50,50,35,35,7,92,86,79,79,70,70,70,70,59,59,55,50,35,35,35,35,0,0],"gold":220,"neow_bonus":"REMOVE_TWO","is_daily":false,"chose_seed":false,"campfire_upgraded":7,"win_rate":0.0,"timestamp":1610315885,"path_taken":["M","M","?","M","M","R","?","?","T","M","R","E","R","E","R","BOSS","M","?","$","M","?","E","R","?","T","?","E","M","E","?","R","BOSS","M","?","?","?","$","R","?","?","T","M","M","M","E","$","R","BOSS"],"items_purchased_type":["Relic","Relic"],"build_version":"2020-12-22","purchased_purges":3,"victory":false,"max_hp_per_floor":[75,75,75,75,75,75,75,75,85,85,85,85,85,85,85,85,85,85,85,85,85,92,92,92,92,92,92,92,92,92,92,92,92,92,92,92,92,92,92,92,92,92,92,92,92,92,92,92,92,92,92],"card_choices":[{"not_picked":["Rebound","Hologram","Streamline"],"picked":"SKIP","floor":1.0},{"not_picked":["All For One","Scrape"],"picked":"Reinforced Body","floor":2.0},{"not_picked":["Doom and Gloom","Steam","Blizzard"],"picked":"SKIP","floor":4.0},{"not_picked":["Leap","All For One"],"picked":"Gash","floor":5.0},{"not_picked":["Conserve Battery","FTL","Leap"],"picked":"SKIP","floor":8},{"not_picked":["Conserve Battery","Leap"],"picked":"FTL","floor":8},{"not_picked":["BootSequence","Streamline"],"picked":"Gash","floor":10},{"not_picked":["Leap","Reinforced Body"],"picked":"Thunder Strike","floor":12},{"not_picked":["Barrage","Skim","Aggregate"],"picked":"Static Discharge","floor":14},{"not_picked":["Machine Learning","Multi-Cast","Thunder Strike"],"picked":"Reboot","floor":16},{"not_picked":["Beam Cell+1","Leap","Aggregate","Force Field"],"picked":"SKIP","floor":18},{"not_picked":["Reprogram","Steam","Cold Snap+1","Hologram"],"picked":"SKIP","floor":21},{"not_picked":["Aggregate","Reinforced Body+1","Streamline"],"picked":"Electrodynamics","floor":23},{"not_picked":["Aggregate","Redo","Force Field+1","Thunder Strike"],"picked":"SKIP","floor":28},{"not_picked":["Steam","Beam Cell","Conserve Battery","Skim+1"],"picked":"SKIP","floor":29},{"not_picked":["Thunder Strike","Sweeping Beam","Seek","Streamline"],"picked":"SKIP","floor":30},{"not_picked":["Barrage+1","Leap","Turbo+1","Reinforced Body"],"picked":"SKIP","floor":35},{"not_picked":["Steam","Leap","Coolheaded+1","Hologram+1"],"picked":"SKIP","floor":36},{"not_picked":["Steam","Leap","Coolheaded+1","Hologram+1"],"picked":"SKIP","floor":36},{"not_picked":["The Bomb","Secret Technique","Trip"],"picked":"Master of Strategy","floor":38},{"not_picked":["Trip","Deep Breath","Thinking Ahead"],"picked":"Madness","floor":38},{"not_picked":["Skim+1","Compile Driver","Loop+1","Tempest+1"],"picked":"SKIP","floor":42},{"not_picked":["Leap+1","Hologram+1","Aggregate"],"picked":"Auto Shields","floor":44},{"not_picked":["Go for the Eyes+1","Chaos+1","Force Field","Self Repair+1"],"picked":"SKIP","floor":45},{"not_picked":["Lockon+1","Capacitor+1","Coolheaded","Compile Driver"],"picked":"SKIP","floor":46},{"not_picked":["Loop+1","Rebound+1","Hologram","Steam+1"],"picked":"SKIP","floor":47}],"player_experience":22625,"relics_obtained":[{"floor":9,"key":"Pear"},{"floor":12,"key":"Question Card"},{"floor":14,"key":"Omamori"},{"floor":17,"key":"PreservedInsect"},{"floor":17,"key":"Darkstone Periapt"},{"floor":17,"key":"TungstenRod"},{"floor":23,"key":"Boot"},{"floor":26,"key":"Centennial Puzzle"},{"floor":28,"key":"Regal Pillow"},{"floor":30,"key":"Toy Ornithopter"},{"floor":47,"key":"Bag of Preparation"}],"event_choices":[{"damage_healed":0.0,"max_hp_gain":0.0,"max_hp_loss":0.0,"gold_gain":0.0,"event_name":"Golden Idol","player_choice":"Take Damage","floor":3.0,"gold_loss":0.0,"damage_taken":18.0,"relics_obtained":["Golden Idol"]},{"cards_removed":["Strike_B"],"damage_healed":0.0,"max_hp_gain":0.0,"max_hp_loss":0.0,"gold_gain":0.0,"event_name":"Bonfire Elementals","player_choice":"Offered Basic","floor":7.0,"gold_loss":0.0,"damage_taken":0.0},{"cards_removed":["Strike_B"],"damage_healed":0,"gold_gain":0,"player_choice":"Gave Gold","damage_taken":0,"max_hp_gain":0,"max_hp_loss":0,"event_name":"Beggar","floor":19,"gold_loss":75},{"damage_healed":0,"gold_gain":0,"player_choice":"Opened","damage_taken":0,"relics_obtained":["Strawberry"],"max_hp_gain":0,"max_hp_loss":0,"event_name":"The Mausoleum","floor":22,"gold_loss":0,"cards_obtained":["Writhe"]},{"cards_removed":["Defend_B"],"damage_healed":0,"gold_gain":0,"player_choice":"Elegance","damage_taken":0,"max_hp_gain":0,"max_hp_loss":0,"event_name":"Back to Basics","floor":25,"gold_loss":0},{"damage_healed":0,"gold_gain":0,"player_choice":"Ignored","damage_taken":0,"max_hp_gain":0,"max_hp_loss":0,"event_name":"Ghosts","floor":27,"gold_loss":0},{"damage_healed":0,"gold_gain":90,"player_choice":"POTION GOLD ","damage_taken":18,"max_hp_gain":0,"max_hp_loss":0,"event_name":"Knowing Skull","floor":31,"potions_obtained":["Weak Potion"],"gold_loss":0,"cards_obtained":[]},{"damage_healed":0,"gold_gain":0,"player_choice":"Ignored","damage_taken":0,"max_hp_gain":0,"max_hp_loss":0,"event_name":"Tomb of Lord Red Mask","floor":37,"gold_loss":0},{"damage_healed":0,"gold_gain":0,"player_choice":"Memory 3","damage_taken":10,"max_hp_gain":0,"max_hp_loss":0,"event_name":"SensoryStone","floor":38,"gold_loss":0},{"damage_healed":0,"gold_gain":0,"cards_transformed":["Defend_B"],"player_choice":"Transformed","damage_taken":0,"max_hp_gain":0,"max_hp_loss":0,"event_name":"Transmorgrifier","floor":41,"gold_loss":0,"cards_obtained":["Sweeping Beam"]}],"is_beta":false,"boss_relics":[{"not_picked":["Velvet Choker","Runic Dome"],"picked":"Calling Bell"},{"not_picked":["Astrolabe","Inserter"],"picked":"Philosopher\u0027s Stone"}],"items_purged_floors":[20,39,48],"is_endless":false,"potions_floor_spawned":[2,4,8,10,12,21,29,33,44,45,46],"killed_by":"Time Eater","ascension_level":1}}