{"host":"ypphcgdomtfqpc2w","time":1610284437,"event":{"mods":["BaseMod","Minty Spire (QoL Compilation)","StSLib"],"gold_per_floor":[112,112,132,132,1,1,19,40,40,60,60,98,47,71,71,164,164,187,187,201,221,20,20,63,63,89,104,140,156,175,198,198,294,294,308,641,641,641,656,688,702,716,791,819,831,182,182,211,211,211,211,211,211,6,31,31],"floor_reached":57,"playtime":4293,"items_purged":["Strike_R","Strike_R","Bash"],"score":2818,"play_id":"b63dd763-9a40-46bd-b1aa-09bd6f82df47","local_time":"20210110221357","is_ascension_mode":true,"campfire_choices":[{"data":"Finesse","floor":6,"key":"SMITH"},{"floor":11,"key":"REST"},{"data":"1","floor":15,"key":"LIFT"},{"data":"2","floor":23,"key":"LIFT"},{"data":"3","floor":25,"key":"LIFT"},{"floor":32,"key":"RECALL"},{"floor":45,"key":"REST"},{"floor":49,"key":"REST"},{"floor":53,"key":"REST"}],"circlet_count":0,"master_deck":["AscendersBane","Strike_R","Strike_R","Defend_R","Defend_R","Defend_R","Finesse+1","Disarm+1","Twin Strike","Inflame","Clothesline","Anger+1","Iron Wave+1","Shrug It Off","Pommel Strike+1","Corruption","Sentinel","Pommel Strike+1","Ghostly Armor+1","Whirlwind+1","Body Slam+1","Sword Boomerang+1","Reaper+1","Shockwave","Shrug It Off+1","Demon Form","Battle Trance+1","True Grit+1","Metallicize+1","Armaments+1","Thunderclap+1","Ghostly Armor+1","Uppercut+1","Shrug It Off","PanicButton","Dark Shackles","Good Instincts","Panache","Bloodletting","Barricade"],"relics":["Burning Blood","Mercury Hourglass","Molten Egg 2","Girya","Fusion Hammer","OrangePellets","Toy Ornithopter","Bag of Marbles","Runic Pyramid","Bronze Scales","Self Forming Clay","MawBank","Bag of Preparation","War Paint","Boot","Red Skull"],"acts_visited":["Exordium","TheCity","TheBeyond","TheEnding"],"potions_floor_usage":[8,12,16,28,29,55,56],"damage_taken":[{"damage":17,"enemies":"Jaw Worm","floor":1,"turns":5},{"damage":12,"enemies":"Small Slimes","floor":3,"turns":3},{"damage":5,"enemies":"2 Louse","floor":7,"turns":3},{"damage":18,"enemies":"Exordium Thugs","floor":8,"turns":4},{"damage":11,"enemies":"Lots of Slimes","floor":10,"turns":4},{"damage":7,"enemies":"Gremlin Nob","floor":12,"turns":3},{"damage":5,"enemies":"3 Louse","floor":14,"turns":2},{"damage":8,"enemies":"The Guardian","floor":16,"turns":9},{"damage":21,"enemies":"Shell Parasite","floor":18,"turns":5},{"damage":19,"enemies":"Spheric Guardian","floor":20,"turns":4},{"damage":15,"enemies":"Snake Plant","floor":21,"turns":4},{"damage":0,"enemies":"Gremlin Leader","floor":24,"turns":5},{"damage":22,"enemies":"Snecko","floor":27,"turns":5},{"damage":28,"enemies":"Slavers","floor":28,"turns":3},{"damage":0,"enemies":"Centurion and Healer","floor":29,"turns":4},{"damage":17,"enemies":"Shelled Parasite and Fungi","floor":30,"turns":4},{"damage":0,"enemies":"Chosen and Byrds","floor":31,"turns":3},{"damage":31,"enemies":"Collector","floor":33,"turns":7},{"damage":4,"enemies":"Orb Walker","floor":35,"turns":3},{"damage":0,"enemies":"3 Darklings","floor":39,"turns":3},{"damage":28,"enemies":"Nemesis","floor":40,"turns":5},{"damage":22,"enemies":"Writhing Mass","floor":41,"turns":7},{"damage":32,"enemies":"Spire Growth","floor":42,"turns":7},{"damage":0,"enemies":"Giant Head","floor":44,"turns":6},{"damage":1,"enemies":"Nemesis","floor":48,"turns":7},{"damage":27,"enemies":"Donu and Deca","floor":50,"turns":8},{"damage":37,"enemies":"Awakened One","floor":51,"turns":10},{"damage":39,"enemies":"Shield and Spear","floor":55,"turns":11},{"damage":61,"enemies":"The Heart","floor":56,"turns":9}],"seed_played":"4030972096726471698","potions_obtained":[{"floor":7,"key":"Strength Potion"},{"floor":8,"key":"Block Potion"},{"floor":12,"key":"Dexterity Potion"},{"floor":18,"key":"SteroidPotion"},{"floor":20,"key":"BloodPotion"},{"floor":28,"key":"Swift Potion"},{"floor":29,"key":"Regen Potion"},{"floor":42,"key":"DistilledChaos"}],"is_trial":false,"path_per_floor":["M","?","M","?","$","R","M","M","T","M","R","E","$","M","R","B",null,"M","?","M","M","$","R","E","R","T","M","E","M","M","M","R","B",null,"M","?","?","?","M","E","M","M","T","E","R","$","?","E","R","B","B",null,"R","$","E","B",null],"character_chosen":"IRONCLAD","items_purchased":["Explosive Potion","Shrug It Off","Whirlwind+1","OrangePellets","Bag of Preparation","War Paint","Uppercut+1","Shrug It Off","PanicButton","Barricade"],"campfire_rested":4,"item_purchase_floors":[5,13,22,22,46,46,46,46,46,54],"current_hp_per_floor":[57,31,25,25,25,25,26,14,14,9,29,28,28,29,29,27,58,43,68,55,46,46,46,52,52,52,36,19,67,63,68,68,43,62,68,68,68,68,68,59,50,46,46,68,68,68,58,68,68,68,68,68,68,68,41,19],"gold":31,"neow_bonus":"RANDOM_COLORLESS","is_daily":false,"chose_seed":false,"campfire_upgraded":1,"win_rate":0.0,"timestamp":1610284437,"path_taken":["M","?","M","?","$","R","M","M","T","M","R","E","?","M","R","BOSS","M","?","M","M","?","R","E","R","T","M","E","?","M","M","R","BOSS","M","?","?","?","?","E","M","M","T","E","R","$","?","E","R","BOSS","BOSS","R","$","E","BOSS"],"items_purchased_type":["Potion","Card","Card","Relic","Relic","Relic","Card","Card","Card","Card"],"build_version":"2020-12-22","purchased_purges":3,"victory":true,"max_hp_per_floor":[75,75,75,68,68,68,68,68,68,68,68,68,68,68,68,68,68,68,68,68,68,68,68,68,68,68,68,68,68,68,68,68,68,68,68,68,68,68,68,68,68,68,68,68,68,68,68,68,68,68,68,68,68,68,68,68],"card_choices":[{"not_picked":["Madness","PanicButton"],"picked":"Finesse","floor":0},{"not_picked":["Twin Strike","Havoc"],"picked":"Disarm","floor":1},{"not_picked":["Reckless Charge","Anger"],"picked":"Twin Strike","floor":3},{"not_picked":["Flex","Disarm"],"picked":"Inflame","floor":7},{"not_picked":["Havoc","Flex"],"picked":"Clothesline","floor":8},{"not_picked":["Reckless Charge+1","Warcry"],"picked":"Anger+1","floor":10},{"not_picked":["Warcry","Inflame"],"picked":"Iron Wave+1","floor":12},{"not_picked":["Blood for Blood+1","Iron Wave+1"],"picked":"Pommel Strike+1","floor":14},{"not_picked":["Double Tap","Impervious"],"picked":"Corruption","floor":16},{"not_picked":["Clash+1","Perfected Strike+1"],"picked":"Sentinel","floor":18},{"not_picked":["Cleave+1","Seeing Red"],"picked":"Pommel Strike+1","floor":20},{"not_picked":["Armaments","Rupture"],"picked":"Ghostly Armor","floor":21},{"not_picked":["Flex","Warcry"],"picked":"Body Slam+1","floor":24},{"not_picked":["Sentinel","Rage"],"picked":"Sword Boomerang+1","floor":27},{"not_picked":["Rampage+1","True Grit"],"picked":"Reaper+1","floor":28},{"not_picked":["Rage","Searing Blow+1","Perfected Strike+1"],"picked":"SKIP","floor":29},{"not_picked":["Wild Strike+1","Power Through"],"picked":"Shockwave","floor":30},{"not_picked":["Warcry","Entrench"],"picked":"Shrug It Off+1","floor":31},{"not_picked":["Juggernaut","Barricade"],"picked":"Demon Form","floor":33},{"not_picked":["Warcry+1","Pommel Strike+1"],"picked":"Battle Trance+1","floor":35},{"not_picked":["Twin Strike+1","Rampage+1"],"picked":"True Grit+1","floor":39},{"not_picked":["Iron Wave+1","Immolate+1"],"picked":"Metallicize+1","floor":40},{"not_picked":["Spot Weakness","Clothesline+1"],"picked":"Armaments+1","floor":41},{"not_picked":["Warcry","Rage+1"],"picked":"Thunderclap+1","floor":42},{"not_picked":["Clash+1","Flex"],"picked":"Ghostly Armor+1","floor":44},{"not_picked":["Madness","Dramatic Entrance+1"],"picked":"Dark Shackles","floor":47},{"not_picked":["Impatience","Mind Blast+1"],"picked":"Good Instincts","floor":47},{"not_picked":["Transmutation","Dramatic Entrance+1"],"picked":"Panache","floor":47},{"not_picked":["Metallicize+1","Cleave+1"],"picked":"Bloodletting","floor":48},{"not_picked":["Wild Strike+1","Anger+1","Sword Boomerang+1"],"picked":"SKIP","floor":55}],"player_experience":2015246,"relics_obtained":[{"floor":9,"key":"Molten Egg 2"},{"floor":12,"key":"Girya"},{"floor":24,"key":"Toy Ornithopter"},{"floor":28,"key":"Bag of Marbles"},{"floor":40,"key":"Bronze Scales"},{"floor":43,"key":"Self Forming Clay"},{"floor":44,"key":"MawBank"},{"floor":48,"key":"Boot"},{"floor":55,"key":"Red Skull"}],"event_choices":[{"damage_healed":0,"gold_gain":0,"player_choice":"Success","damage_taken":26,"relics_obtained":["Mercury Hourglass"],"max_hp_gain":0,"max_hp_loss":0,"event_name":"Scrap Ooze","floor":2,"gold_loss":0},{"damage_healed":0,"gold_gain":0,"player_choice":"Lose Max HP","damage_taken":0,"relics_obtained":["Golden Idol"],"max_hp_gain":0,"max_hp_loss":7,"event_name":"Golden Idol","floor":4,"gold_loss":0},{"damage_healed":25,"gold_gain":0,"player_choice":"Full Heal","damage_taken":0,"max_hp_gain":0,"max_hp_loss":0,"event_name":"Wheel of Change","floor":19,"gold_loss":0},{"damage_healed":0,"gold_gain":333,"player_choice":"Gave Idol","damage_taken":0,"max_hp_gain":0,"max_hp_loss":0,"event_name":"The Moai Head","floor":36,"relics_lost":["Golden Idol"],"gold_loss":0},{"cards_removed":["Defend_R"],"damage_healed":0,"gold_gain":0,"player_choice":"Removed Skill","damage_taken":0,"max_hp_gain":0,"max_hp_loss":0,"event_name":"Falling","floor":37,"gold_loss":0},{"cards_removed":["Strike_R"],"damage_healed":0,"gold_gain":0,"player_choice":"Purged","damage_taken":0,"max_hp_gain":0,"max_hp_loss":0,"event_name":"Purifier","floor":38,"gold_loss":0},{"damage_healed":0,"gold_gain":0,"player_choice":"Memory 3","damage_taken":10,"max_hp_gain":0,"max_hp_loss":0,"event_name":"SensoryStone","floor":47,"gold_loss":0}],"is_beta":false,"boss_relics":[{"not_picked":["Tiny House","Runic Dome"],"picked":"Fusion Hammer"},{"not_picked":["Astrolabe","Philosopher\u0027s Stone"],"picked":"Runic Pyramid"}],"items_purged_floors":[5,46,54],"is_endless":false,"potions_floor_spawned":[7,8,10,12,18,20,28,29,30,40,42,44],"ascension_level":20}}