{"host":"axqzpfaj96olobtx","time":1610278990,"event":{"mods":["BaseMod","Colored Map","Colored Powertips","Minty Spire (QoL Compilation)","Relic Stats","StSLib"],"gold_per_floor":[117,117,32,32,32,57,57,87,110,63,63,76,93,127,127,227,227,247,247,22,37,37,72,72,107,107,107,107,117,131,131,131,226,226,246,262,262,273,54,86,86,111,136,136,11,11,42,60,60,60],"floor_reached":51,"playtime":2134,"items_purged":["Strike_R","Strike_R","Strike_R"],"score":1063,"play_id":"8f94305f-9971-46fb-85c9-758edd6916c5","local_time":"20210110114310","is_ascension_mode":true,"campfire_choices":[{"data":"Bash","floor":7,"key":"SMITH"},{"data":"Body Slam","floor":11,"key":"SMITH"},{"data":"Shockwave","floor":15,"key":"SMITH"},{"data":"J.A.X.","floor":24,"key":"SMITH"},{"data":"Feed","floor":27,"key":"SMITH"},{"data":"Shrug It Off","floor":32,"key":"SMITH"},{"floor":41,"key":"REST"},{"floor":44,"key":"REST"},{"floor":46,"key":"RECALL"},{"floor":49,"key":"REST"}],"circlet_count":0,"master_deck":["Strike_R","Defend_R","Defend_R","Defend_R","Defend_R","Bash+1","Body Slam+1","Shockwave+1","Reaper","Shrug It Off","Inflame","Pommel Strike","Feed+1","Headbutt","J.A.X.+1","Battle Trance","Uppercut","Cleave+1","Shrug It Off+1","Offering","Brutality","Battle Trance+1","Disarm","Ghostly Armor+1"],"relics":["Burning Blood","NeowsBlessing","Vajra","MealTicket","Bag of Preparation","Toy Ornithopter","Blood Vial","Lantern","SacredBark","Centennial Puzzle","Mummified Hand","Bag of Marbles","Fusion Hammer","Ancient Tea Set","Unceasing Top","Nunchaku","Thread and Needle"],"acts_visited":["Exordium","TheCity","TheBeyond"],"potions_floor_usage":[16,18,23,25,29,47,50,50],"damage_taken":[{"damage":0,"enemies":"2 Louse","floor":1,"turns":1},{"damage":0,"enemies":"Lagavulin","floor":6,"turns":2},{"damage":0,"enemies":"3 Sentries","floor":8,"turns":1},{"damage":7,"enemies":"Jaw Worm","floor":12,"turns":3},{"damage":0,"enemies":"Cultist","floor":13,"turns":3},{"damage":20,"enemies":"Lagavulin","floor":14,"turns":7},{"damage":52,"enemies":"Hexaghost","floor":16,"turns":10},{"damage":0,"enemies":"Chosen","floor":18,"turns":3},{"damage":22,"enemies":"Shell Parasite","floor":21,"turns":6},{"damage":59,"enemies":"Slavers","floor":23,"turns":4},{"damage":61,"enemies":"Gremlin Leader","floor":25,"turns":8},{"damage":43,"enemies":"Shelled Parasite and Fungi","floor":29,"turns":7},{"damage":0,"enemies":"Chosen and Byrds","floor":30,"turns":5},{"damage":79,"enemies":"Collector","floor":33,"turns":8},{"damage":11,"enemies":"3 Shapes","floor":35,"turns":3},{"damage":14,"enemies":"Orb Walker","floor":36,"turns":3},{"damage":30,"enemies":"Maw","floor":38,"turns":6},{"damage":19,"enemies":"Nemesis","floor":40,"turns":7},{"damage":39,"enemies":"Giant Head","floor":42,"turns":7},{"damage":28,"enemies":"Nemesis","floor":47,"turns":9},{"damage":46,"enemies":"Transient","floor":48,"turns":5},{"damage":31,"enemies":"Awakened One","floor":50,"turns":8}],"seed_played":"-1238494667569525539","potions_obtained":[{"floor":1,"key":"FearPotion"},{"floor":12,"key":"Fire Potion"},{"floor":16,"key":"Strength Potion"},{"floor":23,"key":"Regen Potion"},{"floor":29,"key":"Dexterity Potion"},{"floor":42,"key":"BloodPotion"},{"floor":47,"key":"AttackPotion"}],"is_trial":false,"path_per_floor":["M","?","$","?","T","E","R","E","T","$","R","M","M","E","R","B",null,"M","?","$","M","?","E","R","E","T","R","?","M","M","?","R","B",null,"M","M","?","M","$","E","R","E","T","R","$","R","E","M","R","B",null],"character_chosen":"IRONCLAD","items_purchased":["Shockwave","Block Potion","Shrug It Off","Battle Trance","Uppercut","Disarm","SkillPotion"],"campfire_rested":3,"item_purchase_floors":[3,3,10,20,20,39,39],"current_hp_per_floor":[80,77,77,77,77,80,80,80,80,80,80,79,80,73,73,44,80,83,83,83,74,74,60,60,45,45,45,45,79,94,94,94,52,98,102,98,98,91,106,97,110,99,99,114,114,114,118,82,117,115],"gold":60,"neow_bonus":"THREE_ENEMY_KILL","is_daily":false,"chose_seed":false,"campfire_upgraded":6,"win_rate":0.0,"timestamp":1610278990,"path_taken":["M","?","$","?","?","E","R","E","T","?","R","M","M","E","R","BOSS","M","?","$","M","?","E","R","E","T","R","?","M","?","?","R","BOSS","M","M","?","M","$","E","R","E","T","R","$","R","E","M","R","BOSS"],"items_purchased_type":["Card","Potion","Card","Card","Card","Card","Potion"],"build_version":"2020-12-22","purchased_purges":3,"victory":true,"max_hp_per_floor":[80,80,80,80,80,80,80,80,80,80,80,80,80,80,80,80,80,83,83,83,83,83,86,86,86,86,86,86,90,94,94,94,98,98,102,106,106,106,106,110,110,114,114,114,114,114,118,118,118,122],"relic_stats":{"Blood Vial":14,"Centennial Puzzle":[30],"Nunchaku":[5],"counters":[22,116],"Mummified Hand":[23],"MealTicket":15,"Bag of Preparation":[40],"obtain_stats":[{"Lantern":14,"NeowsBlessing":0,"SacredBark":17,"Vajra":2,"Thread and Needle":47,"Bag of Preparation":6,"Ancient Tea Set":40,"Burning Blood":0,"Blood Vial":9,"Centennial Puzzle":23,"Nunchaku":43,"Mummified Hand":25,"MealTicket":5,"Fusion Hammer":34,"Bag of Marbles":26,"Toy Ornithopter":8,"Unceasing Top":42},{"Lantern":6,"NeowsBlessing":0,"SacredBark":7,"Vajra":1,"Thread and Needle":20,"Bag of Preparation":2,"Ancient Tea Set":18,"Burning Blood":0,"Blood Vial":3,"Centennial Puzzle":10,"Nunchaku":19,"Mummified Hand":11,"MealTicket":1,"Fusion Hammer":14,"Bag of Marbles":11,"Toy Ornithopter":3,"Unceasing Top":19},{"Lantern":17,"NeowsBlessing":0,"SacredBark":27,"Vajra":1,"Thread and Needle":103,"Bag of Preparation":3,"Ancient Tea Set":87,"Burning Blood":0,"Blood Vial":4,"Centennial Puzzle":40,"Nunchaku":94,"Mummified Hand":48,"MealTicket":1,"Fusion Hammer":68,"Bag of Marbles":48,"Toy Ornithopter":4,"Unceasing Top":94}],"Burning Blood":97,"Toy Ornithopter":30,"Unceasing Top":[1]},"card_choices":[{"not_picked":["Entrench","Clash"],"picked":"Body Slam","floor":1},{"not_picked":["Bloodletting","Searing Blow","Fire Breathing"],"picked":"SKIP","floor":6},{"not_picked":["Blood for Blood","Rampage"],"picked":"Reaper","floor":8},{"not_picked":["Flex","Iron Wave"],"picked":"Inflame","floor":12},{"not_picked":["Wild Strike","Metallicize","Whirlwind"],"picked":"SKIP","floor":13},{"not_picked":["Perfected Strike","Warcry"],"picked":"Pommel Strike","floor":14},{"not_picked":["Double Tap","Immolate"],"picked":"Feed","floor":16},{"not_picked":["Rupture","Warcry"],"picked":"Headbutt","floor":18},{"not_picked":["Intimidate+1","Iron Wave+1"],"picked":"Cleave+1","floor":21},{"not_picked":["Cleave","Iron Wave+1","Wild Strike"],"picked":"SKIP","floor":23},{"not_picked":["Perfected Strike+1","Body Slam","Heavy Blade"],"picked":"SKIP","floor":25},{"not_picked":["Clothesline","Heavy Blade"],"picked":"Shrug It Off","floor":29},{"not_picked":["Uppercut","Thunderclap","Sword Boomerang"],"picked":"SKIP","floor":30},{"not_picked":["Reaper","Double Tap"],"picked":"Brutality","floor":33},{"not_picked":["Rage","Clash"],"picked":"Battle Trance+1","floor":35},{"not_picked":["Blood for Blood+1","Twin Strike+1","Body Slam+1"],"picked":"SKIP","floor":36},{"not_picked":["Evolve+1","Searing Blow+1","Body Slam+1"],"picked":"SKIP","floor":38},{"not_picked":["Inflame","Anger","Pommel Strike+1"],"picked":"SKIP","floor":40},{"not_picked":["Armaments","Headbutt"],"picked":"Ghostly Armor+1","floor":42},{"not_picked":["Dual Wield","Fire Breathing+1","Rupture+1"],"picked":"SKIP","floor":47},{"not_picked":["Clothesline+1","Battle Trance+1","Entrench+1"],"picked":"SKIP","floor":48}],"player_experience":31068,"relics_obtained":[{"floor":5,"key":"MealTicket"},{"floor":6,"key":"Bag of Preparation"},{"floor":8,"key":"Toy Ornithopter"},{"floor":9,"key":"Blood Vial"},{"floor":14,"key":"Lantern"},{"floor":23,"key":"Centennial Puzzle"},{"floor":25,"key":"Mummified Hand"},{"floor":26,"key":"Bag of Marbles"},{"floor":40,"key":"Ancient Tea Set"},{"floor":42,"key":"Unceasing Top"},{"floor":43,"key":"Nunchaku"},{"floor":47,"key":"Thread and Needle"}],"event_choices":[{"damage_healed":0,"gold_gain":0,"player_choice":"Success","damage_taken":3,"relics_obtained":["Vajra"],"max_hp_gain":0,"max_hp_loss":0,"event_name":"Scrap Ooze","floor":2,"gold_loss":0},{"damage_healed":0,"gold_gain":0,"player_choice":"Ignored","damage_taken":0,"max_hp_gain":0,"max_hp_loss":0,"event_name":"Liars Game","floor":4,"gold_loss":0},{"damage_healed":0,"gold_gain":0,"player_choice":"Obtain J.A.X.","damage_taken":0,"max_hp_gain":0,"max_hp_loss":0,"event_name":"Drug Dealer","floor":19,"gold_loss":0,"cards_obtained":["J.A.X."]},{"damage_healed":0,"gold_gain":0,"player_choice":"Ignored","damage_taken":0,"max_hp_gain":0,"max_hp_loss":0,"event_name":"The Mausoleum","floor":22,"gold_loss":0},{"cards_removed":["Strike_R"],"damage_healed":0,"gold_gain":0,"player_choice":"Purged","damage_taken":0,"max_hp_gain":0,"max_hp_loss":0,"event_name":"Purifier","floor":28,"gold_loss":0},{"damage_healed":0,"gold_gain":0,"player_choice":"Read","damage_taken":0,"max_hp_gain":0,"max_hp_loss":0,"event_name":"The Library","floor":31,"gold_loss":0,"cards_obtained":["Offering"]},{"damage_healed":0,"gold_gain":0,"player_choice":"Ignored","damage_taken":0,"max_hp_gain":0,"max_hp_loss":0,"event_name":"Tomb of Lord Red Mask","floor":37,"gold_loss":0}],"is_beta":false,"boss_relics":[{"not_picked":["Runic Dome","Mark of Pain"],"picked":"SacredBark"},{"not_picked":["Busted Crown","SlaversCollar"],"picked":"Fusion Hammer"}],"items_purged_floors":[20,39,45],"is_endless":false,"potions_floor_spawned":[1,12,14,16,23,29,42,47,48],"ascension_level":3}}