{"host":"g8a0qo0vjtg6u5wv","time":1610285395,"event":{"mods":["BaseMod","Colored Map","Custom Start","KOR Keyword Fix","Minty Spire (QoL Compilation)","StSLib","SuperFastMode"],"gold_per_floor":[110,110,35,50,65,65,100,100,100,100,111,61,85,104,104,200,200,211,136,136,171,185,185,5,30,84,84,44,64,96,96,96,195,195,207,207,221,240,462,462,496,458,482,528,528,553,553,566,566,566],"floor_reached":51,"playtime":1713,"items_purged":["Strike_P","Defend_P"],"score":1157,"play_id":"dac39bec-3f71-4eb6-936a-d3b6ee2bc2bf","local_time":"20210110222955","is_ascension_mode":true,"campfire_choices":[{"data":"Eruption","floor":6.0,"key":"SMITH"},{"data":"Adaptation","floor":8.0,"key":"SMITH"},{"data":"SashWhip","floor":10.0,"key":"SMITH"},{"data":"ClearTheMind","floor":15.0,"key":"SMITH"},{"data":"Worship","floor":23.0,"key":"SMITH"},{"data":"Omniscience","floor":32.0,"key":"SMITH"},{"data":"MentalFortress","floor":40.0,"key":"SMITH"},{"data":"Vault","floor":45,"key":"SMITH"},{"data":"Tantrum","floor":49,"key":"SMITH"}],"circlet_count":0,"master_deck":["Eruption+1","Vigilance","EmptyMind","Adaptation+1","SashWhip+1","DeceiveReality","ClearTheMind+1","FlurryOfBlows","Scrawl+1","ForeignInfluence+1","Worship+1","Tantrum+1","Halt+1","Omniscience+1","Vault+1","EmptyBody","MentalFortress+1","WheelKick+1","FearNoEvil"],"relics":["PureWater","Meat on the Bone","Gremlin Horn","Odd Mushroom","Coffee Dripper","Red Mask","Sundial","Juzu Bracelet","CaptainsWheel","Pantograph","Nilry\u0027s Codex","Empty Cage","Orichalcum","Prayer Wheel","Bag of Preparation"],"acts_visited":["Exordium","TheCity","TheBeyond"],"potions_floor_usage":[50,50],"damage_taken":[{"damage":0.0,"enemies":"Jaw Worm","floor":1.0,"turns":3.0},{"damage":0.0,"enemies":"Small Slimes","floor":4.0,"turns":3.0},{"damage":13.0,"enemies":"2 Louse","floor":5.0,"turns":4.0},{"damage":14.0,"enemies":"Lagavulin","floor":7.0,"turns":6.0},{"damage":10.0,"enemies":"Looter","floor":11.0,"turns":3.0},{"damage":0.0,"enemies":"The Mushroom Lair","floor":13.0,"turns":3.0},{"damage":0.0,"enemies":"Large Slime","floor":14.0,"turns":2.0},{"damage":12.0,"enemies":"The Guardian","floor":16.0,"turns":14.0},{"damage":2.0,"enemies":"Chosen","floor":18.0,"turns":2.0},{"damage":0.0,"enemies":"Masked Bandits","floor":21.0,"turns":2.0},{"damage":0.0,"enemies":"2 Thieves","floor":22.0,"turns":2.0},{"damage":17.0,"enemies":"Book of Stabbing","floor":25.0,"turns":3.0},{"damage":0.0,"enemies":"3 Cultists","floor":29.0,"turns":2.0},{"damage":0.0,"enemies":"Gremlin Leader","floor":30.0,"turns":1.0},{"damage":5.0,"enemies":"Automaton","floor":33.0,"turns":5.0},{"damage":0.0,"enemies":"3 Shapes","floor":35.0,"turns":2.0},{"damage":3.0,"enemies":"Orb Walker","floor":37.0,"turns":3.0},{"damage":0.0,"enemies":"Sphere and 2 Shapes","floor":38.0,"turns":4.0},{"damage":0.0,"enemies":"Nemesis","floor":41.0,"turns":4.0},{"damage":0,"enemies":"2 Orb Walkers","floor":44,"turns":3},{"damage":0,"enemies":"Giant Head","floor":46,"turns":5},{"damage":0,"enemies":"Maw","floor":48,"turns":5},{"damage":0,"enemies":"Donu and Deca","floor":50,"turns":7}],"seed_played":"6330793017554943065","potions_obtained":[{"floor":4.0,"key":"DistilledChaos"},{"floor":5.0,"key":"SkillPotion"},{"floor":11.0,"key":"Explosive Potion"},{"floor":13.0,"key":"BottledMiracle"},{"floor":18.0,"key":"Ambrosia"},{"floor":21.0,"key":"Weak Potion"},{"floor":37.0,"key":"Block Potion"}],"is_trial":false,"path_per_floor":["M","?","$","M","M","R","E","R","T","R","M","?","?","M","R","B",null,"M","?","?","?","M","R","$","E","T","T","?","M","E","?","R","B",null,"M","?","M","M","?","R","E","$","T","?","R","E","?","M","R","B",null],"character_chosen":"WATCHER","items_purchased":["Tantrum","FearNoEvil"],"campfire_rested":0,"item_purchase_floors":[24,42],"current_hp_per_floor":[72,65,65,65,52,52,38,38,38,38,40,40,40,40,40,40,72,70,70,70,70,70,70,70,53,53,53,53,53,53,37,37,57,72,72,72,69,69,69,69,69,69,69,69,69,69,68,68,68,68],"gold":566,"neow_bonus":"REMOVE_CARD","is_daily":false,"chose_seed":false,"campfire_upgraded":9,"win_rate":0.0,"timestamp":1610285395,"path_taken":["M","?","$","M","M","R","E","R","T","R","M","?","?","M","R","BOSS","M","?","?","?","M","R","$","E","T","?","?","M","E","?","R","BOSS","M","?","M","M","?","R","E","$","T","?","R","E","?","M","R","BOSS"],"items_purchased_type":["Card","Card"],"build_version":"2020-12-22","purchased_purges":2,"victory":true,"max_hp_per_floor":[72,72,72,72,72,72,72,72,72,72,72,72,72,72,72,72,72,72,72,72,72,72,72,72,72,72,72,72,72,72,72,72,72,72,72,72,72,72,72,72,72,72,72,72,72,72,68,68,68,68],"card_choices":[{"not_picked":["ClearTheMind","Evaluate"],"picked":"EmptyMind","floor":1.0},{"not_picked":["Nirvana","InnerPeace"],"picked":"Adaptation","floor":4.0},{"not_picked":["Consecrate","Crescendo"],"picked":"SashWhip","floor":5.0},{"not_picked":["BowlingBash","WaveOfTheHand"],"picked":"DeceiveReality","floor":7.0},{"not_picked":["BowlingBash","Consecrate"],"picked":"ClearTheMind","floor":11.0},{"not_picked":["Nirvana","JustLucky"],"picked":"FlurryOfBlows","floor":13.0},{"not_picked":["SashWhip","EmptyBody"],"picked":"EmptyFist","floor":14.0},{"not_picked":["Ragnarok","Alpha"],"picked":"Scrawl","floor":16.0},{"not_picked":["ThirdEye+1","Pray+1"],"picked":"ForeignInfluence+1","floor":18.0},{"not_picked":["ClearTheMind","Protect"],"picked":"Worship","floor":21.0},{"not_picked":["Weave","SandsOfTime"],"picked":"FlurryOfBlows","floor":22.0},{"not_picked":["SashWhip","DeceiveReality"],"picked":"Halt+1","floor":25.0},{"not_picked":["FollowUp+1","EmptyBody","FlyingSleeves"],"picked":"SKIP","floor":29.0},{"not_picked":["CutThroughFate","Perseverance"],"picked":"Omniscience","floor":30.0},{"not_picked":["Establishment","Devotion"],"picked":"Vault","floor":33.0},{"not_picked":["FlurryOfBlows","EmptyFist"],"picked":"EmptyBody","floor":35.0},{"not_picked":["Meditate+1","Worship+1"],"picked":"MentalFortress","floor":37.0},{"not_picked":["SashWhip+1","BattleHymn","Swivel+1"],"picked":"SKIP","floor":38.0},{"not_picked":["Wish","Meditate+1"],"picked":"WheelKick+1","floor":41.0},{"not_picked":["Perseverance","CutThroughFate","SashWhip"],"picked":"SKIP","floor":46},{"not_picked":["Evaluate","FlyingSleeves","EmptyBody"],"picked":"SKIP","floor":48},{"not_picked":["ClearTheMind+1","WindmillStrike","Wireheading"],"picked":"SKIP","floor":48}],"player_experience":560579,"relics_obtained":[{"floor":7.0,"key":"Meat on the Bone"},{"floor":9.0,"key":"Gremlin Horn"},{"floor":13.0,"key":"Odd Mushroom"},{"floor":21.0,"key":"Red Mask"},{"floor":25.0,"key":"Sundial"},{"floor":26.0,"key":"Juzu Bracelet"},{"floor":27.0,"key":"CaptainsWheel"},{"floor":30.0,"key":"Pantograph"},{"floor":31.0,"key":"Nilry\u0027s Codex"},{"floor":41.0,"key":"Orichalcum"},{"floor":44,"key":"Prayer Wheel"},{"floor":46,"key":"Bag of Preparation"}],"event_choices":[{"cards_removed":["Defend_P"],"damage_healed":0.0,"max_hp_gain":0.0,"max_hp_loss":0.0,"gold_gain":0.0,"event_name":"Golden Wing","player_choice":"Card Removal","floor":2.0,"gold_loss":0.0,"damage_taken":7.0},{"cards_removed":["Defend_P"],"damage_healed":0.0,"max_hp_gain":0.0,"max_hp_loss":0.0,"gold_gain":0.0,"event_name":"The Cleric","player_choice":"Card Removal","floor":12.0,"gold_loss":50.0,"damage_taken":0.0},{"damage_healed":0.0,"max_hp_gain":0.0,"max_hp_loss":0.0,"gold_gain":0.0,"event_name":"Mushrooms","player_choice":"Fought Mushrooms","floor":13.0,"gold_loss":0.0,"damage_taken":0.0},{"cards_removed":["Strike_P"],"damage_healed":0.0,"max_hp_gain":0.0,"max_hp_loss":0.0,"gold_gain":0.0,"event_name":"Beggar","player_choice":"Gave Gold","floor":19.0,"gold_loss":75.0,"damage_taken":0.0},{"cards_removed":["Strike_P"],"damage_healed":0.0,"max_hp_gain":0.0,"max_hp_loss":0.0,"gold_gain":0.0,"event_name":"Back to Basics","player_choice":"Elegance","floor":20.0,"gold_loss":0.0,"damage_taken":0.0},{"damage_healed":0.0,"max_hp_gain":0.0,"max_hp_loss":0.0,"gold_gain":0.0,"event_name":"Masked Bandits","player_choice":"Fought Bandits","floor":21.0,"gold_loss":0.0,"damage_taken":0.0},{"damage_healed":0.0,"max_hp_gain":0.0,"max_hp_loss":0.0,"gold_gain":0.0,"event_name":"Designer","player_choice":"Upgrade","floor":28.0,"gold_loss":40.0,"damage_taken":0.0,"cards_upgraded":["Scrawl"]},{"damage_healed":0.0,"max_hp_gain":0.0,"max_hp_loss":0.0,"gold_gain":0.0,"event_name":"Cursed Tome","player_choice":"Obtained Book","floor":31.0,"gold_loss":0.0,"damage_taken":16.0},{"cards_removed":["FlurryOfBlows"],"damage_healed":0.0,"max_hp_gain":0.0,"max_hp_loss":0.0,"gold_gain":0.0,"event_name":"Falling","player_choice":"Removed Attack","floor":36.0,"gold_loss":0.0,"damage_taken":0.0},{"damage_healed":0.0,"max_hp_gain":0.0,"max_hp_loss":0.0,"gold_gain":222.0,"event_name":"Tomb of Lord Red Mask","player_choice":"Wore Mask","floor":39.0,"gold_loss":0.0,"damage_taken":0.0},{"damage_healed":0,"gold_gain":0,"player_choice":"Fight","damage_taken":0,"max_hp_gain":0,"max_hp_loss":0,"event_name":"Mysterious Sphere","floor":44,"gold_loss":0},{"damage_healed":0,"gold_gain":0,"player_choice":"Max HP","damage_taken":0,"max_hp_gain":0,"max_hp_loss":4,"event_name":"Winding Halls","floor":47,"gold_loss":0}],"is_beta":false,"boss_relics":[{"not_picked":["Tiny House","Sozu"],"picked":"Coffee Dripper"},{"not_picked":["HolyWater","Black Star"],"picked":"Empty Cage"}],"items_purged_floors":[3,24],"is_endless":false,"potions_floor_spawned":[4,5,11,13,18,21,37,41,48],"ascension_level":4}}