{"host":"56ghxnzsglgdq727","time":1610299492,"event":{"mods":["AchievementEnabler","BaseMod","Downfall","Duelist Mod","Minty Spire (QoL Compilation)","Rare Cards Sparkle","StSLib","The Bug Knight","The Exalted","The Senshi","The Wild Card"],"gold_per_floor":[140,140,150,150,73,73,73,99,124,124,140,140,152,39,39,135,135,147,147,166,85,85,110,20,49,49,60,60,60,73,86,86,189,189,205,205,220,270,270],"floor_reached":38,"playtime":1589,"items_purged":["theDuelist:CastleWalls"],"score":512,"play_id":"f902e85e-2257-4a70-8d4b-0802ebc4c215","local_time":"20210110122452","is_ascension_mode":false,"campfire_choices":[{"data":"theDuelist:ConvulsionNature","floor":7,"key":"SMITH"},{"data":"theDuelist:NaturiaSacredTree","floor":12,"key":"SMITH"},{"data":"theDuelist:NaturiaSacredTree","floor":15,"key":"SMITH"},{"floor":29,"key":"REST"},{"floor":32,"key":"REST"}],"circlet_count":0,"master_deck":["theDuelist:NaturiaRock","theDuelist:CastleWalls","theDuelist:Sparks+1","theDuelist:NaturiaTulip+1","theDuelist:NaturiaCliff","theDuelist:NaturiaSacredTree+1","theDuelist:ShardGreed","theDuelist:NaturiaBeast","theDuelist:Sparks","theDuelist:NaturiaVein","theDuelist:NaturiaRagweed+1","theDuelist:WildNatureRelease+1","theDuelist:CastleWalls+1","theDuelist:ConvulsionNature+1","theDuelist:NaturiaSacredTree+1","theDuelist:RedMedicine","theDuelist:NaturiaForest","theDuelist:SeismicShockwave+1","theDuelist:WildNatureRelease+1","theDuelist:MillenniumShield"],"relics":["theDuelist:MillenniumPuzzle","theDuelist:CardPoolRelic","theDuelist:CardPoolBasicRelic","theDuelist:BoosterPackPoolRelic","theDuelist:CardPoolAddRelic","theDuelist:CardPoolMinusRelic","theDuelist:CardPoolSaveRelic","theDuelist:CardPoolOptionsRelic","theDuelist:BoosterExtraAllRaresRelic","theDuelist:DuelistTeaSet","War Paint","Boot","Sozu","Bromod:ArcaneMomentum","theDuelist:SummonAnchorRare","Bromod:ArcaneNullifier","Strawberry","Black Star"],"acts_visited":["Exordium","TheCity","TheBeyond"],"potions_floor_usage":[18,20],"damage_taken":[{"damage":3,"enemies":"Cultist","floor":1,"turns":4},{"damage":4,"enemies":"2 Louse","floor":3,"turns":2},{"damage":18,"enemies":"3 Sentries","floor":8,"turns":5},{"damage":3,"enemies":"Jaw Worm","floor":11,"turns":2},{"damage":0,"enemies":"Large Slime","floor":13,"turns":4},{"damage":0,"enemies":"Slime Boss","floor":16,"turns":5},{"damage":12,"enemies":"Chosen","floor":18,"turns":4},{"damage":15,"enemies":"2 Thieves","floor":20,"turns":4},{"damage":18,"enemies":"Gremlin Leader","floor":23,"turns":5},{"damage":19,"enemies":"theDuelist:KaibaA2","floor":25,"turns":5},{"damage":19,"enemies":"Snake Plant","floor":27,"turns":3},{"damage":22,"enemies":"Centurion and Healer","floor":30,"turns":5},{"damage":5,"enemies":"Chosen and Byrds","floor":31,"turns":4},{"damage":48,"enemies":"Champ","floor":33,"turns":9},{"damage":28,"enemies":"Orb Walker","floor":35,"turns":3},{"damage":44,"enemies":"3 Shapes","floor":37,"turns":3},{"damage":56,"enemies":"Maw","floor":38,"turns":7}],"seed_played":"-6476575263116242177","potions_obtained":[{"floor":11,"key":"Explosive Potion"},{"floor":16,"key":"theDuelist:ElectricBrew"}],"is_trial":false,"path_per_floor":["M","T","M","?","$","?","R","E","T","?","M","R","M","$","R","B",null,"M","?","M","$","?","E","?","E","T","M","?","R","M","M","R","B",null,"M","?","M","M"],"character_chosen":"THE_DUELIST","items_purchased":["theDuelist:ConvulsionNature","theDuelist:NaturiaSacredTree","theDuelist:ShardGreed"],"campfire_rested":2,"item_purchase_floors":[5,14,21],"current_hp_per_floor":[77,77,73,61,61,80,80,62,62,99,96,96,96,96,96,96,99,89,89,74,74,74,56,56,37,44,25,25,57,35,30,62,14,108,80,80,36,0,0],"gold":270,"neow_bonus":"RANDOM_COLORLESS","is_daily":false,"chose_seed":false,"campfire_upgraded":3,"win_rate":0.0,"timestamp":1610299492,"path_taken":["M","?","?","?","?","?","R","E","T","?","?","R","M","$","R","BOSS","M","?","M","?","?","E","?","E","T","?","?","R","M","M","R","BOSS","M","?","?","M"],"items_purchased_type":["Card","Card","Card"],"build_version":"2020-12-22","purchased_purges":1,"victory":false,"max_hp_per_floor":[80,80,80,80,80,99,99,99,99,99,99,99,99,99,99,99,99,101,101,101,101,101,101,101,101,108,108,108,108,108,108,108,108,108,108,108,108,108,108],"card_choices":[{"not_picked":["theDuelist:FuryFire+1","theDuelist:AcidTrapHole+1"],"picked":"theDuelist:WildNatureRelease+1","floor":1},{"not_picked":["theDuelist:NaturiaEggplant","theDuelist:NaturiaAntjaw","theDuelist:NaturiaTulip","theDuelist:SummoningSwarm","theDuelist:NaturiaButterfly"],"picked":"SKIP","floor":3},{"not_picked":["theDuelist:NaturiaEggplant","theDuelist:NaturiaTulip","theDuelist:NaturiaStinkbug","theDuelist:SummoningSwarm","theDuelist:NaturiaCliff"],"picked":"SKIP","floor":8},{"not_picked":["theDuelist:FuryFire","theDuelist:SpacetimeTranscendence","theDuelist:ConvulsionNature","theDuelist:BarkionBark"],"picked":"theDuelist:NaturiaSacredTree","floor":11},{"not_picked":["theDuelist:GraniteLoyalist","theDuelist:GemArmadillo","theDuelist:HaneHane","theDuelist:MudragonSwamp"],"picked":"theDuelist:RedMedicine","floor":13},{"not_picked":["theDuelist:SeismicShockwave","theDuelist:NaturiaBarkion","theDuelist:Wildfire","theDuelist:HeartUnderdog"],"picked":"theDuelist:NaturiaVein","floor":16},{"not_picked":["theDuelist:AcidTrapHole","theDuelist:FossilExcavation","theDuelist:NaturiaRosewhip","theDuelist:AfterGenocide","theDuelist:NaturiaCherries"],"picked":"SKIP","floor":18},{"not_picked":["theDuelist:SeismicShockwave+1","theDuelist:NaturiaMosquito","theDuelist:NaturiaBeetle"],"picked":"SKIP","floor":20},{"not_picked":["theDuelist:NaturiaEggplant+1","theDuelist:NaturiaAntjaw","theDuelist:FossilDig","theDuelist:NaturiaHydrangea"],"picked":"theDuelist:NaturiaRagweed+1","floor":23},{"not_picked":["theDuelist:Mudora+1","theDuelist:PotDichotomy","theDuelist:GemElephant","theDuelist:CatapultZone+1","theDuelist:HeavyStorm"],"picked":"SKIP","floor":25},{"not_picked":["theDuelist:FuryFire","theDuelist:NaturiaGaiastrio+1","theDuelist:Alpacaribou"],"picked":"SKIP","floor":27},{"not_picked":["theDuelist:BigFire","theDuelist:Fissure+1","theDuelist:MillenniumGolem+1","theDuelist:DestroyerGolem","theDuelist:WingedKuriboh"],"picked":"SKIP","floor":30},{"not_picked":["theDuelist:NaturiaHydrangea","theDuelist:NaturiaEggplant","theDuelist:NaturiaDragonfly+1","theDuelist:NaturiaCliff","theDuelist:BrainCrusher+1"],"picked":"SKIP","floor":31},{"not_picked":["theDuelist:DemiseLand","theDuelist:HuntingInstinct","theDuelist:ClosedForest+1","theDuelist:NaturiaHorneedle+1"],"picked":"theDuelist:NaturiaForest","floor":33},{"not_picked":["theDuelist:NaturiaForest+1","theDuelist:NaturiaVein+1"],"picked":"theDuelist:SeismicShockwave+1","floor":35},{"not_picked":["theDuelist:MillenniumGolem+1","theDuelist:Terraforming+1","theDuelist:PotGenerosity","theDuelist:TheCreator+1"],"picked":"theDuelist:MillenniumShield","floor":37}],"player_experience":207354,"relics_obtained":[{"floor":2,"key":"theDuelist:BoosterExtraAllRaresRelic"},{"floor":8,"key":"War Paint"},{"floor":9,"key":"Boot"},{"floor":19,"key":"Bromod:ArcaneMomentum"},{"floor":23,"key":"theDuelist:SummonAnchorRare"},{"floor":25,"key":"Bromod:ArcaneNullifier"},{"floor":26,"key":"Strawberry"}],"event_choices":[{"damage_healed":0,"gold_gain":0,"player_choice":"Success","damage_taken":12,"relics_obtained":["theDuelist:DuelistTeaSet"],"max_hp_gain":0,"max_hp_loss":0,"event_name":"Scrap Ooze","floor":4,"gold_loss":0},{"total_magic_score":28,"gold_gain":0,"duelist":true,"damage_taken":0,"relics_obtained":[],"points":5,"max_hp_gain":19,"max_hp_loss":0,"spent_points":{"magic":0,"greed":0,"war":0,"power":0,"hunger":4},"event_name":"Nameless Tomb","hunger_reward":4,"floor":6,"gold_loss":0,"cards_obtained":[]},{"damage_healed":37,"gold_gain":0,"player_choice":"Full Heal","damage_taken":0,"max_hp_gain":0,"max_hp_loss":0,"event_name":"Wheel of Change","floor":10,"gold_loss":0},{"damage_healed":0,"gold_gain":0,"player_choice":"Relic","damage_taken":0,"max_hp_gain":0,"max_hp_loss":0,"event_name":"Wheel of Change","floor":19,"gold_loss":0},{"cards_removed":["theDuelist:Sparks"],"damage_healed":0,"gold_gain":0,"player_choice":"Upgrade and Remove","damage_taken":0,"max_hp_gain":0,"max_hp_loss":0,"event_name":"Designer","floor":24,"gold_loss":90,"cards_upgraded":["theDuelist:Sparks"]},{"damage_healed":0,"gold_gain":0,"player_choice":"Leave","duelist":true,"damage_taken":0,"max_hp_gain":0,"max_hp_loss":0,"event_name":"Egyptian Village","floor":28,"gold_loss":0},{"damage_healed":0,"gold_gain":0,"player_choice":"Copied","damage_taken":0,"max_hp_gain":0,"max_hp_loss":0,"event_name":"Duplicator","floor":36,"gold_loss":0,"cards_obtained":["theDuelist:WildNatureRelease"]}],"is_beta":false,"boss_relics":[{"not_picked":["Snecko Eye","Runic Cube"],"picked":"Sozu"},{"not_picked":["theDuelist:MillenniumKey","Cursed Key"],"picked":"Black Star"}],"items_purged_floors":[14],"is_endless":false,"potions_floor_spawned":[11,16,18,23,27,33,37],"killed_by":"Maw","ascension_level":0}}