{"host":"n43wxkei7kulhi8o","time":1610249086,"event":{"mods":["BaseMod","Bestiary","Block Reminder","Colored Map","Curses Come First","Custom Start","Highlight Path","Minty Spire (QoL Compilation)","Quick Restart","Relic Stats","StSLib","The Exalted"],"gold_per_floor":[115,9,22,22,197,225,71,71,71,71,89,89,118,135,135,233,233,244,159,178,194,208,208,225,324,392,392,405,415,130,130,130,227,227,247,26,76,76,89,89,100,100,100,100,100,119,152,229,229,229],"floor_reached":51,"playtime":1904,"items_purged":["Doubt","Shame"],"score":835,"play_id":"60ac84ba-efa0-4394-a159-a6c49d0510d9","local_time":"20210109222446","is_ascension_mode":false,"campfire_choices":[{"data":"Blizzard","floor":8,"key":"SMITH"},{"data":"Dualcast","floor":10,"key":"SMITH"},{"data":"Defragment","floor":15,"key":"SMITH"},{"data":"Capacitor","floor":23,"key":"SMITH"},{"data":"Coolheaded","floor":27,"key":"SMITH"},{"data":"Redo","floor":32,"key":"SMITH"},{"data":"Defragment","floor":40,"key":"SMITH"},{"data":"Coolheaded","floor":42,"key":"SMITH"},{"data":"Glacier","floor":45,"key":"SMITH"},{"floor":49,"key":"REST"}],"circlet_count":0,"master_deck":["Strike_B","Strike_B","Strike_B","Strike_B","Defend_B","Defend_B","Defend_B","Zap","Dualcast+1","Cold Snap","Blizzard+1","Doom and Gloom","Cold Snap","Capacitor+1","Coolheaded+1","Defragment+1","Core Surge","Chill","Glacier+1","Conserve Battery+1","Redo+1","Melter","Capacitor","Defragment+1","Reinforced Body","Defragment+1","Coolheaded+1","Decay"],"relics":["FrozenCore","NeowsBlessing","Bag of Preparation","Boot","Mummified Hand","Juzu Bracelet","Cursed Key","TungstenRod","InkBottle","Sling","Vajra","StoneCalendar","Pear","Bottled Flame"],"acts_visited":["Exordium","TheCity","TheBeyond"],"potions_floor_usage":[16,21,50,50,50],"damage_taken":[{"damage":0,"enemies":"Cultist","floor":1,"turns":1},{"damage":0,"enemies":"Jaw Worm","floor":3,"turns":1},{"damage":0,"enemies":"3 Sentries","floor":6,"turns":1},{"damage":5,"enemies":"Small Slimes","floor":11,"turns":3},{"damage":16,"enemies":"Gremlin Nob","floor":13,"turns":5},{"damage":3,"enemies":"2 Fungi Beasts","floor":14,"turns":3},{"damage":20,"enemies":"Slime Boss","floor":16,"turns":9},{"damage":2,"enemies":"Chosen","floor":18,"turns":5},{"damage":0,"enemies":"3 Byrds","floor":20,"turns":4},{"damage":0,"enemies":"Snecko","floor":21,"turns":6},{"damage":0,"enemies":"Cultist and Chosen","floor":22,"turns":7},{"damage":0,"enemies":"Centurion and Healer","floor":24,"turns":8},{"damage":10,"enemies":"Snake Plant","floor":28,"turns":4},{"damage":10,"enemies":"Shelled Parasite and Fungi","floor":29,"turns":4},{"damage":0,"enemies":"Champ","floor":33,"turns":13},{"damage":0,"enemies":"3 Darklings","floor":35,"turns":5},{"damage":2,"enemies":"Mind Bloom Boss Battle","floor":37,"turns":7},{"damage":8,"enemies":"3 Shapes","floor":39,"turns":6},{"damage":0,"enemies":"Spire Growth","floor":41,"turns":7},{"damage":0,"enemies":"Sphere and 2 Shapes","floor":46,"turns":7},{"damage":0,"enemies":"Reptomancer","floor":47,"turns":7},{"damage":0,"enemies":"Donu and Deca","floor":50,"turns":15}],"seed_played":"5910514506999720347","potions_obtained":[{"floor":6,"key":"Swift Potion"},{"floor":13,"key":"LiquidMemories"},{"floor":16,"key":"SkillPotion"},{"floor":21,"key":"EssenceOfSteel"},{"floor":22,"key":"Ancient Potion"},{"floor":28,"key":"Dexterity Potion"},{"floor":41,"key":"DuplicationPotion"}],"is_trial":false,"path_per_floor":["M","$","M","$","?","E","$","R","T","R","M","T","E","M","R","B",null,"M","?","M","M","M","R","M","?","T","R","M","M","$","?","R","B",null,"M","$","?","?","M","R","M","R","T","?","R","M","E","T","R","B",null],"character_chosen":"DEFECT","items_purchased":["Blizzard","Doom and Gloom","Capacitor","Sling","Capacitor","Defragment","Vajra"],"campfire_rested":1,"item_purchase_floors":[2,2,7,30,30,36,36],"current_hp_per_floor":[75,75,75,75,75,75,75,75,75,75,70,70,54,51,51,31,75,73,73,73,73,73,73,73,73,73,73,63,53,53,53,53,53,75,75,75,73,73,65,65,65,65,65,65,65,65,75,75,85,85],"gold":229,"neow_bonus":"THREE_ENEMY_KILL","is_daily":false,"chose_seed":false,"campfire_upgraded":9,"win_rate":0.0,"timestamp":1610249086,"path_taken":["M","?","M","$","?","E","?","R","T","R","M","?","E","M","R","BOSS","M","?","M","M","M","R","M","?","T","R","M","M","$","?","R","BOSS","M","?","?","?","M","R","M","R","T","?","R","M","E","?","R","BOSS"],"items_purchased_type":["Card","Card","Card","Relic","Card","Card","Relic"],"build_version":"2020-12-22","purchased_purges":2,"victory":true,"max_hp_per_floor":[75,75,75,75,75,75,75,75,75,75,75,75,75,75,75,75,75,75,75,75,75,75,75,75,75,75,75,75,75,75,75,75,75,75,75,75,75,75,75,75,75,75,75,75,75,75,85,85,85,85],"relic_stats":{"counters":[22,128],"Mummified Hand":[57],"StoneCalendar":[132],"Bag of Preparation":[38],"Juzu Bracelet":2,"Boot":[34],"Cursed Key":2,"obtain_stats":[{"Pear":47,"NeowsBlessing":0,"Vajra":36,"StoneCalendar":37,"Bag of Preparation":6,"Juzu Bracelet":13,"Boot":9,"Cursed Key":17,"Sling":30,"FrozenCore":34,"Bottled Flame":48,"Mummified Hand":12,"Cracked Core":0,"TungstenRod":19,"InkBottle":26},{"Pear":21,"NeowsBlessing":0,"Vajra":16,"StoneCalendar":17,"Bag of Preparation":3,"Juzu Bracelet":5,"Boot":3,"Cursed Key":7,"Sling":14,"FrozenCore":15,"Bottled Flame":21,"Mummified Hand":4,"Cracked Core":0,"TungstenRod":8,"InkBottle":12},{"Pear":113,"NeowsBlessing":0,"Vajra":79,"StoneCalendar":86,"Bag of Preparation":3,"Juzu Bracelet":11,"Boot":3,"Cursed Key":23,"Sling":61,"FrozenCore":74,"Bottled Flame":113,"Mummified Hand":6,"Cracked Core":0,"TungstenRod":28,"InkBottle":53}],"TungstenRod":13,"InkBottle":[32],"FrozenCore":[20]},"card_choices":[{"not_picked":["Redo","Go for the Eyes"],"picked":"Cold Snap","floor":1},{"not_picked":["Force Field","Static Discharge","Aggregate"],"picked":"SKIP","floor":3},{"not_picked":["Rebound","Leap"],"picked":"Cold Snap","floor":6},{"not_picked":["Thunder Strike","Lockon"],"picked":"Coolheaded","floor":11},{"not_picked":["Go for the Eyes","Self Repair","Static Discharge"],"picked":"SKIP","floor":13},{"not_picked":["Doom and Gloom","Stack"],"picked":"Defragment","floor":14},{"not_picked":["Fission","Hyperbeam"],"picked":"Core Surge","floor":16},{"not_picked":["Stack","Chaos+1"],"picked":"Chill","floor":18},{"not_picked":["Lockon+1","Gash"],"picked":"Glacier","floor":20},{"not_picked":["Streamline+1","Barrage"],"picked":"Conserve Battery+1","floor":21},{"not_picked":["Go for the Eyes","Turbo+1","Rebound"],"picked":"SKIP","floor":22},{"not_picked":["Beam Cell+1","Compile Driver"],"picked":"Redo","floor":24},{"not_picked":["Double Energy","Force Field+1"],"picked":"Melter","floor":28},{"not_picked":["Conserve Battery","BootSequence","Leap"],"picked":"SKIP","floor":29},{"not_picked":["Lockon","Leap"],"picked":"Reinforced Body","floor":35},{"not_picked":["Beam Cell+1","Leap"],"picked":"Coolheaded","floor":37},{"not_picked":["Stack+1","Coolheaded+1","Barrage+1"],"picked":"SKIP","floor":39},{"not_picked":["Hologram","Steam","Lockon+1"],"picked":"SKIP","floor":41},{"not_picked":["Barrage","Auto Shields","Stack"],"picked":"SKIP","floor":46},{"not_picked":["Barrage","Auto Shields","Stack"],"picked":"SKIP","floor":46},{"not_picked":["Reprogram+1","Fusion+1","Turbo"],"picked":"SKIP","floor":47}],"player_experience":643952,"relics_obtained":[{"floor":6,"key":"Bag of Preparation"},{"floor":9,"key":"Boot"},{"floor":12,"key":"Mummified Hand"},{"floor":13,"key":"Juzu Bracelet"},{"floor":26,"key":"InkBottle"},{"floor":37,"key":"StoneCalendar"},{"floor":47,"key":"Pear"},{"floor":48,"key":"Bottled Flame"}],"event_choices":[{"damage_healed":0,"gold_gain":175,"player_choice":"AGREE","damage_taken":0,"max_hp_gain":0,"max_hp_loss":0,"event_name":"Liars Game","floor":5,"gold_loss":0,"cards_obtained":["Doubt"]},{"damage_healed":0,"gold_gain":0,"player_choice":"Obtained Relic","damage_taken":0,"relics_obtained":["TungstenRod"],"max_hp_gain":0,"max_hp_loss":0,"event_name":"Addict","floor":19,"gold_loss":85},{"damage_healed":0,"gold_gain":99,"player_choice":"Stole From Cult","damage_taken":0,"max_hp_gain":0,"max_hp_loss":0,"event_name":"Nest","floor":25,"gold_loss":0},{"damage_healed":0,"gold_gain":0,"player_choice":"Copied","damage_taken":0,"max_hp_gain":0,"max_hp_loss":0,"event_name":"Duplicator","floor":31,"gold_loss":0,"cards_obtained":["Defragment"]},{"damage_healed":0,"gold_gain":0,"player_choice":"Fight","damage_taken":0,"max_hp_gain":0,"max_hp_loss":0,"event_name":"MindBloom","floor":37,"gold_loss":0},{"damage_healed":0,"gold_gain":0,"player_choice":"Ignored","damage_taken":0,"max_hp_gain":0,"max_hp_loss":0,"event_name":"Tomb of Lord Red Mask","floor":38,"gold_loss":0},{"cards_removed":["Defend_B"],"damage_healed":0,"gold_gain":0,"player_choice":"Removed Skill","damage_taken":0,"max_hp_gain":0,"max_hp_loss":0,"event_name":"Falling","floor":44,"gold_loss":0}],"is_beta":false,"boss_relics":[{"not_picked":["Bromod:ArcaneBarrier","Fusion Hammer"],"picked":"Cursed Key"},{"not_picked":["SacredBark","Calling Bell"],"picked":"FrozenCore"}],"items_purged_floors":[7,30],"is_endless":false,"potions_floor_spawned":[6,13,16,21,22,24,28,37,41],"ascension_level":0}}