{"host":"tmzq6unyecs2p367","time":1610315815,"event":{"mods":["BaseMod","Koishi","Minty Spire (QoL Compilation)","StSLib","The Bug Knight","The Dragon Tamer","The Juggle","The Senshi"],"gold_per_floor":[109,109,121,132,132,172,53,53,53,73,73,93,112,151,151,280,280,293,307,332,431,46,46,87,87,114,29,56,56,56,91,91,212,212,325,285,398,508,622,622,622,622,622,93,232,346,346,471,471,471,471,471],"floor_reached":50,"playtime":2563,"items_purged":["Writhe"],"score":788,"play_id":"ef8c4ab4-5d76-4426-a0a0-86015d7601ab","local_time":"20210110225655","is_ascension_mode":true,"metric_token":531,"campfire_choices":[{"data":"DTMod:BuildUp","floor":8,"key":"SMITH"},{"floor":11,"key":"REST"},{"data":"DTMod:WarmUp","floor":15,"key":"SMITH"},{"data":"Mayhem","floor":23,"key":"SMITH"},{"data":"DTMod:Training","floor":25,"key":"SMITH"},{"data":"DTMod:CrossStep","floor":29,"key":"SMITH"},{"data":"DTMod:DragonDance","floor":32,"key":"SMITH"},{"data":"DTMod:HeatWave","floor":40,"key":"SMITH"},{"floor":49,"key":"REST"}],"dtmod_dragon_data":[0,50,3,4,10,3],"circlet_count":0,"master_deck":["DTMod:Strike","DTMod:Strike","DTMod:Strike","DTMod:Strike","DTMod:DoubleHit","DTMod:TargetDefense","DTMod:TargetDefense+1","DTMod:TargetDefense","DTMod:TargetDefense","DTMod:SwitchingTactic+1","DTMod:BreakAttack+1","DTMod:MagiciansMark+1","DTMod:InvisibleFlame","DTMod:InvisibleFlame","DTMod:MaximumCharge","DTMod:BuildUp+1","DTMod:Training+1","DTMod:QuickFly","DTMod:CrossStep+1","DTMod:WarmUp+1","DTMod:LightShield","CurseOfTheBell","DTMod:HeatWave+1","DTMod:DragonDance+1","Mayhem+1","DTMod:ForkedFire","DTMod:CalculatedDefense+1","DTMod:PurifyingFlame","DTMod:RunningTactic","DTMod:Safeguard+1","DTMod:ComboAttack+1","DTMod:BalancedStrike+1","DTMod:ComboAttack","Magnetism","DTMod:MagiciansMark+1","Parasite","DTMod:ComboAttack+1"],"relics":["DTMod:PactStone","War Paint","Golden Idol","theSenshi:SuperSailorFukuRelic","Matryoshka","DTMod:BasicTextbook","Calling Bell","Bag of Marbles","Mummified Hand","theSenshi:SpiralHeartMoonRodRelic","Membership Card","Orichalcum","MealTicket","Ancient Tea Set","Anchor","Oddly Smooth Stone","Blood Vial","Whetstone","Red Mask","SlaversCollar","TungstenRod","Singing Bowl","Thread and Needle","Orrery","Meat on the Bone"],"acts_visited":["Exordium","TheCity","TheBeyond"],"potions_floor_usage":[13,14,16,24,31,33,42,45,45,46,48,50],"damage_taken":[{"damage":0,"enemies":"2 Louse","floor":1,"turns":2},{"damage":0,"enemies":"Cultist","floor":3,"turns":3},{"damage":0,"enemies":"Jaw Worm","floor":4,"turns":2},{"damage":27,"enemies":"HollowMod:MossKnight","floor":6,"turns":9},{"damage":0,"enemies":"Exordium Wildlife","floor":10,"turns":3},{"damage":0,"enemies":"Large Slime","floor":12,"turns":2},{"damage":0,"enemies":"Looter","floor":13,"turns":2},{"damage":0,"enemies":"Gremlin Nob","floor":14,"turns":3},{"damage":0,"enemies":"Slime Boss","floor":16,"turns":4},{"damage":0,"enemies":"Chosen","floor":18,"turns":4},{"damage":0,"enemies":"3 Byrds","floor":19,"turns":6},{"damage":5,"enemies":"Cultist and Chosen","floor":20,"turns":6},{"damage":0,"enemies":"Slavers","floor":24,"turns":5},{"damage":0,"enemies":"Masked Bandits","floor":31,"turns":4},{"damage":1,"enemies":"Collector","floor":33,"turns":5},{"damage":5,"enemies":"3 Darklings","floor":35,"turns":5},{"damage":0,"enemies":"3 Shapes","floor":37,"turns":5},{"damage":0,"enemies":"3 Darklings","floor":38,"turns":5},{"damage":0,"enemies":"Jaw Worm Horde","floor":39,"turns":4},{"damage":0,"enemies":"Reptomancer","floor":42,"turns":2},{"damage":0,"enemies":"Sphere and 2 Shapes","floor":45,"turns":4},{"damage":0,"enemies":"Writhing Mass","floor":46,"turns":5},{"damage":0,"enemies":"Giant Head","floor":48,"turns":5},{"damage":66,"enemies":"Time Eater","floor":50,"turns":10}],"seed_played":"-8693274297170517491","potions_obtained":[{"floor":3,"key":"Block Potion"},{"floor":12,"key":"ColorlessPotion"},{"floor":14,"key":"FearPotion"},{"floor":19,"key":"SmokeBomb"},{"floor":20,"key":"DistilledChaos"},{"floor":33,"key":"GamblersBrew"},{"floor":35,"key":"Ancient Potion"},{"floor":46,"key":"SkillPotion"},{"floor":48,"key":"Fire Potion"}],"is_trial":false,"path_per_floor":["M","?","M","M","?","E","$","R","T","M","R","M","M","E","R","B",null,"M","M","M","?","$","R","E","R","T","?","T","R","?","?","R","B",null,"M","?","M","M","M","R","?","E","T","$","M","M","?","E","R","B"],"character_chosen":"THE_DT","items_purchased":["DTMod:MaximumCharge","DTMod:BuildUp","Membership Card","Mayhem","Orichalcum","DTMod:ForkedFire","EntropicBrew","Singing Bowl","Thread and Needle","ColorlessPotion","Swift Potion","Magnetism","Orrery"],"campfire_rested":2,"item_purchase_floors":[7,7,22,22,22,22,22,44,44,44,44,44,44],"current_hp_per_floor":[45,45,45,45,34,7,7,7,7,7,20,20,20,20,20,20,45,45,45,42,42,42,42,45,45,45,45,45,45,45,45,45,45,45,45,45,45,45,45,45,45,45,45,53,55,57,57,57,57,0,0,0],"gold":471,"neow_bonus":"RANDOM_COMMON_RELIC","is_daily":false,"chose_seed":false,"campfire_upgraded":7,"win_rate":0.0,"timestamp":1610315815,"path_taken":["M","?","M","?","?","E","$","R","T","M","R","M","M","E","R","BOSS","M","M","M","?","$","R","E","R","T","?","?","R","?","?","R","BOSS","M","?","M","?","M","R","?","E","T","$","M","M","?","E","R","BOSS"],"items_purchased_type":["Card","Card","Relic","Card","Relic","Card","Potion","Relic","Relic","Potion","Potion","Card","Relic"],"build_version":"2020-12-22","purchased_purges":1,"victory":false,"max_hp_per_floor":[45,45,45,45,45,45,45,45,45,45,45,45,45,45,45,45,45,45,45,45,45,45,45,45,45,45,45,45,45,45,45,45,45,45,45,45,45,45,45,45,45,45,45,53,55,57,57,57,57,57,57,57],"card_choices":[{"not_picked":["DTMod:CleansingStrike","DTMod:Weaken"],"picked":"DTMod:BreakAttack","floor":1},{"not_picked":["DTMod:DragonDance","DTMod:Overwhelm"],"picked":"DTMod:MagiciansMark","floor":3},{"not_picked":["DTMod:MasterPlan","DTMod:Threaten"],"picked":"DTMod:InvisibleFlame","floor":4},{"not_picked":["DTMod:BlueScale","DTMod:ResonanceForm"],"picked":"DTMod:InvisibleFlame","floor":6},{"not_picked":["DTMod:DeepFocus","DTMod:SneakAttack"],"picked":"DTMod:Training","floor":10},{"not_picked":["DTMod:Training","DTMod:TauntingStrike"],"picked":"DTMod:QuickFly","floor":12},{"not_picked":["DTMod:Hide","DTMod:GhostSkin"],"picked":"DTMod:CrossStep","floor":13},{"not_picked":["DTMod:BurningEnergy","DTMod:GhostSkin"],"picked":"DTMod:WarmUp","floor":14},{"not_picked":["DTMod:GearUp","DTMod:ExcessFootwork"],"picked":"DTMod:LightShield","floor":16},{"not_picked":["DTMod:Feint","DTMod:LastStand+1"],"picked":"DTMod:HeatWave","floor":18},{"not_picked":["DTMod:BuildUp","DTMod:HeatWave","DTMod:Hide"],"picked":"SKIP","floor":19},{"not_picked":["DTMod:FlameSlash","DTMod:ForkedFire"],"picked":"DTMod:DragonDance","floor":20},{"not_picked":["DTMod:Haste","DTMod:ForkedFire"],"picked":"DTMod:CalculatedDefense+1","floor":24},{"not_picked":["DTMod:Training","DTMod:CleansingStrike"],"picked":"DTMod:RunningTactic","floor":31},{"not_picked":["DTMod:TriAttack","DTMod:Inferno"],"picked":"DTMod:Safeguard","floor":33},{"not_picked":["DTMod:Punisher","DTMod:MagicField"],"picked":"DTMod:ComboAttack+1","floor":35},{"not_picked":["DTMod:CleansingStrike","DTMod:QuickFly+1"],"picked":"DTMod:BalancedStrike+1","floor":37},{"not_picked":["DTMod:Threaten","DTMod:MasterPlan+1"],"picked":"DTMod:ComboAttack","floor":38},{"not_picked":["DTMod:BlazingStrike","DTMod:Feint","DTMod:BreakAttack"],"picked":"SKIP","floor":39},{"not_picked":["DTMod:Training","DTMod:Punisher+1","DTMod:Prediction"],"picked":"Singing Bowl","floor":44},{"not_picked":["DTMod:QuickFly","DTMod:Conduct"],"picked":"DTMod:MagiciansMark+1","floor":44},{"not_picked":["DTMod:HeatWave+1","DTMod:Weaken+1","DTMod:BalancedStrike"],"picked":"Singing Bowl","floor":44},{"not_picked":["DTMod:Threaten+1","DTMod:BizarreTactic","DTMod:ShieldDrain"],"picked":"Singing Bowl","floor":44},{"not_picked":["DTMod:Training","DTMod:Shift","DTMod:BuildUp"],"picked":"Singing Bowl","floor":44},{"not_picked":["DTMod:MagiciansMark","DTMod:BurningEnergy+1","DTMod:CrossStep"],"picked":"Singing Bowl","floor":45},{"not_picked":["DTMod:TagTeam","DTMod:MagicField","DTMod:DarkBreath+1"],"picked":"Singing Bowl","floor":46},{"not_picked":["DTMod:Astonish+1","DTMod:LowKick"],"picked":"DTMod:ComboAttack+1","floor":48}],"player_experience":1816159,"relics_obtained":[{"floor":6,"key":"theSenshi:SuperSailorFukuRelic"},{"floor":9,"key":"Matryoshka"},{"floor":14,"key":"DTMod:BasicTextbook"},{"floor":17,"key":"Bag of Marbles"},{"floor":17,"key":"Mummified Hand"},{"floor":17,"key":"theSenshi:SpiralHeartMoonRodRelic"},{"floor":24,"key":"MealTicket"},{"floor":26,"key":"Ancient Tea Set"},{"floor":26,"key":"Anchor"},{"floor":28,"key":"Blood Vial"},{"floor":28,"key":"Whetstone"},{"floor":31,"key":"Red Mask"},{"floor":43,"key":"TungstenRod"},{"floor":48,"key":"Meat on the Bone"}],"event_choices":[{"damage_healed":0,"gold_gain":0,"player_choice":"Full Heal","damage_taken":0,"max_hp_gain":0,"max_hp_loss":0,"event_name":"Wheel of Change","floor":2,"gold_loss":0},{"damage_healed":0,"gold_gain":0,"player_choice":"Take Damage","damage_taken":11,"relics_obtained":["Golden Idol"],"max_hp_gain":0,"max_hp_loss":0,"event_name":"Golden Idol","floor":5,"gold_loss":0},{"damage_healed":0,"gold_gain":99,"player_choice":"Stole From Cult","damage_taken":0,"max_hp_gain":0,"max_hp_loss":0,"event_name":"Nest","floor":21,"gold_loss":0},{"damage_healed":0,"gold_gain":0,"player_choice":"Obtained Relic","damage_taken":0,"relics_obtained":["Oddly Smooth Stone"],"max_hp_gain":0,"max_hp_loss":0,"event_name":"Addict","floor":27,"gold_loss":85},{"damage_healed":0,"gold_gain":0,"player_choice":"Read","damage_taken":0,"max_hp_gain":0,"max_hp_loss":0,"event_name":"The Library","floor":30,"gold_loss":0,"cards_obtained":["DTMod:PurifyingFlame"]},{"damage_healed":0,"gold_gain":0,"player_choice":"Fought Bandits","damage_taken":0,"max_hp_gain":0,"max_hp_loss":0,"event_name":"Masked Bandits","floor":31,"gold_loss":0},{"damage_healed":0,"gold_gain":0,"player_choice":"Upgrade","damage_taken":0,"max_hp_gain":0,"max_hp_loss":0,"event_name":"Designer","floor":36,"gold_loss":40,"cards_upgraded":["DTMod:Safeguard"]},{"damage_healed":11,"gold_gain":0,"player_choice":"Writhe","damage_taken":0,"max_hp_gain":0,"max_hp_loss":0,"event_name":"Winding Halls","floor":41,"gold_loss":0,"cards_obtained":["Writhe"]},{"damage_healed":0,"gold_gain":0,"player_choice":"Ignored","damage_taken":0,"max_hp_gain":0,"max_hp_loss":0,"event_name":"Tomb of Lord Red Mask","floor":47,"gold_loss":0}],"is_beta":false,"boss_relics":[{"not_picked":["Pandora\u0027s Box","Cursed Key"],"picked":"Calling Bell"},{"not_picked":["Snecko Eye","theSenshi:MoonKaleidoScopeRelic"],"picked":"SlaversCollar"}],"items_purged_floors":[44],"is_endless":false,"potions_floor_spawned":[3,12,14,19,20,33,35,42,46,48],"killed_by":"Time Eater","ascension_level":1}}