{"host":"nptej036rrbiurf5","time":1610284408,"event":{"mods":["BaseMod","Colored Map","Colored Powertips","DeckTracker","Minty Spire (QoL Compilation)","StSLib","SuperFastMode"],"gold_per_floor":[113,127,127,141,141,141,168,179,205,20,20,47,47,63,63,146,146,164,177,197,197,197,197,217,132,132,148,148,148,148,148,148,225,225,250,296,346,358,358,358,358,373,399,399,430,430,440,478,478,478,478,478],"floor_reached":51,"playtime":1234,"items_purged":["Strike_R"],"score":1551,"play_id":"7e78fa78-11e1-4914-80b9-b8cb89644243","local_time":"20210110221328","is_ascension_mode":true,"campfire_choices":[{"data":"Searing Blow+1","floor":6.0,"key":"SMITH"},{"data":"Searing Blow+2","floor":13.0,"key":"SMITH"},{"data":"Searing Blow+3","floor":15.0,"key":"SMITH"},{"data":"Searing Blow+4","floor":23.0,"key":"SMITH"},{"data":"Searing Blow+5","floor":29.0,"key":"SMITH"},{"data":"Searing Blow+6","floor":32.0,"key":"SMITH"},{"data":"Searing Blow+7","floor":40.0,"key":"SMITH"},{"data":"Searing Blow+8","floor":44.0,"key":"SMITH"},{"data":"Searing Blow+9","floor":46.0,"key":"SMITH"},{"floor":49.0,"key":"RECALL"}],"circlet_count":0,"master_deck":["AscendersBane","Strike_R","Strike_R","Strike_R","Defend_R","Defend_R","Defend_R","Defend_R","Bash","Searing Blow+10","Disarm","Feel No Pain","Sever Soul","Second Wind","Evolve","Shockwave","Immolate","Ghostly Armor","Shrug It Off+1","Shrug It Off+1"],"relics":["Burning Blood","NeowsBlessing","Tiny Chest","Blood Vial","CeramicFish","Pocketwatch","Oddly Smooth Stone","Velvet Choker","Bag of Marbles","Sundial","Pen Nib","Toxic Egg 2","SlaversCollar","FossilizedHelix","Bottled Tornado","Thread and Needle","Frozen Egg 2"],"acts_visited":["Exordium","TheCity","TheBeyond"],"potions_floor_usage":[51],"damage_taken":[{"damage":0.0,"enemies":"Small Slimes","floor":1.0,"turns":1.0},{"damage":0.0,"enemies":"Jaw Worm","floor":2.0,"turns":1.0},{"damage":0.0,"enemies":"2 Louse","floor":4.0,"turns":1.0},{"damage":21.0,"enemies":"Gremlin Nob","floor":7.0,"turns":4.0},{"damage":10.0,"enemies":"2 Fungi Beasts","floor":8.0,"turns":3.0},{"damage":10.0,"enemies":"Lagavulin","floor":12.0,"turns":7.0},{"damage":0.0,"enemies":"Large Slime","floor":14.0,"turns":4.0},{"damage":24.0,"enemies":"Hexaghost","floor":16.0,"turns":9.0},{"damage":13.0,"enemies":"Spheric Guardian","floor":18.0,"turns":5.0},{"damage":25.0,"enemies":"Shell Parasite","floor":19.0,"turns":5.0},{"damage":19.0,"enemies":"Centurion and Healer","floor":20.0,"turns":5.0},{"damage":3.0,"enemies":"Snecko","floor":24.0,"turns":4.0},{"damage":13.0,"enemies":"Snake Plant","floor":27.0,"turns":4.0},{"damage":5.0,"enemies":"Collector","floor":33.0,"turns":5.0},{"damage":26.0,"enemies":"3 Darklings","floor":35.0,"turns":4.0},{"damage":6.0,"enemies":"2 Orb Walkers","floor":36.0,"turns":4.0},{"damage":0.0,"enemies":"Orb Walker","floor":38.0,"turns":2.0},{"damage":22.0,"enemies":"3 Darklings","floor":42.0,"turns":5.0},{"damage":0.0,"enemies":"Giant Head","floor":45.0,"turns":6.0},{"damage":0.0,"enemies":"Sphere and 2 Shapes","floor":47.0,"turns":4.0},{"damage":9.0,"enemies":"Reptomancer","floor":48.0,"turns":4.0},{"damage":0.0,"enemies":"Time Eater","floor":50.0,"turns":6.0},{"damage":67,"enemies":"Awakened One","floor":51,"turns":7}],"seed_played":"7956812615796160294","potions_obtained":[{"floor":1.0,"key":"ColorlessPotion"},{"floor":4.0,"key":"Weak Potion"},{"floor":14.0,"key":"LiquidMemories"},{"floor":35.0,"key":"AttackPotion"},{"floor":42.0,"key":"PowerPotion"},{"floor":47.0,"key":"Dexterity Potion"}],"is_trial":false,"path_per_floor":["M","M","?","M","?","R","E","M","T","$","T","E","R","M","R","B",null,"M","M","M","?","T","R","M","?","T","M","?","R","?","T","R","B",null,"M","?","?","M","T","R","?","M","T","R","E","R","M","E","R","B","B"],"character_chosen":"IRONCLAD","items_purchased":["Evolve","Shockwave"],"campfire_rested":0,"item_purchase_floors":[10,10],"current_hp_per_floor":[74,75,75,75,57,57,42,40,40,40,40,38,38,46,46,30,64,59,42,31,31,31,31,36,36,36,31,10,10,10,10,10,13,63,45,47,47,55,55,55,55,41,41,41,49,49,57,56,56,64,0,0],"gold":478,"neow_bonus":"THREE_ENEMY_KILL","is_daily":false,"chose_seed":false,"campfire_upgraded":9,"win_rate":0.0,"timestamp":1610284408,"path_taken":["M","M","?","M","?","R","E","M","T","?","?","E","R","M","R","BOSS","M","M","M","?","?","R","M","?","T","M","?","R","?","?","R","BOSS","M","?","?","?","?","R","?","M","T","R","E","R","M","E","R","BOSS","BOSS"],"items_purchased_type":["Card","Card"],"build_version":"2020-12-22","purchased_purges":1,"victory":false,"max_hp_per_floor":[75,75,75,75,75,75,75,75,75,75,75,75,75,75,75,75,75,75,75,75,75,75,75,75,75,75,75,80,80,80,80,80,80,80,80,80,80,80,80,80,80,80,80,80,80,80,80,80,80,80,80,80],"card_choices":[{"not_picked":["Spot Weakness","Rage"],"picked":"Searing Blow","floor":1.0},{"not_picked":["Clothesline","Sword Boomerang"],"picked":"Disarm","floor":2.0},{"not_picked":["Iron Wave","Havoc"],"picked":"Feel No Pain","floor":4.0},{"not_picked":["Uppercut","Pommel Strike"],"picked":"Sever Soul","floor":7.0},{"not_picked":["Burning Pact","Reckless Charge"],"picked":"Second Wind","floor":8.0},{"not_picked":["Second Wind","Cleave","Metallicize"],"picked":"SKIP","floor":12.0},{"not_picked":["Headbutt","Cleave","Twin Strike"],"picked":"SKIP","floor":14.0},{"not_picked":["Berserk","Demon Form"],"picked":"Immolate","floor":16.0},{"not_picked":["Inflame","Havoc","Clash+1"],"picked":"SKIP","floor":18.0},{"not_picked":["Seeing Red","Shockwave","Second Wind+1"],"picked":"SKIP","floor":19.0},{"not_picked":["Clash","True Grit","Body Slam"],"picked":"SKIP","floor":20.0},{"not_picked":["Searing Blow","Intimidate"],"picked":"Ghostly Armor","floor":24.0},{"not_picked":["Cleave+1","Anger","Blood for Blood"],"picked":"SKIP","floor":27.0},{"not_picked":["Blood for Blood","Sword Boomerang+1"],"picked":"Shrug It Off+1","floor":35.0},{"not_picked":["Rampage","Dropkick","Sword Boomerang"],"picked":"SKIP","floor":38.0},{"not_picked":["Anger+1","Havoc+1","Clash"],"picked":"SKIP","floor":42.0},{"not_picked":["Seeing Red+1","Headbutt","Sword Boomerang"],"picked":"SKIP","floor":45.0},{"not_picked":["Warcry+1","Searing Blow","Battle Trance+1"],"picked":"SKIP","floor":47.0},{"not_picked":["Reaper","Disarm+1"],"picked":"Shrug It Off+1","floor":48.0}],"player_experience":887281,"relics_obtained":[{"floor":7.0,"key":"Blood Vial"},{"floor":9.0,"key":"CeramicFish"},{"floor":11.0,"key":"Pocketwatch"},{"floor":12.0,"key":"Oddly Smooth Stone"},{"floor":22.0,"key":"Bag of Marbles"},{"floor":26.0,"key":"Pen Nib"},{"floor":31.0,"key":"Toxic Egg 2"},{"floor":36.0,"key":"FossilizedHelix"},{"floor":39.0,"key":"Bottled Tornado"},{"floor":45.0,"key":"Thread and Needle"},{"floor":48.0,"key":"Frozen Egg 2"}],"event_choices":[{"damage_healed":0.0,"max_hp_gain":0.0,"max_hp_loss":0.0,"gold_gain":0.0,"event_name":"Living Wall","player_choice":"Grow","floor":3.0,"gold_loss":0.0,"damage_taken":0.0,"cards_upgraded":["Searing Blow"]},{"damage_healed":0.0,"max_hp_gain":0.0,"max_hp_loss":0.0,"gold_gain":0.0,"event_name":"Scrap Ooze","player_choice":"Success","floor":5.0,"gold_loss":0.0,"damage_taken":18.0,"relics_obtained":["Tiny Chest"]},{"cards_removed":["Strike_R"],"damage_healed":0.0,"max_hp_gain":0.0,"max_hp_loss":0.0,"gold_gain":0.0,"event_name":"Back to Basics","player_choice":"Elegance","floor":21.0,"gold_loss":0.0,"damage_taken":0.0},{"damage_healed":0.0,"max_hp_gain":0.0,"max_hp_loss":0.0,"gold_gain":0.0,"event_name":"Addict","player_choice":"Obtained Relic","floor":25.0,"gold_loss":85.0,"damage_taken":0.0,"relics_obtained":["Sundial"]},{"damage_healed":0.0,"max_hp_gain":5.0,"max_hp_loss":0.0,"gold_gain":0.0,"event_name":"Forgotten Altar","player_choice":"Shed Blood","floor":28.0,"gold_loss":0.0,"damage_taken":26.0},{"damage_healed":0.0,"max_hp_gain":0.0,"max_hp_loss":0.0,"gold_gain":0.0,"event_name":"N\u0027loth","player_choice":"Ignored","floor":30.0,"gold_loss":0.0,"damage_taken":0.0},{"damage_healed":0.0,"max_hp_gain":0.0,"max_hp_loss":0.0,"gold_gain":0.0,"event_name":"Mysterious Sphere","player_choice":"Fight","floor":36.0,"gold_loss":0.0,"damage_taken":0.0},{"damage_healed":0.0,"max_hp_gain":0.0,"max_hp_loss":0.0,"gold_gain":50.0,"event_name":"Golden Shrine","player_choice":"Pray","floor":37.0,"gold_loss":0.0,"damage_taken":0.0},{"damage_healed":0.0,"max_hp_gain":0.0,"max_hp_loss":0.0,"gold_gain":0.0,"event_name":"Tomb of Lord Red Mask","player_choice":"Ignored","floor":41.0,"gold_loss":0.0,"damage_taken":0.0}],"is_beta":false,"boss_relics":[{"not_picked":["Sozu","Astrolabe"],"picked":"Velvet Choker"},{"not_picked":["Fusion Hammer","Runic Cube"],"picked":"SlaversCollar"}],"items_purged_floors":[10],"is_endless":false,"potions_floor_spawned":[1,4,14,16,18,19,24,35,42,47],"killed_by":"Awakened One","ascension_level":20}}