{"host":"1mv6gj0zv8k9e9tz","time":1610273408,"event":{"mods":["AchievementEnabler","BaseMod","Better Third Choice","Colored Map","KOR Keyword Fix","Minty Spire (QoL Compilation)","Permanent Neow","Rare Cards Sparkle","StSLib"],"gold_per_floor":[116,131,56,66,66,66,98,118,118,129,143,68,88,88,88,183,183,194,119,132,132,149,149,174,185,237,237,247,247,247,263,263,358,358,370,310,70,120,140,140,163,178,178,178,158,192,117,136,136,136,136,136,16,45,45,45],"floor_reached":55,"playtime":2834,"items_purged":["Strike_P","Defend_P+1"],"score":818,"play_id":"d7f66032-6264-4c36-bcb7-abb8cdbc87fd","local_time":"20210110191008","is_ascension_mode":true,"campfire_choices":[{"data":"Eruption","floor":6.0,"key":"SMITH"},{"data":"Adaptation","floor":15.0,"key":"SMITH"},{"data":"Adaptation","floor":23.0,"key":"SMITH"},{"data":"Defend_P","floor":27.0,"key":"SMITH"},{"data":"BattleHymn","floor":29.0,"key":"SMITH"},{"data":"Strike_P","floor":32.0,"key":"SMITH"},{"data":"DeusExMachina","floor":40.0,"key":"SMITH"},{"data":"Tantrum","floor":44.0,"key":"SMITH"},{"floor":49.0,"key":"RECALL"},{"data":"Strike_P+1","floor":52.0,"key":"PURGE"}],"circlet_count":0,"master_deck":["Defend_P+1","Eruption+1","Vigilance+1","BattleHymn+1","Adaptation+1","Adaptation+1","CrushJoints+1","Halt+1","Tantrum+1","DeusExMachina+1","MentalFortress+1","Dark Shackles","Halt"],"relics":["PureWater","War Paint","Pantograph","SacredBark","StoneCalendar","Strawberry","Empty Cage","Membership Card","Peace Pipe","Meat on the Bone","Juzu Bracelet","Anchor","Kunai"],"acts_visited":["Exordium","TheCity","TheBeyond","TheEnding"],"potions_floor_usage":[54,54,55,55],"damage_taken":[{"damage":0.0,"enemies":"2 Louse","floor":1.0,"turns":1.0},{"damage":0.0,"enemies":"Jaw Worm","floor":2.0,"turns":3.0},{"damage":8.0,"enemies":"Small Slimes","floor":4.0,"turns":3.0},{"damage":3.0,"enemies":"Gremlin Nob","floor":7.0,"turns":3.0},{"damage":11.0,"enemies":"Looter","floor":8.0,"turns":3.0},{"damage":23.0,"enemies":"Exordium Thugs","floor":10.0,"turns":5.0},{"damage":16.0,"enemies":"Exordium Wildlife","floor":11.0,"turns":5.0},{"damage":0.0,"enemies":"Large Slime","floor":13.0,"turns":3.0},{"damage":11.0,"enemies":"The Guardian","floor":16.0,"turns":9.0},{"damage":15.0,"enemies":"2 Thieves","floor":18.0,"turns":4.0},{"damage":7.0,"enemies":"Chosen","floor":20.0,"turns":3.0},{"damage":6.0,"enemies":"Centurion and Healer","floor":22.0,"turns":4.0},{"damage":0.0,"enemies":"Book of Stabbing","floor":24.0,"turns":3.0},{"damage":28.0,"enemies":"Snake Plant","floor":25.0,"turns":4.0},{"damage":2.0,"enemies":"Snecko","floor":28.0,"turns":3.0},{"damage":9.0,"enemies":"Centurion and Healer","floor":31.0,"turns":3.0},{"damage":0.0,"enemies":"Automaton","floor":33.0,"turns":6.0},{"damage":14.0,"enemies":"3 Darklings","floor":35.0,"turns":5.0},{"damage":0.0,"enemies":"Mind Bloom Boss Battle","floor":38.0,"turns":6.0},{"damage":0.0,"enemies":"3 Shapes","floor":39.0,"turns":3.0},{"damage":5.0,"enemies":"Maw","floor":42.0,"turns":5.0},{"damage":10.0,"enemies":"Nemesis","floor":46.0,"turns":3.0},{"damage":2.0,"enemies":"4 Shapes","floor":48.0,"turns":4.0},{"damage":18.0,"enemies":"Awakened One","floor":50.0,"turns":11.0},{"damage":59,"enemies":"Shield and Spear","floor":54,"turns":7},{"damage":57,"enemies":"The Heart","floor":55,"turns":5}],"seed_played":"1333860088035304223","potions_obtained":[{"floor":1.0,"key":"EssenceOfSteel"},{"floor":2.0,"key":"StancePotion"},{"floor":4.0,"key":"SteroidPotion"},{"floor":13.0,"key":"Swift Potion"},{"floor":18.0,"key":"Ambrosia"},{"floor":22.0,"key":"Weak Potion"},{"floor":28.0,"key":"SkillPotion"},{"floor":31.0,"key":"Strength Potion"},{"floor":42.0,"key":"Ancient Potion"},{"floor":45.0,"key":"Weak Potion"},{"floor":46.0,"key":"StancePotion"},{"floor":54,"key":"Ancient Potion"}],"is_trial":false,"path_per_floor":["M","M","$","M","?","R","E","M","T","M","M","$","M","?","R","B",null,"M","?","M","$","M","R","E","M","T","R","M","R","?","M","R","B",null,"M","?","$","?","M","R","T","M","T","R","?","E","$","M","R","B",null,"R","$","E","B"],"character_chosen":"WATCHER","items_purchased":["Adaptation","Membership Card","Tantrum","PowerPotion","Anchor","AttackPotion","Energy Potion","Dark Shackles","Halt"],"campfire_rested":0,"item_purchase_floors":[3,37,37,37,47,53,53,53,53],"current_hp_per_floor":[72,72,72,64,69,69,66,55,55,32,16,16,16,16,16,30,77,62,62,55,55,49,49,49,21,28,28,26,26,26,17,17,42,84,70,70,70,84,84,84,84,79,79,79,79,69,69,67,67,66,84,84,84,37,5,5],"gold":45,"neow_bonus":"REMOVE_CARD","is_daily":false,"chose_seed":false,"campfire_upgraded":8,"win_rate":0.0,"timestamp":1610273408,"path_taken":["M","M","$","M","?","R","E","M","T","M","M","$","M","?","R","BOSS","M","?","M","$","M","R","E","M","T","R","M","R","?","M","R","BOSS","M","?","?","?","?","R","?","M","T","R","?","E","$","M","R","BOSS","R","$","E","BOSS"],"items_purchased_type":["Card","Relic","Card","Potion","Relic","Potion","Potion","Card","Card"],"build_version":"2020-12-22","purchased_purges":2,"victory":false,"max_hp_per_floor":[72,72,72,72,77,77,77,77,77,77,77,77,77,77,77,77,77,77,77,77,77,77,77,77,77,84,84,84,84,84,84,84,84,84,84,84,84,84,84,84,84,84,84,84,84,84,84,84,84,84,84,84,84,84,84,84],"card_choices":[{"not_picked":["ReachHeaven","Prostrate","Swivel"],"picked":"SKIP","floor":1.0},{"not_picked":["EmptyFist","BowlingBash"],"picked":"BattleHymn","floor":2.0},{"not_picked":["Fasting2","Collect","PathToVictory"],"picked":"SKIP","floor":4.0},{"not_picked":["Scrawl","PathToVictory","Halt"],"picked":"SKIP","floor":7.0},{"not_picked":["Protect","SandsOfTime","ReachHeaven"],"picked":"SKIP","floor":8.0},{"not_picked":["Study","LikeWater","Wireheading"],"picked":"SKIP","floor":10.0},{"not_picked":["CutThroughFate","Evaluate","Fasting2"],"picked":"SKIP","floor":11.0},{"not_picked":["CutThroughFate","ThirdEye","FollowUp"],"picked":"SKIP","floor":13.0},{"not_picked":["Study","WindmillStrike","Collect"],"picked":"SKIP","floor":18.0},{"not_picked":["ReachHeaven","CrushJoints","FollowUp"],"picked":"SKIP","floor":20.0},{"not_picked":["SashWhip","Perseverance"],"picked":"CrushJoints+1","floor":22.0},{"not_picked":["BowlingBash","Omniscience","Halt"],"picked":"SKIP","floor":24.0},{"not_picked":["CrushJoints","Evaluate"],"picked":"Halt+1","floor":25.0},{"not_picked":["EmptyFist","FollowUp"],"picked":"ForeignInfluence+1","floor":28.0},{"not_picked":["CrushJoints+1","BowlingBash","FollowUp+1"],"picked":"SKIP","floor":31.0},{"not_picked":["Blasphemy","Alpha"],"picked":"Vault","floor":33.0},{"not_picked":["Prostrate","FollowUp","PathToVictory"],"picked":"SKIP","floor":35.0},{"not_picked":["FlyingSleeves+1","Protect+1"],"picked":"DeusExMachina","floor":38.0},{"not_picked":["SandsOfTime","EmptyFist","CrushJoints+1"],"picked":"SKIP","floor":39.0},{"not_picked":["BowlingBash+1","EmptyMind","Pray+1"],"picked":"SKIP","floor":42.0},{"not_picked":["Wallop+1","Prostrate"],"picked":"MentalFortress+1","floor":46.0},{"not_picked":["BowlingBash","PathToVictory+1","EmptyBody"],"picked":"SKIP","floor":48.0},{"not_picked":["SpiritShield","CutThroughFate+1","EmptyFist"],"picked":"SKIP","floor":54}],"player_experience":503948,"relics_obtained":[{"floor":7.0,"key":"War Paint"},{"floor":9.0,"key":"Pantograph"},{"floor":24.0,"key":"StoneCalendar"},{"floor":26.0,"key":"Strawberry"},{"floor":38.0,"key":"Peace Pipe"},{"floor":43.0,"key":"Meat on the Bone"},{"floor":46.0,"key":"Juzu Bracelet"},{"floor":54,"key":"Kunai"}],"event_choices":[{"damage_healed":0.0,"max_hp_gain":5.0,"max_hp_loss":0.0,"gold_gain":0.0,"event_name":"Big Fish","player_choice":"Donut","floor":5.0,"gold_loss":0.0,"damage_taken":0.0},{"damage_healed":0.0,"max_hp_gain":0.0,"max_hp_loss":0.0,"gold_gain":0.0,"cards_transformed":["Strike_P"],"event_name":"Living Wall","player_choice":"Change","floor":14.0,"gold_loss":0.0,"damage_taken":0.0,"cards_obtained":["Adaptation"]},{"cards_removed":["Defend_P"],"damage_healed":0.0,"max_hp_gain":0.0,"max_hp_loss":0.0,"gold_gain":0.0,"event_name":"Beggar","player_choice":"Gave Gold","floor":19.0,"gold_loss":75.0,"damage_taken":0.0},{"damage_healed":0.0,"max_hp_gain":0.0,"max_hp_loss":0.0,"gold_gain":0.0,"event_name":"Cursed Tome","player_choice":"Ignored","floor":30.0,"gold_loss":0.0,"damage_taken":0.0},{"cards_removed":["Vault"],"damage_healed":0.0,"max_hp_gain":0.0,"max_hp_loss":0.0,"gold_gain":0.0,"event_name":"Designer","player_choice":"Single Remove","floor":36.0,"gold_loss":60.0,"damage_taken":0.0},{"damage_healed":0.0,"max_hp_gain":0.0,"max_hp_loss":0.0,"gold_gain":0.0,"event_name":"MindBloom","player_choice":"Fight","floor":38.0,"gold_loss":0.0,"damage_taken":0.0},{"damage_healed":0.0,"max_hp_gain":0.0,"max_hp_loss":0.0,"gold_gain":0.0,"event_name":"The Woman in Blue","player_choice":"Bought 1 Potion","floor":45.0,"gold_loss":0.0,"damage_taken":0.0}],"is_beta":false,"boss_relics":[{"not_picked":["Philosopher\u0027s Stone","Ectoplasm"],"picked":"SacredBark"},{"not_picked":["Black Star","Pandora\u0027s Box"],"picked":"Empty Cage"}],"items_purged_floors":[12,37],"is_endless":false,"potions_floor_spawned":[1,2,4,13,18,22,28,31,42,46,54],"killed_by":"The Heart","ascension_level":2}}