{"host":"i838i4v0j45fzwgz","time":1610316474,"event":{"mods":["BaseMod","Better Third Choice","BetterRewards","Card Forge","Hubris","Infinite Spire","Minty Spire (QoL Compilation)","Replay The Spire","Shop Mod","Spicy Shops","StSLib","vexMod"],"gold_per_floor":[99,0,0,13,13,13,54,94,120,161,194,232,232,251,251,374,374,397,397,539,559,42,90,151,199,249,339,383,461,503,579,579,717,717,735,0,18,58,83,125,178,201,272,329,379,431,471,515,524,664,664,681,681,702,744,744,781,827,867,941,973,1008,1017,1046,1088,1088,1221,1230,1243,1264,1290,1071,669,975,1047,1070,1120,1150,1159,1219,1309,1344,1353,1491,1491,1496,1508,568,647,656,686,734,652,652,707,749,767,811,855,855,982,1032,1056,1065,1065,1079,1081,1108,1131,1218,1270,1319,1359,1393,1431,1440,1449,1563,1563,1580,1346,1346,1352,1401,1438,1481,1506,1536,1567,545,580,610,610,847,847,860,884,893,893,928,1028,1065,1065,1095,1104,1134,699,774,847,896,946,946,666,712,782],"floor_reached":158,"playtime":10186,"items_purged":["Backflip","Hidden Blade"],"score":6332,"play_id":"cac637c5-6ae0-41e4-8e87-4fb4f7b26243","local_time":"20210110160754","daily_mods":["Vintage","Allstar","Green Cards","Colorless Cards","Heirloom","Time Dilation","Flight","DeadlyEvents","Elite Swarm"],"is_ascension_mode":false,"campfire_choices":[{"floor":6.0,"key":"REST"},{"floor":13.0,"key":"REST"},{"floor":49.0,"key":"REST"},{"floor":63.0,"key":"REST"},{"floor":83.0,"key":"REST"},{"floor":97.0,"key":"REST"},{"floor":117,"key":"REST"},{"floor":134,"key":"REST"},{"data":"ReplayTheSpireMod:Black Plague","floor":147,"key":"SMITH"},{"data":"Pot Of Greed","floor":147,"key":"SMITH"},{"floor":154,"key":"DIG"}],"circlet_count":1,"master_deck":["Demon Form+1","Wraith Form v2+1","Echo Form+1","DevaForm+1","infinitespire:Punishment+1","Forethought+1","Panacea+1","Master of Strategy+1","vexMod:StairwayStrike+1","Jack Of All Trades+1","Leap+1","Beam Cell+1","Enlightenment+1","infinitespire:NeuralNetwork+1","Phantasmal Killer+1","Die Die Die+1","Die Die Die+1","Phantasmal Killer+1","Die Die Die+1","Burst+1","hubris:TrickCloak+1","Sucker Punch+1","Crippling Poison+1","Footwork+1","Apotheosis+1","hubris:Fate+1","Tools of the Trade+1","Poison Darts+1","ReplayTheSpireMod:Exploit Weakness+1","Poisoned Stab+1","Metamorphosis+1","hubris:SlightOfHand+1","hubris:Insight+1","Replay:Poison Smokescreen+1","hubris:Insight+1","Replay:Sssssssssstrike+1","ReplayTheSpireMod:Necrosis+1","Blind+1","ReplayTheSpireMod:Necrosis+1","Envenom+1","Envenom+1","Pot Of Greed+1","Pot Of Greed+1","Pot Of Greed+1","Pot Of Greed+1","Transmutation+1","Madness+1","Madness+1","Atom Bomb+1","Envenom+1","Pot Of Greed+1","Thinking Ahead+1","Replay:Bag of Tricks+1","Apotheosis+1","Violence+1","Secret Technique+1","Master of Strategy+1","Secret Weapon+1","Good Instincts+1","Doppelganger+1","AbeCurse","Doppelganger+1","hubris:Fate+1","Pot Of Greed+1","All Out Attack+1","Slice+1","Backflip+1","Dramatic Entrance+1","Replay:Bag of Tricks+1","Flash of Steel+1","A Thousand Cuts+1","vexMod:StairwayStrike+1","infinitespire:Oblivion+1","A Thousand Cuts+1","Backflip+1","Pot Of Greed+1","Die Die Die+1","Secret Technique+1","HandOfGreed+1","Blind+1","ReplayTheSpireMod:??????????????????????+1","Adrenaline+1","Acrobatics+1","Hidden Blade+1","infinitespire:Punishment+1","ReplayTheSpireMod:Black Plague+1","Die Die Die+1","Corpse Explosion+1","Pot Of Greed+1","Calculated Gamble+1","Acrobatics+1","Jack Of All Trades+1","Adrenaline+1","Poisoned Strike+1"],"relics":["Ring of the Snake","Hammer of Thor","Seething Fire","Anvil of the Gods","replay:Trail_Library","Replay:Arrowhead","Replay:PocketPolymizer","Golden Idol","infinitespire:Satchel","ReplayFunnel","infinitespire:PuzzleCube","hubris:Zylophone","Mummified Hand","StrikeDummy","Torii","Fusion Hammer","CeramicFish","hubris:Icosahedron","PreservedInsect","Boot","Sling","Shuriken","Bag of Preparation","hubris:BottledRain","Snack Pack","vexMod:FocusSash","Pandora\u0027s Box","Thread and Needle","Bird Faced Urn","Eternal Feather","Prayer Wheel","Grinning Jar","Busted Crown","hubris:MobiusCoin","Red Mask","Strawberry","Oddly Smooth Stone","infinitespire:Broken Mirror","infinitespire:Bottled Soul","Smiling Mask","Bottled Flame","hubris:TenFootPole","StoneCalendar","Pet Ghost","Letter Opener","Replay:Mystery Machine","Philosopher\u0027s Stone","replay:Trail_Library","Toy Ornithopter","ReplayTheSpireMod:Lightbulb","hubris:OldNail","Snake Skull","Tiny Chest","hubris:SlimyHat","Quantum Egg","Replay:Bottled Snecko","Bottled Tornado","Orichalcum","Akabeko","Abe\u0027s Treasure","MawBank","infinitespire:FocusingShard","vexMod:Cooldron","vexMod:Spyglass","Potion Belt","vexMod:Dragonfruit","Bottled Lightning","Tiny House","infinitespire:Midas Blood","Bag of Marbles","infinitespire:Magic Flask","Blue Candle","infinitespire:Beetle Shell","The Courier","Blood Vial","hubris:Stopwatch","Pocketwatch","Pear","Lantern","Replay:Wax Seal","Anchor","ReplayTheSpireMod:Shallot","Guide Book","vexMod:MemoryStick","TungstenRod","Golden Egg","infinitespire:ShieldingShard","Replay:Rubber Ducky","Whetstone","Centennial Puzzle","infinitespire:Joker Card","Vajra","Ancient Tea Set","vexMod:InvisibilityCloak","hubris:ScarierMask","Garlic","Nunchaku","Circlet","Replay:Bottled Steam","Art of War","infinitespire:Golems Mask","Gremlin Food","hubris:Teleporter","Omamori","Bronze Scales","MealTicket","Ornamental Fan","vexMod:BigBerry","ReplayTheSpireMod:TigerMarble","DollysMirror","infinitespire:Lucky Rock","Enchiridion","Blue Doll","hubris:ToyBattleship","Pen Nib","War Paint","Pantograph","Happy Flower","Replay:Multitool","Replay:Baseball","InkBottle","infinitespire:EmpoweringShard","Lee\u0027s Waffle","Pondfish Scales","Singing Bowl","SacredBark","HornCleat","Frozen Egg 2","Ring of Fury","Ring of Misfortune","hubris:Reverence","Replay:Wanted Poster","Incense Burner","hubris:CrystalStatue","Toxic Egg 2","Replay:Ringing Soul","Question Card","Calipers","Onion Ring","Mercury Hourglass","Calling Bell","Replay:Towering Pillar of Hats","infinitespire:CheckeredPen","vexMod:BerryBomb","hubris:TinFlute","Membership Card","Strange Spoon","hubris:MysteriousPyramids","Iron Hammer"],"acts_visited":["Exordium","TheCity","TheBeyond","TheCity","TheBeyond","TheCity","TheBeyond","TheEnding"],"potions_floor_usage":[],"damage_taken":[{"damage":6.0,"enemies":"2 Louse","floor":4.0,"turns":2.0},{"damage":0.0,"enemies":"Gremlin Nob","floor":7.0,"turns":3.0},{"damage":0.0,"enemies":"Lagavulin","floor":8.0,"turns":4.0},{"damage":0.0,"enemies":"Gremlin Nob","floor":10.0,"turns":1.0},{"damage":0.0,"enemies":"Lagavulin","floor":11.0,"turns":1.0},{"damage":18.0,"enemies":"3 Sentries","floor":12.0,"turns":3.0},{"damage":0.0,"enemies":"Small Slimes","floor":14.0,"turns":3.0},{"damage":14.0,"enemies":"Fading Forest","floor":16.0,"turns":7.0},{"damage":0.0,"enemies":"Chosen","floor":18.0,"turns":1.0},{"damage":6.0,"enemies":"3 Byrds","floor":21.0,"turns":3.0},{"damage":8.0,"enemies":"Slavers","floor":23.0,"turns":2.0},{"damage":0.0,"enemies":"Nightmare","floor":24.0,"turns":4.0},{"damage":0.0,"enemies":"Replay:Snechameleon","floor":25.0,"turns":1.0},{"damage":0.0,"enemies":"Book of Stabbing","floor":28.0,"turns":1.0},{"damage":0.0,"enemies":"Slavers","floor":30.0,"turns":2.0},{"damage":0.0,"enemies":"Gremlin Leader","floor":31.0,"turns":1.0},{"damage":23.0,"enemies":"Champ","floor":33.0,"turns":4.0},{"damage":0.0,"enemies":"3 Darklings","floor":35.0,"turns":1.0},{"damage":0.0,"enemies":"Giant Head","floor":38.0,"turns":3.0},{"damage":0.0,"enemies":"R_Hoarder","floor":40.0,"turns":1.0},{"damage":13.0,"enemies":"Nemesis","floor":41.0,"turns":3.0},{"damage":0.0,"enemies":"3 Shapes","floor":42.0,"turns":2.0},{"damage":0.0,"enemies":"Giant Head","floor":44.0,"turns":1.0},{"damage":0.0,"enemies":"Nemesis","floor":45.0,"turns":1.0},{"damage":0.0,"enemies":"Nightmare","floor":46.0,"turns":1.0},{"damage":0.0,"enemies":"Reptomancer","floor":47.0,"turns":1.0},{"damage":0.0,"enemies":"R_Hoarder","floor":48.0,"turns":1.0},{"damage":24.0,"enemies":"Donu and Deca","floor":50.0,"turns":3.0},{"damage":0.0,"enemies":"Jaw Worm","floor":52.0,"turns":1.0},{"damage":0.0,"enemies":"Small Slimes","floor":54.0,"turns":1.0},{"damage":0.0,"enemies":"Lagavulin","floor":55.0,"turns":1.0},{"damage":0.0,"enemies":"Nightmare","floor":57.0,"turns":1.0},{"damage":0.0,"enemies":"Lagavulin","floor":58.0,"turns":1.0},{"damage":0.0,"enemies":"Gremlin Nob","floor":59.0,"turns":1.0},{"damage":0.0,"enemies":"3 Sentries","floor":61.0,"turns":1.0},{"damage":0.0,"enemies":"Gremlin Nob","floor":62.0,"turns":1.0},{"damage":0.0,"enemies":"3 Sentries","floor":64.0,"turns":2.0},{"damage":0.0,"enemies":"Lagavulin","floor":65.0,"turns":1.0},{"damage":0.0,"enemies":"Slime Boss","floor":67.0,"turns":1.0},{"damage":0.0,"enemies":"Shell Parasite","floor":69.0,"turns":1.0},{"damage":0.0,"enemies":"Slavers","floor":71.0,"turns":1.0},{"damage":0.0,"enemies":"Gremlin Leader","floor":74.0,"turns":1.0},{"damage":0.0,"enemies":"Slavers","floor":76.0,"turns":1.0},{"damage":0.0,"enemies":"Book of Stabbing","floor":78.0,"turns":1.0},{"damage":0.0,"enemies":"Replay:Snechameleon","floor":81.0,"turns":1.0},{"damage":0.0,"enemies":"Nightmare","floor":82.0,"turns":1.0},{"damage":0.0,"enemies":"Champ","floor":84.0,"turns":1.0},{"damage":1.0,"enemies":"3 Darklings","floor":86.0,"turns":2.0},{"damage":0.0,"enemies":"3 Shapes","floor":87.0,"turns":1.0},{"damage":0.0,"enemies":"R_Hoarder","floor":91.0,"turns":1.0},{"damage":0.0,"enemies":"Nemesis","floor":92.0,"turns":1.0},{"damage":0.0,"enemies":"Nightmare","floor":95.0,"turns":1.0},{"damage":0.0,"enemies":"R_Hoarder","floor":96.0,"turns":1.0},{"damage":0.0,"enemies":"Giant Head","floor":98.0,"turns":1.0},{"damage":0.0,"enemies":"R_Hoarder","floor":99.0,"turns":1.0},{"damage":0.0,"enemies":"hubris:GrandSnecko","floor":101.0,"turns":1.0},{"damage":0,"enemies":"Cultist","floor":103,"turns":1},{"damage":0,"enemies":"2 Louse","floor":106,"turns":1},{"damage":0,"enemies":"3 Sentries","floor":108,"turns":1},{"damage":0,"enemies":"Small Slimes","floor":109,"turns":1},{"damage":0,"enemies":"Replay:BlueRogue","floor":110,"turns":1},{"damage":0,"enemies":"Nightmare_Alpha","floor":112,"turns":1},{"damage":0,"enemies":"Gremlin Nob","floor":113,"turns":1},{"damage":0,"enemies":"3 Sentries","floor":114,"turns":1},{"damage":0,"enemies":"Replay:BlueRogue","floor":115,"turns":1},{"damage":0,"enemies":"Slime Boss","floor":118,"turns":1},{"damage":0,"enemies":"Spheric Guardian","floor":120,"turns":1},{"damage":0,"enemies":"Nightmare","floor":125,"turns":1},{"damage":0,"enemies":"Gremlin Leader","floor":126,"turns":1},{"damage":0,"enemies":"Book of Stabbing","floor":127,"turns":1},{"damage":0,"enemies":"Replay:Snechameleon","floor":129,"turns":1},{"damage":0,"enemies":"Slavers","floor":130,"turns":1},{"damage":0,"enemies":"Gremlin Leader","floor":132,"turns":1},{"damage":0,"enemies":"Slavers","floor":133,"turns":1},{"damage":0,"enemies":"Champ","floor":135,"turns":1},{"damage":0,"enemies":"3 Shapes","floor":137,"turns":1},{"damage":0,"enemies":"R_Hoarder","floor":142,"turns":1},{"damage":0,"enemies":"Reptomancer","floor":144,"turns":1},{"damage":0,"enemies":"R_Hoarder","floor":146,"turns":1},{"damage":0,"enemies":"Nemesis","floor":148,"turns":1},{"damage":0,"enemies":"infinitespire:LordOfFortification","floor":152,"turns":6},{"damage":0,"enemies":"Shield and Spear","floor":156,"turns":1},{"damage":0,"enemies":"The Heart","floor":157,"turns":5}],"seed_played":"-4177569325853984322","potions_obtained":[{"floor":10.0,"key":"BlessingOfTheForge"},{"floor":14.0,"key":"BlessingOfTheForge"},{"floor":16.0,"key":"GamblersBrew"},{"floor":75.0,"key":"DuplicationPotion"},{"floor":81.0,"key":"EntropicBrew"},{"floor":103,"key":"EntropicBrew"},{"floor":109,"key":"EntropicBrew"},{"floor":112,"key":"EntropicBrew"},{"floor":115,"key":"EntropicBrew"}],"is_trial":true,"path_per_floor":["?","?","?","M","?","R","E","E","T","E","E","E","R","M","R","B",null,"M","?","?","M","$","E","NM","E","T","AVR","E","T","E","E","R","B",null,"M","?","?","E","T","E","E","M","T","E","E","NM","E","E","R","B",null,"M","?","M","E","?","NM","E","E","T","E","E","R","E","E","R","B",null,"M","?","E","$","$","E","AVR","E","T","E","T","T","E","NM","R","B",null,"M","M","$","T","T","E","E","NS","T","NM","E","R","E","E","R","B",null,"M","?","$","M","?","E","M","E","T","NM","E","E","E","T","R","B",null,"M","$","?","?","NM","E","E","T","E","E","$","E","E","R","B",null,"M","T","?","?","E","AVR","E","T","E","R","E","$","T","R","B",null,"R","$","E","B",null],"character_chosen":"THE_SILENT","items_purchased":["Boot","Sling","Footwork","Shuriken","vexMod:Cooldron","vexMod:Spyglass","Potion Belt","vexMod:Dragonfruit","Lantern","Replay:Wax Seal","Anchor","ReplayTheSpireMod:Shallot","Guide Book","vexMod:MemoryStick","TungstenRod","DollysMirror","infinitespire:Lucky Rock","Replay:Multitool","Replay:Baseball","InkBottle","infinitespire:EmpoweringShard","Lee\u0027s Waffle","Die Die Die+1","Calipers","Onion Ring","Membership Card","Strange Spoon","hubris:MysteriousPyramids"],"campfire_rested":8,"item_purchase_floors":[22,22,22,22,72,72,73,73,88,88,88,88,88,88,88,122,122,131,131,131,131,131,131,149,149,155,155,155],"current_hp_per_floor":[70,76,56,50,31,53,53,53,53,53,53,35,57,57,57,53,76,76,76,46,40,40,32,32,32,32,32,32,32,40,52,76,63,76,76,76,66,83,83,83,74,80,80,80,80,80,80,80,83,65,83,83,83,83,83,83,83,83,83,83,83,83,83,83,83,83,83,83,83,83,83,83,88,88,93,93,93,93,93,93,93,93,93,93,93,93,103,103,103,103,103,103,103,103,103,103,103,103,103,103,103,103,103,103,103,103,91,99,101,103,103,103,103,103,103,103,103,103,133,133,133,133,128,130,132,133,133,133,133,140,140,142,142,142,142,142,142,142,142,144,144,146,146,148,151,153,153,153,156,159,165,165,165,168,170],"gold":782,"neow_bonus":"","is_daily":false,"chose_seed":false,"campfire_upgraded":2,"win_rate":0.0,"timestamp":1610316474,"path_taken":["?","?","?","M","?","R","E","E","T","E","E","E","R","M","R","BOSS","M","?","?","?","$","E","NM","E","T","AVR","E","?","E","?","R","BOSS","M","?","?","?","?","E","?","?","T","E","E","NM","E","E","R","BOSS","M","?","?","?","?","NM","E","E","T","E","E","R","E","E","R","BOSS","M","?","?","?","?","E","AVR","E","T","E","?","?","E","NM","R","BOSS","M","?","?","?","?","E","E","NS","T","NM","E","R","E","E","R","BOSS","M","?","?","M","?","E","M","E","T","NM","E","E","E","?","R","BOSS","M","$","?","?","NM","E","E","T","E","E","?","E","E","R","BOSS","M","?","?","?","E","AVR","E","T","E","R","E","?","?","R","BOSS","R","$","E","BOSS"],"items_purchased_type":["Relic","Relic","Card","Relic","Relic","Relic","Relic","Relic","Relic","Relic","Relic","Relic","Relic","Relic","Relic","Relic","Relic","Relic","Relic","Relic","Relic","Relic","Card","Relic","Relic","Relic","Relic","Relic"],"build_version":"2020-12-22","purchased_purges":2,"victory":true,"max_hp_per_floor":[70,76,76,76,76,76,76,76,76,76,76,76,76,76,76,76,76,76,76,76,76,76,76,76,76,76,76,76,76,76,76,76,76,76,76,76,76,83,83,83,83,83,83,83,83,83,83,83,83,83,83,83,83,83,83,83,83,83,83,83,83,83,83,83,83,83,83,83,83,83,83,83,88,88,93,93,93,93,93,93,93,93,93,93,93,93,103,103,103,103,103,103,103,103,103,103,103,103,103,103,103,103,103,103,103,103,103,103,103,103,103,103,103,103,103,103,103,103,133,133,133,133,133,133,133,133,133,133,133,140,140,142,142,142,142,142,142,142,142,144,144,146,146,148,151,153,153,153,156,159,165,165,165,168,170],"card_choices":[{"not_picked":["ReplayTheSpireMod:Chaos Vortex","hubris:Rewind"],"picked":"infinitespire:NeuralNetwork","floor":3.0},{"not_picked":["Bullet Time","ReplayTheSpireMod:Necrogeddon"],"picked":"Phantasmal Killer","floor":7.0},{"not_picked":["Violence","Venomology"],"picked":"Die Die Die","floor":8.0},{"not_picked":["Wraith Form v2","Tools of the Trade"],"picked":"Die Die Die","floor":10.0},{"not_picked":["Unload","Violence"],"picked":"Phantasmal Killer","floor":11.0},{"not_picked":["Chrysalis","Malaise"],"picked":"Die Die Die","floor":12.0},{"not_picked":["Violence","Secret Weapon"],"picked":"Burst","floor":16.0},{"not_picked":["Outmaneuver","Slice"],"picked":"hubris:TrickCloak","floor":20.0},{"not_picked":["Choke","Bane+1"],"picked":"Sucker Punch","floor":20.0},{"not_picked":["Deflect","Outmaneuver"],"picked":"Crippling Poison","floor":20.0},{"not_picked":["Malaise","The Bomb"],"picked":"Apotheosis","floor":23.0},{"not_picked":["infinitespire:TheBestDefense","ReplayTheSpireMod:Echoes of Time"],"picked":"hubris:Fate","floor":24.0},{"not_picked":["Venomology","Metamorphosis"],"picked":"Tools of the Trade","floor":24.0},{"not_picked":["Magnetism","Mayhem"],"picked":"Poison Darts","floor":25.0},{"not_picked":["Venomology","Glass Knife"],"picked":"ReplayTheSpireMod:Necrosis","floor":28.0},{"not_picked":["Midas Touch","Poison Darts"],"picked":"Envenom","floor":30.0},{"not_picked":["Transmutation","Glass Knife"],"picked":"Envenom","floor":31.0},{"not_picked":["Thinking Ahead","Storm of Steel"],"picked":"Transmutation","floor":33.0},{"not_picked":[],"picked":"Replay:Dark Deal","floor":38.0},{"not_picked":[],"picked":"Atom Bomb","floor":40.0},{"not_picked":[],"picked":"Envenom","floor":41.0},{"not_picked":[],"picked":"The Bomb","floor":44.0},{"not_picked":[],"picked":"Thinking Ahead","floor":45.0},{"not_picked":[],"picked":"Replay:Bag of Tricks","floor":46.0},{"not_picked":[],"picked":"Apotheosis","floor":47.0},{"not_picked":[],"picked":"Violence","floor":48.0},{"not_picked":[],"picked":"Master of Strategy","floor":50.0},{"not_picked":["Glass Knife"],"picked":"SKIP","floor":55.0},{"not_picked":["Unload"],"picked":"SKIP","floor":57.0},{"not_picked":[],"picked":"Secret Weapon","floor":58.0},{"not_picked":["Wraith Form v2"],"picked":"SKIP","floor":59.0},{"not_picked":["Apotheosis"],"picked":"SKIP","floor":61.0},{"not_picked":["Bullet Time"],"picked":"SKIP","floor":62.0},{"not_picked":["Crow Ritual"],"picked":"SKIP","floor":64.0},{"not_picked":["Malaise"],"picked":"SKIP","floor":65.0},{"not_picked":[],"picked":"Doppelganger","floor":67.0},{"not_picked":["ReplayTheSpireMod:Brewmster"],"picked":"SKIP","floor":71.0},{"not_picked":["ReplayTheSpireMod:Chaos Vortex","infinitespire:TheBestDefense"],"picked":"hubris:Fate","floor":74.0},{"not_picked":["Malaise"],"picked":"SKIP","floor":74.0},{"not_picked":[],"picked":"All Out Attack","floor":75.0},{"not_picked":["Mayhem"],"picked":"SKIP","floor":76.0},{"not_picked":["Venomology"],"picked":"SKIP","floor":78.0},{"not_picked":["infinitespire:Neurotoxin"],"picked":"SKIP","floor":81.0},{"not_picked":["Metamorphosis"],"picked":"SKIP","floor":82.0},{"not_picked":[],"picked":"Replay:Bag of Tricks","floor":84.0},{"not_picked":["Wraith Form v2"],"picked":"SKIP","floor":91.0},{"not_picked":[],"picked":"A Thousand Cuts","floor":92.0},{"not_picked":["infinitespire:SealOfDarkness+","infinitespire:SevenWalls"],"picked":"infinitespire:Oblivion","floor":95.0},{"not_picked":[],"picked":"A Thousand Cuts","floor":95.0},{"not_picked":["Storm of Steel"],"picked":"SKIP","floor":96.0},{"not_picked":[],"picked":"Die Die Die","floor":98.0},{"not_picked":[],"picked":"Secret Technique","floor":99.0},{"not_picked":[],"picked":"HandOfGreed","floor":101.0},{"not_picked":["Mayhem"],"picked":"SKIP","floor":108},{"not_picked":["Replay:Dark Deal"],"picked":"SKIP","floor":110},{"not_picked":["ReplayTheSpireMod:Echoes of Time","ReplayTheSpireMod:Chaos Vortex"],"picked":"ReplayTheSpireMod:??????????????????????","floor":112},{"not_picked":["Replay:Bag of Tricks"],"picked":"SKIP","floor":112},{"not_picked":["Glass Knife"],"picked":"SKIP","floor":113},{"not_picked":[],"picked":"Adrenaline","floor":114},{"not_picked":["Chrysalis"],"picked":"SKIP","floor":115},{"not_picked":["infinitespire:TheBestDefense","infinitespire:DeathsTouch"],"picked":"ReplayTheSpireMod:Black Plague","floor":125},{"not_picked":["Tools of the Trade"],"picked":"SKIP","floor":125},{"not_picked":["Tools of the Trade"],"picked":"SKIP","floor":126},{"not_picked":["The Bomb"],"picked":"SKIP","floor":127},{"not_picked":["Transmutation"],"picked":"SKIP","floor":129},{"not_picked":["ReplayUltimateDefense"],"picked":"SKIP","floor":130},{"not_picked":["Chrysalis"],"picked":"SKIP","floor":132},{"not_picked":["Tools of the Trade"],"picked":"Singing Bowl","floor":133},{"not_picked":[],"picked":"Corpse Explosion","floor":135},{"not_picked":["Storm of Steel"],"picked":"Singing Bowl","floor":142},{"not_picked":["Midas Touch"],"picked":"Singing Bowl","floor":144},{"not_picked":["infinitespire:Neurotoxin+1"],"picked":"Singing Bowl","floor":146},{"not_picked":["Replay:Bag of Tricks+1"],"picked":"Singing Bowl","floor":148},{"not_picked":["ReplayUltimateDefense+1"],"picked":"Adrenaline+1","floor":152},{"not_picked":["ReplayTheSpireMod:Necrogeddon"],"picked":"Poisoned Strike","floor":156},{"not_picked":["Corpse Explosion+1","ReplayTheSpireMod:Brewmster+1"],"picked":"Singing Bowl","floor":157}],"player_experience":77602,"relics_obtained":[{"floor":4.0,"key":"Replay:PocketPolymizer"},{"floor":7.0,"key":"infinitespire:Satchel"},{"floor":8.0,"key":"ReplayFunnel"},{"floor":9.0,"key":"infinitespire:PuzzleCube"},{"floor":10.0,"key":"hubris:Zylophone"},{"floor":11.0,"key":"Mummified Hand"},{"floor":12.0,"key":"StrikeDummy"},{"floor":14.0,"key":"Torii"},{"floor":18.0,"key":"CeramicFish"},{"floor":21.0,"key":"PreservedInsect"},{"floor":23.0,"key":"Bag of Preparation"},{"floor":24.0,"key":"hubris:BottledRain"},{"floor":25.0,"key":"Snack Pack"},{"floor":26.0,"key":"vexMod:FocusSash"},{"floor":28.0,"key":"Bird Faced Urn"},{"floor":29.0,"key":"Eternal Feather"},{"floor":30.0,"key":"Prayer Wheel"},{"floor":31.0,"key":"Grinning Jar"},{"floor":35.0,"key":"hubris:MobiusCoin"},{"floor":38.0,"key":"Strawberry"},{"floor":39.0,"key":"Oddly Smooth Stone"},{"floor":40.0,"key":"infinitespire:Broken Mirror"},{"floor":41.0,"key":"infinitespire:Bottled Soul"},{"floor":42.0,"key":"Smiling Mask"},{"floor":43.0,"key":"Bottled Flame"},{"floor":44.0,"key":"hubris:TenFootPole"},{"floor":45.0,"key":"StoneCalendar"},{"floor":46.0,"key":"Pet Ghost"},{"floor":47.0,"key":"Letter Opener"},{"floor":48.0,"key":"Replay:Mystery Machine"},{"floor":52.0,"key":"Toy Ornithopter"},{"floor":54.0,"key":"ReplayTheSpireMod:Lightbulb"},{"floor":55.0,"key":"hubris:OldNail"},{"floor":57.0,"key":"Snake Skull"},{"floor":58.0,"key":"Tiny Chest"},{"floor":59.0,"key":"hubris:SlimyHat"},{"floor":60.0,"key":"Quantum Egg"},{"floor":61.0,"key":"Replay:Bottled Snecko"},{"floor":62.0,"key":"Bottled Tornado"},{"floor":64.0,"key":"Orichalcum"},{"floor":65.0,"key":"Akabeko"},{"floor":69.0,"key":"MawBank"},{"floor":71.0,"key":"infinitespire:FocusingShard"},{"floor":74.0,"key":"Bottled Lightning"},{"floor":76.0,"key":"infinitespire:Midas Blood"},{"floor":77.0,"key":"Bag of Marbles"},{"floor":78.0,"key":"infinitespire:Magic Flask"},{"floor":79.0,"key":"Blue Candle"},{"floor":80.0,"key":"infinitespire:Beetle Shell"},{"floor":81.0,"key":"The Courier"},{"floor":82.0,"key":"Blood Vial"},{"floor":86.0,"key":"Pocketwatch"},{"floor":87.0,"key":"Pear"},{"floor":89.0,"key":"Golden Egg"},{"floor":90.0,"key":"infinitespire:ShieldingShard"},{"floor":91.0,"key":"Replay:Rubber Ducky"},{"floor":92.0,"key":"Whetstone"},{"floor":94.0,"key":"Centennial Puzzle"},{"floor":95.0,"key":"infinitespire:Joker Card"},{"floor":96.0,"key":"Vajra"},{"floor":98.0,"key":"Ancient Tea Set"},{"floor":99.0,"key":"vexMod:InvisibilityCloak"},{"floor":103,"key":"Garlic"},{"floor":106,"key":"Nunchaku"},{"floor":108,"key":"Replay:Bottled Steam"},{"floor":109,"key":"Art of War"},{"floor":110,"key":"infinitespire:Golems Mask"},{"floor":111,"key":"Gremlin Food"},{"floor":112,"key":"hubris:Teleporter"},{"floor":113,"key":"Omamori"},{"floor":114,"key":"Bronze Scales"},{"floor":115,"key":"MealTicket"},{"floor":116,"key":"Ornamental Fan"},{"floor":120,"key":"ReplayTheSpireMod:TigerMarble"},{"floor":124,"key":"Enchiridion"},{"floor":125,"key":"Blue Doll"},{"floor":126,"key":"hubris:ToyBattleship"},{"floor":127,"key":"Pen Nib"},{"floor":128,"key":"War Paint"},{"floor":129,"key":"Pantograph"},{"floor":130,"key":"Happy Flower"},{"floor":132,"key":"Pondfish Scales"},{"floor":133,"key":"Singing Bowl"},{"floor":137,"key":"HornCleat"},{"floor":138,"key":"Frozen Egg 2"},{"floor":140,"key":"Ring of Fury"},{"floor":140,"key":"Ring of Misfortune"},{"floor":142,"key":"hubris:Reverence"},{"floor":144,"key":"hubris:CrystalStatue"},{"floor":145,"key":"Toxic Egg 2"},{"floor":146,"key":"Replay:Ringing Soul"},{"floor":148,"key":"Question Card"},{"floor":150,"key":"Mercury Hourglass"},{"floor":153,"key":"Replay:Towering Pillar of Hats"},{"floor":153,"key":"infinitespire:CheckeredPen"},{"floor":153,"key":"vexMod:BerryBomb"},{"floor":154,"key":"hubris:TinFlute"},{"floor":156,"key":"Iron Hammer"}],"event_choices":[{"damage_healed":0.0,"max_hp_gain":0.0,"max_hp_loss":0.0,"gold_gain":0.0,"event_name":"betterThird:BetterSerpent","player_choice":"RENOUNCE","floor":2.0,"gold_loss":99.0,"damage_taken":99.0,"cards_obtained":["Enlightenment"]},{"damage_healed":0.0,"max_hp_gain":0.0,"max_hp_loss":0.0,"gold_gain":0.0,"event_name":"Golden Idol","player_choice":"Take Damage","floor":5.0,"gold_loss":0.0,"damage_taken":19.0,"relics_obtained":["Golden Idol"]},{"damage_healed":0.0,"max_hp_gain":0.0,"max_hp_loss":0.0,"gold_gain":0.0,"event_name":"The Cleric","player_choice":"Leave","floor":15.0,"gold_loss":0.0,"damage_taken":0.0},{"damage_healed":0.0,"max_hp_gain":0.0,"max_hp_loss":0.0,"gold_gain":0.0,"event_name":"Tomb of Lord Red Mask","player_choice":"Paid","floor":36.0,"gold_loss":735.0,"damage_taken":0.0,"relics_obtained":["Red Mask"]},{"damage_healed":0.0,"max_hp_gain":0.0,"max_hp_loss":0.0,"gold_gain":0.0,"event_name":"Winding Halls","player_choice":"Embrace Madness","floor":37.0,"gold_loss":0.0,"damage_taken":10.0,"cards_obtained":["Madness","Madness"]},{"damage_healed":83.0,"max_hp_gain":0.0,"max_hp_loss":83.0,"gold_gain":0.0,"event_name":"betterThird:BetterShining","player_choice":"Leave","floor":53.0,"gold_loss":0.0,"damage_taken":0.0},{"damage_healed":0.0,"max_hp_gain":0.0,"max_hp_loss":0.0,"gold_gain":0.0,"event_name":"Living Wall","player_choice":"Grow","floor":56.0,"gold_loss":0.0,"damage_taken":0.0,"cards_upgraded":["Replay:Bag of Tricks"]},{"damage_healed":0,"gold_gain":0,"player_choice":"Take Damage","damage_taken":25,"relics_obtained":["Circlet"],"max_hp_gain":0,"max_hp_loss":0,"event_name":"Golden Idol","floor":107,"gold_loss":0},{"damage_healed":0,"gold_gain":0,"player_choice":"Ignored","damage_taken":0,"max_hp_gain":0,"max_hp_loss":0,"event_name":"NoteForYourself","floor":123,"gold_loss":0},{"damage_healed":0,"gold_gain":0,"player_choice":"Obtained Book","damage_taken":16,"max_hp_gain":0,"max_hp_loss":0,"event_name":"Cursed Tome","floor":124,"gold_loss":0},{"damage_healed":0,"gold_gain":0,"player_choice":"Ignored","damage_taken":0,"max_hp_gain":0,"max_hp_loss":0,"event_name":"betterThird:BetterPortal","floor":141,"gold_loss":0}],"is_beta":false,"boss_relics":[{"not_picked":["vexMod:TanglingVine","hubris:CrackedHourglass"],"picked":"Fusion Hammer"},{"not_picked":["Coffee Dripper","Velvet Choker"],"picked":"Busted Crown"},{"not_picked":["hubris:RunicObelisk","Empty Cage"],"picked":"Philosopher\u0027s Stone"},{"not_picked":["vexMod:CursedCompass","Empty Cage"],"picked":"Abe\u0027s Treasure"},{"not_picked":["Kintsugi","hubris:BlackHole"],"picked":"hubris:Stopwatch"},{"not_picked":["Honey Jar","SacredBark"],"picked":"hubris:ScarierMask"},{"not_picked":["Coffee Dripper","hubris:VirtuousBlindfold"],"picked":"vexMod:BigBerry"},{"not_picked":["Empty Cage","Replay:Ancient Bell"],"picked":"SacredBark"},{"not_picked":["hubris:GrandSneckoEye","Replay:Bronze Core"],"picked":"Calling Bell"}],"items_purged_floors":[27,131],"is_endless":true,"potions_floor_spawned":[10,14,16,21,25,30,33,40,41,42,44,46,47,52,55,57,61,62,65,69,71,81,82,84,91,96,98,103,109,112,115,118,125,127,129,130,132,142,144,146,156,157],"ascension_level":0}}