{"host":"5apxsqgkueisybsc","time":1610305482,"event":{"mods":["BaseMod","Hunter ??","Mimic Mod","Minty Spire (QoL Compilation)","Replay The Spire","Shade Mod","StSLib","The Bladedancer","The Bug Knight","The Cursed","The Druid","The Exalted","The Forsaken","The Valiant","The Witch"],"gold_per_floor":[116,128,147,158,177,210,210,210,210,210,264,134,148,48,48,146,146,157,170,189,204,39,39,39],"floor_reached":23,"playtime":2420,"items_purged":["Spreading Infection"],"score":195,"play_id":"8df6e791-bebe-4f9b-9959-09655369ae8a","local_time":"20210110140442","is_ascension_mode":false,"campfire_choices":[{"data":"blademaster:Sharpen","floor":7,"key":"SMITH"},{"data":"blademaster:StanceMastery","floor":10,"key":"SMITH"},{"floor":15,"key":"REST"}],"circlet_count":0,"master_deck":["blademaster:Strike","blademaster:Strike","blademaster:Strike","blademaster:Strike","blademaster:Defend","blademaster:Defend","blademaster:Defend","blademaster:Defend","blademaster:RagingBlow","blademaster:HighVoltage","blademaster:DragonStrike","blademaster:StanceMastery+1","blademaster:AspectOfLightning","blademaster:ThunderSlash","blademaster:Sharpen+1","blademaster:CombatPrep","blademaster:Discharge+1","blademaster:KiBarrier","blademaster:AspectOfWind","blademaster:ParryingStrike","blademaster:EnchantedCuirass","blademaster:FuriousStrike","blademaster:AirSlash+1","blademaster:Gust","Apotheosis"],"relics":["blademaster:DancersAmulet","NeowsBlessing","Replay:Rubber Ducky","ReplayTheSpireMod:Ring of Exchange","ReplayTheSpireMod:Ring of Collecting","Ring of Misfortune","Bromod:ArcaneTrickery","Winged Necklace","Painkiller Herb"],"acts_visited":["Exordium","TheCity"],"potions_floor_usage":[6,6,6,6,6,16,16,19,21,23],"damage_taken":[{"damage":0,"enemies":"Cultist","floor":1,"turns":1},{"damage":0,"enemies":"Small Slimes","floor":2,"turns":2},{"damage":0,"enemies":"2 Louse","floor":3,"turns":1},{"damage":1,"enemies":"2 Fungi Beasts","floor":4,"turns":4},{"damage":19,"enemies":"Blue Slaver","floor":5,"turns":7},{"damage":18,"enemies":"3 Sentries","floor":6,"turns":8},{"damage":1,"enemies":"Exordium Wildlife","floor":13,"turns":7},{"damage":28,"enemies":"Slime Boss","floor":16,"turns":10},{"damage":3,"enemies":"Spheric Guardian","floor":18,"turns":5},{"damage":4,"enemies":"Chosen","floor":19,"turns":10},{"damage":7,"enemies":"Centurion and Healer","floor":20,"turns":8},{"damage":15,"enemies":"Sentry and Sphere","floor":21,"turns":5},{"damage":60,"enemies":"Book of Stabbing","floor":23,"turns":6}],"seed_played":"-7451760409908666201","potions_obtained":[{"floor":3,"key":"Strength Potion"},{"floor":5,"key":"EntropicBrew"},{"floor":6,"key":"FearPotion"},{"floor":11,"key":"LiquidBronze"},{"floor":11,"key":"SmokeBomb"},{"floor":13,"key":"Strength Potion"},{"floor":16,"key":"LiquidBronze"},{"floor":20,"key":"SpeedPotion"},{"floor":21,"key":"Fire Potion"}],"is_trial":false,"path_per_floor":["M","M","M","M","M","E","R","?","T","R","?","$","M","$","R","B",null,"?","?","?","?","T","E"],"character_chosen":"THE_BLADEMASTER","items_purchased":["blademaster:Discharge+1","blademaster:AspectOfWind","blademaster:ParryingStrike","Apotheosis"],"campfire_rested":1,"item_purchase_floors":[12,14,14,22],"current_hp_per_floor":[75,75,75,74,55,37,37,37,37,37,37,37,36,36,58,30,75,72,73,66,51,51,0,0],"gold":39,"neow_bonus":"THREE_ENEMY_KILL","is_daily":false,"chose_seed":false,"campfire_upgraded":2,"win_rate":0.0,"timestamp":1610305482,"path_taken":["M","M","M","?","M","E","R","?","T","R","?","$","M","$","R","BOSS","?","?","?","?","T","E"],"items_purchased_type":["Card","Card","Card","Card"],"build_version":"2020-12-22","purchased_purges":1,"victory":false,"max_hp_per_floor":[75,75,75,75,75,75,75,75,75,75,75,75,75,75,75,75,75,75,75,75,75,75,75,75],"card_choices":[{"not_picked":["blademaster:ParryingStrike","blademaster:CombatPrep"],"picked":"blademaster:DragonStrike","floor":1},{"not_picked":["blademaster:Discharge","blademaster:Safeguard"],"picked":"blademaster:StanceMastery","floor":2},{"not_picked":["blademaster:AirSlash","blademaster:ChargingUp"],"picked":"blademaster:AspectOfLightning","floor":3},{"not_picked":["blademaster:Rupture","blademaster:Slice","blademaster:ThunderSlash"],"picked":"SKIP","floor":4},{"not_picked":["blademaster:Rupture","blademaster:Slice"],"picked":"blademaster:ThunderSlash","floor":4},{"not_picked":["blademaster:ParryingStrike","blademaster:Quickstep"],"picked":"blademaster:Sharpen","floor":5},{"not_picked":["blademaster:Blockade","blademaster:Momentum","blademaster:AspectOfLightning"],"picked":"SKIP","floor":6},{"not_picked":["blademaster:SharpBlades","blademaster:AirSlash"],"picked":"blademaster:CombatPrep","floor":11},{"not_picked":["blademaster:Meditate","blademaster:Momentum"],"picked":"blademaster:KiBarrier","floor":13},{"not_picked":["blademaster:FuryOfTheElements","blademaster:RagingBlow"],"picked":"blademaster:EnchantedCuirass","floor":16},{"not_picked":["blademaster:BloodyBlow","blademaster:Slice"],"picked":"blademaster:FuriousStrike","floor":18},{"not_picked":["blademaster:Flash","blademaster:BladeCross"],"picked":"blademaster:AirSlash+1","floor":19},{"not_picked":["blademaster:AspectOfWind","blademaster:BrainBloom","blademaster:SlyStabs"],"picked":"SKIP","floor":20},{"not_picked":["blademaster:BloodyBlow","blademaster:Thrust"],"picked":"blademaster:Gust","floor":21}],"player_experience":93444,"relics_obtained":[{"floor":6,"key":"Replay:Rubber Ducky"},{"floor":6,"key":"blademaster:ComboEveryTurnPerk"},{"floor":8,"key":"ReplayTheSpireMod:Ring of Exchange"},{"floor":8,"key":"ReplayTheSpireMod:Ring of Collecting"},{"floor":9,"key":"Ring of Misfortune"},{"floor":9,"key":"Bromod:ArcaneTrickery"},{"floor":11,"key":"Winged Necklace"}],"event_choices":[],"is_beta":false,"boss_relics":[{"not_picked":["Black Star","Sozu"],"picked":"Painkiller Herb"}],"items_purged_floors":[12],"is_endless":false,"potions_floor_spawned":[3,5,6,13,16,20,21],"killed_by":"Book of Stabbing","ascension_level":0}}