{"host":"b1nkw8hni90dsvue","time":1610274795,"event":{"mods":["Aspiration","BaseMod","Downfall","Grow up Mod","Jedi Mod","Koishi","LagranYue(拉格朗・月)","Marisa（F雨　魔理沙）","Minty Spire (QoL Compilation)","Prisma Mod","Quick Restart","Remilia（蕾米莉亚）","Replay The Spire","RumiaBox-露米娅的神秘盒子","Shop Mod","StSLib","TestMod","The Bug Knight","The Cursed","The Gatherer","The Saiyan","The Servant 0.9.4","Youmu（魂魄妖梦）"],"gold_per_floor":[111,211,231,244,263,297,297,322,322,132,149,181,181,197,197,296,296,311,295,320,320,345,345,370,386,386,414,425,16,35,46,46,148,148,165,165,165,165,179,210,210,233,233,258,258,129,129,145,145,145,145,145,142,172,172],"floor_reached":56,"playtime":4226,"items_purged":["Strike_R","Defend_R","Strike_R","Strike_R"],"score":1336,"play_id":"c3255188-81a9-48e3-9ced-5564817efa9b","local_time":"20210110183315","is_ascension_mode":true,"campfire_choices":[{"floor":7,"key":"RECALL"},{"data":"Berserk","floor":15,"key":"SMITH"},{"data":"Inflame","floor":23,"key":"SMITH"},{"data":"jedi:controlledanger","floor":41,"key":"SMITH"},{"data":"Madness","floor":45,"key":"SMITH"},{"data":"Infernal Blade","floor":47,"key":"SMITH"},{"data":"Madness","floor":49,"key":"SMITH"},{"data":"Dark Embrace","floor":52,"key":"SMITH"}],"circlet_count":0,"master_deck":["Strike_R","Strike_R","Defend_R+1","Defend_R+1","Bash","Heavy Blade","Replay:Undeath\u0027s Touch","Carnage","Sword Boomerang","Berserk+1","Cleave","Twin Strike+1","Metallicize","Inflame+1","jedi:controlledanger+1","Anger","Heavy Blade+1","Flex","Life Link+1","Barricade","ReplayTheSpireMod:Limb From Limb+1","Madness+1","Madness+1","expansioncontent:DarkVoid","Perfected Strike+1","Shrug It Off+1","Infernal Blade+1","Dark Embrace+1","Pot Of Greed","Pot Of Greed","Pot Of Greed","ReplayReversal+1"],"relics":["Burning Blood","testmod-TestBox","LagranYue:RandomDrawCardRelic","testmod-RealStoneCalender","MagicDraw1","MerchantsRug","Busted Crown","Red Mask","aspiration:Lifesprig","Lantern","Self Forming Clay","testmod-BlackFramedGlasses","testmod-Charity","testmod-InjuryResistance","Honey Jar","jedi:crownofsimplicity","Smiling Mask","ReplayTheSpireMod:Ninjato","BargainBundle","Grinning Jar"],"acts_visited":["Exordium","TheCity","TheBeyond","TheEnding"],"potions_floor_usage":[33,50,50],"damage_taken":[{"damage":6,"enemies":"Jaw Worm","floor":1,"turns":3},{"damage":6,"enemies":"Cultist","floor":3,"turns":3},{"damage":11,"enemies":"2 Louse","floor":4,"turns":3},{"damage":0,"enemies":"2 Fungi Beasts","floor":5,"turns":2},{"damage":22,"enemies":"3 Sentries","floor":6,"turns":4},{"damage":44,"enemies":"Lagavulin","floor":8,"turns":4},{"damage":12,"enemies":"Exordium Thugs","floor":11,"turns":3},{"damage":19,"enemies":"Gremlin Nob","floor":12,"turns":3},{"damage":0,"enemies":"Large Slime","floor":14,"turns":3},{"damage":13,"enemies":"Slime Boss","floor":16,"turns":5},{"damage":3,"enemies":"3 Byrds","floor":18,"turns":4},{"damage":33,"enemies":"Masked Bandits","floor":20,"turns":4},{"damage":24,"enemies":"Slavers","floor":24,"turns":4},{"damage":29,"enemies":"2 Thieves","floor":25,"turns":3},{"damage":8,"enemies":"Book of Stabbing","floor":27,"turns":3},{"damage":15,"enemies":"Centurion and Healer","floor":28,"turns":3},{"damage":6,"enemies":"Snake Plant","floor":30,"turns":2},{"damage":18,"enemies":"3 Cultists","floor":31,"turns":3},{"damage":45,"enemies":"Champ","floor":33,"turns":8},{"damage":0,"enemies":"3 Shapes","floor":35,"turns":2},{"damage":0,"enemies":"Orb Walker","floor":39,"turns":3},{"damage":38,"enemies":"Giant Head","floor":40,"turns":6},{"damage":18,"enemies":"Nemesis","floor":44,"turns":5},{"damage":0,"enemies":"Transient","floor":48,"turns":5},{"damage":27,"enemies":"Donu and Deca","floor":50,"turns":5},{"damage":53,"enemies":"Shield and Spear","floor":54,"turns":4},{"damage":70,"enemies":"The Heart","floor":55,"turns":5}],"seed_played":"-2835585677364754724","potions_obtained":[{"floor":3,"key":"testmod-TestPotion"},{"floor":4,"key":"PowerPotion"},{"floor":5,"key":"Venom Potion"},{"floor":6,"key":"Elixir"},{"floor":12,"key":"Fire Potion"},{"floor":14,"key":"EssenceOfSteel"},{"floor":18,"key":"Block Potion"},{"floor":27,"key":"ColorlessPotion"},{"floor":28,"key":"Explosive Potion"},{"floor":31,"key":"Fire Potion"},{"floor":40,"key":"AttackPotion"},{"floor":44,"key":"testmod-SpacePotion"},{"floor":48,"key":"LiquidMemories"}],"is_trial":false,"path_per_floor":["M","?","M","M","M","E","R","E","T","$","M","E","?","M","R","B",null,"M","$","?","?","T","R","E","M","T","E","M","$","M","M","R","B",null,"M","?","?","?","M","E","R","T","T","E","R","$","R","M","R","B",null,"R","$","E","B",null],"character_chosen":"IRONCLAD","items_purchased":["MerchantsRug","Twin Strike+1","Metallicize","testmod-Charity","testmod-InjuryResistance","BargainBundle","jedi:tentaclejuice","LiquidBronze","GamblersBrew"],"campfire_rested":0,"item_purchase_floors":[10,10,10,29,29,46,46,46,46],"current_hp_per_floor":[108,118,128,133,148,142,152,124,134,144,148,145,148,164,174,177,268,278,288,271,281,291,301,293,280,290,298,302,313,326,328,421,398,442,453,463,418,428,448,433,443,454,464,468,478,491,501,523,533,527,621,631,643,610,561],"gold":172,"neow_bonus":"TEN_PERCENT_HP_BONUS","is_daily":false,"chose_seed":false,"campfire_upgraded":7,"win_rate":0.0,"timestamp":1610274795,"path_taken":["M","?","?","?","M","E","R","E","T","$","M","E","?","M","R","BOSS","M","$","?","?","?","R","E","M","T","E","M","?","M","M","R","BOSS","M","?","?","?","M","E","R","?","T","E","R","$","R","M","R","BOSS","R","$","E","BOSS"],"items_purchased_type":["Relic","Card","Card","Relic","Relic","Relic","Potion","Potion","Potion"],"build_version":"2020-12-22","purchased_purges":4,"victory":true,"max_hp_per_floor":[108,118,128,138,148,158,168,178,188,198,208,218,228,238,248,258,268,278,288,298,308,318,328,338,348,358,368,378,389,400,411,421,432,442,453,463,473,483,494,505,515,526,536,547,557,570,580,591,601,611,621,631,643,654,664],"card_choices":[{"not_picked":["Thunderclap","Run Through"],"picked":"Heavy Blade","floor":1},{"not_picked":["Shockwave","jedi:hate"],"picked":"Replay:Undeath\u0027s Touch","floor":3},{"not_picked":["True Grit","ReplayTheSpireMod:Strike From Hell"],"picked":"Carnage","floor":4},{"not_picked":["Fire Breathing","Hemogenesis"],"picked":"Sword Boomerang","floor":5},{"not_picked":["Uppercut","jedi:MakeshiftSword"],"picked":"Berserk","floor":6},{"not_picked":["Anger","Heavy Blade"],"picked":"Cleave","floor":8},{"not_picked":["jedi:suffering","Thunderclap"],"picked":"Inflame","floor":11},{"not_picked":["Shrug It Off","Life Link"],"picked":"jedi:controlledanger","floor":12},{"not_picked":["Run Through","Perfected Strike"],"picked":"Anger","floor":14},{"not_picked":["Warcry+1"],"picked":"SKIP","floor":18},{"not_picked":[],"picked":"Heavy Blade+1","floor":20},{"not_picked":["ReplayTheSpireMod:Corrosion Curse"],"picked":"SKIP","floor":24},{"not_picked":[],"picked":"Flex","floor":25},{"not_picked":[],"picked":"Life Link","floor":27},{"not_picked":["Defy Death"],"picked":"SKIP","floor":28},{"not_picked":["Body Slam"],"picked":"SKIP","floor":30},{"not_picked":["Abandon"],"picked":"SKIP","floor":31},{"not_picked":[],"picked":"Barricade","floor":33},{"not_picked":["Clash+1"],"picked":"ReplayTheSpireMod:Limb From Limb+1","floor":35},{"not_picked":["testmod-RabbitOfFibonacci"],"picked":"expansioncontent:DarkVoid","floor":38},{"not_picked":["ReplayTheSpireMod:Strike From Hell"],"picked":"Perfected Strike+1","floor":39},{"not_picked":["ReplayTheSpireMod:Strike From Hell"],"picked":"Shrug It Off+1","floor":40},{"not_picked":["jedi:collectorstrike+1"],"picked":"Infernal Blade","floor":44},{"not_picked":["Clothesline+1"],"picked":"Dark Embrace","floor":48},{"not_picked":["Demonic Infusion"],"picked":"ReplayReversal+1","floor":54}],"player_experience":275970,"relics_obtained":[{"floor":6,"key":"MagicDraw1"},{"floor":8,"key":"War Paint"},{"floor":12,"key":"testmod-DragonStarHat"},{"floor":20,"key":"Red Mask"},{"floor":22,"key":"Gremlin Food"},{"floor":24,"key":"Lantern"},{"floor":26,"key":"Self Forming Clay"},{"floor":27,"key":"testmod-BlackFramedGlasses"},{"floor":40,"key":"jedi:crownofsimplicity"},{"floor":42,"key":"Smiling Mask"},{"floor":43,"key":"Lizard Tail"},{"floor":44,"key":"ReplayTheSpireMod:Ninjato"},{"floor":54,"key":"Grinning Jar"}],"event_choices":[{"damage_healed":0,"gold_gain":100,"player_choice":"Pray","damage_taken":0,"max_hp_gain":0,"max_hp_loss":0,"event_name":"Golden Shrine","floor":2,"gold_loss":0},{"cards_removed":["Defend_R"],"damage_healed":0,"gold_gain":0,"player_choice":"Card Removal","damage_taken":7,"max_hp_gain":0,"max_hp_loss":0,"event_name":"Golden Wing","floor":13,"gold_loss":0},{"damage_healed":0,"gold_gain":0,"player_choice":"Fought Bandits","damage_taken":0,"max_hp_gain":0,"max_hp_loss":0,"event_name":"Masked Bandits","floor":20,"gold_loss":0},{"damage_healed":0,"gold_gain":0,"player_choice":"Embrace Madness","damage_taken":58,"max_hp_gain":0,"max_hp_loss":0,"event_name":"Winding Halls","floor":37,"gold_loss":0,"cards_obtained":["Madness","Madness"]},{"damage_healed":0,"gold_gain":0,"player_choice":"Memory 1","damage_taken":0,"max_hp_gain":0,"max_hp_loss":0,"event_name":"SensoryStone","floor":38,"gold_loss":0}],"is_beta":false,"boss_relics":[{"not_picked":["testmod-Temperance","AddBug"],"picked":"Busted Crown"},{"not_picked":["Philosopher\u0027s Stone","Black Blood"],"picked":"Honey Jar"}],"items_purged_floors":[19,29,46,53],"is_endless":false,"potions_floor_spawned":[3,4,5,6,12,14,18,27,28,31,40,44,48],"ascension_level":1}}