{"host":"mmyob72dycyg5z21","time":1610256178,"event":{"mods":["Act Like it!","Alarm Clock","BaseMod","Bestiary","Better Note","Better Third Choice","Better Vampires","Colored Powertips","Custom Start","Gold Saver","Gremlin Skip","Luminous","Marked Mod","Minty Spire (QoL Compilation)","Rare Cards Sparkle","Spicy Shops","StSLib","SuperFastMode","[功能]功能增强和修复MOD","【功能Mod】精心准备"],"gold_per_floor":[147,158,174,193,268,303,34,34,60,60,71,71,71,102,102,102,102],"floor_reached":16,"playtime":492,"items_purged":["Strike_B"],"score":165,"play_id":"270cfa31-20a5-4111-b8be-c13f5792dd48","local_time":"20210110132258","is_ascension_mode":true,"campfire_choices":[{"data":"Storm","floor":8.0,"key":"SMITH"},{"data":"Hologram","floor":10.0,"key":"SMITH"},{"floor":13.0,"key":"REST"},{"data":"Dualcast","floor":15.0,"key":"SMITH"}],"circlet_count":0,"master_deck":["AscendersBane","Strike_B","Strike_B","Defend_B","Defend_B","Defend_B","Defend_B","Zap","Dualcast+1","Hologram+1","Undo","White Noise","Tempest","Coolheaded","Electrodynamics","Storm+1","Leap"],"relics":["Ice Cream","Potion Belt","ClockworkSouvenir","Pocketwatch"],"acts_visited":["Exordium"],"potions_floor_usage":[],"damage_taken":[{"damage":11.0,"enemies":"Jaw Worm","floor":1.0,"turns":5.0},{"damage":0.0,"enemies":"Small Slimes","floor":2.0,"turns":4.0},{"damage":1.0,"enemies":"Cultist","floor":3.0,"turns":4.0},{"damage":1.0,"enemies":"2 Fungi Beasts","floor":4.0,"turns":4.0},{"damage":12.0,"enemies":"3 Sentries","floor":6.0,"turns":6.0},{"damage":5.0,"enemies":"Looter","floor":11.0,"turns":4.0},{"damage":23.0,"enemies":"Lagavulin","floor":14.0,"turns":7.0},{"damage":36,"enemies":"The Guardian","floor":16,"turns":2}],"seed_played":"-2720763036735311185","potions_obtained":[{"floor":1.0,"key":"Fruit Juice"},{"floor":2.0,"key":"FocusPotion"},{"floor":3.0,"key":"LiquidBronze"},{"floor":4.0,"key":"DistilledChaos"}],"is_trial":false,"path_per_floor":["M","M","M","M","?","E","$","R","T","R","M","?","R","E","R","B"],"character_chosen":"DEFECT","items_purchased":["ClockworkSouvenir","Storm"],"campfire_rested":1,"item_purchase_floors":[7,7],"current_hp_per_floor":[62,62,61,60,49,37,37,37,37,37,32,25,49,26,26,0,0],"gold":102,"neow_bonus":"THREE_CARDS","is_daily":false,"chose_seed":false,"campfire_upgraded":3,"win_rate":0.0,"timestamp":1610256178,"path_taken":["M","M","M","M","?","E","?","R","T","R","?","?","R","E","R","BOSS"],"items_purchased_type":["Relic","Card"],"build_version":"2020-12-22","purchased_purges":1,"victory":false,"max_hp_per_floor":[80,80,80,80,80,80,80,80,80,80,80,80,80,80,80,80,80],"card_choices":[{"not_picked":["BootSequence","Conserve Battery"],"picked":"Hologram","floor":0.0},{"not_picked":["Doom and Gloom","Cold Snap"],"picked":"Undo","floor":1.0},{"not_picked":["Hologram","Coolheaded"],"picked":"White Noise","floor":2.0},{"not_picked":["Sweeping Beam","Hologram"],"picked":"Tempest","floor":3.0},{"not_picked":["Compile Driver","Rebound"],"picked":"Coolheaded","floor":4.0},{"not_picked":["Melter","Gash"],"picked":"Electrodynamics","floor":6.0},{"not_picked":["Compile Driver","Stack"],"picked":"Leap","floor":11.0},{"not_picked":["Redo","Rebound","Stack"],"picked":"SKIP","floor":14.0}],"player_experience":369416,"relics_obtained":[{"floor":6.0,"key":"Potion Belt"},{"floor":14.0,"key":"Pocketwatch"}],"event_choices":[{"damage_healed":0.0,"max_hp_gain":0.0,"max_hp_loss":0.0,"gold_gain":75.0,"event_name":"betterThird:BetterGoop","player_choice":"Gold","floor":5.0,"gold_loss":0.0,"damage_taken":11.0},{"cards_removed":["Strike_B"],"damage_healed":0.0,"max_hp_gain":0.0,"max_hp_loss":0.0,"gold_gain":0.0,"event_name":"Golden Wing","player_choice":"Card Removal","floor":12.0,"gold_loss":0.0,"damage_taken":7.0}],"is_beta":false,"boss_relics":[],"items_purged_floors":[7],"is_endless":false,"potions_floor_spawned":[1,2,3,4],"killed_by":"The Guardian","ascension_level":10}}