{"host":"rnys9sj607vajavv","time":1610317499,"event":{"mods":["BaseMod","Colored Map","Downfall","Minty Spire (QoL Compilation)","StSLib"],"gold_per_floor":[99,113,127,127,137,157,157,168,203,222,222,322,322,322,341,443,443,443,463,478,494,506,506,506,506],"floor_reached":23,"playtime":2748,"items_purged":[],"score":246,"play_id":"b0740abe-d8ad-4171-9cfd-3703fb085722","local_time":"20210110142459","is_ascension_mode":true,"campfire_choices":[{"data":"champ:Taunt","floor":1.0,"key":"SMITH"},{"data":"champ:ViciousMockery","floor":11,"key":"SMITH"},{"floor":13,"key":"REST"},{"data":"champ:Balance","floor":18,"key":"SMITH"}],"circlet_count":0,"master_deck":["champ:Strike","champ:Strike","champ:Strike","champ:Strike","champ:Defend","champ:Defend","champ:Defend","champ:Defend","champ:Execute","champ:Taunt+1","champ:BringItOn","champ:FlashCut","champ:ViciousMockery+1","champ:BringItOn+1","champ:Balance+1","champ:Lariat","champ:RisingSlash","champ:ShieldWall"],"relics":["champ:ChampionCrown","Lizard Tail","White Beast Statue","Mummified Hand","Black Star"],"acts_visited":["TheCity"],"potions_floor_usage":[16,23,23],"damage_taken":[{"damage":7.0,"enemies":"2 Louse","floor":2.0,"turns":3.0},{"damage":5.0,"enemies":"Small Slimes","floor":3.0,"turns":4.0},{"damage":5,"enemies":"Cultist","floor":5,"turns":3},{"damage":20,"enemies":"Large Slime","floor":6,"turns":5},{"damage":0,"enemies":"3 Louse","floor":8,"turns":4},{"damage":33,"enemies":"3 Sentries","floor":9,"turns":12},{"damage":0,"enemies":"Blue Slaver","floor":10,"turns":3},{"damage":30,"enemies":"Large Slime","floor":15,"turns":6},{"damage":30,"enemies":"downfall:Defect","floor":16,"turns":12},{"damage":26,"enemies":"Spheric Guardian","floor":19,"turns":6},{"damage":0,"enemies":"3 Byrds","floor":20,"turns":5},{"damage":68,"enemies":"Cultist and Chosen","floor":21,"turns":10},{"damage":16,"enemies":"Chosen and Byrds","floor":22,"turns":7},{"damage":75,"enemies":"Gremlin Leader","floor":23,"turns":7}],"seed_played":"-2290962109645797629","potions_obtained":[{"floor":6,"key":"SneckoOil"},{"floor":8,"key":"champ:OpenerPotion"},{"floor":9,"key":"FearPotion"},{"floor":15,"key":"Guardian:BlockOnCardUsePotion"},{"floor":16,"key":"champ:TechniquePotion"}],"is_trial":false,"path_per_floor":["R","M","M","?","M","M","T","M","E","M","R","?","R","?","M","B",null,"R","M","M","M","M","E"],"character_chosen":"THE_CHAMP","items_purchased":[],"campfire_rested":1,"item_purchase_floors":[],"current_hp_per_floor":[63,61,61,66,66,56,56,56,28,28,28,28,56,56,31,1,72,72,69,69,25,14,0,0,0],"gold":506,"neow_bonus":"ONE_RARE_RELIC","is_daily":false,"chose_seed":false,"campfire_upgraded":3,"win_rate":0.0,"timestamp":1610317499,"path_taken":["R","M","M","?","M","M","T","M","E","M","R","?","R","?","M","BOSS","R","M","M","?","M","E"],"items_purchased_type":[],"build_version":"2020-12-22","purchased_purges":0,"victory":false,"max_hp_per_floor":[90,90,90,95,95,95,95,95,95,95,95,95,95,95,95,95,95,95,95,95,95,95,95,95,95],"card_choices":[{"not_picked":["champ:GladiatorsShout","champ:StanceDance"],"picked":"champ:BringItOn","floor":2.0},{"not_picked":["champ:Haymaker","champ:ArenaPreparation"],"picked":"champ:FlashCut","floor":3},{"not_picked":["champ:RapidStrikes","champ:GutPunch"],"picked":"champ:ViciousMockery","floor":5},{"not_picked":["champ:EndlessRage","champ:PerfectedStrike"],"picked":"champ:BringItOn","floor":6},{"not_picked":["champ:CrookedStrike","champ:BerserkersShout","champ:SwordThrow"],"picked":"SKIP","floor":8},{"not_picked":["champ:AdrenalArmor","champ:BerserkerStyle","champ:FlashCut"],"picked":"SKIP","floor":9},{"not_picked":["champ:ShieldSigil","champ:GladiatorStyle","champ:EnragedBash"],"picked":"SKIP","floor":10},{"not_picked":["champ:CrookedStrike","champ:DefensiveShout"],"picked":"champ:Balance","floor":15},{"not_picked":["champ:BerserkerStyle","champ:CrookedStrike"],"picked":"champ:Lariat","floor":19},{"not_picked":["champ:EnragedBash","champ:Backstep"],"picked":"champ:RisingSlash","floor":20},{"not_picked":["champ:BladeFlurry","champ:Haymaker+1"],"picked":"champ:ShieldWall","floor":21},{"not_picked":["champ:BladeFlurry+1","champ:GutPunch","champ:FlashCut"],"picked":"SKIP","floor":22}],"player_experience":644339,"relics_obtained":[{"floor":7,"key":"White Beast Statue"},{"floor":9,"key":"Mummified Hand"}],"event_choices":[{"damage_healed":0,"gold_gain":0,"player_choice":"Donut","damage_taken":0,"max_hp_gain":5,"max_hp_loss":0,"event_name":"Big Fish","floor":4,"gold_loss":0},{"damage_healed":0,"gold_gain":0,"player_choice":"Forge","damage_taken":0,"max_hp_gain":0,"max_hp_loss":0,"event_name":"Accursed Blacksmith","floor":14,"gold_loss":0,"cards_upgraded":["champ:BringItOn"]}],"is_beta":false,"boss_relics":[{"not_picked":["downfall:Hecktoplasm","Empty Cage"],"picked":"Black Star"}],"items_purged_floors":[],"is_endless":false,"potions_floor_spawned":[6,8,9,10,15,16,19,20,21,22],"killed_by":"Gremlin Leader","ascension_level":5}}