{"host":"yaxsefyig1et0yi2","time":1610272865,"event":{"mods":["Aspiration","BaseMod","BetterRewards","Colored Powertips","Conspire","Displayed Cursed Tome","Downfall","Halation","Hubris","Infinite Spire","JesterMod","Minty Spire (QoL Compilation)","Quick Restart","RatMod","Replay The Spire","Reworked Bosses","Spikes Relics","StSLib","The Jungle"],"gold_per_floor":[99,118,183,194,208,208,208,218,218,218,235,235,235,235],"floor_reached":12,"playtime":956,"items_purged":[],"score":70,"play_id":"83a4ef39-1996-4efd-b8c5-97a9892582fb","local_time":"20210110050105","is_ascension_mode":false,"campfire_choices":[{"data":"champ:Taunt","floor":1,"key":"SMITH"},{"data":"champ:FocusedBerserking","floor":6,"key":"SMITH"}],"circlet_count":0,"master_deck":["champ:Strike","champ:Strike","champ:Strike","champ:Strike","champ:Defend","champ:Defend","champ:Defend","champ:Defend","champ:Execute","champ:Taunt+1","champ:FanOfKnives","champ:FocusedBerserking+1","champ:EnragedBash","champ:Lariat","champ:GladiatorsShout"],"relics":["champ:ChampionCrown","Onion Ring","Mercury Hourglass"],"acts_visited":["Exordium"],"potions_floor_usage":[11,12,12],"damage_taken":[{"damage":21,"enemies":"Jaw Worm","floor":2,"turns":6},{"damage":70,"enemies":"Gremlin Nob","floor":3,"turns":6},{"damage":10,"enemies":"Cultist","floor":4,"turns":4},{"damage":0,"enemies":"2 Louse","floor":5,"turns":2},{"damage":19,"enemies":"Blue Slaver","floor":8,"turns":4},{"damage":23,"enemies":"Exordium Wildlife","floor":11,"turns":5},{"damage":17,"enemies":"Gremlin Nob","floor":12,"turns":2}],"seed_played":"-3740714889309575178","potions_obtained":[{"floor":3,"key":"SkillPotion"},{"floor":4,"key":"champ:CounterPotion"},{"floor":8,"key":"Guardian:BlockOnCardUsePotion"}],"is_trial":false,"path_per_floor":["R","M","?","M","M","R","T","M","PTL","PTL","M","E"],"character_chosen":"THE_CHAMP","items_purchased":[],"campfire_rested":0,"item_purchase_floors":[],"current_hp_per_floor":[99,88,28,28,28,28,28,16,16,16,8,0,0,0],"gold":235,"neow_bonus":"TEN_PERCENT_HP_BONUS","is_daily":false,"chose_seed":false,"campfire_upgraded":2,"win_rate":0.0,"timestamp":1610272865,"path_taken":["R","M","?","M","M","R","T","M","PTL","PTL","M","E"],"items_purchased_type":[],"build_version":"2020-12-22","purchased_purges":0,"victory":false,"max_hp_per_floor":[99,99,99,99,99,99,99,99,99,99,99,99,99,99],"card_choices":[{"not_picked":["champ:Haymaker","champ:DefensiveShout"],"picked":"champ:FanOfKnives","floor":2},{"not_picked":["champ:SkillfulDodge","champ:StanceDance"],"picked":"champ:FocusedBerserking","floor":3},{"not_picked":["champ:ArenaPreparation","champ:GutPunch","champ:BladeFlurry"],"picked":"SKIP","floor":4},{"not_picked":["champ:PerfectForm","champ:GutPunch"],"picked":"champ:EnragedBash","floor":5},{"not_picked":["champ:TornadoPunch","champ:GutPunch"],"picked":"champ:Lariat","floor":8},{"not_picked":["champ:DefensiveShout","champ:StanceDance"],"picked":"champ:GladiatorsShout","floor":11}],"player_experience":252515,"relics_obtained":[{"floor":3,"key":"Onion Ring"},{"floor":7,"key":"Mercury Hourglass"}],"event_choices":[],"is_beta":false,"boss_relics":[],"items_purged_floors":[],"is_endless":false,"potions_floor_spawned":[3,4,8],"killed_by":"Gremlin Nob","ascension_level":0}}