{"host":"6qo42zgaknezulyg","time":1610249418,"event":{"mods":["2.2 Compatiblity","BaseMod","Downfall","Keyboard Shortcuts","Minty Spire (QoL Compilation)","Permanent Neow","Quick Restart","StSLib","SuperFastMode"],"gold_per_floor":[99,99,118,138,155,168,168,179,179,193,209,226,257,272,282,380,380,305,320,340,174,259,290,313,327,327,252,262,247,247,262,277,379,379,379,392,442,455,531,531,531,381,395,415,340,355,95,124,144,144,144,178,4,4,4,4,4],"floor_reached":55,"playtime":3272,"items_purged":["hexamod:Strike","hexamod:FirstSeal","hexamod:SixthSeal"],"score":779,"play_id":"1c067835-f908-49b3-8842-23362911061e","local_time":"20210110123018","is_ascension_mode":false,"campfire_choices":[{"data":"hexamod:Toasty","floor":1.0,"key":"SMITH"},{"data":"hexamod:FlamesFromBeyond","floor":9.0,"key":"SMITH"},{"floor":18.0,"key":"RECALL"},{"floor":27.0,"key":"REST"},{"floor":30.0,"key":"REST"},{"floor":35.0,"key":"REST"},{"floor":40.0,"key":"REST"},{"floor":45.0,"key":"REST"},{"floor":54,"key":"REST"}],"circlet_count":0,"master_deck":["hexamod:Defend+1","hexamod:Defend+1","hexamod:Defend+1","hexamod:Defend+1","hexamod:Sear+1","hexamod:Float+1","hexamod:Toasty+1","hexamod:GhostOfSpirePast+1","hexamod:FlamesFromBeyond+1","hexamod:SkipABeat+1","hexamod:HeatCrush+1","hexamod:GhostflameBarrier+1","hexamod:NightmareGuise+1","hexamod:SearingWound+1","hexamod:Incineration+1","hexamod:BurningTouch+1","hexamod:ShieldOfDarkness+1","hexamod:PowerFromBeyond+1","hexamod:PhantomCloak+1","hexamod:ApocalypseNow+1","hexamod:ExtraCrispy+1","hexamod:Hexaguard+1","hexamod:Hexaguard+1","hexamod:RecurringNightmare+1","hexamod:UnlimitedPower+1","expansioncontent:StudyTheSpire+1"],"relics":["hexamod:SpiritBrand","Matryoshka","Toxic Egg 2","Fusion Hammer","downfall:HeartBlessingGreen","Bottled Flame","Omamori","hexamod:BolsterEngine","downfall:HeartBlessingRed","Empty Cage","Torii","Ancient Tea Set","Frozen Egg 2","downfall:HeartBlessingBlue","Potion Belt","Whetstone"],"acts_visited":["Exordium","TheCity","TheBeyond","TheEnding"],"potions_floor_usage":[52],"damage_taken":[{"damage":0.0,"enemies":"2 Louse","floor":3.0,"turns":3.0},{"damage":0.0,"enemies":"Cultist","floor":4.0,"turns":3.0},{"damage":0.0,"enemies":"Small Slimes","floor":5.0,"turns":3.0},{"damage":13.0,"enemies":"Exordium Wildlife","floor":6.0,"turns":4.0},{"damage":10.0,"enemies":"3 Louse","floor":8.0,"turns":4.0},{"damage":1.0,"enemies":"2 Fungi Beasts","floor":10.0,"turns":4.0},{"damage":18.0,"enemies":"Exordium Thugs","floor":11.0,"turns":4.0},{"damage":1.0,"enemies":"2 Fungi Beasts","floor":12.0,"turns":4.0},{"damage":0.0,"enemies":"Gremlin Nob","floor":13.0,"turns":3.0},{"damage":0.0,"enemies":"Red Slaver","floor":14.0,"turns":3.0},{"damage":12.0,"enemies":"Lots of Slimes","floor":15.0,"turns":5.0},{"damage":32.0,"enemies":"downfall:Defect","floor":16.0,"turns":7.0},{"damage":0.0,"enemies":"Chosen","floor":19.0,"turns":4.0},{"damage":0.0,"enemies":"Shell Parasite","floor":20.0,"turns":5.0},{"damage":0.0,"enemies":"downfall:FleeingMerchant","floor":21.0,"turns":4.0},{"damage":15.0,"enemies":"Book of Stabbing","floor":23.0,"turns":5.0},{"damage":1.0,"enemies":"Cultist and Chosen","floor":25.0,"turns":4.0},{"damage":9.0,"enemies":"3 Cultists","floor":28.0,"turns":4.0},{"damage":0.0,"enemies":"downfall:FleeingMerchant","floor":29.0,"turns":4.0},{"damage":0.0,"enemies":"Snake Plant","floor":31.0,"turns":2.0},{"damage":8.0,"enemies":"Sentry and Sphere","floor":32.0,"turns":5.0},{"damage":50.0,"enemies":"downfall:Watcher","floor":33.0,"turns":6.0},{"damage":6.0,"enemies":"3 Darklings","floor":36.0,"turns":6.0},{"damage":6.0,"enemies":"Mind Bloom Boss Battle","floor":37.0,"turns":4.0},{"damage":0.0,"enemies":"3 Shapes","floor":38.0,"turns":5.0},{"damage":6.0,"enemies":"downfall:FleeingMerchant","floor":39.0,"turns":4.0},{"damage":6.0,"enemies":"Jaw Worm Horde","floor":43.0,"turns":3.0},{"damage":1.0,"enemies":"4 Shapes","floor":44.0,"turns":5.0},{"damage":6.0,"enemies":"Writhing Mass","floor":46.0,"turns":5.0},{"damage":1.0,"enemies":"Nemesis","floor":48.0,"turns":9.0},{"damage":42.0,"enemies":"Jaw Worm Horde","floor":49.0,"turns":5.0},{"damage":0.0,"enemies":"downfall:Silent","floor":50.0,"turns":12.0},{"damage":54,"enemies":"downfall:CharBossMerchant","floor":52,"turns":7},{"damage":16,"enemies":"downfall:NeowBoss","floor":55,"turns":14}],"seed_played":"-5507245064806968108","potions_obtained":[{"floor":5.0,"key":"ColorlessPotion"},{"floor":8.0,"key":"Energy Potion"},{"floor":10.0,"key":"ColorlessPotion"},{"floor":13.0,"key":"Energy Potion"},{"floor":14.0,"key":"FearPotion"},{"floor":16.0,"key":"FearPotion"},{"floor":23.0,"key":"LiquidBronze"},{"floor":28.0,"key":"EssenceOfSteel"},{"floor":31.0,"key":"hexamod:InfernoChargePotion"},{"floor":38.0,"key":"Dexterity Potion"}],"is_trial":false,"path_per_floor":["R","?","M","M","M","M","T","M","R","M","M","M","E","M","M","B",null,"R","M","M","$","?","E","T","M","?","R","M","$","R","M","M","B",null,"R","M","?","M","$","R","T","?","M","M","R","M","$","E","M","B",null,"E","$","R","B"],"character_chosen":"THE_SPIRIT","items_purchased":["hexamod:Incineration","Ancient Tea Set","hexamod:UnlimitedPower+1","expansioncontent:StudyTheSpire+1"],"campfire_rested":6,"item_purchase_floors":[21,39,47,53],"current_hp_per_floor":[63,63,63,63,63,50,50,47,47,46,35,41,48,55,50,25,63,63,63,63,63,49,41,41,40,40,58,56,63,63,63,55,12,63,63,63,63,63,63,63,63,73,67,66,83,77,77,76,34,34,83,29,29,53,37,37,37],"gold":4,"neow_bonus":"TRANSFORM_TWO_CARDS","is_daily":false,"chose_seed":false,"campfire_upgraded":2,"win_rate":0.0,"timestamp":1610249418,"path_taken":["R","?","M","M","M","M","T","M","R","M","M","?","E","M","M","BOSS","R","M","M","$","?","E","T","M","?","R","M","$","R","M","M","BOSS","R","M","?","M","$","R","T","?","M","M","R","M","$","E","M","BOSS","E","$","R","BOSS"],"items_purchased_type":["Card","Relic","Card","Card"],"build_version":"2020-12-22","purchased_purges":3,"victory":false,"max_hp_per_floor":[63,63,63,63,63,63,63,63,63,63,63,63,63,63,63,63,63,63,63,63,63,63,63,63,63,63,63,63,63,63,63,63,63,63,63,63,63,63,63,63,63,73,73,73,83,83,83,83,83,83,83,83,83,83,83,83,83],"card_choices":[{"not_picked":["hexamod:AdvancingGuard","hexamod:HauntingEcho","hexamod:GhostOfSpireFuture"],"picked":"SKIP","floor":3.0},{"not_picked":["hexamod:SuperheatedStrike","hexamod:SpectersWail"],"picked":"hexamod:FirstSeal","floor":4.0},{"not_picked":["hexamod:SwordOfDarkness","hexamod:SecondSeal"],"picked":"hexamod:GhostOfSpirePast","floor":5.0},{"not_picked":["hexamod:RainOfEmbers","hexamod:RecurringNightmare"],"picked":"hexamod:FlamesFromBeyond","floor":6.0},{"not_picked":["hexamod:BacktrackSmack","hexamod:InspiringFlames","hexamod:HeatMetal"],"picked":"SKIP","floor":8.0},{"not_picked":["hexamod:InspiringFlames","hexamod:FastForward"],"picked":"hexamod:SkipABeat","floor":10.0},{"not_picked":["hexamod:Rewind","hexamod:HauntingEcho"],"picked":"hexamod:HeatCrush","floor":11.0},{"not_picked":["hexamod:BacktrackSmack","hexamod:FirstSeal","hexamod:NightmareGuise"],"picked":"SKIP","floor":12.0},{"not_picked":["hexamod:BurningTouch+1","hexamod:NightmareGuise+1"],"picked":"hexamod:GhostflameBarrier+1","floor":13.0},{"not_picked":["hexamod:SkipABeat+1","hexamod:RainOfEmbers"],"picked":"hexamod:NightmareGuise+1","floor":14.0},{"not_picked":["hexamod:ParanormalForm","hexamod:ThermalTransfer","hexamod:BacktrackSmack"],"picked":"SKIP","floor":15.0},{"not_picked":["hexamod:UnleashSpirits","hexamod:GiftsFromTheDead"],"picked":"hexamod:SixthSeal","floor":16.0},{"not_picked":["hexamod:GhostOfSpireFuture+1","hexamod:FastForward+1","hexamod:SwordOfDarkness"],"picked":"SKIP","floor":19.0},{"not_picked":["hexamod:GhostShield+1","hexamod:FirstSeal","hexamod:FlamesFromBeyond+1"],"picked":"SKIP","floor":20.0},{"not_picked":["hexamod:SwordOfDarkness","hexamod:Hexaguard+1"],"picked":"hexamod:SearingWound+1","floor":21.0},{"not_picked":["hexamod:BacktrackSmack+1","hexamod:ExtraCrispy+1"],"picked":"hexamod:BurningTouch+1","floor":23.0},{"not_picked":["hexamod:AdvancingGuard+1","hexamod:BacktrackSmack+1"],"picked":"hexamod:ShieldOfDarkness+1","floor":25.0},{"not_picked":["hexamod:SpectersWail","hexamod:ThermalTransfer","hexamod:Firestarter"],"picked":"SKIP","floor":28.0},{"not_picked":["hexamod:SpectersWail","hexamod:ThermalTransfer","hexamod:Firestarter"],"picked":"SKIP","floor":28.0},{"not_picked":["hexamod:FirstSeal","hexamod:Firestarter","hexamod:FastForward+1"],"picked":"SKIP","floor":29.0},{"not_picked":["hexamod:FirstSeal","hexamod:Firestarter","hexamod:FastForward+1"],"picked":"SKIP","floor":29.0},{"not_picked":["hexamod:ShieldOfDarkness+1","hexamod:FastForward+1","hexamod:AdvancingGuard+1"],"picked":"SKIP","floor":31.0},{"not_picked":["hexamod:RadiantFlame+1","hexamod:ThermalTransfer"],"picked":"hexamod:PhantomCloak","floor":32.0},{"not_picked":["hexamod:ApocalypticArmor","hexamod:UnleashSpirits"],"picked":"hexamod:ApocalypseNow+1","floor":33.0},{"not_picked":["hexamod:Again+1","hexamod:ThirdSeal"],"picked":"hexamod:ExtraCrispy+1","floor":36.0},{"not_picked":["hexamod:SpectersWail+1","hexamod:SwordOfDarkness","hexamod:BurningTouch+1"],"picked":"SKIP","floor":38.0},{"not_picked":["hexamod:BacktrackSmack+1","hexamod:SwordOfDarkness"],"picked":"hexamod:Hexaguard+1","floor":39.0},{"not_picked":["hexamod:PowerFromBeyond+1","hexamod:HauntingEcho","hexamod:ShieldOfDarkness+1"],"picked":"SKIP","floor":43.0},{"not_picked":["hexamod:GhostLash","hexamod:NightmareGuise+1"],"picked":"hexamod:Hexaguard+1","floor":44.0},{"not_picked":["hexamod:ChargedBarrage+1","hexamod:RainOfEmbers"],"picked":"hexamod:RecurringNightmare+1","floor":46.0},{"not_picked":["hexamod:TurnItUp+1","hexamod:Haunt+1","hexamod:InspiringFlames+1"],"picked":"SKIP","floor":48.0},{"not_picked":["hexamod:SecondSeal","hexamod:Again+1","hexamod:FourthSeal"],"picked":"SKIP","floor":49.0},{"not_picked":["hexamod:NightmareStrike+1","hexamod:EtherealExpedition+1","hexamod:FlamesFromBeyond+1"],"picked":"SKIP","floor":52}],"player_experience":1098081,"relics_obtained":[{"floor":7.0,"key":"Matryoshka"},{"floor":13.0,"key":"Toxic Egg 2"},{"floor":23.0,"key":"Bottled Flame"},{"floor":24.0,"key":"Omamori"},{"floor":24.0,"key":"hexamod:BolsterEngine"},{"floor":37.0,"key":"Torii"},{"floor":41.0,"key":"Frozen Egg 2"},{"floor":48.0,"key":"Potion Belt"},{"floor":52,"key":"Whetstone"}],"event_choices":[{"damage_healed":0.0,"max_hp_gain":0.0,"max_hp_loss":0.0,"gold_gain":0.0,"event_name":"Accursed Blacksmith","player_choice":"Forge","floor":2.0,"gold_loss":0.0,"damage_taken":0.0,"cards_upgraded":["hexamod:Float"]},{"damage_healed":0.0,"max_hp_gain":0.0,"max_hp_loss":0.0,"gold_gain":0.0,"event_name":"The Library","player_choice":"Read","floor":26.0,"gold_loss":0.0,"damage_taken":0.0,"cards_obtained":["hexamod:PowerFromBeyond"]}],"is_beta":false,"boss_relics":[{"not_picked":["Tiny House","downfall:Hecktoplasm"],"picked":"Fusion Hammer"},{"not_picked":["Astrolabe","SacredBark"],"picked":"Empty Cage"}],"items_purged_floors":[21,39,47],"is_endless":false,"potions_floor_spawned":[5,8,10,11,13,14,16,23,28,31,33,38,43,44,46],"killed_by":"downfall:NeowBoss","ascension_level":0}}