{"host":"sdl5b0uiznq00owb","time":1610261329,"event":{"mods":["BaseMod","Minty Spire (QoL Compilation)","Permanent Neow","Relic Stats"],"gold_per_floor":[162,181,195,195,45,73,73,101,101,101,101],"floor_reached":10,"playtime":594,"items_purged":[],"score":103,"play_id":"c91a897c-057b-4199-b482-f1238b0b28e7","local_time":"20210110004849","is_ascension_mode":true,"campfire_choices":[{"floor":7.0,"key":"REST"}],"circlet_count":0,"master_deck":["Strike_P","Strike_P","Strike_P+1","Strike_P","Defend_P","Defend_P","Defend_P","Defend_P","Eruption","Vigilance+1","Adaptation","Consecrate","Wallop+1","Devotion","Wireheading"],"relics":["Tiny House","ClockworkSouvenir","Akabeko","Singing Bowl","Sundial"],"acts_visited":["Exordium"],"potions_floor_usage":[],"damage_taken":[{"damage":3.0,"enemies":"Small Slimes","floor":1.0,"turns":3.0},{"damage":0.0,"enemies":"2 Louse","floor":2.0,"turns":2.0},{"damage":0.0,"enemies":"Cultist","floor":3.0,"turns":4.0},{"damage":23.0,"enemies":"3 Sentries","floor":6.0,"turns":8.0},{"damage":16,"enemies":"Lagavulin","floor":8,"turns":5},{"damage":54,"enemies":"Gremlin Nob","floor":10,"turns":3}],"seed_played":"3973369301752652367","potions_obtained":[{"floor":0.0,"key":"LiquidMemories"},{"floor":3.0,"key":"Energy Potion"},{"floor":6.0,"key":"StancePotion"}],"is_trial":false,"path_per_floor":["M","M","M","?","$","E","R","E","T","E"],"character_chosen":"WATCHER","items_purchased":["ClockworkSouvenir"],"campfire_rested":1,"item_purchase_floors":[5],"current_hp_per_floor":[67,67,67,52,52,29,52,38,38,0,0],"gold":101,"neow_bonus":"BOSS_RELIC","is_daily":false,"chose_seed":false,"campfire_upgraded":0,"win_rate":0.0,"timestamp":1610261329,"path_taken":["M","M","M","?","$","E","R","E","T","E"],"items_purchased_type":["Relic"],"build_version":"2020-12-22","purchased_purges":0,"victory":false,"max_hp_per_floor":[77,77,77,77,77,77,77,79,79,79,79],"relic_stats":{"Singing Bowl":2,"counters":[6,25],"Sundial":[0],"obtain_stats":[{"Tiny House":0,"Singing Bowl":8,"Sundial":9,"PureWater":0,"Akabeko":6,"ClockworkSouvenir":5},{"Tiny House":0,"Singing Bowl":5,"Sundial":5,"PureWater":0,"Akabeko":4,"ClockworkSouvenir":3},{"Tiny House":0,"Singing Bowl":22,"Sundial":22,"PureWater":0,"Akabeko":17,"ClockworkSouvenir":9}]},"card_choices":[{"not_picked":["FlyingSleeves","InnerPeace"],"picked":"Adaptation","floor":0.0},{"not_picked":["SashWhip","FlurryOfBlows"],"picked":"Consecrate","floor":1.0},{"not_picked":["ThirdEye","CutThroughFate"],"picked":"Wallop","floor":2.0},{"not_picked":["EmptyBody","Prostrate"],"picked":"Devotion","floor":3.0},{"not_picked":["Halt","Worship"],"picked":"Wireheading","floor":6.0},{"not_picked":["WreathOfFlame","SpiritShield","Evaluate"],"picked":"Singing Bowl","floor":8}],"player_experience":775513,"relics_obtained":[{"floor":6.0,"key":"Akabeko"},{"floor":8,"key":"Singing Bowl"},{"floor":9,"key":"Sundial"}],"event_choices":[{"damage_healed":0.0,"max_hp_gain":0.0,"max_hp_loss":0.0,"gold_gain":0.0,"event_name":"Shining Light","player_choice":"Entered Light","floor":4.0,"gold_loss":0.0,"damage_taken":15.0,"cards_upgraded":["Wallop","Strike_P"]}],"is_beta":false,"boss_relics":[],"items_purged_floors":[],"is_endless":false,"potions_floor_spawned":[3,6],"killed_by":"Gremlin Nob","ascension_level":7}}