{"host":"a5lz0e76zb3fcwkm","time":1610254587,"event":{"mods":["AchievementEnabler","BaseMod","Colored Map","Colored Powertips","Minty Spire (QoL Compilation)","StSLib","SuperFastMode"],"gold_per_floor":[113,388,403,328,328,328,357,357,357,383,399,418,418,435,435,507,507,524,537,537,295,314,314,325,325,374,374,374,58,74,74,74,74,74,74],"floor_reached":34,"playtime":763,"items_purged":["Strike_G","Decay"],"score":624,"play_id":"77beca4a-92f0-41fa-a2e2-12dfb3b9f675","local_time":"20210110135627","is_ascension_mode":true,"campfire_choices":[{"floor":6.0,"key":"RECALL"},{"data":"Tactician","floor":13.0,"key":"SMITH"},{"data":"Noxious Fumes","floor":15.0,"key":"SMITH"},{"floor":23.0,"key":"REST"},{"floor":31,"key":"REST"},{"data":"Concentrate","floor":33,"key":"SMITH"}],"circlet_count":0,"master_deck":["AscendersBane","Defend_G","Defend_G","Defend_G","Survivor","Neutralize","Dagger Throw","Corpse Explosion+1","Noxious Fumes+1","Concentrate+1","Tactician+1","Blur","PiercingWail","Venomology","Acrobatics","Eviscerate+1","Prepared","Blur","Dagger Spray"],"relics":["Ring of the Snake","NeowsBlessing","Dream Catcher","Tough Bandages","Bag of Preparation","Empty Cage","PreservedInsect","Regal Pillow"],"acts_visited":["Exordium","TheCity"],"potions_floor_usage":[34,34,34],"damage_taken":[{"damage":0.0,"enemies":"2 Louse","floor":1.0,"turns":1.0},{"damage":0.0,"enemies":"Cultist","floor":3.0,"turns":1.0},{"damage":0.0,"enemies":"3 Sentries","floor":7.0,"turns":1.0},{"damage":19.0,"enemies":"Gremlin Nob","floor":10.0,"turns":4.0},{"damage":1.0,"enemies":"Small Slimes","floor":11.0,"turns":3.0},{"damage":3.0,"enemies":"Blue Slaver","floor":12.0,"turns":3.0},{"damage":0.0,"enemies":"3 Louse","floor":14.0,"turns":2.0},{"damage":6.0,"enemies":"The Guardian","floor":16.0,"turns":10.0},{"damage":2.0,"enemies":"3 Byrds","floor":18.0,"turns":3.0},{"damage":17.0,"enemies":"Spheric Guardian","floor":19.0,"turns":4.0},{"damage":31.0,"enemies":"Centurion and Healer","floor":22.0,"turns":9.0},{"damage":0.0,"enemies":"3 Cultists","floor":24.0,"turns":3.0},{"damage":0.0,"enemies":"Snake Plant","floor":25.0,"turns":2.0},{"damage":2,"enemies":"Centurion and Healer","floor":30,"turns":5},{"damage":67,"enemies":"Collector","floor":34,"turns":7}],"seed_played":"-4220896558702845749","potions_obtained":[{"floor":3.0,"key":"SpeedPotion"},{"floor":7.0,"key":"BlessingOfTheForge"},{"floor":10.0,"key":"PowerPotion"},{"floor":12.0,"key":"DistilledChaos"},{"floor":18.0,"key":"SneckoOil"},{"floor":19.0,"key":"Fire Potion"},{"floor":22.0,"key":"Strength Potion"}],"is_trial":false,"path_per_floor":["M","?","M","?","?","R","E","?","T","E","M","M","R","M","R","B",null,"M","M","?","$","M","R","M","M","T","?","?","$","M","R","?","R","B"],"character_chosen":"THE_SILENT","items_purchased":["PreservedInsect","Prepared","Regal Pillow"],"campfire_rested":2,"item_purchase_floors":[21,29,29],"current_hp_per_floor":[59,59,59,59,59,59,59,39,39,20,19,16,16,16,16,10,52,50,33,33,33,2,21,21,21,21,21,21,21,19,53,53,53,0,0],"gold":74,"neow_bonus":"THREE_ENEMY_KILL","is_daily":false,"chose_seed":false,"campfire_upgraded":3,"win_rate":0.0,"timestamp":1610254587,"path_taken":["M","?","?","?","?","R","E","?","T","E","M","M","R","M","R","BOSS","M","M","?","$","?","R","M","M","T","?","?","$","M","R","?","R","BOSS"],"items_purchased_type":["Relic","Card","Relic"],"build_version":"2020-12-22","purchased_purges":2,"victory":false,"max_hp_per_floor":[66,66,66,66,66,66,66,66,66,66,66,66,66,66,66,66,66,66,66,66,66,66,66,66,66,66,66,66,66,66,66,66,66,66,66],"card_choices":[{"not_picked":["Concentrate","Sucker Punch"],"picked":"Dagger Throw","floor":1.0},{"not_picked":["Dagger Spray","Leg Sweep","Choke"],"picked":"SKIP","floor":3.0},{"not_picked":["Distraction","Slice"],"picked":"Noxious Fumes","floor":7.0},{"not_picked":["Caltrops","Underhanded Strike"],"picked":"Concentrate","floor":10.0},{"not_picked":["Bane","Poisoned Stab"],"picked":"Tactician","floor":11.0},{"not_picked":["Heel Hook","Dagger Spray"],"picked":"Blur","floor":12.0},{"not_picked":["Heel Hook","Bane"],"picked":"PiercingWail","floor":14.0},{"not_picked":["A Thousand Cuts","Corpse Explosion"],"picked":"Venomology","floor":16.0},{"not_picked":["PiercingWail","Concentrate+1","Dodge and Roll"],"picked":"SKIP","floor":18.0},{"not_picked":["Tactician","Dash","Flying Knee"],"picked":"SKIP","floor":19.0},{"not_picked":["Riddle With Holes","Flechettes+1"],"picked":"Acrobatics","floor":22.0},{"not_picked":["Leg Sweep","Slice"],"picked":"Eviscerate+1","floor":23.0},{"not_picked":["Dagger Throw+1","Deflect","Slice"],"picked":"SKIP","floor":24.0},{"not_picked":["Caltrops","Underhanded Strike","Quick Slash"],"picked":"SKIP","floor":30}],"player_experience":1707921,"relics_obtained":[{"floor":7.0,"key":"Dream Catcher"},{"floor":9.0,"key":"Tough Bandages"},{"floor":10.0,"key":"Bag of Preparation"}],"event_choices":[{"damage_healed":0.0,"max_hp_gain":0.0,"max_hp_loss":0.0,"gold_gain":275.0,"event_name":"Golden Shrine","player_choice":"Desecrate","floor":2.0,"gold_loss":0.0,"damage_taken":0.0,"cards_obtained":["Regret"]},{"cards_removed":["Regret"],"damage_healed":0.0,"max_hp_gain":0.0,"max_hp_loss":0.0,"gold_gain":0.0,"event_name":"The Cleric","player_choice":"Card Removal","floor":4.0,"gold_loss":75.0,"damage_taken":0.0},{"damage_healed":0.0,"max_hp_gain":0.0,"max_hp_loss":0.0,"gold_gain":0.0,"cards_transformed":["Strike_G"],"event_name":"Living Wall","player_choice":"Change","floor":5.0,"gold_loss":0.0,"damage_taken":0.0,"cards_obtained":["Corpse Explosion"]},{"damage_healed":0.0,"max_hp_gain":0.0,"max_hp_loss":0.0,"gold_gain":0.0,"event_name":"Shining Light","player_choice":"Entered Light","floor":8.0,"gold_loss":0.0,"damage_taken":20.0,"cards_upgraded":["Corpse Explosion","Strike_G"]},{"damage_healed":0.0,"max_hp_gain":0.0,"max_hp_loss":0.0,"gold_gain":0.0,"event_name":"Match and Keep!","player_choice":"0 cards matched","floor":20.0,"gold_loss":0.0,"damage_taken":0.0,"cards_obtained":[]},{"cards_removed":["Defend_G"],"damage_healed":0.0,"max_hp_gain":0.0,"max_hp_loss":0.0,"gold_gain":0.0,"event_name":"Back to Basics","player_choice":"Elegance","floor":27.0,"gold_loss":0.0,"damage_taken":0.0},{"damage_healed":0.0,"max_hp_gain":0.0,"max_hp_loss":0.0,"gold_gain":0.0,"event_name":"Forgotten Altar","player_choice":"Smashed Altar","floor":28.0,"gold_loss":0.0,"damage_taken":0.0,"cards_obtained":["Decay"]},{"damage_healed":0,"gold_gain":0,"cards_transformed":["Strike_G","Defend_G"],"player_choice":"Became Test Subject","damage_taken":0,"max_hp_gain":0,"max_hp_loss":0,"event_name":"Drug Dealer","floor":32,"gold_loss":0,"cards_obtained":["Blur","Dagger Spray"]}],"is_beta":false,"boss_relics":[{"not_picked":["Ring of the Serpent","WristBlade"],"picked":"Empty Cage"}],"items_purged_floors":[21,29],"is_endless":false,"potions_floor_spawned":[3,7,10,12,18,19,22,24],"killed_by":"Collector","ascension_level":20}}