{"host":"odz7g4gpgch153rb","time":1610250104,"event":{"mods":["AchievementEnabler","BaseMod","Better Match","Better Third Choice","BetterRewards","GifTheSpireLib","Infinite Spire","Jedi Mod","Minty Spire (QoL Compilation)","Quick Restart","Replay The Spire","Spikes Relics","StSLib","Stuff the Spire","The Blue Laboratory","Trackpad"],"gold_per_floor":[109,123,19,19,19,50,50,68,68,68,86,86,104,123,123,198,198,217,235,135,147,147,147],"floor_reached":22,"playtime":1326,"items_purged":["Strike_G","Strike_G"],"score":547,"play_id":"9188bf36-217c-401b-b5d9-9f5fa3829e07","local_time":"20210109224144","is_ascension_mode":true,"campfire_choices":[{"floor":7,"key":"REST"},{"floor":12,"key":"REST"},{"data":"jedi:pocketpoison","floor":15,"key":"SMITH"}],"circlet_count":0,"master_deck":["AscendersBane","Strike_G","Strike_G","Strike_G","Defend_G","Defend_G","Defend_G","Defend_G","Defend_G","Survivor","Neutralize","Footwork+1","StuffTheSpire:Injection","Sucker Punch","Caltrops+1","Cloak And Dagger","jedi:pocketpoison+1","Backstab","A Thousand Cuts","Blade Dance"],"relics":["Ring of the Snake","BlackRope","Ginger","RollingBoulder","ExplosiveVial","trackpad:DisasterInABottle","infinitespire:PuzzleCube"],"acts_visited":["Exordium","TheCity"],"potions_floor_usage":[16,16],"damage_taken":[{"damage":0,"enemies":"2 Louse","floor":1,"turns":3},{"damage":3,"enemies":"Cultist","floor":2,"turns":4},{"damage":17,"enemies":"Lagavulin","floor":6,"turns":11},{"damage":0,"enemies":"Small Slimes","floor":8,"turns":3},{"damage":0,"enemies":"Looter","floor":11,"turns":3},{"damage":0,"enemies":"3 Louse","floor":13,"turns":4},{"damage":0,"enemies":"2 Fungi Beasts","floor":14,"turns":2},{"damage":33,"enemies":"Slime Boss","floor":16,"turns":8},{"damage":1,"enemies":"3 Byrds","floor":18,"turns":3},{"damage":11,"enemies":"Spheric Guardian","floor":19,"turns":5},{"damage":16,"enemies":"Centurion and Healer","floor":21,"turns":7},{"damage":28,"enemies":"Sentry and Sphere","floor":22,"turns":5}],"seed_played":"5096654451096013303","potions_obtained":[{"floor":8,"key":"Strength Potion"},{"floor":14,"key":"SkillPotion"},{"floor":16,"key":"jedi:StrikingPotion"},{"floor":18,"key":"LiquidBronze"}],"is_trial":false,"path_per_floor":["M","M","$","?","$","E","R","M","T","?","M","R","M","M","R","B",null,"M","M","$","M","M"],"character_chosen":"THE_SILENT","items_purchased":["Footwork+1","Ginger","RollingBoulder","ExplosiveVial","Caltrops","Cloak And Dagger"],"campfire_rested":2,"item_purchase_floors":[0,0,0,0,3,3],"current_hp_per_floor":[24,21,21,21,21,4,23,23,23,23,23,42,42,42,42,9,52,51,40,40,24,0,0],"gold":147,"neow_bonus":"","is_daily":false,"chose_seed":false,"campfire_upgraded":1,"win_rate":0.0,"timestamp":1610250104,"path_taken":["M","M","$","?","$","E","R","?","T","?","M","R","M","M","R","BOSS","M","M","$","M","M"],"items_purchased_type":["Card","Relic","Relic","Relic","Card","Card"],"build_version":"2020-12-22","purchased_purges":2,"victory":false,"max_hp_per_floor":[66,66,66,66,66,66,66,66,66,66,66,66,66,66,66,66,66,66,66,66,66,66,66],"card_choices":[{"not_picked":["Dodge and Roll","Tactician"],"picked":"StuffTheSpire:Injection","floor":1},{"not_picked":["Bane","Quick Slash"],"picked":"Sucker Punch","floor":2},{"not_picked":["Catalyst","ShadowRift","Deadly Poison"],"picked":"SKIP","floor":6},{"not_picked":["Poisoned Stab","Underhanded Strike"],"picked":"jedi:pocketpoison","floor":8},{"not_picked":["StuffTheSpire:Repulse","jedi:unstablefumes"],"picked":"Backstab","floor":11},{"not_picked":["Poisoned Stab","Underhanded Strike","Prepared"],"picked":"SKIP","floor":13},{"not_picked":["StuffTheSpire:Incursion","Riddle With Holes","Hidden Blade"],"picked":"SKIP","floor":14},{"not_picked":["Poison Darts","Doppelganger"],"picked":"A Thousand Cuts","floor":16},{"not_picked":["Dagger Throw","Dodge and Roll","StuffTheSpire:ClusterCrunch"],"picked":"SKIP","floor":18},{"not_picked":["Heel Hook+1","Outmaneuver"],"picked":"Blade Dance","floor":19},{"not_picked":["Outmaneuver","Dodge and Roll","Flying Knee"],"picked":"SKIP","floor":21}],"player_experience":1028671,"relics_obtained":[{"floor":6,"key":"trackpad:DisasterInABottle"},{"floor":9,"key":"infinitespire:PuzzleCube"}],"event_choices":[{"damage_healed":0,"gold_gain":0,"player_choice":"Upgraded","damage_taken":0,"max_hp_gain":0,"max_hp_loss":0,"event_name":"Upgrade Shrine","floor":4,"gold_loss":0,"cards_upgraded":["Caltrops"]}],"is_beta":false,"boss_relics":[{"not_picked":["Cursed Key","Replay:Grab Bag","StuffTheSpire:RunicHypercube"]}],"items_purged_floors":[0,20],"is_endless":false,"potions_floor_spawned":[8,14,16,18,19],"killed_by":"Sentry and Sphere","ascension_level":18}}