{"host":"zksvs3x2ysy9npnz","time":1610306111,"event":{"mods":["Aspiration","BaseMod","Beaked The Cultist","BetterRewards","Clockwork Mod","Colored Map","Conspire","Downfall","Duelist Mod","Ekko","Energized Spire","Fiend Mod","Halation","Highlight Path","Hubris","Hunter ??","Infinite Spire","Jedi Mod","JesterMod","Magitek Elite","Minty Spire (QoL Compilation)","Permanent Neow","Quick Restart","Relic Stats","Replay The Spire","Retaliation","Shade Mod","Shop Mod","StSLib","The Construct","The Poker Player","The Runesmith","The Witch"],"gold_per_floor":[129,141,163,194,225,237,25,57,103,103,123,135,135,135,135,230,230,245,245,245,210,220,220,255,255,255,266,266,266,4,18,18,113,113,126,143,158,158,158,158,175,175,175,175,202,202,202,237,237,237],"floor_reached":51,"playtime":3400,"items_purged":["expansioncontent:DonusPower"],"score":1290,"play_id":"2e5783ce-7966-4913-956b-9bb606378597","local_time":"20210110201511","is_ascension_mode":true,"campfire_choices":[{"data":"Malady","floor":6,"key":"SMITH"},{"floor":10,"key":"REST"},{"floor":13,"key":"REST"},{"data":"ZombieSpit","floor":15,"key":"SMITH"},{"data":"PlagueSpreader","floor":23,"key":"SMITH"},{"data":"MysticUnburial","floor":25,"key":"SMITH"},{"data":"Bewitch","floor":28,"key":"SMITH"},{"data":"Broomstick","floor":32,"key":"PURGE"},{"data":"Madness","floor":40,"key":"SMITH"},{"data":"Madness","floor":42,"key":"SMITH"},{"data":"SummonToadFamiliar","floor":44,"key":"SMITH"},{"data":"DeliriumForm","floor":49,"key":"SMITH"}],"circlet_count":0,"master_deck":["AscendersBane","Defend_Witch","Defend_Witch","Defend_Witch","Defend_Witch","Hexguard","ZombieSpit+1","Malady+1","SaltCircle","Bewitch+1","Schadenfreude","MysticUnburial+1","Malady+1","KarmaDrain+1","PlagueSpreader+1","Shrooms","MementoMori+1","Shrooms+1","Schadenfreude","Thinking Ahead","GhoulTouch","SummonToadFamiliar+1","Madness+1","Madness+1","expansioncontent:DefensiveStance","Panache","Panacea","FatalRay","DeliriumForm+1"],"relics":["BlackCat","MawBank","Medical Kit","Quantum Egg","Guardian:PocketSentry","Astrolabe","conspire:Dentures","hubris:Backtick","beaked:MendingPlumage","halation:PrussianBluePaint","FossilizedHelix","beaked:ShinyBauble","conspire:SpecialSausage","halation:EternalFortune","infinitespire:BottledMercury","ReplayFunnel","conspire:DecoderRing"],"acts_visited":["Exordium","TheCity","TheBeyond"],"potions_floor_usage":[],"damage_taken":[{"damage":3,"enemies":"2 Louse","floor":1,"turns":4},{"damage":0,"enemies":"Cultist","floor":3,"turns":4},{"damage":1,"enemies":"Jaw Worm","floor":4,"turns":5},{"damage":0,"enemies":"3 Louse","floor":5,"turns":4},{"damage":33,"enemies":"Gremlin Nob","floor":8,"turns":6},{"damage":7,"enemies":"Lots of Slimes","floor":11,"turns":4},{"damage":0,"enemies":"Large Slime","floor":12,"turns":7},{"damage":1,"enemies":"The Guardian","floor":16,"turns":11},{"damage":4,"enemies":"Spheric Guardian","floor":18,"turns":6},{"damage":14,"enemies":"2 Thieves","floor":21,"turns":5},{"damage":8,"enemies":"Cultist and Chosen","floor":22,"turns":7},{"damage":26,"enemies":"Book of Stabbing","floor":24,"turns":7},{"damage":0,"enemies":"Snecko","floor":27,"turns":6},{"damage":9,"enemies":"Centurion and Healer","floor":31,"turns":4},{"damage":0,"enemies":"Automaton","floor":33,"turns":10},{"damage":0,"enemies":"3 Darklings","floor":35,"turns":6},{"damage":13,"enemies":"3 Shapes","floor":36,"turns":5},{"damage":25,"enemies":"Jaw Worm Horde","floor":37,"turns":8},{"damage":0,"enemies":"Maw","floor":41,"turns":9},{"damage":23,"enemies":"Nemesis","floor":45,"turns":11},{"damage":0,"enemies":"R_Hoarder","floor":48,"turns":10},{"damage":0,"enemies":"infinitespire:MassOfShapes","floor":50,"turns":10}],"seed_played":"-4627170961690050092","potions_obtained":[{"floor":1,"key":"SpeedPotion"},{"floor":5,"key":"Weak Potion"},{"floor":11,"key":"infinitespire:BlackPotion"}],"is_trial":false,"path_per_floor":["M","?","M","M","M","R","$","E","T","R","M","M","R","?","R","B",null,"M","?","AVR","M","M","R","E","R","T","M","R","?","$","M","R_BF","B",null,"M","M","M","?","?","R","M","R","T","R","E","?","?","E","R_BF","B",null],"character_chosen":"WITCH","items_purchased":["Medical Kit","Schadenfreude","Schadenfreude","Thinking Ahead"],"campfire_rested":2,"item_purchase_floors":[7,7,30,30],"current_hp_per_floor":[57,57,57,56,56,56,56,23,23,43,36,36,56,61,61,60,69,65,53,53,59,72,72,66,66,66,72,72,72,72,72,72,72,72,72,72,69,60,63,63,75,75,75,75,75,65,65,75,75,75],"gold":237,"neow_bonus":"RANDOM_COMMON_RELIC","is_daily":false,"chose_seed":false,"campfire_upgraded":9,"win_rate":0.0,"timestamp":1610306111,"path_taken":["M","?","?","M","M","R","?","E","T","R","M","M","R","?","R","BOSS","M","?","AVR","?","?","R","E","R","T","M","R","?","?","M","R_BF","BOSS","M","?","?","?","?","R","M","R","T","R","E","?","?","E","R_BF","BOSS"],"items_purchased_type":["Relic","Card","Card","Card"],"build_version":"2020-12-22","purchased_purges":1,"victory":true,"max_hp_per_floor":[67,67,67,67,67,67,67,67,67,67,67,67,67,72,72,72,72,72,72,72,72,72,72,72,72,72,72,72,72,72,72,72,72,72,72,72,72,72,75,75,75,75,75,75,75,75,75,75,75,75],"relic_stats":{"counters":[22,148],"Astrolabe":["Malady","MagicFang","KarmaDrain"],"MawBank":84,"Medical Kit":[17],"obtain_stats":[{"conspire:Dentures":20,"ReplayFunnel":45,"infinitespire:BottledMercury":43,"beaked:ShinyBauble":29,"Quantum Egg":8,"Astrolabe":17,"conspire:SpecialSausage":34,"Guardian:PocketSentry":9,"MawBank":0,"Medical Kit":7,"BlackCat":0,"hubris:Backtick":20,"halation:PrussianBluePaint":24,"conspire:DecoderRing":48,"halation:EternalFortune":39,"beaked:MendingPlumage":20,"FossilizedHelix":26},{"conspire:Dentures":9,"ReplayFunnel":20,"infinitespire:BottledMercury":19,"beaked:ShinyBauble":13,"Quantum Egg":5,"Astrolabe":8,"conspire:SpecialSausage":15,"Guardian:PocketSentry":5,"MawBank":0,"Medical Kit":4,"BlackCat":0,"hubris:Backtick":9,"halation:PrussianBluePaint":12,"conspire:DecoderRing":21,"halation:EternalFortune":18,"beaked:MendingPlumage":9,"FossilizedHelix":12},{"conspire:Dentures":50,"ReplayFunnel":128,"infinitespire:BottledMercury":117,"beaked:ShinyBauble":75,"Quantum Egg":23,"Astrolabe":44,"conspire:SpecialSausage":89,"Guardian:PocketSentry":23,"MawBank":0,"Medical Kit":17,"BlackCat":0,"hubris:Backtick":50,"halation:PrussianBluePaint":69,"conspire:DecoderRing":138,"halation:EternalFortune":108,"beaked:MendingPlumage":50,"FossilizedHelix":69}]},"card_choices":[{"not_picked":["GnarledBody","Decrepify","SummonOwlFamiliar"],"picked":"SKIP","floor":1},{"not_picked":["IllOmen","Decrepify"],"picked":"SaltCircle","floor":3},{"not_picked":["Demonfyre","Puncture"],"picked":"Bewitch","floor":4},{"not_picked":["IllOmen","WickedThoughts","KarmaDrain"],"picked":"SKIP","floor":5},{"not_picked":["Harmlessness","BlackShield","WretchedNails"],"picked":"SKIP","floor":8},{"not_picked":["FatalRay","CursedBlade","SkullFlask"],"picked":"SKIP","floor":11},{"not_picked":["Broomstick","Harmlessness","Decrepify"],"picked":"SKIP","floor":12},{"not_picked":["Harmlessness","Decrepify"],"picked":"Broomstick","floor":12},{"not_picked":["UnluckySeven","BloodSabbath"],"picked":"MysticUnburial","floor":16},{"not_picked":["MagicFang","SummonOwlFamiliar","GnarledBody"],"picked":"SKIP","floor":18},{"not_picked":["SkullFlask+1","Foresight+1"],"picked":"PlagueSpreader","floor":21},{"not_picked":["Foresight","GnarledBody"],"picked":"Shrooms","floor":22},{"not_picked":["SaltCircle","MortusClaw"],"picked":"MementoMori+1","floor":24},{"not_picked":["Broomstick+1","Thundercloud"],"picked":"Shrooms+1","floor":27},{"not_picked":["BleedOut+1","Demonfyre"],"picked":"GhoulTouch","floor":31},{"not_picked":["DoomBlade","FatalRay"],"picked":"SummonToadFamiliar","floor":33},{"not_picked":["Athame+1","WretchedNails","Broomstick"],"picked":"SKIP","floor":35},{"not_picked":["Bewitch","MagicFang","SummonRatFamiliar"],"picked":"SKIP","floor":36},{"not_picked":["BlackBolt+1","Bewitch+1","WickedThoughts+1"],"picked":"SKIP","floor":37},{"not_picked":["SummonCatFamiliar+1","SummonBatFamiliar+1","BleedOut+1"],"picked":"SKIP","floor":41},{"not_picked":["MementoMori","Puncture","MagicFang"],"picked":"SKIP","floor":45},{"not_picked":["Replay:SS_hec_4","Jack Of All Trades"],"picked":"expansioncontent:DefensiveStance","floor":46},{"not_picked":["Specialist","Madness"],"picked":"Panache","floor":46},{"not_picked":["Dark Shackles","expansioncontent:PolyBeam"],"picked":"Panacea","floor":46},{"not_picked":["SummonRatFamiliar+1","MercuryWand"],"picked":"DeliriumForm","floor":48}],"player_experience":2353757,"relics_obtained":[{"floor":8,"key":"Quantum Egg"},{"floor":9,"key":"Guardian:PocketSentry"},{"floor":24,"key":"halation:PrussianBluePaint"},{"floor":26,"key":"FossilizedHelix"},{"floor":43,"key":"infinitespire:BottledMercury"},{"floor":45,"key":"ReplayFunnel"},{"floor":48,"key":"conspire:DecoderRing"}],"event_choices":[{"damage_healed":0,"gold_gain":0,"cards_transformed":["Strike_Witch"],"player_choice":"Transformed","damage_taken":0,"max_hp_gain":0,"max_hp_loss":0,"event_name":"Transmorgrifier","floor":2,"gold_loss":0,"cards_obtained":["Malady"]},{"damage_healed":0,"gold_gain":0,"player_choice":"Donut","damage_taken":0,"max_hp_gain":5,"max_hp_loss":0,"event_name":"Big Fish","floor":14,"gold_loss":0},{"damage_healed":0,"gold_gain":0,"player_choice":"CARD ","damage_taken":12,"max_hp_gain":0,"max_hp_loss":0,"event_name":"Knowing Skull","floor":19,"potions_obtained":[],"gold_loss":0,"cards_obtained":["expansioncontent:DonusPower"]},{"damage_healed":0,"gold_gain":0,"player_choice":"Embrace Madness","damage_taken":9,"max_hp_gain":0,"max_hp_loss":0,"event_name":"Winding Halls","floor":38,"gold_loss":0,"cards_obtained":["Madness","Madness"]},{"damage_healed":0,"gold_gain":0,"player_choice":"Memory 3","damage_taken":10,"max_hp_gain":0,"max_hp_loss":0,"event_name":"SensoryStone","floor":46,"gold_loss":0},{"damage_healed":0,"gold_gain":0,"cards_transformed":["MagicFang"],"player_choice":"Transformed","damage_taken":0,"max_hp_gain":0,"max_hp_loss":0,"event_name":"Transmorgrifier","floor":47,"gold_loss":0,"cards_obtained":["FatalRay"]}],"is_beta":false,"boss_relics":[{"not_picked":["energizedSpire:EnergizedDie","halation:Yufonium"],"picked":"Astrolabe"},{"not_picked":["halation:MonkeysPaw","Abe\u0027s Treasure"],"picked":"conspire:SpecialSausage"}],"items_purged_floors":[20],"is_endless":false,"potions_floor_spawned":[1,5,11,16,18,22,33,36,48],"ascension_level":11}}