{"host":"hgkb2zpbo2dcws21","time":1610284416,"event":{"mods":["AchievementEnabler","BaseMod","Colored Map","Colored Powertips","Custom Start","DeckTracker","KOR Keyword Fix","Keyboard Shortcuts","Minty Spire (QoL Compilation)","Relic Stats","StSLib","SuperFastMode"],"gold_per_floor":[114,16,30,30,30,66,66,82,82,95,95,130,155,175,175,175,175],"floor_reached":16,"playtime":290,"items_purged":[],"score":267,"play_id":"68fd8196-7bf8-4741-8923-120015762576","local_time":"20210110221336","is_ascension_mode":true,"campfire_choices":[{"data":"Blade Dance","floor":7,"key":"SMITH"},{"data":"Accuracy","floor":11,"key":"SMITH"},{"data":"Reflex","floor":15,"key":"SMITH"}],"circlet_count":0,"master_deck":["AscendersBane","Strike_G","Strike_G","Strike_G","Strike_G","Strike_G","Defend_G","Defend_G","Defend_G","Defend_G","Defend_G","Survivor","Neutralize","Poisoned Stab","Accuracy+1","Blade Dance+1","PiercingWail","Cloak And Dagger","After Image","Reflex+1"],"relics":["Ring of the Snake","NeowsBlessing","Golden Idol","Singing Bowl","Molten Egg 2","Blood Vial"],"acts_visited":["Exordium"],"potions_floor_usage":[12],"damage_taken":[{"damage":0,"enemies":"Jaw Worm","floor":1,"turns":1},{"damage":0,"enemies":"Small Slimes","floor":3,"turns":1},{"damage":0,"enemies":"3 Sentries","floor":6,"turns":1},{"damage":0,"enemies":"Cultist","floor":8,"turns":4},{"damage":6,"enemies":"Exordium Thugs","floor":10,"turns":4},{"damage":16,"enemies":"Lagavulin","floor":12,"turns":4},{"damage":3,"enemies":"Blue Slaver","floor":13,"turns":6},{"damage":3,"enemies":"3 Louse","floor":14,"turns":4},{"damage":70,"enemies":"Hexaghost","floor":16,"turns":14}],"seed_played":"6071903153459214031","potions_obtained":[{"floor":8,"key":"DuplicationPotion"},{"floor":10,"key":"CunningPotion"},{"floor":12,"key":"DistilledChaos"},{"floor":14,"key":"FairyPotion"}],"is_trial":false,"path_per_floor":["M","$","M","?","?","E","R","M","T","M","R","E","M","M","R","B"],"character_chosen":"THE_SILENT","items_purchased":["Accuracy","Blade Dance"],"campfire_rested":0,"item_purchase_floors":[2,2],"current_hp_per_floor":[59,59,59,59,64,66,66,68,68,62,62,46,45,46,46,4,4],"gold":175,"neow_bonus":"THREE_ENEMY_KILL","is_daily":false,"chose_seed":false,"campfire_upgraded":3,"win_rate":0.0,"timestamp":1610284416,"path_taken":["M","$","M","?","?","E","R","M","T","M","R","E","M","M","R","BOSS"],"items_purchased_type":["Card","Card"],"build_version":"2020-12-22","purchased_purges":0,"victory":false,"max_hp_per_floor":[66,66,66,60,65,67,67,69,69,69,69,69,69,71,71,71,71],"relic_stats":{"Blood Vial":6,"Singing Bowl":6,"counters":[9,39],"Golden Idol":29,"obtain_stats":[{"Blood Vial":12,"NeowsBlessing":0,"Singing Bowl":6,"Golden Idol":4,"Molten Egg 2":9,"Ring of the Snake":0},{"Blood Vial":6,"NeowsBlessing":0,"Singing Bowl":3,"Golden Idol":2,"Molten Egg 2":4,"Ring of the Snake":0},{"Blood Vial":15,"NeowsBlessing":0,"Singing Bowl":3,"Golden Idol":2,"Molten Egg 2":7,"Ring of the Snake":0}],"Ring of the Snake":[18]},"card_choices":[{"not_picked":["Prepared","Deflect"],"picked":"Poisoned Stab","floor":1},{"not_picked":["Masterful Stab","Dodge and Roll"],"picked":"PiercingWail","floor":3},{"not_picked":["Outmaneuver","Sucker Punch","Dagger Throw"],"picked":"Singing Bowl","floor":6},{"not_picked":["Poisoned Stab","Expertise","Quick Slash"],"picked":"Singing Bowl","floor":8},{"not_picked":["Acrobatics","PiercingWail"],"picked":"Cloak And Dagger","floor":10},{"not_picked":["Footwork","Heel Hook+1"],"picked":"After Image","floor":12},{"not_picked":["Cloak And Dagger","Dash+1"],"picked":"Reflex","floor":13},{"not_picked":["Outmaneuver","Distraction","Poisoned Stab+1"],"picked":"Singing Bowl","floor":14}],"player_experience":1138016,"relics_obtained":[{"floor":6,"key":"Singing Bowl"},{"floor":9,"key":"Molten Egg 2"},{"floor":12,"key":"Blood Vial"}],"event_choices":[{"damage_healed":0,"gold_gain":0,"player_choice":"Lose Max HP","damage_taken":0,"relics_obtained":["Golden Idol"],"max_hp_gain":0,"max_hp_loss":6,"event_name":"Golden Idol","floor":4,"gold_loss":0},{"damage_healed":0,"gold_gain":0,"player_choice":"Donut","damage_taken":0,"max_hp_gain":5,"max_hp_loss":0,"event_name":"Big Fish","floor":5,"gold_loss":0}],"is_beta":false,"boss_relics":[],"items_purged_floors":[],"is_endless":false,"potions_floor_spawned":[8,10,12,14],"killed_by":"Hexaghost","ascension_level":19}}