{"host":"640uue19m79c7wbt","time":1610246671,"event":{"mods":["BaseMod","Colored Map","Googly Eyes","Highlight Path","Minty Spire (QoL Compilation)","Quick Restart","StSLib"],"gold_per_floor":[114,114,289,308,31,31,66,66,92,92,112,112,112,62,62,193,193,211,234,159,16,39,74,74,74,74,74,74],"floor_reached":27,"playtime":747,"items_purged":[],"score":390,"play_id":"c1f45e33-6006-4b7d-b12e-bdc342c307da","local_time":"20210109214431","is_ascension_mode":true,"campfire_choices":[{"data":"Terror","floor":6.0,"key":"SMITH"},{"data":"Accuracy","floor":8.0,"key":"SMITH"},{"data":"Infinite Blades","floor":10.0,"key":"SMITH"},{"data":"Dash","floor":13.0,"key":"SMITH"},{"data":"Backflip","floor":15.0,"key":"SMITH"},{"data":"Envenom","floor":25,"key":"SMITH"}],"circlet_count":0,"master_deck":["Defend_G","Defend_G","Defend_G","Defend_G","Defend_G","Survivor","Neutralize+1","Terror+1","Backflip+1","Infinite Blades+1","Accuracy+1","Dash+1","Envenom+1","Bane+1","Riddle With Holes","PiercingWail","Underhanded Strike+1","Bite","Bite","Bite","Bite","Bite"],"relics":["Ring of the Snake","NeowsBlessing","Golden Idol","Mummified Hand","Matryoshka","Anchor","Whetstone","Bottled Lightning","HoveringKite","Bag of Marbles","Sundial","Blue Candle"],"acts_visited":["Exordium","TheCity"],"potions_floor_usage":[],"damage_taken":[{"damage":0.0,"enemies":"Small Slimes","floor":1.0,"turns":1.0},{"damage":0.0,"enemies":"Jaw Worm","floor":4.0,"turns":1.0},{"damage":0.0,"enemies":"Lagavulin","floor":7.0,"turns":1.0},{"damage":0.0,"enemies":"2 Louse","floor":11.0,"turns":3.0},{"damage":14.0,"enemies":"The Guardian","floor":16.0,"turns":8.0},{"damage":16.0,"enemies":"3 Byrds","floor":18.0,"turns":7.0},{"damage":0.0,"enemies":"Shell Parasite","floor":19.0,"turns":3.0},{"damage":4.0,"enemies":"Chosen and Byrds","floor":22.0,"turns":5.0},{"damage":8.0,"enemies":"Book of Stabbing","floor":23.0,"turns":5.0},{"damage":55,"enemies":"Gremlin Leader","floor":27,"turns":4}],"seed_played":"-4098164670604944048","potions_obtained":[{"floor":1.0,"key":"PowerPotion"},{"floor":11.0,"key":"FearPotion"},{"floor":22.0,"key":"ColorlessPotion"},{"floor":23.0,"key":"SpeedPotion"}],"is_trial":false,"path_per_floor":["M","?","?","M","$","R","E","R","T","R","M","T","R","?","R","B",null,"M","M","?","$","M","E","?","R","T","E"],"character_chosen":"THE_SILENT","items_purchased":["Mummified Hand","Infinite Blades","Bag of Marbles"],"campfire_rested":0,"item_purchase_floors":[5,5,21],"current_hp_per_floor":[63,46,46,46,46,46,46,46,46,46,46,46,46,46,46,34,61,47,49,49,49,47,41,41,41,41,0,0],"gold":74,"neow_bonus":"THREE_ENEMY_KILL","is_daily":false,"chose_seed":false,"campfire_upgraded":6,"win_rate":0.0,"timestamp":1610246671,"path_taken":["M","?","?","M","$","R","E","R","T","R","M","?","R","?","R","BOSS","M","M","?","$","M","E","?","R","T","E"],"items_purchased_type":["Relic","Card","Relic"],"build_version":"2020-12-22","purchased_purges":0,"victory":false,"max_hp_per_floor":[70,70,70,70,70,70,70,70,70,70,70,70,70,70,70,70,70,70,70,70,70,70,70,70,70,70,70,70],"card_choices":[{"not_picked":["Blade Dance","Heel Hook"],"picked":"Terror","floor":1.0},{"not_picked":["Deflect","Quick Slash"],"picked":"Backflip","floor":4.0},{"not_picked":["Catalyst","Blade Dance"],"picked":"Accuracy","floor":7.0},{"not_picked":["Dagger Throw","Catalyst"],"picked":"Dash","floor":11.0},{"not_picked":["Bullet Time","A Thousand Cuts"],"picked":"Envenom","floor":16.0},{"not_picked":["PiercingWail","Heel Hook"],"picked":"Bane+1","floor":18.0},{"not_picked":["Masterful Stab","Dodge and Roll"],"picked":"Riddle With Holes","floor":19.0},{"not_picked":["All Out Attack+1","Terror"],"picked":"PiercingWail","floor":22.0},{"not_picked":["Dodge and Roll","Flechettes"],"picked":"Underhanded Strike+1","floor":23.0}],"player_experience":576948,"relics_obtained":[{"floor":7.0,"key":"Matryoshka"},{"floor":9.0,"key":"Anchor"},{"floor":9.0,"key":"Whetstone"},{"floor":12.0,"key":"Blood Vial"},{"floor":12.0,"key":"Bottled Lightning"},{"floor":23.0,"key":"Sundial"},{"floor":26,"key":"Blue Candle"}],"event_choices":[{"damage_healed":0.0,"max_hp_gain":0.0,"max_hp_loss":0.0,"gold_gain":0.0,"event_name":"Golden Idol","player_choice":"Take Damage","floor":2.0,"gold_loss":0.0,"damage_taken":17.0,"relics_obtained":["Golden Idol"]},{"damage_healed":0.0,"max_hp_gain":0.0,"max_hp_loss":0.0,"gold_gain":175.0,"event_name":"Liars Game","player_choice":"AGREE","floor":3.0,"gold_loss":0.0,"damage_taken":0.0,"cards_obtained":["Doubt"]},{"cards_removed":["Doubt"],"damage_healed":0.0,"max_hp_gain":0.0,"max_hp_loss":0.0,"gold_gain":0.0,"event_name":"The Cleric","player_choice":"Card Removal","floor":14.0,"gold_loss":50.0,"damage_taken":0.0},{"cards_removed":["Strike_G"],"damage_healed":0.0,"max_hp_gain":0.0,"max_hp_loss":0.0,"gold_gain":0.0,"event_name":"Beggar","player_choice":"Gave Gold","floor":20.0,"gold_loss":75.0,"damage_taken":0.0},{"damage_healed":0.0,"max_hp_gain":0.0,"max_hp_loss":0.0,"gold_gain":0.0,"event_name":"Vampires","player_choice":"Became a vampire (Vial)","floor":24.0,"relics_lost":["Blood Vial"],"gold_loss":0.0,"damage_taken":0.0,"cards_obtained":["Bite","Bite","Bite","Bite","Bite"]}],"is_beta":false,"boss_relics":[{"not_picked":["Runic Dome","Velvet Choker"],"picked":"HoveringKite"}],"items_purged_floors":[],"is_endless":false,"potions_floor_spawned":[1,11,22,23],"killed_by":"Gremlin Leader","ascension_level":9}}