{"host":"y3h3n3f7seyagppx","time":1610261024,"event":{"mods":["AlwaysNeverKeys","BaseMod","Better Vampires","Colored Powertips","DeckTracker","Emptier Cage","Minty Spire (QoL Compilation)","Permanent Neow","Quick Restart","Rare Cards Sparkle","Relic Sorter","Relic Stats","StSLib","Transform Curses"],"gold_per_floor":[111,111,129,129,129,129,180,207,255,280,280,291,317,333,333,410,410,421,421,435,119,130,157,157,157,157,176,205,221,232,257,257,332,332,347,367,45,45,57,74,92,127,127,147,173,193,38,68,68,68,68,68,68,18,49,49],"floor_reached":57,"playtime":12327,"items_purged":["Writhe","Strike_R","Strike_R+1"],"score":3448,"play_id":"b2ed421d-3ca5-41d6-b9ef-9498139ca10f","local_time":"20210110014344","is_ascension_mode":true,"campfire_choices":[{"data":"Bash","floor":6.0,"key":"SMITH"},{"data":"Armaments","floor":15.0,"key":"SMITH"},{"data":"Ghostly","floor":25.0,"key":"SMITH"},{"data":"Ghostly","floor":32.0,"key":"SMITH"},{"floor":49.0,"key":"REST"},{"floor":53.0,"key":"REST"}],"circlet_count":0,"master_deck":["AscendersBane","Defend_R","Defend_R","Defend_R+1","Defend_R","Bash+1","Infernal Blade","Clothesline","Dropkick","Armaments+1","Spot Weakness","Disarm","Impervious","Anger+1","Flame Barrier+1","Shockwave","Ghostly+1","Ghostly+1","Ghostly","Shrug It Off","Body Slam+1","Reaper","Dropkick","Second Wind","Dark Shackles","Fire Breathing","Dual Wield+1","Battle Trance+1","Disarm+1","Limit Break","Double Tap","Feel No Pain"],"relics":["Burning Blood","Strawberry","Bag of Marbles","Ancient Tea Set","Blue Candle","Runic Pyramid","Meat on the Bone","Lantern","Eternal Feather","Mummified Hand","Potion Belt","StrikeDummy","Fusion Hammer","Oddly Smooth Stone","Self Forming Clay","Ice Cream","Smiling Mask","Thread and Needle"],"acts_visited":["Exordium","TheCity","TheBeyond","TheEnding"],"potions_floor_usage":[56,56,56,56],"damage_taken":[{"damage":4.0,"enemies":"2 Louse","floor":1.0,"turns":4.0},{"damage":9.0,"enemies":"Jaw Worm","floor":3.0,"turns":4.0},{"damage":6.0,"enemies":"Gremlin Nob","floor":8.0,"turns":3.0},{"damage":11.0,"enemies":"Lagavulin","floor":10.0,"turns":6.0},{"damage":0.0,"enemies":"Small Slimes","floor":12.0,"turns":2.0},{"damage":8.0,"enemies":"Gremlin Nob","floor":13.0,"turns":3.0},{"damage":7.0,"enemies":"2 Fungi Beasts","floor":14.0,"turns":5.0},{"damage":3.0,"enemies":"The Guardian","floor":16.0,"turns":14.0},{"damage":2.0,"enemies":"Chosen","floor":18.0,"turns":6.0},{"damage":0.0,"enemies":"2 Thieves","floor":20.0,"turns":3.0},{"damage":10.0,"enemies":"Snecko","floor":22.0,"turns":5.0},{"damage":52.0,"enemies":"Gremlin Leader","floor":23.0,"turns":9.0},{"damage":2.0,"enemies":"Centurion and Healer","floor":27.0,"turns":9.0},{"damage":7.0,"enemies":"Book of Stabbing","floor":28.0,"turns":6.0},{"damage":13.0,"enemies":"Chosen and Byrds","floor":29.0,"turns":11.0},{"damage":0.0,"enemies":"Snake Plant","floor":30.0,"turns":6.0},{"damage":9.0,"enemies":"Slavers","floor":31.0,"turns":7.0},{"damage":25.0,"enemies":"Collector","floor":33.0,"turns":13.0},{"damage":3.0,"enemies":"3 Shapes","floor":35.0,"turns":4.0},{"damage":5.0,"enemies":"Orb Walker","floor":36.0,"turns":4.0},{"damage":4.0,"enemies":"3 Darklings","floor":39.0,"turns":8.0},{"damage":10.0,"enemies":"Sphere and 2 Shapes","floor":40.0,"turns":11.0},{"damage":1.0,"enemies":"4 Shapes","floor":41.0,"turns":6.0},{"damage":12.0,"enemies":"Giant Head","floor":42.0,"turns":9.0},{"damage":3.0,"enemies":"Maw","floor":44.0,"turns":8.0},{"damage":5.0,"enemies":"Reptomancer","floor":45.0,"turns":8.0},{"damage":7.0,"enemies":"Transient","floor":46.0,"turns":6.0},{"damage":0.0,"enemies":"Nemesis","floor":48.0,"turns":5.0},{"damage":29.0,"enemies":"Awakened One","floor":50.0,"turns":15.0},{"damage":15.0,"enemies":"Time Eater","floor":51.0,"turns":15.0},{"damage":12.0,"enemies":"Shield and Spear","floor":55.0,"turns":5.0},{"damage":24,"enemies":"The Heart","floor":56,"turns":13}],"seed_played":"-6817454652555173349","potions_obtained":[{"floor":1.0,"key":"SteroidPotion"},{"floor":8.0,"key":"ColorlessPotion"},{"floor":10.0,"key":"DistilledChaos"},{"floor":13.0,"key":"SpeedPotion"},{"floor":18.0,"key":"Energy Potion"},{"floor":22.0,"key":"HeartOfIron"},{"floor":28.0,"key":"SkillPotion"},{"floor":29.0,"key":"Swift Potion"},{"floor":33.0,"key":"BloodPotion"},{"floor":35.0,"key":"LiquidMemories"},{"floor":41.0,"key":"Dexterity Potion"}],"is_trial":false,"path_per_floor":["M","?","M","?","?","R","?","E","T","E","?","M","E","M","R","B",null,"M","?","M","$","M","E","?","R","T","M","E","M","M","E","R","B",null,"M","M","$","?","M","M","M","E","T","M","E","M","$","E","R","B","B",null,"R","$","E","B",null],"character_chosen":"IRONCLAD","items_purchased":["Lantern","DuplicationPotion","Dropkick","Second Wind","Dark Shackles","Limit Break"],"campfire_rested":2,"item_purchase_floors":[21,21,37,37,37,47],"current_hp_per_floor":[70,47,44,44,44,44,44,51,51,46,73,79,77,76,76,79,81,82,82,82,82,78,44,41,41,41,41,40,33,39,36,41,34,39,41,41,41,41,41,37,41,35,35,41,41,41,41,41,41,41,41,41,41,41,41,41],"gold":49,"neow_bonus":"TRANSFORM_CARD","is_daily":false,"chose_seed":false,"campfire_upgraded":4,"win_rate":0.0,"timestamp":1610261024,"path_taken":["M","?","M","?","?","R","?","E","T","E","?","?","E","M","R","BOSS","M","?","M","$","M","E","?","R","T","M","E","?","M","E","R","BOSS","M","?","$","?","?","M","M","E","T","M","E","M","$","E","R","BOSS","BOSS","R","$","E","BOSS"],"items_purchased_type":["Relic","Potion","Card","Card","Card","Card"],"build_version":"2020-12-22","purchased_purges":3,"victory":true,"max_hp_per_floor":[75,75,75,75,75,75,75,82,82,82,82,82,82,82,82,82,82,82,82,82,82,82,82,41,41,41,41,41,41,41,41,41,41,41,41,41,41,41,41,41,41,41,41,41,41,41,41,41,41,41,41,41,41,41,41,41],"relic_stats":{"counters":[32,233],"Mummified Hand":[16],"Self Forming Clay":[87],"Blue Candle":[0],"Eternal Feather":5,"Smiling Mask":75,"obtain_stats":[{"Potion Belt":28,"Ice Cream":45,"Lantern":21,"Self Forming Clay":43,"Blue Candle":13,"Oddly Smooth Stone":42,"Eternal Feather":23,"Thread and Needle":55,"Ancient Tea Set":10,"Smiling Mask":48,"Burning Blood":0,"Mummified Hand":26,"Strawberry":8,"Fusion Hammer":34,"Bag of Marbles":9,"StrikeDummy":31,"Runic Pyramid":17,"Meat on the Bone":19},{"Potion Belt":14,"Ice Cream":26,"Lantern":10,"Self Forming Clay":24,"Blue Candle":6,"Oddly Smooth Stone":24,"Eternal Feather":12,"Thread and Needle":31,"Ancient Tea Set":4,"Smiling Mask":28,"Burning Blood":0,"Mummified Hand":12,"Strawberry":3,"Fusion Hammer":18,"Bag of Marbles":3,"StrikeDummy":17,"Runic Pyramid":8,"Meat on the Bone":9},{"Potion Belt":79,"Ice Cream":174,"Lantern":50,"Self Forming Clay":158,"Blue Candle":22,"Oddly Smooth Stone":158,"Eternal Feather":64,"Thread and Needle":220,"Ancient Tea Set":17,"Smiling Mask":185,"Burning Blood":0,"Mummified Hand":64,"Strawberry":11,"Fusion Hammer":116,"Bag of Marbles":11,"StrikeDummy":103,"Runic Pyramid":41,"Meat on the Bone":47}],"Burning Blood":127,"Meat on the Bone":24},"card_choices":[{"not_picked":["Havoc","Metallicize"],"picked":"Infernal Blade","floor":1.0},{"not_picked":["Shrug It Off","Flex"],"picked":"Clothesline","floor":3.0},{"not_picked":["Cleave","Clash","Sentinel"],"picked":"SKIP","floor":8.0},{"not_picked":["Dual Wield","Shrug It Off"],"picked":"Armaments","floor":10.0},{"not_picked":["Headbutt","Pommel Strike"],"picked":"Spot Weakness","floor":12.0},{"not_picked":["Clothesline","True Grit"],"picked":"Disarm","floor":13.0},{"not_picked":["Dark Embrace","Pommel Strike","Armaments"],"picked":"SKIP","floor":14.0},{"not_picked":["Double Tap","Limit Break"],"picked":"Impervious","floor":16.0},{"not_picked":["Wild Strike","Shrug It Off"],"picked":"Anger+1","floor":18.0},{"not_picked":["Power Through","Sword Boomerang"],"picked":"Flame Barrier+1","floor":20.0},{"not_picked":["True Grit","Dark Embrace","Rupture"],"picked":"SKIP","floor":22.0},{"not_picked":["Havoc","Demon Form"],"picked":"Shockwave","floor":23.0},{"not_picked":["Heavy Blade","Thunderclap","Infernal Blade"],"picked":"SKIP","floor":27.0},{"not_picked":["Thunderclap","True Grit"],"picked":"Shrug It Off","floor":28.0},{"not_picked":["Dual Wield","Rampage"],"picked":"Body Slam+1","floor":29.0},{"not_picked":["Carnage","Heavy Blade","Headbutt"],"picked":"SKIP","floor":30.0},{"not_picked":["Infernal Blade","Ghostly Armor","Shockwave"],"picked":"SKIP","floor":31.0},{"not_picked":["Immolate","Fiend Fire"],"picked":"Reaper","floor":33.0},{"not_picked":["Clash","Iron Wave","Flex"],"picked":"SKIP","floor":35.0},{"not_picked":["Iron Wave","Wild Strike","Sentinel"],"picked":"SKIP","floor":36.0},{"not_picked":["Carnage","Shrug It Off","Clash"],"picked":"SKIP","floor":39.0},{"not_picked":["Cleave","Havoc","Bloodletting"],"picked":"SKIP","floor":40.0},{"not_picked":["Clothesline","Twin Strike"],"picked":"Dual Wield+1","floor":41.0},{"not_picked":["Flame Barrier","Flex"],"picked":"Battle Trance+1","floor":42.0},{"not_picked":["Reckless Charge","Pommel Strike"],"picked":"Disarm+1","floor":44.0},{"not_picked":["Warcry+1","Heavy Blade","Wild Strike"],"picked":"SKIP","floor":45.0},{"not_picked":["Clash","Clothesline","Bloodletting"],"picked":"SKIP","floor":46.0},{"not_picked":["Warcry","Flex+1"],"picked":"Double Tap","floor":48.0},{"not_picked":["Body Slam","Entrench"],"picked":"Feel No Pain","floor":55.0}],"player_experience":20602937,"relics_obtained":[{"floor":8.0,"key":"Strawberry"},{"floor":9.0,"key":"Bag of Marbles"},{"floor":10.0,"key":"Ancient Tea Set"},{"floor":13.0,"key":"Blue Candle"},{"floor":23.0,"key":"Eternal Feather"},{"floor":26.0,"key":"Mummified Hand"},{"floor":28.0,"key":"Potion Belt"},{"floor":31.0,"key":"StrikeDummy"},{"floor":42.0,"key":"Oddly Smooth Stone"},{"floor":43.0,"key":"Self Forming Clay"},{"floor":45.0,"key":"Ice Cream"},{"floor":48.0,"key":"Smiling Mask"},{"floor":55.0,"key":"Thread and Needle"}],"event_choices":[{"damage_healed":0.0,"max_hp_gain":0.0,"max_hp_loss":0.0,"gold_gain":0.0,"event_name":"Shining Light","player_choice":"Entered Light","floor":2.0,"gold_loss":0.0,"damage_taken":23.0,"cards_upgraded":["Strike_R","Defend_R"]},{"damage_healed":0.0,"max_hp_gain":0.0,"max_hp_loss":0.0,"gold_gain":0.0,"cards_transformed":["Strike_R"],"event_name":"Living Wall","player_choice":"Change","floor":4.0,"gold_loss":0.0,"damage_taken":0.0,"cards_obtained":["Dropkick"]},{"damage_healed":0.0,"max_hp_gain":0.0,"max_hp_loss":0.0,"gold_gain":0.0,"event_name":"Liars Game","player_choice":"Ignored","floor":5.0,"gold_loss":0.0,"damage_taken":0.0},{"damage_healed":0.0,"max_hp_gain":0.0,"max_hp_loss":0.0,"gold_gain":51.0,"event_name":"Golden Wing","player_choice":"Gained Gold","floor":7.0,"gold_loss":0.0,"damage_taken":0.0},{"damage_healed":27.0,"max_hp_gain":0.0,"max_hp_loss":0.0,"gold_gain":0.0,"event_name":"Big Fish","player_choice":"Banana","floor":11.0,"gold_loss":0.0,"damage_taken":0.0},{"damage_healed":0.0,"max_hp_gain":0.0,"max_hp_loss":0.0,"gold_gain":0.0,"event_name":"The Mausoleum","player_choice":"Opened","floor":19.0,"gold_loss":0.0,"damage_taken":0.0,"relics_obtained":["Meat on the Bone"],"cards_obtained":["Writhe"]},{"damage_healed":0.0,"max_hp_gain":0.0,"max_hp_loss":41.0,"gold_gain":0.0,"event_name":"Ghosts","player_choice":"Became a Ghost","floor":24.0,"gold_loss":0.0,"damage_taken":0.0,"cards_obtained":["Ghostly","Ghostly","Ghostly"]},{"damage_healed":0.0,"max_hp_gain":0.0,"max_hp_loss":0.0,"gold_gain":0.0,"cards_transformed":["Strike_R"],"event_name":"Transmorgrifier","player_choice":"Transformed","floor":38.0,"gold_loss":0.0,"damage_taken":0.0,"cards_obtained":["Fire Breathing"]}],"is_beta":false,"boss_relics":[{"not_picked":["Coffee Dripper","Calling Bell"],"picked":"Runic Pyramid"},{"not_picked":["Tiny House","Mark of Pain"],"picked":"Fusion Hammer"}],"items_purged_floors":[21,37,54],"is_endless":false,"potions_floor_spawned":[1,8,10,13,18,22,28,29,33,35,41,44,45,48],"ascension_level":20}}