{"host":"vk3oecxhswhylj4a","time":1610286896,"event":{"mods":["Act Like it!","Aspiration","BaseMod","Colored Powertips","Downfall","Gensokyo","Hallownest","KinomotoSakuraMod(Ä¾Ö®±¾Ó£)","Marisa£¨ìFÓê¡¡Ä§ÀíÉ³£©","Minty Spire (QoL Compilation)","Relic Stats","Replay The Spire","RumiaBox-Â¶Ã×æ«µÄÉñÃØºÐ×Ó","Spicy Shops","StSLib","TestMod","The Bug Knight","UnlockEverythingMod","Waifu the Spire","WarShipGirlsR/Õ½½¢ÉÙÅ®R mod","Youmu£¨»êÆÇÑýÃÎ£©","[IsaacMod]ÒÔÈö¼âËþ","vexMod","¡¾ÒÅÎï¿¨ÅÆ¡¿REMEMod"],"gold_per_floor":[99,113,133,183,168,203,203,237,248,262,272,290,290,316,333,428,428,428,444,458,261,278,278,326,326,348,348,348,348,348],"floor_reached":29,"playtime":1786,"items_purged":["ClowCardTheSword","ClowCardTheSword"],"score":525,"play_id":"292d9004-0a52-4403-8b7e-56b527c6688d","local_time":"20210110215456","daily_mods":["Vintage","Heirloom","Time Dilation","downfall:Jewelcrafting","downfall:Lament","DeadlyEvents","Binary","Elite Swarm","Uncertain Future","Binary"],"is_ascension_mode":true,"campfire_choices":[{"floor":1,"key":"RECALL"},{"data":"Envenom","floor":13,"key":"SMITH"},{"data":"ClowCardTheWindy","floor":18,"key":"SMITH"}],"circlet_count":0,"master_deck":["ClowCardTheFlower","ClowCardTheLight","ClowCardTheTwin","ClowCardTheMove","ClowCardTheDash","ClowCardTheWindy+1","AscendersBane","ClowCardTheSword","ClowCardTheSword","ClowCardTheShield","ClowCardTheShield","ClowCardTheShield","ClowCardTheShield","SpellCardSeal","SpellCardRelease","Guardian:ExploitGems","Guardian:ExploitGems","Envenom+1","ClowCardTheCreate","SakuraCardTheLove+"],"relics":["KSMOD_SealedBook","KSMOD_SealedWand","Busted Crown","testmod-TestBox","Guardian:PickAxe","NeowsBlessing","HushsDoor","REME_ComplimentaryCards","SteamSale","testmod-AscensionHeart","testmod-EqualTreatment","Dream Catcher","Omamori","Matryoshka","ReplayTheSpireMod:Lightbulb","Durian","MealTicket","KSMOD_Compass","aspiration:VileToxins","aspiration:HummingbirdHeart","REME_PuzzleBoxRelic","testmod-BlackFramedGlasses","ReplayFunnel","testmod-BatchProcessingSystem","GuppysCollar","Letter Opener","SalivaCoin","KSMOD_MoonBell","testmod-IndustrialRevolution","KSMOD_TaoistSuit","BargainBundle","testmod-Acrobat","Art of War","aspiration:ChemicalBlood"],"acts_visited":["Exordium","TheCity"],"potions_floor_usage":[2,8,9,11,21],"damage_taken":[{"damage":0,"enemies":"Small Slimes","floor":2,"turns":1},{"damage":0,"enemies":"Cultist","floor":3,"turns":1},{"damage":0,"enemies":"Hiden Room Battle","floor":4,"turns":1},{"damage":0,"enemies":"downfall:FleeingMerchant","floor":5,"turns":4},{"damage":10,"enemies":"Lagavulin","floor":6,"turns":6},{"damage":22,"enemies":"Gremlin Nob","floor":8,"turns":4},{"damage":2,"enemies":"Jaw Worm","floor":9,"turns":2},{"damage":0,"enemies":"Large Slime","floor":10,"turns":2},{"damage":0,"enemies":"Gremlin Gang","floor":11,"turns":3},{"damage":1,"enemies":"Blue Slaver","floor":12,"turns":3},{"damage":13,"enemies":"3 Sentries","floor":14,"turns":11},{"damage":2,"enemies":"2 Fungi Beasts","floor":15,"turns":2},{"damage":0,"enemies":"Hexaghost","floor":16,"turns":6},{"damage":0,"enemies":"3 Byrds","floor":19,"turns":2},{"damage":0,"enemies":"Spheric Guardian","floor":20,"turns":2},{"damage":0,"enemies":"downfall:FleeingMerchant","floor":21,"turns":4},{"damage":0,"enemies":"Snecko","floor":22,"turns":2},{"damage":0,"enemies":"3 Cultists","floor":26,"turns":3},{"damage":0,"enemies":"Replay:Snechameleon","floor":29,"turns":1}],"seed_played":"9001238550571089469","potions_obtained":[{"floor":2,"key":"testmod-SpacePotion"},{"floor":4,"key":"DistilledChaos"},{"floor":8,"key":"Swift Potion"},{"floor":9,"key":"testmod-SpacePotion"},{"floor":16,"key":"Dexterity Potion"},{"floor":20,"key":"Energy Potion"}],"is_trial":true,"path_per_floor":["R","M","M","?","$","E","T","E","M","M","M","M","R","E","M","B",null,"R","M","M","$","M","?","T","WH","M","WH","R","E"],"character_chosen":"KINOMOTOSAKURA","items_purchased":["FairyPotion","ClowCardTheCreate","GuppysCollar","KSMOD_TaoistSuit","BargainBundle","FairyPotion","testmod-SpacePotion","Fire Potion","AttackPotion"],"campfire_rested":0,"item_purchase_floors":[17,17,17,21,21,21,21,21,21],"current_hp_per_floor":[63,67,68,69,70,65,65,47,49,50,54,54,54,42,43,55,54,54,54,54,54,54,54,54,54,54,54,54,54,54],"gold":348,"neow_bonus":"","is_daily":false,"chose_seed":false,"campfire_upgraded":2,"win_rate":0.0,"timestamp":1610286896,"path_taken":["R","M","M","?","$","?","T","E","M","M","M","?","R","E","M","BOSS","R","M","M","$","M","?","T","WH","M","WH","R","E"],"items_purchased_type":["Potion","Card","Relic","Relic","Relic","Potion","Potion","Potion","Potion"],"build_version":"2020-12-22","purchased_purges":2,"victory":false,"max_hp_per_floor":[70,70,70,70,70,75,75,75,75,75,75,75,75,75,75,80,54,54,54,54,54,54,54,54,54,54,54,54,54,54],"relic_stats":{"Dream Catcher":0,"Busted Crown":22,"counters":[19,60],"MealTicket":0,"Art of War":[0],"Letter Opener":[70],"obtain_stats":[{"ReplayFunnel":15,"testmod-EqualTreatment":0,"testmod-BatchProcessingSystem":17,"testmod-AscensionHeart":0,"testmod-BlackFramedGlasses":14,"Guardian:PickAxe":0,"Dream Catcher":2,"Matryoshka":4,"MealTicket":7,"KSMOD_SealedWand":0,"aspiration:ChemicalBlood":26,"KeepersGift":0,"aspiration:VileToxins":9,"KSMOD_Compass":8,"BargainBundle":21,"testmod-TestBox":0,"NeowsBlessing":0,"KSMOD_SealedBook":0,"Omamori":3,"aspiration:HummingbirdHeart":10,"Letter Opener":19,"KSMOD_TaoistSuit":21,"SteamSale":0,"KSMOD_MoonBell":20,"testmod-IndustrialRevolution":20,"Busted Crown":0,"testmod-Acrobat":22,"Durian":6,"SalivaCoin":20,"Art of War":24,"REME_PuzzleBoxRelic":12,"HushsDoor":0,"ReplayTheSpireMod:Lightbulb":4,"GuppysCollar":17,"REME_ComplimentaryCards":0},{"ReplayFunnel":12,"testmod-EqualTreatment":0,"testmod-BatchProcessingSystem":13,"testmod-AscensionHeart":0,"testmod-BlackFramedGlasses":11,"Guardian:PickAxe":0,"Dream Catcher":1,"Matryoshka":3,"MealTicket":5,"KSMOD_SealedWand":0,"aspiration:ChemicalBlood":18,"KeepersGift":0,"aspiration:VileToxins":7,"KSMOD_Compass":6,"BargainBundle":16,"testmod-TestBox":0,"NeowsBlessing":0,"KSMOD_SealedBook":0,"Omamori":2,"aspiration:HummingbirdHeart":8,"Letter Opener":14,"KSMOD_TaoistSuit":16,"SteamSale":0,"KSMOD_MoonBell":15,"testmod-IndustrialRevolution":15,"Busted Crown":0,"testmod-Acrobat":17,"Durian":5,"SalivaCoin":15,"Art of War":17,"REME_PuzzleBoxRelic":10,"HushsDoor":0,"ReplayTheSpireMod:Lightbulb":3,"GuppysCollar":13,"REME_ComplimentaryCards":0},{"ReplayFunnel":40,"testmod-EqualTreatment":0,"testmod-BatchProcessingSystem":46,"testmod-AscensionHeart":0,"testmod-BlackFramedGlasses":38,"Guardian:PickAxe":0,"Dream Catcher":1,"Matryoshka":3,"MealTicket":13,"KSMOD_SealedWand":0,"aspiration:ChemicalBlood":59,"KeepersGift":0,"aspiration:VileToxins":19,"KSMOD_Compass":17,"BargainBundle":54,"testmod-TestBox":0,"NeowsBlessing":0,"KSMOD_SealedBook":0,"Omamori":2,"aspiration:HummingbirdHeart":21,"Letter Opener":48,"KSMOD_TaoistSuit":54,"SteamSale":0,"KSMOD_MoonBell":50,"testmod-IndustrialRevolution":50,"Busted Crown":0,"testmod-Acrobat":56,"Durian":13,"SalivaCoin":50,"Art of War":56,"REME_PuzzleBoxRelic":27,"HushsDoor":0,"ReplayTheSpireMod:Lightbulb":3,"GuppysCollar":46,"REME_ComplimentaryCards":0}]},"card_choices":[{"not_picked":[],"picked":"Bomb","floor":0}],"player_experience":120782,"relics_obtained":[{"floor":2,"key":"Dream Catcher"},{"floor":3,"key":"Omamori"},{"floor":4,"key":"Matryoshka"},{"floor":4,"key":"ReplayTheSpireMod:Lightbulb"},{"floor":6,"key":"Durian"},{"floor":7,"key":"MealTicket"},{"floor":8,"key":"KSMOD_Compass"},{"floor":9,"key":"aspiration:VileToxins"},{"floor":10,"key":"aspiration:HummingbirdHeart"},{"floor":12,"key":"REME_PuzzleBoxRelic"},{"floor":14,"key":"testmod-BlackFramedGlasses"},{"floor":15,"key":"ReplayFunnel"},{"floor":19,"key":"Letter Opener"},{"floor":20,"key":"SalivaCoin"},{"floor":20,"key":"KSMOD_MoonBell"},{"floor":20,"key":"testmod-IndustrialRevolution"},{"floor":22,"key":"testmod-Acrobat"},{"floor":24,"key":"Art of War"},{"floor":26,"key":"aspiration:ChemicalBlood"}],"event_choices":[{"damage_healed":0,"gold_gain":0,"player_choice":"Fight","damage_taken":0,"max_hp_gain":0,"max_hp_loss":0,"event_name":"HidenRoomEvent","floor":4,"gold_loss":0}],"is_beta":false,"boss_relics":[{"not_picked":["testmod-EnergyCheck","testmod-Fanaticism"],"picked":"testmod-BatchProcessingSystem"},{"not_picked":[]}],"items_purged_floors":[17,21],"is_endless":true,"potions_floor_spawned":[2,4,8,9,16,20,22,26],"killed_by":"Replay:Snechameleon","ascension_level":12}}