{"host":"jyvw26fpu3ehgf9w","time":1610243709,"event":{"mods":["BaseMod","Downfall","Googly Eyes","Hermit","Marisa????????","Minty Spire (QoL Compilation)","StSLib","SuperFastMode","The Construct","The Cursed","The Marked","The Sage"],"gold_per_floor":[109,109,109,123,133,164,164,184,184,184,214,214,10,20,20,20,20],"floor_reached":16,"playtime":595,"items_purged":[],"score":110,"play_id":"544603a9-c69b-4ed2-ab7c-0fb9e515c426","local_time":"20210110025509","is_ascension_mode":false,"campfire_choices":[{"data":"theMarked:SoldierOfQuellstein","floor":10,"key":"SMITH"},{"floor":12,"key":"REST"},{"floor":15,"key":"REST"}],"circlet_count":0,"master_deck":["theMarked:Strike","theMarked:Strike","theMarked:Strike","theMarked:Strike","theMarked:Strike","theMarked:Defend","theMarked:Defend","theMarked:Defend","theMarked:SoldierOfQuellstein+1","theMarked:ComboAttacks+1","theMarked:RogueSparks","theMarked:ParalyzingBlade","theMarked:ResourceFulStrike","theMarked:EmpowerWeapon","theMarked:EmpowerWeapon","theMarked:Challenge","theMarked:Opportunist","theMarked:Opportunist"],"relics":["theMarked:ArtifactOfAir","NeowsBlessing","InkBottle","Gremlin Horn","Art of War"],"acts_visited":["Exordium"],"potions_floor_usage":[11,14],"damage_taken":[{"damage":0,"enemies":"Small Slimes","floor":1,"turns":1},{"damage":1,"enemies":"2 Louse","floor":4,"turns":2},{"damage":0,"enemies":"Cultist","floor":5,"turns":1},{"damage":21,"enemies":"Lagavulin","floor":6,"turns":6},{"damage":4,"enemies":"3 Louse","floor":8,"turns":3},{"damage":28,"enemies":"3 Sentries","floor":11,"turns":5},{"damage":27,"enemies":"Gremlin Gang","floor":14,"turns":4},{"damage":35,"enemies":"Slime Boss","floor":16,"turns":3}],"seed_played":"7228889862952296643","potions_obtained":[{"floor":4,"key":"sneckomod:MuddlingPotion"},{"floor":6,"key":"Weak Potion"}],"is_trial":false,"path_per_floor":["M","?","?","M","M","E","?","M","T","R","E","R","$","M","R","B"],"character_chosen":"THE_DEFAULT","items_purchased":["theMarked:Challenge","theMarked:Opportunist"],"campfire_rested":2,"item_purchase_floors":[13,13],"current_hp_per_floor":[70,70,70,69,69,48,48,44,44,44,16,37,37,10,31,0,0],"gold":20,"neow_bonus":"THREE_ENEMY_KILL","is_daily":false,"chose_seed":false,"campfire_upgraded":1,"win_rate":0.0,"timestamp":1610243709,"path_taken":["M","?","?","?","M","E","?","?","T","R","E","R","?","M","R","BOSS"],"items_purchased_type":["Card","Card"],"build_version":"2020-12-22","purchased_purges":0,"victory":false,"max_hp_per_floor":[70,70,70,70,70,70,70,70,70,70,70,70,70,70,70,70,70],"card_choices":[{"not_picked":["theMarked:WardOff","theMarked:ResourceFulStrike"],"picked":"theMarked:ComboAttacks","floor":1},{"not_picked":["theMarked:Parkour","theMarked:WastefulAttack"],"picked":"theMarked:RogueSparks","floor":4},{"not_picked":["theMarked:ChainLightning","theMarked:HeightenedSenses"],"picked":"theMarked:ParalyzingBlade","floor":5},{"not_picked":["theMarked:Static","theMarked:TwofoldDefense"],"picked":"theMarked:ResourceFulStrike","floor":6},{"not_picked":["theMarked:LightningStrikesTwice","theMarked:Static","theMarked:SwordAndMagic"],"picked":"SKIP","floor":8},{"not_picked":["theMarked:Static","theMarked:DispelDoubt"],"picked":"theMarked:EmpowerWeapon","floor":11},{"not_picked":["theMarked:Parkour","theMarked:Frustration"],"picked":"theMarked:Opportunist","floor":14}],"player_experience":310396,"relics_obtained":[{"floor":6,"key":"InkBottle"},{"floor":9,"key":"Gremlin Horn"},{"floor":11,"key":"Art of War"}],"event_choices":[{"damage_healed":0,"gold_gain":0,"player_choice":"Ignored","damage_taken":0,"max_hp_gain":0,"max_hp_loss":0,"event_name":"Golden Wing","floor":2,"gold_loss":0},{"damage_healed":0,"gold_gain":0,"player_choice":"Upgraded","damage_taken":0,"max_hp_gain":0,"max_hp_loss":0,"event_name":"Upgrade Shrine","floor":3,"gold_loss":0,"cards_upgraded":["theMarked:ComboAttacks"]},{"damage_healed":0,"gold_gain":0,"cards_transformed":["theMarked:Defend"],"player_choice":"Transformed","damage_taken":0,"max_hp_gain":0,"max_hp_loss":0,"event_name":"Transmorgrifier","floor":7,"gold_loss":0,"cards_obtained":["theMarked:EmpowerWeapon"]}],"is_beta":false,"boss_relics":[],"items_purged_floors":[],"is_endless":false,"potions_floor_spawned":[4,6],"killed_by":"Slime Boss","ascension_level":0}}