{"host":"oiw60b5ins9fyx34","time":1610264749,"event":{"mods":["BaseMod","Colored Map","Colored Powertips","Minty Spire (QoL Compilation)","Permanent Neow","Quick Restart","Relic Stats","StSLib"],"gold_per_floor":[16,26,126,138,151,151,182,8,35,35,35,46,76,86,86,185,185,196,89,101,21,31,61,61,61,88,115,134,134,134,153,153,153,153],"floor_reached":33,"playtime":1620,"items_purged":["Strike_G"],"score":297,"play_id":"8cb3e337-2e56-4ad7-912f-1fa3b1094da6","local_time":"20210110164549","is_ascension_mode":false,"campfire_choices":[{"data":"Corpse Explosion","floor":6,"key":"SMITH"},{"data":"Crippling Poison","floor":10,"key":"SMITH"},{"floor":15,"key":"REST"},{"floor":30,"key":"REST"},{"floor":32,"key":"REST"}],"circlet_count":0,"master_deck":["Strike_G","Strike_G","Defend_G","Defend_G","Defend_G","Defend_G","Defend_G","Survivor+1","Neutralize","Corpse Explosion+1","Underhanded Strike","Crippling Poison+1","Catalyst","Poisoned Stab","Underhanded Strike","Prepared","Bane","Dodge and Roll+1","Dash","PiercingWail","After Image","Dagger Spray","Well Laid Plans","Dagger Throw","Leg Sweep","Bane","Noxious Fumes","Bouncing Flask+1","Terror"],"relics":["Ring of the Snake","Ancient Tea Set","MealTicket","War Paint","SlaversCollar","Akabeko","Oddly Smooth Stone","StoneCalendar"],"acts_visited":["Exordium","TheCity"],"potions_floor_usage":[14,23,27,27],"damage_taken":[{"damage":2,"enemies":"Small Slimes","floor":1,"turns":4},{"damage":1,"enemies":"Cultist","floor":2,"turns":3},{"damage":3,"enemies":"2 Louse","floor":4,"turns":2},{"damage":8,"enemies":"2 Fungi Beasts","floor":5,"turns":4},{"damage":9,"enemies":"3 Sentries","floor":7,"turns":3},{"damage":9,"enemies":"Exordium Wildlife","floor":12,"turns":2},{"damage":23,"enemies":"Lagavulin","floor":13,"turns":7},{"damage":0,"enemies":"Looter","floor":14,"turns":2},{"damage":13,"enemies":"Hexaghost","floor":16,"turns":9},{"damage":20,"enemies":"Spheric Guardian","floor":18,"turns":7},{"damage":0,"enemies":"3 Byrds","floor":20,"turns":2},{"damage":6,"enemies":"3 Cultists","floor":22,"turns":3},{"damage":16,"enemies":"Book of Stabbing","floor":23,"turns":6},{"damage":32,"enemies":"Slavers","floor":27,"turns":2},{"damage":11,"enemies":"Chosen and Byrds","floor":28,"turns":6},{"damage":14,"enemies":"Cultist and Chosen","floor":31,"turns":7},{"damage":47,"enemies":"Collector","floor":33,"turns":6}],"seed_played":"5960658174821591390","potions_obtained":[{"floor":1,"key":"SkillPotion"},{"floor":5,"key":"AttackPotion"},{"floor":7,"key":"CultistPotion"},{"floor":16,"key":"EntropicBrew"},{"floor":23,"key":"Fruit Juice"}],"is_trial":false,"path_per_floor":["M","M","?","M","M","R","E","$","T","R","?","M","E","M","R","B",null,"M","$","M","$","M","E","?","?","T","E","M","?","R","M","R","B"],"character_chosen":"THE_SILENT","items_purchased":["Prepared","Bane","Well Laid Plans","Dagger Throw","Leg Sweep"],"campfire_rested":3,"item_purchase_floors":[8,8,19,19,21],"current_hp_per_floor":[68,67,67,64,56,56,47,47,47,47,47,38,15,15,36,23,70,50,65,65,70,64,53,53,53,53,21,10,10,32,18,40,0,0],"gold":153,"neow_bonus":"THREE_RARE_CARDS","is_daily":false,"chose_seed":false,"campfire_upgraded":2,"win_rate":0.0,"timestamp":1610264749,"path_taken":["M","M","?","?","M","R","E","$","T","R","?","M","E","M","R","BOSS","M","$","?","$","M","E","?","?","T","E","M","?","R","M","R","BOSS"],"items_purchased_type":["Card","Card","Card","Card","Card"],"build_version":"2020-12-22","purchased_purges":1,"victory":false,"max_hp_per_floor":[70,70,70,70,70,70,70,70,70,70,70,70,70,70,70,70,70,70,70,70,70,70,75,75,75,75,75,75,75,75,75,75,75,75],"relic_stats":{"counters":[17,75],"MealTicket":20,"StoneCalendar":[2],"War Paint":["Dodge and Roll","Survivor"],"obtain_stats":[{"SlaversCollar":17,"Oddly Smooth Stone":26,"MealTicket":9,"StoneCalendar":27,"War Paint":13,"Ancient Tea Set":7,"Akabeko":23,"Ring of the Snake":0},{"SlaversCollar":9,"Oddly Smooth Stone":13,"MealTicket":5,"StoneCalendar":14,"War Paint":7,"Ancient Tea Set":5,"Akabeko":13,"Ring of the Snake":0},{"SlaversCollar":36,"Oddly Smooth Stone":54,"MealTicket":16,"StoneCalendar":56,"War Paint":25,"Ancient Tea Set":16,"Akabeko":54,"Ring of the Snake":0}],"Ring of the Snake":[34]},"card_choices":[{"not_picked":["Glass Knife","Wraith Form v2"],"picked":"Corpse Explosion","floor":0},{"not_picked":["Prepared","Bane"],"picked":"Underhanded Strike","floor":1},{"not_picked":["Backflip","Masterful Stab"],"picked":"Crippling Poison","floor":2},{"not_picked":["Prepared","Distraction"],"picked":"Catalyst","floor":4},{"not_picked":["Tactician","Flying Knee"],"picked":"Poisoned Stab","floor":5},{"not_picked":["Flying Knee","Bullet Time"],"picked":"Underhanded Strike","floor":7},{"not_picked":["Quick Slash","Slice"],"picked":"Dodge and Roll","floor":12},{"not_picked":["After Image","Concentrate"],"picked":"Dash","floor":13},{"not_picked":["Poisoned Stab","Dash"],"picked":"PiercingWail","floor":14},{"not_picked":["Envenom","Phantasmal Killer"],"picked":"After Image","floor":16},{"not_picked":["Slice+1","Blade Dance"],"picked":"Dagger Spray","floor":18},{"not_picked":["Deadly Poison","Deflect","Flechettes"],"picked":"SKIP","floor":20},{"not_picked":["Blade Dance+1","Deadly Poison"],"picked":"Bane","floor":22},{"not_picked":["Escape Plan","Leg Sweep"],"picked":"Noxious Fumes","floor":23},{"not_picked":["Prepared","Well Laid Plans","Burst"],"picked":"SKIP","floor":27},{"not_picked":["Quick Slash","Poisoned Stab"],"picked":"Bouncing Flask+1","floor":28},{"not_picked":["Acrobatics","Deflect"],"picked":"Terror","floor":31}],"player_experience":594364,"relics_obtained":[{"floor":7,"key":"Ancient Tea Set"},{"floor":9,"key":"MealTicket"},{"floor":13,"key":"War Paint"},{"floor":23,"key":"Akabeko"},{"floor":26,"key":"Oddly Smooth Stone"},{"floor":27,"key":"StoneCalendar"}],"event_choices":[{"damage_healed":0,"gold_gain":100,"player_choice":"Pray","damage_taken":0,"max_hp_gain":0,"max_hp_loss":0,"event_name":"Golden Shrine","floor":3,"gold_loss":0},{"cards_removed":["Strike_G"],"damage_healed":0,"gold_gain":0,"player_choice":"Offered Basic","damage_taken":0,"max_hp_gain":0,"max_hp_loss":0,"event_name":"Bonfire Elementals","floor":11,"gold_loss":0},{"damage_healed":0,"gold_gain":0,"player_choice":"Ignored","damage_taken":0,"max_hp_gain":0,"max_hp_loss":0,"event_name":"Cursed Tome","floor":24,"gold_loss":0},{"damage_healed":0,"gold_gain":0,"player_choice":"Ignored","damage_taken":0,"max_hp_gain":0,"max_hp_loss":0,"event_name":"Ghosts","floor":25,"gold_loss":0},{"cards_removed":["Strike_G"],"damage_healed":0,"gold_gain":0,"player_choice":"Elegance","damage_taken":0,"max_hp_gain":0,"max_hp_loss":0,"event_name":"Back to Basics","floor":29,"gold_loss":0}],"is_beta":false,"boss_relics":[{"not_picked":["Pandora\u0027s Box","Black Star"],"picked":"SlaversCollar"}],"items_purged_floors":[8],"is_endless":false,"potions_floor_spawned":[1,5,7,16,18,20,23,28],"killed_by":"Collector","ascension_level":0}}