{"host":"dowi7cgbhepuzvpj","time":1610244894,"event":{"mods":["AchievementEnabler","BaseMod","Colored Map","Highlight Path","Keyboard Shortcuts","Minty Spire (QoL Compilation)","Permanent Neow","Quick Restart","StSLib","SuperFastMode"],"gold_per_floor":[114,130,130,205,205,205,32,67,114,129,129,129,146,6,6,81,81,53,53,63,39,89,89,105,55,355,384,26,26,26,39,39,115,115,125,125,1124,423,433,433,433,84,153,184,184,215,225,225,225,225],"floor_reached":51,"playtime":2018,"items_purged":["Strike_G","Normality","Normality"],"score":1498,"play_id":"857497f0-bcde-4164-aa5c-af1dc8704824","local_time":"20210110111454","is_ascension_mode":true,"campfire_choices":[{"floor":6.0,"key":"REST"},{"floor":12.0,"key":"REST"},{"data":"Footwork","floor":15.0,"key":"SMITH"},{"floor":23.0,"key":"REST"},{"floor":30.0,"key":"REST"},{"floor":32.0,"key":"REST"},{"data":"After Image","floor":40.0,"key":"SMITH"},{"data":"Infinite Blades","floor":45,"key":"SMITH"},{"floor":49,"key":"REST"}],"circlet_count":0,"master_deck":["AscendersBane","Survivor","Neutralize+1","PiercingWail","Tactician","Flying Knee","Dodge and Roll+1","Blur","Outmaneuver","Footwork+1","Malaise","Noxious Fumes","Dodge and Roll","Blade Dance","Blade Dance","Cloak And Dagger+1","Adrenaline","After Image+1","Crippling Poison","Leg Sweep","Storm of Steel","Catalyst","Envenom","Dagger Throw","Escape Plan+1","Flash of Steel","PiercingWail","PiercingWail+1","Madness","Madness","Cloak And Dagger","Infinite Blades+1","Terror","Blade Dance+1"],"relics":["Ring of the Snake","Kunai","PreservedInsect","Vajra","Lantern","Black Star","Enchiridion","Old Coin","Potion Belt","Snake Skull","White Beast Statue","Pandora\u0027s Box","Oddly Smooth Stone","Lee\u0027s Waffle","Strawberry","Bottled Tornado","Blue Candle","Happy Flower","HornCleat","Ginger"],"acts_visited":["Exordium","TheCity","TheBeyond"],"potions_floor_usage":[44,44,47,50,50,50],"damage_taken":[{"damage":0.0,"enemies":"2 Louse","floor":1.0,"turns":3.0},{"damage":4.0,"enemies":"Small Slimes","floor":2.0,"turns":6.0},{"damage":17.0,"enemies":"3 Sentries","floor":8.0,"turns":14.0},{"damage":2.0,"enemies":"Cultist","floor":10.0,"turns":5.0},{"damage":0.0,"enemies":"Looter","floor":13.0,"turns":3.0},{"damage":10.0,"enemies":"The Guardian","floor":16.0,"turns":29.0},{"damage":12.0,"enemies":"2 Thieves","floor":18.0,"turns":5.0},{"damage":15.0,"enemies":"Chosen","floor":20.0,"turns":8.0},{"damage":0.0,"enemies":"Centurion and Healer","floor":24.0,"turns":14.0},{"damage":13.0,"enemies":"Gremlin Leader","floor":27.0,"turns":8.0},{"damage":6.0,"enemies":"Colosseum Slavers","floor":29.0,"turns":4.0},{"damage":16.0,"enemies":"Sentry and Sphere","floor":31.0,"turns":6.0},{"damage":0.0,"enemies":"Champ","floor":33.0,"turns":15.0},{"damage":15.0,"enemies":"Orb Walker","floor":35.0,"turns":5.0},{"damage":8.0,"enemies":"3 Darklings","floor":39.0,"turns":4.0},{"damage":15,"enemies":"Reptomancer","floor":44,"turns":8},{"damage":4,"enemies":"Giant Head","floor":46,"turns":9},{"damage":22,"enemies":"Transient","floor":47,"turns":6},{"damage":25,"enemies":"Donu and Deca","floor":50,"turns":9}],"seed_played":"-8124192178708409858","potions_obtained":[{"floor":10.0,"key":"DistilledChaos"},{"floor":16.0,"key":"Dexterity Potion"},{"floor":20.0,"key":"Explosive Potion"},{"floor":27.0,"key":"Block Potion"},{"floor":31.0,"key":"Ancient Potion"},{"floor":33.0,"key":"BlessingOfTheForge"},{"floor":35.0,"key":"SkillPotion"},{"floor":39.0,"key":"EssenceOfSteel"},{"floor":44,"key":"Strength Potion"},{"floor":46,"key":"LiquidBronze"},{"floor":47,"key":"SmokeBomb"}],"is_trial":false,"path_per_floor":["M","M","?","?","?","R","$","E","T","M","?","R","M","$","R","B",null,"M","?","M","$","?","R","M","$","T","E","$","?","R","M","R","B",null,"M","?","?","$","M","R","?","$","T","E","R","E","M","?","R","B",null],"character_chosen":"THE_SILENT","items_purchased":["PreservedInsect","Footwork","Dexterity Potion","Dodge and Roll","Blade Dance","White Beast Statue","Oddly Smooth Stone","Lee\u0027s Waffle","Strawberry","Flash of Steel","PiercingWail","Cloak And Dagger","Infinite Blades","Regen Potion"],"campfire_rested":6,"item_purchase_floors":[7,14,14,21,25,28,38,38,38,38,38,42,42,42],"current_hp_per_floor":[44,40,14,3,3,22,22,5,5,3,3,22,22,22,22,12,53,41,20,5,5,5,24,24,24,24,11,11,5,24,8,27,27,56,41,41,41,80,72,72,58,58,58,43,43,39,17,17,41,31],"gold":225,"neow_bonus":"TRANSFORM_TWO_CARDS","is_daily":false,"chose_seed":false,"campfire_upgraded":3,"win_rate":0.0,"timestamp":1610244894,"path_taken":["M","M","?","?","?","R","$","E","T","?","?","R","?","$","R","BOSS","M","?","M","?","?","R","M","$","T","E","$","?","R","?","R","BOSS","M","?","?","$","M","R","?","$","T","E","R","E","M","?","R","BOSS"],"items_purchased_type":["Relic","Card","Potion","Card","Card","Relic","Relic","Relic","Relic","Card","Card","Card","Card","Potion"],"build_version":"2020-12-22","purchased_purges":3,"victory":true,"max_hp_per_floor":[66,66,66,66,66,66,66,66,66,66,66,66,66,66,66,66,66,66,66,66,66,66,66,66,66,66,66,66,66,66,66,66,66,66,66,66,66,80,80,80,80,80,80,80,80,80,80,80,80,80],"card_choices":[{"not_picked":["Poisoned Stab","All Out Attack"],"picked":"Flying Knee","floor":1.0},{"not_picked":["Prepared","Poisoned Stab"],"picked":"Dodge and Roll","floor":2.0},{"not_picked":["Deadly Poison","Eviscerate"],"picked":"Blur","floor":8.0},{"not_picked":["Poisoned Stab","Sucker Punch"],"picked":"Die Die Die","floor":10.0},{"not_picked":["Bane","Expertise"],"picked":"Outmaneuver","floor":13.0},{"not_picked":["Grand Finale","Unload"],"picked":"Malaise","floor":16.0},{"not_picked":["Endless Agony","Caltrops"],"picked":"Noxious Fumes","floor":18.0},{"not_picked":["Flying Knee","Sucker Punch","All Out Attack"],"picked":"SKIP","floor":20.0},{"not_picked":["Sucker Punch","Distraction","Outmaneuver"],"picked":"SKIP","floor":24.0},{"not_picked":["Poisoned Stab","Backflip"],"picked":"Blade Dance","floor":27.0},{"not_picked":["Dash","Calculated Gamble"],"picked":"Cloak And Dagger+1","floor":31.0},{"not_picked":["Die Die Die","Phantasmal Killer"],"picked":"Adrenaline","floor":33.0},{"not_picked":["Sucker Punch","Concentrate+1"],"picked":"Escape Plan+1","floor":35.0},{"not_picked":["Setup","Deadly Poison"],"picked":"PiercingWail+1","floor":39.0},{"not_picked":["Prepared","Bane+1","Grand Finale"],"picked":"SKIP","floor":44},{"not_picked":["Dodge and Roll","Bane"],"picked":"Terror","floor":46},{"not_picked":["Deflect+1","Outmaneuver"],"picked":"Blade Dance+1","floor":47}],"player_experience":447645,"relics_obtained":[{"floor":8.0,"key":"Vajra"},{"floor":9.0,"key":"Lantern"},{"floor":19.0,"key":"Enchiridion"},{"floor":26.0,"key":"Old Coin"},{"floor":27.0,"key":"Potion Belt"},{"floor":27.0,"key":"Snake Skull"},{"floor":43,"key":"Bottled Tornado"},{"floor":44,"key":"Blue Candle"},{"floor":44,"key":"Happy Flower"},{"floor":46,"key":"HornCleat"},{"floor":46,"key":"Ginger"}],"event_choices":[{"damage_healed":0.0,"max_hp_gain":0.0,"max_hp_loss":0.0,"gold_gain":0.0,"event_name":"Scrap Ooze","player_choice":"Success","floor":3.0,"gold_loss":0.0,"damage_taken":26.0,"relics_obtained":["Kunai"]},{"damage_healed":0.0,"max_hp_gain":0.0,"max_hp_loss":0.0,"gold_gain":75.0,"event_name":"World of Goop","player_choice":"Gather Gold","floor":4.0,"gold_loss":0.0,"damage_taken":11.0},{"damage_healed":0.0,"max_hp_gain":0.0,"max_hp_loss":0.0,"gold_gain":0.0,"event_name":"Upgrade Shrine","player_choice":"Upgraded","floor":5.0,"gold_loss":0.0,"damage_taken":0.0,"cards_upgraded":["Neutralize"]},{"damage_healed":0.0,"max_hp_gain":0.0,"max_hp_loss":0.0,"gold_gain":0.0,"event_name":"Accursed Blacksmith","player_choice":"Forge","floor":11.0,"gold_loss":0.0,"damage_taken":0.0,"cards_upgraded":["Dodge and Roll"]},{"damage_healed":0.0,"max_hp_gain":0.0,"max_hp_loss":0.0,"gold_gain":0.0,"event_name":"Cursed Tome","player_choice":"Obtained Book","floor":19.0,"gold_loss":0.0,"damage_taken":21.0},{"damage_healed":0.0,"max_hp_gain":0.0,"max_hp_loss":0.0,"gold_gain":50.0,"event_name":"Nest","player_choice":"Stole From Cult","floor":22.0,"gold_loss":0.0,"damage_taken":0.0},{"damage_healed":0.0,"max_hp_gain":0.0,"max_hp_loss":0.0,"gold_gain":0.0,"event_name":"Colosseum","player_choice":"Fight","floor":29.0,"gold_loss":0.0,"damage_taken":0.0},{"damage_healed":0.0,"max_hp_gain":0.0,"max_hp_loss":0.0,"gold_gain":0.0,"event_name":"Colosseum","player_choice":"Fled From Nobs","floor":29.0,"gold_loss":0.0,"damage_taken":0.0},{"damage_healed":0.0,"max_hp_gain":0.0,"max_hp_loss":0.0,"gold_gain":0.0,"event_name":"Tomb of Lord Red Mask","player_choice":"Ignored","floor":36.0,"gold_loss":0.0,"damage_taken":0.0},{"damage_healed":0.0,"max_hp_gain":0.0,"max_hp_loss":0.0,"gold_gain":999.0,"event_name":"MindBloom","player_choice":"Gold","floor":37.0,"gold_loss":0.0,"damage_taken":0.0,"cards_obtained":["Normality","Normality"]},{"damage_healed":0.0,"max_hp_gain":0.0,"max_hp_loss":0.0,"gold_gain":0.0,"event_name":"Winding Halls","player_choice":"Embrace Madness","floor":41.0,"gold_loss":0.0,"damage_taken":14.0,"cards_obtained":["Madness","Madness"]},{"cards_removed":["Die Die Die"],"damage_healed":0,"gold_gain":0,"player_choice":"Removed Attack","damage_taken":0,"max_hp_gain":0,"max_hp_loss":0,"event_name":"Falling","floor":48,"gold_loss":0}],"is_beta":false,"boss_relics":[{"not_picked":["Runic Dome","Snecko Eye"],"picked":"Black Star"},{"not_picked":["Empty Cage","Fusion Hammer"],"picked":"Pandora\u0027s Box"}],"items_purged_floors":[28,38,42],"is_endless":false,"potions_floor_spawned":[10,16,20,27,29,31,33,35,39,44,46,47],"ascension_level":17}}