{"host":"9oysz4knkucnjyyz","time":1610289724,"event":{"mods":["100% Spire Juice","2.2 Compatiblity","Act Like it!","BaseMod","Better Altar","Better Match","Better Note","Better Sensory Stone","Better Skull","Better Third Choice","BetterRewards","Displayed Cursed Tome","Downfall","Friendly Minions","Googly Eyes","GungeonMod","Hallownest","Hermit","Lobotomy","LobotomyExtend","Minty Spire (QoL Compilation)","Spicy Shops","Spire Birthday Party","StSLib","The Bug Knight","everything is the same but u backflip on backflip","slay the spire mod where everything is the same but ironclad has a cowboy hat"],"gold_per_floor":[111,128,140,155,0,0,12,44,96,126,126,142,171,171,171,273,273,293,312,327,327,131,131,158,158,181,206,168,202,215,215,215,314,314,329,343,354,354,374,374,393,403,403,420,420,420,22,40,40,40],"floor_reached":51,"playtime":1800,"items_purged":[],"score":1261,"play_id":"e327b579-900a-4ace-9279-c360a5964749","local_time":"20210110094204","is_ascension_mode":true,"campfire_choices":[{"data":"Uppercut","floor":6,"key":"SMITH"},{"floor":15,"key":"REST"},{"data":"Strike_R","floor":23,"key":"SMITH"},{"data":"Uppercut","floor":25,"key":"SMITH"},{"data":"Inflame","floor":32,"key":"SMITH"},{"data":"Perfected Strike","floor":40,"key":"SMITH"},{"data":"Fiend Fire","floor":45,"key":"SMITH"},{"data":"Strike_R","floor":49,"key":"SMITH"}],"circlet_count":0,"master_deck":["Strike_R+1","Strike_R+1","Strike_R","Strike_R","Strike_R","Defend_R","Defend_R","Defend_R","Defend_R+1","Bash+1","Seeing Red+1","Shrug It Off+1","Flex+1","Uppercut+1","Enlightenment+1","Shrug It Off+1","Flame Barrier+1","Offering+1","Bloodletting+1","Flex+1","Offering+1","Uppercut+1","Inflame+1","Metallicize+1","Writhe","Fiend Fire+1","Perfected Strike+1","Flex+1","Parasite","Infernal Blade+1","Bloodletting+1","Infernal Blade+1"],"relics":["Burning Blood","Toxic Egg 2","Chemical X","LetterFromLob","DemoMod:MeltedRock","Strawberry","DemoMod:BlueGuonStone","Art of War","RedMistMask","Gaze_r","Philosopher\u0027s Stone","DollysMirror","Pocketwatch","Bronze Scales","DemoMod:ClearGuonStone","Nunchaku","Question Card","Coffee Dripper","Shuriken","Membership Card","DemoMod:MonsterBlood","Pen Nib"],"acts_visited":["Exordium","TheCity","TheBeyond"],"potions_floor_usage":[14,14,33,48,48,48,48,48,50,50,50,51],"damage_taken":[{"damage":8,"enemies":"2 Louse","floor":1,"turns":2},{"damage":1,"enemies":"Small Slimes","floor":2,"turns":3},{"damage":7,"enemies":"Jaw Worm","floor":3,"turns":2},{"damage":5,"enemies":"Exordium Thugs","floor":4,"turns":4},{"damage":13,"enemies":"Blue Slaver","floor":7,"turns":2},{"damage":14,"enemies":"Gremlin Nob","floor":8,"turns":4},{"damage":17,"enemies":"Lagavulin","floor":10,"turns":7},{"damage":2,"enemies":"Large Slime","floor":12,"turns":6},{"damage":0,"enemies":"3 Sentries","floor":13,"turns":6},{"damage":16,"enemies":"3 Louse","floor":14,"turns":3},{"damage":19,"enemies":"Hexaghost","floor":16,"turns":8},{"damage":25,"enemies":"3 Byrds","floor":18,"turns":3},{"damage":0,"enemies":"Chosen","floor":19,"turns":2},{"damage":18,"enemies":"Centurion and Healer","floor":20,"turns":3},{"damage":16,"enemies":"HollowMod:Nosk","floor":24,"turns":3},{"damage":15,"enemies":"Gremlin Leader","floor":27,"turns":3},{"damage":15,"enemies":"HollowMod:Nosk","floor":29,"turns":2},{"damage":11,"enemies":"Shelled Parasite and Fungi","floor":30,"turns":4},{"damage":18,"enemies":"Collector","floor":33,"turns":4},{"damage":2,"enemies":"Orb Walker","floor":35,"turns":4},{"damage":18,"enemies":"3 Shapes","floor":36,"turns":3},{"damage":1,"enemies":"Transient","floor":37,"turns":5},{"damage":8,"enemies":"Jaw Worm Horde","floor":39,"turns":2},{"damage":8,"enemies":"Writhing Mass","floor":41,"turns":3},{"damage":17,"enemies":"Maw","floor":42,"turns":5},{"damage":22,"enemies":"Jaw Worm Horde","floor":44,"turns":3},{"damage":1,"enemies":"4 Shapes","floor":48,"turns":3},{"damage":22,"enemies":"Awakened One","floor":50,"turns":5},{"damage":45,"enemies":"Malkuth","floor":51,"turns":8},{"damage":49,"enemies":"Netzach","floor":51,"turns":10}],"seed_played":"8291787970678647261","potions_obtained":[{"floor":1,"key":"sneckomod:MuddlingPotion"},{"floor":4,"key":"LiquidMemories"},{"floor":8,"key":"SteroidPotion"},{"floor":10,"key":"Swift Potion"},{"floor":24,"key":"DemoMod:LeadSkinPotion"},{"floor":27,"key":"PowerPotion"},{"floor":33,"key":"champ:CounterPotion"}],"is_trial":false,"path_per_floor":["M","M","M","M","?","R","M","E","T","E","?","M","E","M","R","B",null,"M","M","M","?","$","R","E","R","T","E","$","E","M","?","R","B",null,"M","M","M","?","M","R","M","M","T","M","R","?","$","M","R","B",null],"character_chosen":"IRONCLAD","items_purchased":["Toxic Egg 2","Chemical X","Seeing Red+1","Flex+1","DollysMirror","Inflame","Membership Card","DemoMod:MonsterBlood","Pen Nib","EntropicBrew"],"campfire_rested":1,"item_purchase_floors":[0,0,0,22,22,28,47,47,47,47],"current_hp_per_floor":[78,80,79,80,86,86,79,71,78,67,48,52,58,48,75,62,93,74,80,68,93,93,93,83,83,83,74,74,65,60,60,60,48,93,93,81,86,86,84,84,82,71,71,55,55,55,62,67,67,51],"gold":40,"neow_bonus":"","is_daily":false,"chose_seed":false,"campfire_upgraded":7,"win_rate":0.0,"timestamp":1610289724,"path_taken":["M","M","M","M","?","R","M","E","T","E","?","M","E","M","R","BOSS","M","M","M","?","$","R","E","R","T","E","?","E","M","?","R","BOSS","M","M","M","?","M","R","M","M","T","M","R","?","$","M","R","BOSS"],"items_purchased_type":["Relic","Relic","Card","Card","Relic","Card","Relic","Relic","Relic","Potion"],"build_version":"2020-12-22","purchased_purges":0,"victory":true,"max_hp_per_floor":[80,80,80,80,86,86,86,86,93,93,93,93,93,93,93,93,93,93,93,93,93,93,93,93,93,93,93,93,93,93,93,93,93,93,93,93,93,88,88,88,88,88,88,88,88,88,95,95,95,95],"card_choices":[{"not_picked":["Headbutt","Havoc+1"],"picked":"Shrug It Off+1","floor":1},{"not_picked":["Second Wind+1","Iron Wave","Burning Pact+1"],"picked":"SKIP","floor":2},{"not_picked":["Headbutt","Evolve"],"picked":"Flex+1","floor":3},{"not_picked":["Searing Blow","Cleave"],"picked":"Uppercut","floor":4},{"not_picked":["Exhume+1","Blood for Blood"],"picked":"Shrug It Off+1","floor":7},{"not_picked":["Power Through+1","DemoMod:BlackBlade"],"picked":"Rupture","floor":8},{"not_picked":["Shrug It Off+1","Rampage"],"picked":"Flame Barrier+1","floor":10},{"not_picked":["Sever Soul","Cleave","Heavy Blade"],"picked":"SKIP","floor":12},{"not_picked":["Sever Soul","Cleave","Heavy Blade"],"picked":"SKIP","floor":12},{"not_picked":["True Grit+1","Shrug It Off+1","Reaper"],"picked":"SKIP","floor":13},{"not_picked":["Impervious+1","Barricade"],"picked":"Offering+1","floor":16},{"not_picked":["Iron Wave","Wild Strike+1","Shrug It Off+1"],"picked":"SKIP","floor":18},{"not_picked":["Clash","Barricade","Twin Strike"],"picked":"SKIP","floor":19},{"not_picked":["Havoc+1","Clothesline+1"],"picked":"Bloodletting+1","floor":20},{"not_picked":["Iron Wave","Exhume+1"],"picked":"Uppercut","floor":24},{"not_picked":["True Grit+1","Cleave","Thunderclap+1"],"picked":"SKIP","floor":27},{"not_picked":["Iron Wave","Body Slam+1"],"picked":"Metallicize+1","floor":29},{"not_picked":["Evolve","Warcry+1","Thunderclap"],"picked":"SKIP","floor":30},{"not_picked":["Corruption","Brutality","Exhume+1"],"picked":"Fiend Fire","floor":33},{"not_picked":["Dual Wield+1","Havoc+1","Rampage+1","Warcry+1"],"picked":"SKIP","floor":35},{"not_picked":["Shrug It Off+1","Havoc+1","Iron Wave"],"picked":"Perfected Strike","floor":36},{"not_picked":["Metallicize+1","Cleave","Wild Strike+1","Clothesline"],"picked":"SKIP","floor":37},{"not_picked":["Feel No Pain+1","Bludgeon","Thunderclap"],"picked":"Flex+1","floor":39},{"not_picked":["Warcry+1","Sword Boomerang","Pommel Strike","True Grit+1"],"picked":"SKIP","floor":41},{"not_picked":["Armaments+1","Body Slam+1","Carnage+1"],"picked":"Infernal Blade+1","floor":42},{"not_picked":["Clothesline","Clash+1","Flame Barrier+1"],"picked":"Bloodletting+1","floor":44},{"not_picked":["Thunderclap+1","Anger+1","Pummel+1"],"picked":"Infernal Blade+1","floor":48}],"player_experience":356121,"relics_obtained":[{"floor":1,"key":"LetterFromLob"},{"floor":8,"key":"DemoMod:MeltedRock"},{"floor":9,"key":"Strawberry"},{"floor":10,"key":"DemoMod:BlueGuonStone"},{"floor":13,"key":"Art of War"},{"floor":13,"key":"RedMistMask"},{"floor":24,"key":"Pocketwatch"},{"floor":26,"key":"Bronze Scales"},{"floor":27,"key":"DemoMod:ClearGuonStone"},{"floor":29,"key":"Nunchaku"},{"floor":43,"key":"Shuriken"}],"event_choices":[{"damage_healed":0,"gold_gain":0,"player_choice":"RENOUNCE","damage_taken":155,"max_hp_gain":0,"max_hp_loss":0,"event_name":"betterThird:BetterSerpent","floor":5,"gold_loss":155,"cards_obtained":["Enlightenment"]},{"damage_healed":67,"gold_gain":0,"player_choice":"Upgrade","damage_taken":19,"max_hp_gain":0,"max_hp_loss":93,"event_name":"betterThird:BetterShining","floor":11,"gold_loss":0,"cards_upgraded":["Bash","Defend_R"]},{"cards_removed":["Rupture"],"damage_healed":25,"gold_gain":0,"player_choice":"Offered Uncommon","damage_taken":0,"max_hp_gain":0,"max_hp_loss":0,"event_name":"Bonfire Elementals","floor":21,"gold_loss":0},{"damage_healed":0,"gold_gain":0,"player_choice":"Opened","damage_taken":0,"relics_obtained":["Question Card"],"max_hp_gain":0,"max_hp_loss":0,"event_name":"The Mausoleum","floor":31,"gold_loss":0,"cards_obtained":["Writhe"]},{"damage_healed":0,"gold_gain":0,"player_choice":"Max HP","damage_taken":0,"max_hp_gain":0,"max_hp_loss":5,"event_name":"Winding Halls","floor":38,"gold_loss":0}],"is_beta":false,"boss_relics":[{"not_picked":["Calling Bell","Cursed Key"],"picked":"Philosopher\u0027s Stone"},{"not_picked":["SacredBark","Runic Cube"],"picked":"Coffee Dripper"}],"items_purged_floors":[],"is_endless":false,"potions_floor_spawned":[1,4,8,10,12,24,27,29,30,33,36,39,41,42],"ascension_level":3}}