{"host":"1a3cjta80tad0aqj","time":1610252324,"event":{"mods":["2.2 Compatiblity","AchievementEnabler","BaseMod","Colored Map","DeckTracker","KOR Keyword Fix","Keyboard Shortcuts","Minty Spire (QoL Compilation)","Permanent Neow","Quick Restart","Random Character Button","StSLib","SuperFastMode","everything is the same but u backflip on backflip"],"gold_per_floor":[114,39,39,54,54,84,84,99,124,124,139,139,154,169,169,269,269,284,299,314,329,329,329,229,229,254,353,368,243,258,108,108,108,108],"floor_reached":33,"playtime":1173,"items_purged":["Accuracy","Parasite","Accuracy"],"score":249,"play_id":"56ad19ae-d34e-45f8-930a-1f387a4cb516","local_time":"20210110131844","daily_mods":["Specialized","Diverse","Night Terrors"],"is_ascension_mode":false,"campfire_choices":[{"floor":7,"key":"REST"},{"data":"Eruption","floor":10,"key":"SMITH"},{"data":"Perfected Strike","floor":15,"key":"SMITH"},{"floor":23,"key":"REST"},{"floor":25,"key":"REST"},{"floor":32,"key":"REST"}],"circlet_count":0,"master_deck":["Strike_P","Strike_P","Strike_P","Strike_P","Defend_P","Defend_P","Defend_P","Defend_P","Eruption+1","Vigilance","Accuracy","Accuracy","Finisher","Perfected Strike+1","Halt","SashWhip","FollowUp","Corpse Explosion","Dagger Throw","Rip and Tear+1","Twin Strike","EmptyBody+1","Adaptation","Choke+1","Backstab"],"relics":["PureWater","Mummified Hand","Pear","Strawberry","Fusion Hammer","Boot","MealTicket"],"acts_visited":["Exordium","TheCity"],"potions_floor_usage":[18,18,33,33,33],"damage_taken":[{"damage":0,"enemies":"2 Louse","floor":1,"turns":4},{"damage":12,"enemies":"Cultist","floor":4,"turns":3},{"damage":52,"enemies":"Lagavulin","floor":6,"turns":7},{"damage":5,"enemies":"Small Slimes","floor":8,"turns":4},{"damage":6,"enemies":"2 Fungi Beasts","floor":11,"turns":2},{"damage":7,"enemies":"3 Louse","floor":13,"turns":2},{"damage":0,"enemies":"Blue Slaver","floor":14,"turns":1},{"damage":61,"enemies":"Slime Boss","floor":16,"turns":11},{"damage":12,"enemies":"2 Thieves","floor":18,"turns":2},{"damage":29,"enemies":"Chosen","floor":19,"turns":5},{"damage":15,"enemies":"Snake Plant","floor":20,"turns":2},{"damage":16,"enemies":"Cultist and Chosen","floor":21,"turns":7},{"damage":10,"enemies":"Centurion and Healer","floor":28,"turns":5},{"damage":12,"enemies":"Snake Plant","floor":30,"turns":3},{"damage":81,"enemies":"Collector","floor":33,"turns":6}],"seed_played":"-956745095108410897","potions_obtained":[{"floor":1,"key":"Fire Potion"},{"floor":8,"key":"SkillPotion"},{"floor":14,"key":"Dexterity Potion"},{"floor":16,"key":"Explosive Potion"},{"floor":18,"key":"Weak Potion"},{"floor":21,"key":"GamblersBrew"}],"is_trial":false,"path_per_floor":["M","$","?","M","?","E","R","M","T","R","M","?","M","M","R","B",null,"M","M","M","M","?","R","$","R","T","?","M","$","M","$","R","B"],"character_chosen":"WATCHER","items_purchased":["MealTicket"],"campfire_rested":4,"item_purchase_floors":[31],"current_hp_per_floor":[72,72,72,60,53,11,77,72,79,79,73,84,77,77,77,16,84,72,43,28,12,12,79,76,71,71,71,61,61,49,49,66,0,0],"gold":108,"neow_bonus":"","is_daily":true,"chose_seed":false,"campfire_upgraded":2,"win_rate":0.0,"timestamp":1610252324,"path_taken":["M","$","?","?","?","E","R","M","T","R","M","?","M","M","R","BOSS","M","M","M","M","?","R","$","R","T","?","M","$","M","$","R","BOSS"],"items_purchased_type":["Relic"],"build_version":"2020-12-22","purchased_purges":3,"victory":false,"max_hp_per_floor":[72,72,72,72,72,82,77,77,84,84,84,84,84,84,84,84,84,84,84,84,84,84,79,76,71,71,71,71,71,71,71,66,66,66],"card_choices":[{"not_picked":["Flechettes","Clothesline"],"picked":"Finisher","floor":1},{"not_picked":["Bane","Footwork"],"picked":"Perfected Strike","floor":4},{"not_picked":["Conserve Battery","Wild Strike"],"picked":"Halt","floor":6},{"not_picked":["EmptyBody","Intimidate"],"picked":"SashWhip","floor":8},{"not_picked":["ReachHeaven","Underhanded Strike","Noxious Fumes"],"picked":"SKIP","floor":11},{"not_picked":["Prostrate","Riddle With Holes"],"picked":"FollowUp","floor":13},{"not_picked":["Worship","Doom and Gloom","Reckless Charge"],"picked":"SKIP","floor":14},{"not_picked":["Buffer","Biased Cognition"],"picked":"Corpse Explosion","floor":16},{"not_picked":["Sunder","FlyingSleeves"],"picked":"Dagger Throw","floor":18},{"not_picked":["Cold Snap","True Grit+1"],"picked":"Rip and Tear+1","floor":19},{"not_picked":["Pray","Sword Boomerang"],"picked":"Twin Strike","floor":20},{"not_picked":["Scrape","Shockwave+1"],"picked":"EmptyBody+1","floor":21},{"not_picked":["Barrage","Consecrate"],"picked":"Choke+1","floor":28},{"not_picked":["Heavy Blade","Double Energy"],"picked":"Backstab","floor":30}],"player_experience":258735,"relics_obtained":[{"floor":6,"key":"Pear"},{"floor":9,"key":"Strawberry"},{"floor":26,"key":"Boot"}],"event_choices":[{"cards_removed":["Accuracy"],"damage_healed":0,"gold_gain":0,"player_choice":"Offered Uncommon","damage_taken":0,"max_hp_gain":0,"max_hp_loss":0,"event_name":"Bonfire Elementals","floor":3,"gold_loss":0},{"damage_healed":0,"gold_gain":0,"player_choice":"Success","damage_taken":7,"relics_obtained":["Mummified Hand"],"max_hp_gain":0,"max_hp_loss":0,"event_name":"Scrap Ooze","floor":5,"gold_loss":0},{"damage_healed":21,"gold_gain":0,"player_choice":"Healed and dodged fight","damage_taken":0,"max_hp_gain":0,"max_hp_loss":0,"event_name":"Mushrooms","floor":12,"gold_loss":0,"cards_obtained":["Parasite"]},{"damage_healed":0,"gold_gain":0,"player_choice":"Read","damage_taken":0,"max_hp_gain":0,"max_hp_loss":0,"event_name":"The Library","floor":22,"gold_loss":0,"cards_obtained":["Adaptation"]},{"damage_healed":0,"gold_gain":99,"player_choice":"Stole From Cult","damage_taken":0,"max_hp_gain":0,"max_hp_loss":0,"event_name":"Nest","floor":27,"gold_loss":0}],"is_beta":false,"boss_relics":[{"not_picked":["Runic Pyramid","Velvet Choker"],"picked":"Fusion Hammer"}],"items_purged_floors":[2,24,29],"is_endless":false,"potions_floor_spawned":[1,8,14,16,18,21,30],"killed_by":"Collector","ascension_level":0}}