{"host":"jpzdg3po3tjxdjri","time":1610321137,"event":{"mods":["BaseMod","Better Third Choice","Colored Map","Colored Powertips","Minty Spire (QoL Compilation)","StSLib"],"gold_per_floor":[116,128,144,163,338,363,42,42,65,65,98,98,113,113,113,187,187,205,205,219,76,1,1,1,1],"floor_reached":24,"playtime":739,"items_purged":["Doubt"],"score":372,"play_id":"d0ec855b-986b-4b47-8279-9cf5c6e9b5d1","local_time":"20210110232537","is_ascension_mode":true,"campfire_choices":[{"floor":10,"key":"REST"},{"data":"True Grit","floor":12,"key":"SMITH"},{"floor":15,"key":"REST"},{"floor":23,"key":"REST"}],"circlet_count":0,"master_deck":["AscendersBane","Defend_R","Defend_R","Defend_R","Bash+1","Whirlwind+1","Cleave","True Grit+1","Hemokinesis","Metallicize","Flex","Pommel Strike","Headbutt","Blood for Blood","Demon Form","CurseOfTheBell","Inflame","Bite","Bite","Bite","Bite","Bite","Shrug It Off"],"relics":["Burning Blood","Red Skull","Pen Nib","Nunchaku","Calling Bell","Orichalcum","Matryoshka","Charon\u0027s Ashes","Oddly Smooth Stone"],"acts_visited":["Exordium","TheCity"],"potions_floor_usage":[11,16,24,24],"damage_taken":[{"damage":0,"enemies":"2 Louse","floor":1,"turns":4},{"damage":1,"enemies":"Cultist","floor":2,"turns":3},{"damage":3,"enemies":"Small Slimes","floor":3,"turns":3},{"damage":17,"enemies":"3 Louse","floor":4,"turns":3},{"damage":34,"enemies":"Gremlin Nob","floor":6,"turns":4},{"damage":39,"enemies":"Lagavulin","floor":11,"turns":5},{"damage":8,"enemies":"Lots of Slimes","floor":13,"turns":3},{"damage":37,"enemies":"The Guardian","floor":16,"turns":11},{"damage":27,"enemies":"Shell Parasite","floor":18,"turns":6},{"damage":36,"enemies":"2 Thieves","floor":20,"turns":5},{"damage":58,"enemies":"Book of Stabbing","floor":24,"turns":5}],"seed_played":"-3806523762101830040","potions_obtained":[{"floor":1,"key":"SpeedPotion"},{"floor":4,"key":"Energy Potion"},{"floor":13,"key":"DuplicationPotion"},{"floor":20,"key":"SkillPotion"}],"is_trial":false,"path_per_floor":["M","M","M","M","?","E","$","?","T","R","E","R","M","?","R","B",null,"M","?","M","$","?","R","E"],"character_chosen":"IRONCLAD","items_purchased":["Flex","Red Skull","Pommel Strike","Oddly Smooth Stone"],"campfire_rested":3,"item_purchase_floors":[7,7,7,21],"current_hp_per_floor":[74,75,75,64,64,36,36,36,36,58,27,27,27,27,49,20,61,42,42,22,22,22,44,0,0],"gold":1,"neow_bonus":"UPGRADE_CARD","is_daily":false,"chose_seed":false,"campfire_upgraded":1,"win_rate":0.0,"timestamp":1610321137,"path_taken":["M","M","M","M","?","E","$","?","T","R","E","R","?","?","R","BOSS","M","?","M","$","?","R","E"],"items_purchased_type":["Card","Relic","Card","Relic"],"build_version":"2020-12-22","purchased_purges":1,"victory":false,"max_hp_per_floor":[75,75,75,75,75,75,75,75,75,75,75,75,75,75,75,75,75,75,75,75,75,75,75,75,75],"card_choices":[{"not_picked":["Armaments","Wild Strike"],"picked":"Whirlwind","floor":1},{"not_picked":["Intimidate","Burning Pact"],"picked":"Cleave","floor":2},{"not_picked":["Infernal Blade","Havoc"],"picked":"True Grit","floor":3},{"not_picked":["Iron Wave","Headbutt"],"picked":"Hemokinesis","floor":4},{"not_picked":["Clothesline","Dual Wield"],"picked":"Metallicize","floor":6},{"not_picked":["Uppercut","Armaments"],"picked":"Headbutt","floor":11},{"not_picked":["Sword Boomerang","Cleave"],"picked":"Blood for Blood","floor":13},{"not_picked":["Bludgeon","Exhume"],"picked":"Demon Form","floor":16},{"not_picked":["Pommel Strike","Burning Pact"],"picked":"Inflame","floor":18},{"not_picked":["Twin Strike","Anger"],"picked":"Shrug It Off","floor":20}],"player_experience":829206,"relics_obtained":[{"floor":6,"key":"Blood Vial"},{"floor":9,"key":"Pen Nib"},{"floor":11,"key":"Nunchaku"},{"floor":17,"key":"Orichalcum"},{"floor":17,"key":"Matryoshka"},{"floor":17,"key":"Charon\u0027s Ashes"}],"event_choices":[{"damage_healed":0,"gold_gain":175,"player_choice":"AGREE","damage_taken":163,"max_hp_gain":0,"max_hp_loss":0,"event_name":"betterThird:BetterSerpent","floor":5,"gold_loss":0},{"damage_healed":0,"gold_gain":0,"player_choice":"Got Potions","damage_taken":0,"max_hp_gain":0,"max_hp_loss":0,"event_name":"Lab","floor":8,"gold_loss":0},{"damage_healed":0,"gold_gain":0,"player_choice":"Grow","damage_taken":0,"max_hp_gain":0,"max_hp_loss":0,"event_name":"Living Wall","floor":14,"gold_loss":0,"cards_upgraded":["Whirlwind"]},{"damage_healed":0,"gold_gain":0,"player_choice":"Became a vampire (Vial)","damage_taken":0,"max_hp_gain":0,"max_hp_loss":0,"event_name":"Vampires","floor":19,"relics_lost":["Blood Vial"],"gold_loss":0,"cards_obtained":["Bite","Bite","Bite","Bite","Bite"]},{"cards_removed":["Defend_R"],"damage_healed":0,"gold_gain":0,"player_choice":"Gave Gold","damage_taken":0,"max_hp_gain":0,"max_hp_loss":0,"event_name":"Beggar","floor":22,"gold_loss":75}],"is_beta":false,"boss_relics":[{"not_picked":["Empty Cage","Runic Cube"],"picked":"Calling Bell"}],"items_purged_floors":[7],"is_endless":false,"potions_floor_spawned":[1,4,6,13,20],"killed_by":"Book of Stabbing","ascension_level":14}}