{"host":"hszimsrtxxc2k25w","time":1610252712,"event":{"mods":["AchievementEnabler","BaseMod","Colored Map","DeckTracker","Minty Spire (QoL Compilation)","Rare Cards Sparkle","SuperFastMode"],"gold_per_floor":[111,111,36,36,36,68,68,96,121,121,132,149,166,177,177,251,251,265,190,90,140,15,15,45,45],"floor_reached":24,"playtime":345,"items_purged":["Strike_G","Accuracy","Defend_G"],"score":517,"play_id":"41c0ff20-129a-434e-b442-7eed765f1c42","local_time":"20210110132512","is_ascension_mode":true,"campfire_choices":[{"data":"Backstab","floor":7,"key":"SMITH"},{"floor":10,"key":"REST"},{"data":"Crippling Poison","floor":15,"key":"SMITH"},{"data":"Bouncing Flask","floor":23,"key":"SMITH"}],"circlet_count":0,"master_deck":["AscendersBane","Strike_G+1","Strike_G+1","Defend_G","Defend_G","Defend_G","Survivor","Neutralize","Catalyst","Backstab+1","Escape Plan","Cloak And Dagger","Noxious Fumes","Dagger Spray","Footwork","Crippling Poison+1","Bullet Time","Bouncing Flask+1","Well Laid Plans","Eviscerate+1"],"relics":["Ring of the Snake","NeowsBlessing","Mercury Hourglass","Dream Catcher","Bag of Marbles","Bag of Preparation","Coffee Dripper","Art of War"],"acts_visited":["Exordium","TheCity"],"potions_floor_usage":[],"damage_taken":[{"damage":0,"enemies":"Small Slimes","floor":1,"turns":1},{"damage":0,"enemies":"Lagavulin","floor":6,"turns":1},{"damage":0,"enemies":"3 Sentries","floor":8,"turns":1},{"damage":0,"enemies":"2 Louse","floor":11,"turns":1},{"damage":4,"enemies":"Jaw Worm","floor":12,"turns":2},{"damage":0,"enemies":"Exordium Thugs","floor":13,"turns":2},{"damage":0,"enemies":"Looter","floor":14,"turns":1},{"damage":16,"enemies":"The Guardian","floor":16,"turns":8},{"damage":15,"enemies":"Chosen","floor":18,"turns":4},{"damage":40,"enemies":"Gremlin Leader","floor":24,"turns":5}],"seed_played":"3612043993136929516","potions_obtained":[{"floor":1,"key":"Poison Potion"},{"floor":11,"key":"Weak Potion"},{"floor":13,"key":"SkillPotion"}],"is_trial":false,"path_per_floor":["M","?","$","?","?","E","R","E","T","R","M","M","M","M","R","B",null,"M","?","$","?","$","R","E"],"character_chosen":"THE_SILENT","items_purchased":[],"campfire_rested":1,"item_purchase_floors":[],"current_hp_per_floor":[59,48,48,28,28,28,28,28,28,47,47,43,43,43,43,27,56,41,41,41,41,41,41,1,1],"gold":45,"neow_bonus":"THREE_ENEMY_KILL","is_daily":false,"chose_seed":false,"campfire_upgraded":3,"win_rate":0.0,"timestamp":1610252712,"path_taken":["M","?","$","?","?","E","R","E","T","R","M","M","M","M","R","BOSS","M","?","?","?","$","R","E"],"items_purchased_type":[],"build_version":"2020-12-22","purchased_purges":3,"victory":false,"max_hp_per_floor":[66,66,66,66,66,66,66,66,66,66,66,66,66,66,66,66,66,66,66,66,66,66,66,66,66],"card_choices":[{"not_picked":["Blur","Dodge and Roll"],"picked":"Catalyst","floor":1},{"not_picked":["Endless Agony","Distraction"],"picked":"Backstab","floor":6},{"not_picked":["Setup","Dodge and Roll"],"picked":"Escape Plan","floor":8},{"not_picked":["Accuracy","Outmaneuver"],"picked":"Cloak And Dagger","floor":10},{"not_picked":["Underhanded Strike","Blade Dance"],"picked":"Noxious Fumes","floor":11},{"not_picked":["Backflip","Catalyst"],"picked":"Dagger Spray","floor":12},{"not_picked":["Backflip","Noxious Fumes"],"picked":"Footwork","floor":13},{"not_picked":["Underhanded Strike","Tactician"],"picked":"Crippling Poison","floor":14},{"not_picked":["Tools of the Trade","Glass Knife"],"picked":"Bullet Time","floor":16},{"not_picked":["Blade Dance","Sucker Punch"],"picked":"Bouncing Flask","floor":18},{"not_picked":["Tactician","Acrobatics"],"picked":"Eviscerate+1","floor":24}],"player_experience":615518,"relics_obtained":[{"floor":6,"key":"Dream Catcher"},{"floor":8,"key":"Bag of Marbles"},{"floor":9,"key":"Bag of Preparation"},{"floor":24,"key":"Art of War"}],"event_choices":[{"damage_healed":0,"gold_gain":0,"player_choice":"Success","damage_taken":11,"relics_obtained":["Mercury Hourglass"],"max_hp_gain":0,"max_hp_loss":0,"event_name":"Scrap Ooze","floor":2,"gold_loss":0},{"damage_healed":0,"gold_gain":0,"player_choice":"Entered Light","damage_taken":20,"max_hp_gain":0,"max_hp_loss":0,"event_name":"Shining Light","floor":4,"gold_loss":0,"cards_upgraded":["Strike_G","Strike_G"]},{"cards_removed":["Strike_G"],"damage_healed":0,"gold_gain":0,"player_choice":"Forget","damage_taken":0,"max_hp_gain":0,"max_hp_loss":0,"event_name":"Living Wall","floor":5,"gold_loss":0},{"damage_healed":0,"gold_gain":0,"cards_transformed":["Strike_G","Defend_G"],"player_choice":"Transformed Cards","damage_taken":0,"max_hp_gain":0,"max_hp_loss":0,"event_name":"Designer","floor":19,"gold_loss":75,"cards_obtained":["Accuracy","Well Laid Plans"]},{"damage_healed":0,"gold_gain":50,"player_choice":"Stole From Cult","damage_taken":0,"max_hp_gain":0,"max_hp_loss":0,"event_name":"Nest","floor":21,"gold_loss":0}],"is_beta":false,"boss_relics":[{"not_picked":["SlaversCollar","Empty Cage"],"picked":"Coffee Dripper"}],"items_purged_floors":[3,20,22],"is_endless":false,"potions_floor_spawned":[1,11,13,16,24],"killed_by":"Gremlin Leader","ascension_level":18}}