{"host":"wj90f2q0h2omert0","time":1610303626,"event":{"mods":["BaseMod","Beaked The Cultist","Better Third Choice","ChefMod","Clawfect","Colored Map","DeckTracker","Downfall","Hubris","JesterMod","Minty Spire (QoL Compilation)","Relic Stats","Robot Space Explorer","Shade Mod","StSLib","The Blackbeard","The Caster","The Dragon Tamer","The Druid"],"gold_per_floor":[99,115,131,131,131,41,41,41,71,91,91,123,123,14,34,107,107,107,122,122,222,2,2,25,25,25,25,25,41,41,69,82,158,158,158,178,205,146,158,158,209,209,209,209,240,251,251,251,261,339],"floor_reached":51,"playtime":3011,"items_purged":["Clawfect:Clawter"],"score":2369,"play_id":"9d8ba638-e31f-403b-86e4-81b98d4299b1","local_time":"20210110133346","daily_mods":["SealedDeck","Vintage","Heirloom","Time Dilation","Flight","DeadlyEvents","Elite Swarm"],"is_ascension_mode":true,"campfire_choices":[{"data":"Gash","floor":1,"key":"SMITH"},{"data":"Clawfect:ClawSnap","floor":8,"key":"SMITH"},{"data":"Clawfect:ClawSnap","floor":11,"key":"SMITH"},{"data":"Clawfect:ClawSnap","floor":13,"key":"SMITH"},{"data":"Clawfect:ClawCell","floor":18,"key":"SMITH"},{"data":"Clawfect:ClawForTheEyes","floor":23,"key":"SMITH"},{"data":"Clawfect:ClawForTheEyes","floor":26,"key":"SMITH"},{"data":"Clawfect:ClawAndTear","floor":27,"key":"SMITH"},{"data":"Clawfect:Clawter","floor":30,"key":"SMITH"},{"data":"Steam","floor":35,"key":"SMITH"},{"data":"Clawfect:ClawForTheEyes","floor":40,"key":"SMITH"},{"data":"Steam","floor":42,"key":"SMITH"},{"floor":44,"key":"REST"},{"floor":47,"key":"REST"},{"floor":48,"key":"RECALL"}],"circlet_count":0,"master_deck":["AscendersBane","Steam+1","Clawfect:ClawLightning+1","Clawfect:ClawSnap+1","Steam+1","Clawfect:Clawter+1","Clawfect:ClawForTheEyes+1","Clawfect:ClawSnap+1","Clawfect:ClawForTheEyes+1","Gash+1","Clawfect:ClawSnap+1","Clawfect:ClawCell+1","Clawfect:ClawingBeam+1","Clawfect:ClawAndTear+1","Clawfect:ClawForTheEyes+1","Clawfect:ClawForTheEyes+1","Gash+1","Clawfect:ClawForOne"],"relics":["Clawfect:DRClaw","CaptainsWheel","Singing Bowl","sneckomod:BlankCard","hubris:PeanutButter","HornCleat","Symbiotic Virus","hubris:Spice","Shuriken","Blood Vial","Black Star","StoneCalendar","hubris:Potato","Boot","Whetstone","hubris:Metronome","hubris:BottledRain","hubris:HollowSoul","Omamori","hexamod:BolsterEngine","DollysMirror","Bag of Preparation","champ:DeflectingBracers","Sundial"],"acts_visited":["Exordium","TheCity","TheBeyond"],"potions_floor_usage":[12,16,16,31,50],"damage_taken":[{"damage":0,"enemies":"Cultist","floor":2,"turns":3},{"damage":13,"enemies":"2 Louse","floor":3,"turns":3},{"damage":0,"enemies":"downfall:FleeingMerchant","floor":6,"turns":4},{"damage":0,"enemies":"3 Sentries","floor":9,"turns":6},{"damage":0,"enemies":"Jaw Worm","floor":10,"turns":3},{"damage":0,"enemies":"Lagavulin","floor":12,"turns":3},{"damage":0,"enemies":"downfall:FleeingMerchant","floor":14,"turns":4},{"damage":0,"enemies":"Red Slaver","floor":15,"turns":2},{"damage":0,"enemies":"downfall:Silent","floor":16,"turns":3},{"damage":0,"enemies":"3 Byrds","floor":19,"turns":3},{"damage":0,"enemies":"Colosseum Nobs","floor":21,"turns":3},{"damage":0,"enemies":"Sentry and Sphere","floor":29,"turns":2},{"damage":0,"enemies":"Book of Stabbing","floor":31,"turns":2},{"damage":0,"enemies":"3 Cultists","floor":32,"turns":2},{"damage":0,"enemies":"downfall:Watcher","floor":33,"turns":2},{"damage":0,"enemies":"3 Shapes","floor":36,"turns":2},{"damage":0,"enemies":"Orb Walker","floor":39,"turns":2},{"damage":0,"enemies":"Giant Head","floor":45,"turns":3},{"damage":0,"enemies":"3 Darklings","floor":46,"turns":2},{"damage":0,"enemies":"4 Shapes","floor":49,"turns":1},{"damage":0,"enemies":"downfall:Defect","floor":50,"turns":3}],"seed_played":"-3422809791280311880","potions_obtained":[{"floor":10,"key":"DistilledChaos"},{"floor":12,"key":"Strength Potion"},{"floor":15,"key":"EssenceOfSteel"},{"floor":16,"key":"Block Potion"},{"floor":21,"key":"FearPotion"},{"floor":32,"key":"Swift Potion"},{"floor":45,"key":"FairyPotion"},{"floor":50,"key":"Fire Potion"}],"is_trial":true,"path_per_floor":["R","M","M","?","?","$","T","R","E","M","R","E","R","$","M","B",null,"R","M","?","?","$","R","T","?","R","R","$","M","R","E","M","B",null,"R","M","?","$","M","R","T","R","$","R","E","M","R","R","M","B",null],"character_chosen":"DEFECT","items_purchased":["Clawfect:ClawAndGloom","Clawfect:ClawingBeam","Shuriken","Clawfect:ClawForTheEyes","Boot","Clawfect:ClawForTheEyes","DollysMirror"],"campfire_rested":2,"item_purchase_floors":[14,14,14,22,22,38,43],"current_hp_per_floor":[64,64,51,51,51,51,51,51,53,53,53,63,63,63,63,67,81,81,83,58,68,68,68,68,68,68,68,68,70,70,74,76,80,85,85,86,86,86,78,78,70,70,60,70,72,64,64,64,64,64],"gold":339,"neow_bonus":"","is_daily":false,"chose_seed":false,"campfire_upgraded":12,"win_rate":0.0,"timestamp":1610303626,"path_taken":["R","M","?","?","?","$","T","R","?","M","R","E","R","$","M","BOSS","R","M","?","?","$","R","T","?","R","R","$","?","R","E","M","BOSS","R","M","?","$","?","R","T","R","?","R","?","?","R","R","M","BOSS"],"items_purchased_type":["Card","Card","Relic","Card","Relic","Card","Relic"],"build_version":"2020-12-22","purchased_purges":1,"victory":true,"max_hp_per_floor":[71,71,71,71,71,71,71,71,73,73,73,83,83,83,83,85,85,85,85,90,98,98,98,98,98,98,98,98,98,98,92,84,86,86,86,86,86,86,78,78,70,70,70,70,72,64,64,64,64,64],"relic_stats":{"Blood Vial":15,"Singing Bowl":12,"counters":[21,58],"Shuriken":[42],"Sundial":[0],"StoneCalendar":[0],"Black Star":2,"Bag of Preparation":[6],"Whetstone":["Clawfect:ClawForTheEyes","Clawfect:ClawingBeam"],"Boot":[24],"obtain_stats":[{"hubris:Metronome":29,"Singing Bowl":2,"sneckomod:BlankCard":3,"StoneCalendar":19,"hubris:HollowSoul":34,"champ:DeflectingBracers":45,"Omamori":36,"Bag of Preparation":45,"Whetstone":24,"Boot":22,"Blood Vial":15,"CaptainsWheel":0,"HornCleat":9,"hubris:Spice":12,"Shuriken":14,"DollysMirror":43,"Sundial":49,"hubris:PeanutButter":7,"Black Star":17,"hexamod:BolsterEngine":37,"Clawfect:DRClaw":0,"Symbiotic Virus":10,"hubris:Potato":21,"hubris:BottledRain":31},{"hubris:Metronome":12,"Singing Bowl":1,"sneckomod:BlankCard":2,"StoneCalendar":10,"hubris:HollowSoul":15,"champ:DeflectingBracers":18,"Omamori":16,"Bag of Preparation":18,"Whetstone":11,"Boot":11,"Blood Vial":8,"CaptainsWheel":0,"HornCleat":4,"hubris:Spice":6,"Shuriken":7,"DollysMirror":17,"Sundial":20,"hubris:PeanutButter":3,"Black Star":9,"hexamod:BolsterEngine":16,"Clawfect:DRClaw":0,"Symbiotic Virus":5,"hubris:Potato":11,"hubris:BottledRain":13},{"hubris:Metronome":39,"Singing Bowl":3,"sneckomod:BlankCard":6,"StoneCalendar":34,"hubris:HollowSoul":45,"champ:DeflectingBracers":52,"Omamori":47,"Bag of Preparation":52,"Whetstone":37,"Boot":37,"Blood Vial":28,"CaptainsWheel":0,"HornCleat":16,"hubris:Spice":22,"Shuriken":26,"DollysMirror":49,"Sundial":55,"hubris:PeanutButter":10,"Black Star":31,"hexamod:BolsterEngine":47,"Clawfect:DRClaw":0,"Symbiotic Virus":19,"hubris:Potato":37,"hubris:BottledRain":41}]},"card_choices":[{"not_picked":["Recycle","Stack"],"picked":"Clawfect:ClawSnap","floor":6},{"not_picked":["Biased Cognition","Creative AI","Machine Learning"],"picked":"Singing Bowl","floor":9},{"not_picked":["hubris:DoWhile","Seek","Multi-Cast"],"picked":"Singing Bowl","floor":12},{"not_picked":["Rebound","Clawfect:ScrapingClaw"],"picked":"Clawfect:ClawCell","floor":14},{"not_picked":["Meteor Strike","Core Surge","Thunder Strike"],"picked":"Singing Bowl","floor":16},{"not_picked":["Capacitor","Coolheaded"],"picked":"Clawfect:ClawAndTear","floor":21},{"not_picked":["Machine Learning","Hyperbeam","Fission"],"picked":"Singing Bowl","floor":31},{"not_picked":["Multi-Cast","hubris:SpiceAddiction","hubris:SpiceAddiction"],"picked":"Singing Bowl","floor":33},{"not_picked":["Amplify","Electrodynamics","Fission"],"picked":"Singing Bowl","floor":45},{"not_picked":["Buffer","hubris:SpiceAddiction"],"picked":"Clawfect:ClawForOne","floor":50}],"player_experience":729063,"relics_obtained":[{"floor":2,"key":"Singing Bowl"},{"floor":3,"key":"sneckomod:BlankCard"},{"floor":7,"key":"hubris:PeanutButter"},{"floor":9,"key":"HornCleat"},{"floor":10,"key":"Symbiotic Virus"},{"floor":12,"key":"hubris:Spice"},{"floor":15,"key":"Blood Vial"},{"floor":19,"key":"StoneCalendar"},{"floor":21,"key":"hubris:Potato"},{"floor":21,"key":"hubris:Spice"},{"floor":24,"key":"Whetstone"},{"floor":29,"key":"hubris:Metronome"},{"floor":31,"key":"hubris:BottledRain"},{"floor":31,"key":"hubris:Spice"},{"floor":32,"key":"hubris:Spice"},{"floor":36,"key":"Omamori"},{"floor":37,"key":"hexamod:BolsterEngine"},{"floor":39,"key":"hubris:Spice"},{"floor":41,"key":"hubris:Spice"},{"floor":45,"key":"Bag of Preparation"},{"floor":45,"key":"champ:DeflectingBracers"},{"floor":46,"key":"hubris:Spice"},{"floor":49,"key":"Sundial"}],"event_choices":[{"damage_healed":0,"gold_gain":0,"player_choice":"Upgraded","damage_taken":0,"max_hp_gain":0,"max_hp_loss":0,"event_name":"Upgrade Shrine","floor":5,"gold_loss":0,"cards_upgraded":["Clawfect:ClawLightning"]}],"is_beta":false,"boss_relics":[{"not_picked":["Runic Dome","hubris:Spice"],"picked":"Black Star"},{"not_picked":["hubris:Spice","hubris:Spice"],"picked":"hubris:HollowSoul"}],"items_purged_floors":[6],"is_endless":true,"potions_floor_spawned":[10,12,15,16,21,29,32,45,49,50],"ascension_level":20}}