{"host":"m6h67kf6cz80m3yv","time":1610274755,"event":{"mods":["Bartender","BaseMod","Better Third Choice","BetterRewards","CatGirl Mod","Colored Powertips","Downfall","Duelist Mod","Hermit","Marisa????????","Minty Spire (QoL Compilation)","Prisma Mod","Quick Restart","Shade Mod","Shop Mod","StSLib","SuperFastMode","The Dragon Tamer","The Marked","The Servant 0.9.4"],"gold_per_floor":[118,118,133,133,98,98,131,131,131,169,135,135,135],"floor_reached":12,"playtime":356,"items_purged":[],"score":109,"play_id":"6cc27d9e-98a3-460d-a0dd-841d961a83a7","local_time":"20210110083235","is_ascension_mode":true,"campfire_choices":[{"data":"TimeWarp","floor":6,"key":"SMITH"},{"floor":8,"key":"REST"}],"circlet_count":0,"master_deck":["Strike_S","Strike_S","Strike_S","Strike_S","Defend_S","Defend_S","Defend_S+1","Defend_S","KidneyShot","Exchange+1","TimeWarp+1","Injury","BottledTime","DoubleEdge"],"relics":["Uniform","Golden Idol","Regal Pillow","Girya","StrikeDummy","betterThird:SlimedRelic"],"acts_visited":["Exordium"],"potions_floor_usage":[10,12],"damage_taken":[{"damage":4,"enemies":"Jaw Worm","floor":1,"turns":5},{"damage":0,"enemies":"Small Slimes","floor":3,"turns":3},{"damage":39,"enemies":"3 Sentries","floor":7,"turns":11},{"damage":33,"enemies":"Lagavulin","floor":10,"turns":9},{"damage":48,"enemies":"Gremlin Nob","floor":12,"turns":4}],"seed_played":"2354027961985189541","potions_obtained":[{"floor":3,"key":"DistilledChaos"},{"floor":7,"key":"Regen Potion"}],"is_trial":false,"path_per_floor":["M","?","M","?","?","R","E","R","T","E","?","E"],"character_chosen":"THE_SERVANT","items_purchased":[],"campfire_rested":1,"item_purchase_floors":[],"current_hp_per_floor":[61,61,61,47,64,64,25,61,61,43,32,0,0],"gold":135,"neow_bonus":"TEN_PERCENT_HP_BONUS","is_daily":false,"chose_seed":false,"campfire_upgraded":1,"win_rate":0.0,"timestamp":1610274755,"path_taken":["M","?","M","?","?","R","E","R","T","E","?","E"],"items_purchased_type":[],"build_version":"2020-12-22","purchased_purges":0,"victory":false,"max_hp_per_floor":[71,71,71,71,71,71,71,71,71,71,71,71,71],"card_choices":[{"not_picked":["Replace","Potential"],"picked":"TimeWarp","floor":1},{"not_picked":["Starlight","Unruled"],"picked":"BottledTime","floor":3},{"not_picked":["MoonPhase","TimeTheft"],"picked":"DoubleEdge","floor":7},{"not_picked":["Unruled","Collapse","Reset"],"picked":"SKIP","floor":10}],"player_experience":345374,"relics_obtained":[{"floor":7,"key":"Regal Pillow"},{"floor":9,"key":"Girya"},{"floor":10,"key":"StrikeDummy"}],"event_choices":[{"damage_healed":0,"gold_gain":0,"player_choice":"Take Wound","damage_taken":0,"relics_obtained":["Golden Idol"],"max_hp_gain":0,"max_hp_loss":0,"event_name":"Golden Idol","floor":2,"gold_loss":0,"cards_obtained":["Injury"]},{"damage_healed":61,"gold_gain":0,"player_choice":"Upgrade","damage_taken":14,"max_hp_gain":0,"max_hp_loss":71,"event_name":"betterThird:BetterShining","floor":4,"gold_loss":0,"cards_upgraded":["Defend_S","Exchange"]},{"damage_healed":17,"gold_gain":0,"player_choice":"Healed","damage_taken":0,"max_hp_gain":0,"max_hp_loss":0,"event_name":"The Cleric","floor":5,"gold_loss":35},{"damage_healed":0,"gold_gain":0,"player_choice":"Slimed","damage_taken":11,"max_hp_gain":0,"max_hp_loss":0,"event_name":"betterThird:BetterGoop","floor":11,"gold_loss":34}],"is_beta":false,"boss_relics":[],"items_purged_floors":[],"is_endless":false,"potions_floor_spawned":[3,7],"killed_by":"Gremlin Nob","ascension_level":6}}