{"host":"asr1p6fhnuo0l7xu","time":1610319669,"event":{"mods":["BaseMod","Downfall","Minty Spire (QoL Compilation)","StSLib","The Cursed"],"gold_per_floor":[117,127,144,156,170,502,502,522,549,563,582,582,601,618,618,718,718,734,734,734],"floor_reached":19,"playtime":1708,"items_purged":[],"score":177,"play_id":"56e5b9e0-db76-4f37-beae-053a5a252245","local_time":"20210110180109","is_ascension_mode":false,"campfire_choices":[{"floor":7,"key":"REST"},{"floor":12,"key":"REST"},{"floor":15,"key":"REST"}],"circlet_count":0,"master_deck":["Strike_B","Strike_B","Strike_B","Strike_B","Defend_B","Defend_B","Defend_B","Defend_B","Zap","Dualcast","Sweeping Beam","Go for the Eyes","Capacitor","FTL","Beam Cell","Glacier","Gash","Defragment","Conserve Battery","Loop","Leap","Buffer","Conserve Battery"],"relics":["Cracked Core","Old Coin","Orichalcum","Black Star"],"acts_visited":["Exordium","TheCity"],"potions_floor_usage":[2,6,10,14,16],"damage_taken":[{"damage":5,"enemies":"Small Slimes","floor":1,"turns":2},{"damage":1,"enemies":"Jaw Worm","floor":2,"turns":3},{"damage":1,"enemies":"2 Louse","floor":3,"turns":2},{"damage":13,"enemies":"Lots of Slimes","floor":4,"turns":4},{"damage":5,"enemies":"2 Fungi Beasts","floor":5,"turns":3},{"damage":30,"enemies":"3 Sentries","floor":6,"turns":6},{"damage":5,"enemies":"Blue Slaver","floor":8,"turns":4},{"damage":0,"enemies":"Exordium Wildlife","floor":10,"turns":2},{"damage":0,"enemies":"Large Slime","floor":11,"turns":5},{"damage":1,"enemies":"3 Louse","floor":13,"turns":3},{"damage":6,"enemies":"2 Fungi Beasts","floor":14,"turns":3},{"damage":9,"enemies":"The Guardian","floor":16,"turns":14},{"damage":23,"enemies":"Spheric Guardian","floor":18,"turns":8},{"damage":66,"enemies":"Masked Bandits","floor":19,"turns":5}],"seed_played":"1555009621584646076","potions_obtained":[{"floor":1,"key":"Fire Potion"},{"floor":5,"key":"champ:CounterPotion"},{"floor":6,"key":"Slimebound:ThreeZeroPotion"},{"floor":11,"key":"Explosive Potion"},{"floor":14,"key":"SkillPotion"}],"is_trial":false,"path_per_floor":["M","M","M","M","M","E","R","M","T","M","M","R","M","M","R","B",null,"M","?"],"character_chosen":"DEFECT","items_purchased":[],"campfire_rested":3,"item_purchase_floors":[],"current_hp_per_floor":[77,76,75,62,57,27,51,46,46,46,46,70,69,63,82,73,82,59,0,0],"gold":734,"neow_bonus":"TEN_PERCENT_HP_BONUS","is_daily":false,"chose_seed":false,"campfire_upgraded":0,"win_rate":0.0,"timestamp":1610319669,"path_taken":["M","M","M","M","M","E","R","M","T","M","M","R","M","M","R","BOSS","M","?"],"items_purchased_type":[],"build_version":"2020-12-22","purchased_purges":0,"victory":false,"max_hp_per_floor":[82,82,82,82,82,82,82,82,82,82,82,82,82,82,82,82,82,82,82,82],"card_choices":[{"not_picked":["Self Repair","Barrage"],"picked":"Sweeping Beam","floor":1},{"not_picked":["Compile Driver","Gash"],"picked":"Go for the Eyes","floor":2},{"not_picked":["Rebound","Biased Cognition"],"picked":"Capacitor","floor":3},{"not_picked":["Barrage","Beam Cell"],"picked":"FTL","floor":4},{"not_picked":["Steam","Gash"],"picked":"Beam Cell","floor":5},{"not_picked":["Hologram","Doom and Gloom"],"picked":"Glacier","floor":6},{"not_picked":["Go for the Eyes","Barrage"],"picked":"Gash","floor":8},{"not_picked":["Sweeping Beam","Hologram"],"picked":"Defragment","floor":10},{"not_picked":["Hologram","Sweeping Beam"],"picked":"Conserve Battery","floor":11},{"not_picked":["Redo","Fusion"],"picked":"Loop","floor":13},{"not_picked":["Machine Learning","Streamline"],"picked":"Leap","floor":14},{"not_picked":["Electrodynamics","Rainbow"],"picked":"Buffer","floor":16},{"not_picked":["Lockon","FTL"],"picked":"Conserve Battery","floor":18}],"player_experience":39302,"relics_obtained":[{"floor":6,"key":"Old Coin"},{"floor":9,"key":"Orichalcum"}],"event_choices":[{"damage_healed":0,"gold_gain":0,"player_choice":"Fought Bandits","damage_taken":0,"max_hp_gain":0,"max_hp_loss":0,"event_name":"Masked Bandits","floor":19,"gold_loss":0}],"is_beta":false,"boss_relics":[{"not_picked":["Philosopher\u0027s Stone","Astrolabe"],"picked":"Black Star"}],"items_purged_floors":[],"is_endless":false,"potions_floor_spawned":[1,5,6,11,14],"killed_by":"Masked Bandits","ascension_level":0}}