{"host":"qgrlfjrqk9z96gfi","time":1610239998,"event":{"mods":["BaseMod","Block Reminder","Colored Map","DeckTracker","Minty Spire (QoL Compilation)"],"gold_per_floor":[110,110,110,124,140,173,187,187,187],"floor_reached":8,"playtime":172,"items_purged":[],"score":116,"play_id":"6ea47b57-bd8a-48d2-85c5-3f069c314448","local_time":"20210109145318","is_ascension_mode":true,"campfire_choices":[],"circlet_count":0,"master_deck":["AscendersBane","Strike_G","Strike_G","Strike_G","Strike_G+1","Defend_G","Defend_G","Defend_G","Defend_G","Defend_G","Survivor+1","Neutralize","Dagger Spray","Footwork","Poisoned Stab","Cloak And Dagger","Deadly Poison"],"relics":["Ring of the Snake","NeowsBlessing","Dream Catcher"],"acts_visited":["Exordium"],"potions_floor_usage":[6,6],"damage_taken":[{"damage":0,"enemies":"Small Slimes","floor":1,"turns":1},{"damage":0,"enemies":"2 Louse","floor":4,"turns":1},{"damage":0,"enemies":"Cultist","floor":5,"turns":1},{"damage":36,"enemies":"Lagavulin","floor":6,"turns":11},{"damage":0,"enemies":"2 Fungi Beasts","floor":7,"turns":3},{"damage":27,"enemies":"Gremlin Nob","floor":8,"turns":3}],"seed_played":"5669814306751995576","potions_obtained":[{"floor":4,"key":"Regen Potion"},{"floor":5,"key":"ColorlessPotion"}],"is_trial":false,"path_per_floor":["M","?","?","M","M","E","M","E"],"character_chosen":"THE_SILENT","items_purchased":[],"campfire_rested":0,"item_purchase_floors":[],"current_hp_per_floor":[59,39,39,39,39,18,18,0,0],"gold":187,"neow_bonus":"THREE_ENEMY_KILL","is_daily":false,"chose_seed":false,"campfire_upgraded":0,"win_rate":0.0,"timestamp":1610239998,"path_taken":["M","?","?","M","?","E","M","E"],"items_purchased_type":[],"build_version":"2020-12-22","purchased_purges":0,"victory":false,"max_hp_per_floor":[66,66,66,66,66,66,66,66,66],"card_choices":[{"not_picked":["Deadly Poison","Blur"],"picked":"Dagger Spray","floor":1},{"not_picked":["Acrobatics","Heel Hook"],"picked":"Footwork","floor":4},{"not_picked":["Blade Dance","Outmaneuver"],"picked":"Poisoned Stab","floor":5},{"not_picked":["Poisoned Stab","Storm of Steel"],"picked":"Cloak And Dagger","floor":6},{"not_picked":["Sucker Punch","Underhanded Strike"],"picked":"Deadly Poison","floor":7}],"player_experience":983274,"relics_obtained":[{"floor":6,"key":"Dream Catcher"}],"event_choices":[{"damage_healed":0,"gold_gain":0,"player_choice":"Entered Light","damage_taken":20,"max_hp_gain":0,"max_hp_loss":0,"event_name":"Shining Light","floor":2,"gold_loss":0,"cards_upgraded":["Survivor","Strike_G"]},{"cards_removed":["Strike_G"],"damage_healed":0,"gold_gain":0,"player_choice":"Purged","damage_taken":0,"max_hp_gain":0,"max_hp_loss":0,"event_name":"Purifier","floor":3,"gold_loss":0}],"is_beta":false,"boss_relics":[],"items_purged_floors":[],"is_endless":false,"potions_floor_spawned":[4,5],"killed_by":"Gremlin Nob","ascension_level":20}}