{"host":"o7j6aatxjwpw1421","time":1610280819,"event":{"mods":["2.2 Compatiblity","AchievementEnabler","BaseMod","Colored Map","DeckTracker","Highlight Path","Keyboard Shortcuts","Minty Spire (QoL Compilation)","Permanent Neow","Quick Restart","StSLib","SuperFastMode","everything is the same but u backflip on backflip"],"gold_per_floor":[12,28,47,47,47,47,47,5,31,42,117,130,149,149,149,225,225,237,78,91,104,104,104,123,123,146,146,156,56,56,56],"floor_reached":30,"playtime":1150,"items_purged":["Strike_G","Pain"],"score":494,"play_id":"f7c7680b-2308-407a-819a-26e5acd0a37a","local_time":"20210110211339","is_ascension_mode":true,"campfire_choices":[{"data":"Dagger Spray","floor":6.0,"key":"SMITH"},{"floor":15.0,"key":"REST"},{"data":"Noxious Fumes","floor":23.0,"key":"SMITH"},{"floor":25.0,"key":"REST"}],"circlet_count":0,"master_deck":["AscendersBane","Strike_G","Strike_G","Strike_G","Strike_G+1","Defend_G","Defend_G+1","Defend_G","Defend_G","Defend_G","Survivor","Neutralize","Dagger Spray+1","Well Laid Plans","Crippling Poison","Deadly Poison","Backflip","Corpse Explosion","Adrenaline","Noxious Fumes+1","Catalyst","PiercingWail"],"relics":["Ring of the Snake","Thread and Needle","Dream Catcher","Vajra","Question Card","SacredBark","Orichalcum","WarpedTongs"],"acts_visited":["Exordium","TheCity"],"potions_floor_usage":[30],"damage_taken":[{"damage":0.0,"enemies":"Cultist","floor":1.0,"turns":5.0},{"damage":0.0,"enemies":"Small Slimes","floor":2.0,"turns":4.0},{"damage":0.0,"enemies":"2 Louse","floor":3.0,"turns":2.0},{"damage":0.0,"enemies":"Looter","floor":10.0,"turns":4.0},{"damage":0.0,"enemies":"3 Louse","floor":12.0,"turns":3.0},{"damage":5.0,"enemies":"Large Slime","floor":13.0,"turns":5.0},{"damage":16.0,"enemies":"Slime Boss","floor":16.0,"turns":5.0},{"damage":3.0,"enemies":"3 Byrds","floor":18.0,"turns":2.0},{"damage":17.0,"enemies":"Chosen","floor":20.0,"turns":7.0},{"damage":3.0,"enemies":"Centurion and Healer","floor":21.0,"turns":7.0},{"damage":28.0,"enemies":"Snake Plant","floor":24.0,"turns":5.0},{"damage":16.0,"enemies":"Chosen and Byrds","floor":28.0,"turns":5.0},{"damage":17,"enemies":"Shelled Parasite and Fungi","floor":30,"turns":5}],"seed_played":"-6603219375289055416","potions_obtained":[{"floor":2.0,"key":"AttackPotion"},{"floor":13.0,"key":"LiquidMemories"},{"floor":16.0,"key":"LiquidMemories"},{"floor":18.0,"key":"SpeedPotion"},{"floor":21.0,"key":"SteroidPotion"},{"floor":28.0,"key":"PowerPotion"}],"is_trial":false,"path_per_floor":["M","M","M","?","?","R","?","$","T","M","?","M","M","T","R","B",null,"M","$","M","M","?","R","M","R","T","?","M","$","M"],"character_chosen":"THE_SILENT","items_purchased":["Crippling Poison","Adrenaline"],"campfire_rested":2,"item_purchase_floors":[8,19],"current_hp_per_floor":[59,59,59,39,44,44,44,44,44,44,33,33,28,28,49,33,62,59,59,42,39,39,39,11,32,32,32,16,16,0,0],"gold":56,"neow_bonus":"ONE_RARE_RELIC","is_daily":false,"chose_seed":false,"campfire_upgraded":2,"win_rate":0.0,"timestamp":1610280819,"path_taken":["M","M","?","?","?","R","?","$","T","M","?","M","M","?","R","BOSS","M","$","M","M","?","R","M","R","T","?","M","$","M"],"items_purchased_type":["Card","Card"],"build_version":"2020-12-22","purchased_purges":2,"victory":false,"max_hp_per_floor":[66,66,66,66,71,71,71,71,71,71,71,71,71,71,71,71,71,71,71,71,71,71,71,71,71,71,71,71,71,71,71],"card_choices":[{"not_picked":["Predator","Leg Sweep"],"picked":"Dagger Spray","floor":1.0},{"not_picked":["Finisher","Bane","Sucker Punch"],"picked":"SKIP","floor":2.0},{"not_picked":["Bane","Acrobatics"],"picked":"Well Laid Plans","floor":3.0},{"not_picked":["Heel Hook","Underhanded Strike","Calculated Gamble"],"picked":"SKIP","floor":10.0},{"not_picked":["Sucker Punch","Flechettes"],"picked":"Deadly Poison","floor":12.0},{"not_picked":["Finisher","Underhanded Strike"],"picked":"Backflip","floor":13.0},{"not_picked":["Phantasmal Killer","Venomology","Unload"],"picked":"Corpse Explosion","floor":16.0},{"not_picked":["Prepared","Outmaneuver","Deadly Poison","Underhanded Strike"],"picked":"SKIP","floor":18.0},{"not_picked":["Acrobatics","Backflip","Skewer"],"picked":"Noxious Fumes","floor":20.0},{"not_picked":["Wraith Form v2","Prepared","Poisoned Stab","Underhanded Strike"],"picked":"SKIP","floor":21.0},{"not_picked":["Slice","Outmaneuver","Quick Slash"],"picked":"Catalyst","floor":24.0},{"not_picked":["Corpse Explosion","Prepared","Flying Knee"],"picked":"PiercingWail","floor":28.0}],"player_experience":473804,"relics_obtained":[{"floor":9.0,"key":"Vajra"},{"floor":14.0,"key":"Question Card"},{"floor":26.0,"key":"Orichalcum"}],"event_choices":[{"damage_healed":0.0,"max_hp_gain":0.0,"max_hp_loss":0.0,"gold_gain":0.0,"event_name":"Shining Light","player_choice":"Entered Light","floor":4.0,"gold_loss":0.0,"damage_taken":20.0,"cards_upgraded":["Defend_G","Strike_G"]},{"damage_healed":0.0,"max_hp_gain":5.0,"max_hp_loss":0.0,"gold_gain":0.0,"event_name":"Big Fish","player_choice":"Donut","floor":5.0,"gold_loss":0.0,"damage_taken":0.0},{"damage_healed":0.0,"max_hp_gain":0.0,"max_hp_loss":0.0,"gold_gain":0.0,"event_name":"Dead Adventurer","player_choice":"Searched \u00271\u0027 times","floor":7.0,"gold_loss":0.0,"damage_taken":0.0,"relics_obtained":["Dream Catcher"]},{"damage_healed":0.0,"max_hp_gain":0.0,"max_hp_loss":0.0,"gold_gain":75.0,"event_name":"World of Goop","player_choice":"Gather Gold","floor":11.0,"gold_loss":0.0,"damage_taken":11.0},{"damage_healed":0.0,"max_hp_gain":0.0,"max_hp_loss":0.0,"gold_gain":0.0,"event_name":"The Mausoleum","player_choice":"Ignored","floor":22.0,"gold_loss":0.0,"damage_taken":0.0},{"damage_healed":0.0,"max_hp_gain":0.0,"max_hp_loss":0.0,"gold_gain":0.0,"event_name":"Accursed Blacksmith","player_choice":"Rummage","floor":27.0,"gold_loss":0.0,"damage_taken":0.0,"relics_obtained":["WarpedTongs"],"cards_obtained":["Pain"]}],"is_beta":false,"boss_relics":[{"not_picked":["Fusion Hammer","Ectoplasm"],"picked":"SacredBark"}],"items_purged_floors":[19,29],"is_endless":false,"potions_floor_spawned":[2,13,16,18,21,28],"killed_by":"Shelled Parasite and Fungi","ascension_level":20}}