{"host":"9mnb7pbo3pfmmmyl","time":1610265111,"event":{"mods":["ATMod(阿瑾Mod)","BaseMod","Conspire","Highlight Path","Minty Spire (QoL Compilation)","MostiFishMod","Quick Restart","Shop Mod","Spicy Shops","StSLib","TestMod","【功能Mod】聪明的最终Boss","篝火指南"],"gold_per_floor":[119,44,44,54,68,101,119,145,145,145,170,186,200,35,35,111,111,128,148,166,116,116,116,149,149,173,204,219,244,257,274,2,79,79,105,505,505,18,36,92,92,139,139,139,139,184,184,41,41,43,43],"floor_reached":50,"playtime":1428,"items_purged":["Strike_G","Strike_G","Defend_G","Strike_G"],"score":1341,"play_id":"4ec91836-3a39-4406-8a32-4d3ea345e556","local_time":"20210110155151","is_ascension_mode":true,"campfire_choices":[{"data":"AT_KneejerkReflex","floor":10,"key":"SMITH"},{"data":"MostiFishMod:ShivMaster","floor":15,"key":"SMITH"},{"data":"MostiFishMod:LethalBlade","floor":23,"key":"SMITH"},{"data":"Blade Dance","floor":25,"key":"SMITH"},{"data":"MostiFishMod:ShivMaster+1","floor":41,"key":"SMITH"},{"data":"MostiFishMod:ShivMaster+2","floor":44,"key":"SMITH"},{"floor":49,"key":"RECALL"}],"circlet_count":0,"master_deck":["AscendersBane","Strike_G","Strike_G","Defend_G","Defend_G","Defend_G","Defend_G","Survivor","Neutralize","AT_KneejerkReflex+1","Shame","Doubt","MostiFishMod:ShivMaster+3","Blade Dance+1","MostiFishMod:LethalBlade+1","AT_Desolate","conspire:SpireCoStock"],"relics":["Ring of the Snake","testmod-TestBox","AT_ATBox","SentryEyes","testmod-Laevatain","NeowsBlessing","SynthV:TestCard","FaceOfCleric","SynthV:C4","testmod-CyclicPeriapt","AT_ForceNature","AT_ImmortalShieldbow","AT_EbonyIvory","testmod-NegativeEmotionEnhancer","Bag of Preparation","Tiny Chest","testmod-LifeArmor","HornCleat","Shovel","BrkXgEgg","MerchantsRug","Vajra","conspire:Boomerang","AT_RedTearstoneRing"],"acts_visited":["Exordium","TheCity","TheBeyond"],"potions_floor_usage":[19,32,35,40],"damage_taken":[{"damage":0,"enemies":"2 Louse","floor":1,"turns":1},{"damage":0,"enemies":"Jaw Worm","floor":4,"turns":1},{"damage":0,"enemies":"Cultist","floor":5,"turns":1},{"damage":6,"enemies":"Gremlin Nob","floor":6,"turns":3},{"damage":2,"enemies":"2 Fungi Beasts","floor":7,"turns":2},{"damage":10,"enemies":"Lagavulin","floor":8,"turns":3},{"damage":2,"enemies":"3 Sentries","floor":11,"turns":3},{"damage":0,"enemies":"3 Louse","floor":12,"turns":1},{"damage":0,"enemies":"Large Slime","floor":13,"turns":2},{"damage":17,"enemies":"Hexaghost","floor":16,"turns":4},{"damage":11,"enemies":"Shell Parasite","floor":18,"turns":3},{"damage":0,"enemies":"2 Thieves","floor":19,"turns":2},{"damage":4,"enemies":"Snecko","floor":20,"turns":4},{"damage":0,"enemies":"conspire:Head Lice","floor":24,"turns":5},{"damage":12,"enemies":"Gremlin Leader","floor":27,"turns":3},{"damage":7,"enemies":"Centurion and Healer","floor":28,"turns":2},{"damage":12,"enemies":"conspire:Head Lice","floor":29,"turns":3},{"damage":0,"enemies":"Snake Plant","floor":30,"turns":2},{"damage":0,"enemies":"Snecko","floor":31,"turns":3},{"damage":70,"enemies":"Collector","floor":33,"turns":8},{"damage":21,"enemies":"3 Darklings","floor":35,"turns":2},{"damage":3,"enemies":"3 Shapes","floor":39,"turns":2},{"damage":59,"enemies":"Giant Head","floor":40,"turns":6},{"damage":36,"enemies":"Nemesis","floor":42,"turns":3},{"damage":34,"enemies":"Giant Head","floor":46,"turns":5},{"damage":91,"enemies":"Awakened One","floor":50,"turns":4}],"seed_played":"-2704672211112023406","potions_obtained":[{"floor":4,"key":"testmod-TimePotion"},{"floor":6,"key":"CultistPotion"},{"floor":20,"key":"AttackPotion"},{"floor":33,"key":"Fire Potion"},{"floor":39,"key":"LiquidMemories"},{"floor":42,"key":"BlessingOfTheForge"}],"is_trial":false,"path_per_floor":["M","?","?","M","M","E","M","E","T","R","E","M","M","$","R","B",null,"M","M","M","?","?","R","E","R","T","E","M","E","M","M","R","B",null,"M","?","?","$","M","E","R","E","T","R","?","E","T","$","R","B"],"character_chosen":"THE_SILENT","items_purchased":["AT_EbonyIvory","Shovel","testmod-SpacePotion","BrkXgEgg","MerchantsRug","Vajra"],"campfire_rested":0,"item_purchase_floors":[14,32,32,38,38,38],"current_hp_per_floor":[59,59,59,60,61,56,55,46,46,46,45,46,47,47,47,31,64,56,60,59,59,59,59,73,73,73,68,65,63,66,69,69,52,84,76,76,76,76,78,66,66,33,33,33,80,49,49,49,49,0,0],"gold":43,"neow_bonus":"THREE_ENEMY_KILL","is_daily":false,"chose_seed":false,"campfire_upgraded":6,"win_rate":0.0,"timestamp":1610265111,"path_taken":["M","?","?","M","M","E","M","E","T","R","E","M","?","$","R","BOSS","M","M","M","?","?","R","E","R","T","E","M","E","M","M","R","BOSS","M","?","?","$","M","E","R","E","T","R","?","E","?","?","R","BOSS"],"items_purchased_type":["Relic","Relic","Potion","Relic","Relic","Relic"],"build_version":"2020-12-22","purchased_purges":4,"victory":false,"max_hp_per_floor":[66,66,66,67,68,69,70,71,71,71,72,73,74,74,74,75,75,77,79,81,81,81,81,83,83,83,85,87,89,91,93,93,95,95,97,97,92,92,94,96,96,98,98,98,80,82,82,82,82,82,82],"card_choices":[{"not_picked":["Caltrops","Footwork","Bane"],"picked":"SKIP","floor":1},{"not_picked":["Dodge and Roll","Backflip","Crippling Poison","Footwork","Bane"],"picked":"SKIP","floor":4},{"not_picked":["MostiFishMod:PoisonShield","Quick Slash","Outmaneuver","Sucker Punch","Dagger Spray"],"picked":"SKIP","floor":5},{"not_picked":["Poisoned Stab","All Out Attack","Flying Knee","AT_ThistleTea"],"picked":"MostiFishMod:ShivMaster","floor":6},{"not_picked":["AT_WindFlip","Quick Slash","Slice","Flying Knee"],"picked":"Blade Dance","floor":7},{"not_picked":["Poisoned Stab","Catalyst","Flying Knee","Backflip"],"picked":"MostiFishMod:LethalBlade","floor":8},{"not_picked":["Slice","MostiFishMod:ShivMaster","Underhanded Strike","Flying Knee","Quick Slash"],"picked":"SKIP","floor":11},{"not_picked":["Dodge and Roll","Prepared","MostiFishMod:PerfectParry","Acrobatics"],"picked":"AT_Desolate","floor":12},{"not_picked":["Dagger Spray","Blur","Blade Dance","Skewer","Die Die Die"],"picked":"SKIP","floor":13},{"not_picked":["PiercingWail","Blade Dance","AT_WindFlip+1","Acrobatics","Caltrops"],"picked":"SKIP","floor":18},{"not_picked":["Underhanded Strike","MostiFishMod:PerfectParry","Expertise","Choke","Quick Slash"],"picked":"SKIP","floor":19},{"not_picked":["AT_WindFlip+1","Expertise","Distraction","AT_Desolate","Dash"],"picked":"SKIP","floor":20},{"not_picked":["Outmaneuver+1","MostiFishMod:InvigoratingSolution","AT_TwilightShroud","Flying Knee","Wraith Form v2"],"picked":"SKIP","floor":24},{"not_picked":["Storm of Steel","Flying Knee","Backflip","MostiFishMod:SpreadingSpore","Crippling Poison"],"picked":"SKIP","floor":27},{"not_picked":["Underhanded Strike","Backflip+1","Dagger Throw","Terror","Tactician"],"picked":"SKIP","floor":28},{"not_picked":["Dodge and Roll","Bane","MostiFishMod:PerfectParry+1","Predator","MostiFishMod:Listen"],"picked":"SKIP","floor":29},{"not_picked":["Underhanded Strike","Slice","Acrobatics","Calculated Gamble","Deadly Poison"],"picked":"SKIP","floor":30},{"not_picked":["Outmaneuver","MostiFishMod:PerfectParry","Wraith Form v2","Deflect","Deadly Poison"],"picked":"SKIP","floor":31},{"not_picked":["Terror","Outmaneuver","AT_WomanClash","Deadly Poison","AT_WindFlip+1"],"picked":"SKIP","floor":35},{"not_picked":["Leg Sweep","AT_Desolate","Acrobatics+1","Dodge and Roll","Prepared+1"],"picked":"SKIP","floor":39},{"not_picked":["MostiFishMod:Wind+1","AT_KneejerkReflex","MostiFishMod:FrostNova+1","MostiFishMod:PerfectParry","conspire:DoublingDagger"],"picked":"SKIP","floor":40},{"not_picked":["AT_TwilightShroud","MostiFishMod:PerfectParry","Flying Knee","Poisoned Stab+1","Cloak And Dagger"],"picked":"SKIP","floor":42},{"not_picked":["Deadly Poison","Acrobatics","Prepared","Distraction","Backflip"],"picked":"SKIP","floor":46}],"player_experience":480617,"relics_obtained":[{"floor":1,"key":"SynthV:TestCard"},{"floor":6,"key":"SynthV:C4"},{"floor":8,"key":"testmod-CyclicPeriapt"},{"floor":9,"key":"AT_ForceNature"},{"floor":11,"key":"AT_ImmortalShieldbow"},{"floor":24,"key":"Bag of Preparation"},{"floor":26,"key":"Tiny Chest"},{"floor":27,"key":"testmod-LifeArmor"},{"floor":29,"key":"HornCleat"},{"floor":40,"key":"conspire:InfiniteJournal"},{"floor":42,"key":"conspire:Boomerang"},{"floor":46,"key":"Juzu Bracelet"},{"floor":47,"key":"AT_RedTearstoneRing"}],"event_choices":[{"cards_removed":["Normality"],"damage_healed":0,"gold_gain":0,"player_choice":"Card Removal","damage_taken":0,"max_hp_gain":0,"max_hp_loss":0,"event_name":"The Cleric","floor":2,"gold_loss":75},{"damage_healed":0,"gold_gain":0,"player_choice":"Trade","damage_taken":0,"relics_obtained":["FaceOfCleric"],"max_hp_gain":0,"max_hp_loss":0,"event_name":"FaceTrader","floor":3,"gold_loss":0},{"damage_healed":0,"gold_gain":0,"player_choice":"Invest 1","damage_taken":0,"max_hp_gain":0,"max_hp_loss":0,"event_name":"conspire:Investor","floor":21,"gold_loss":0},{"damage_healed":0,"gold_gain":0,"player_choice":"Ignored","damage_taken":0,"max_hp_gain":0,"max_hp_loss":0,"event_name":"给自己的盒子","floor":22,"gold_loss":0},{"damage_healed":0,"gold_gain":400,"player_choice":"Sell","damage_taken":0,"max_hp_gain":0,"max_hp_loss":0,"event_name":"恩洛斯的盘子","floor":36,"relics_lost":["DaveBox"],"gold_loss":0},{"damage_healed":0,"gold_gain":0,"player_choice":"Max HP","damage_taken":0,"max_hp_gain":0,"max_hp_loss":5,"event_name":"Winding Halls","floor":37,"gold_loss":0},{"damage_healed":80,"gold_gain":0,"player_choice":"Heal","damage_taken":0,"max_hp_gain":0,"max_hp_loss":18,"event_name":"The Moai Head","floor":45,"gold_loss":0}],"is_beta":false,"boss_relics":[{"not_picked":["conspire:SeveredTorchhead","testmod-Recursion"],"picked":"testmod-NegativeEmotionEnhancer"},{"not_picked":["FeatherPendant","FrostBlade"],"picked":"testmod-Fanaticism"}],"items_purged_floors":[32,38,48,48],"is_endless":false,"potions_floor_spawned":[4,6,12,13,16,20,27,29,31,33,39,42],"killed_by":"Awakened One","ascension_level":20}}