{"host":"qr4czw4lps0sljwa","time":1610266615,"event":{"mods":["BaseMod","Downfall","Minty Spire (QoL Compilation)","StSLib"],"gold_per_floor":[99,99,29,29,29,42,42,52,78,28,38,101,112,133,146,249,249,199,184,196,207,219,319,396,346,356,356,306,326,276,306,318,417,417,367,380,396,416,215,225,225,256,306,164,198,1,1,18,33,33],"floor_reached":51,"playtime":2754,"items_purged":["Normality"],"score":838,"play_id":"0642c76d-5c3a-4826-88e4-1d767dfea75d","local_time":"20210110001655","is_ascension_mode":true,"campfire_choices":[{"data":"Slimebound:CorrosiveSpit","floor":1,"key":"SMITH"},{"data":"Slimebound:SlimeSpikes","floor":10,"key":"SMITH"},{"data":"Slimebound:SlimeSlap","floor":18,"key":"SMITH"},{"floor":25,"key":"REST"},{"data":"Slimebound:SlimeSlap","floor":28,"key":"SMITH"},{"data":"1","floor":30,"key":"LIFT"},{"data":"2","floor":35,"key":"LIFT"},{"floor":47,"key":"REST"}],"circlet_count":0,"master_deck":["Slimebound:Strike_Slimebound","Slimebound:Strike_Slimebound","Slimebound:Strike_Slimebound","Slimebound:Tackle","Slimebound:Defend_Slimebound","Slimebound:Defend_Slimebound","Slimebound:Defend_Slimebound","Slimebound:Defend_Slimebound","Slimebound:Split","Slimebound:CorrosiveSpit+1","Slimebound:SlimeSpikes+1","Slimebound:LeechEnergy","Slimebound:SplitMire","Slimebound:GrowthPunch","Slimebound:Schlurp","Slimebound:SplitSpecialist","Slimebound:GoopTackle","Slimebound:GoopSpray","Slimebound:RainOfGoop","Slimebound:Equalize+1","Slimebound:Equalize","Slimebound:LeechingTouch+1","Slimebound:Gluttony","Slimebound:SlimeSlap+1","Slimebound:RejuvenatingLick","Slimebound:ProtectTheBoss","Slimebound:SlimeSlap+1","Slimebound:MegaLick","Slimebound:MegaLick+1","Slimebound:SlimeSpikes","Slimebound:LivingWall","Slimebound:SlimeSlap","Slimebound:SlimeSpikes+1","Slimebound:OozeBath","Slimebound:Repurpose+1","Slimebound:AcidTongue","Slimebound:Replication","Slimebound:HauntingLick+1","Slimebound:GrowthPunch","Slimebound:Repurpose","Slimebound:MegaLick+1","Dramatic Entrance","Slimebound:HauntingLick+1","Slimebound:SlimeSpikes+1","Slimebound:GrowthPunch","Finesse+1","Slimebound:Repurpose+1","Slimebound:FirmFortitude+1"],"relics":["Slimebound:AbsorbEndCombat","downfall:HeartsMalice","Slimebound:GreedOozeRelic","The Courier","Girya","Letter Opener","Odd Mushroom","Cursed Key","Blue Candle","Incense Burner","Fusion Hammer","Whetstone","Pantograph","Mango","Strawberry","DollysMirror","Toxic Egg 2"],"acts_visited":["Exordium","TheCity","TheBeyond"],"potions_floor_usage":[9,12,14,16,22,31,31,33,36,40,42,45,45,45],"damage_taken":[{"damage":0,"enemies":"Small Slimes","floor":2,"turns":1},{"damage":0,"enemies":"downfall:FleeingMerchant","floor":3,"turns":1},{"damage":0,"enemies":"2 Louse","floor":5,"turns":1},{"damage":8,"enemies":"Cultist","floor":6,"turns":2},{"damage":13,"enemies":"Lots of Slimes","floor":8,"turns":3},{"damage":17,"enemies":"Lagavulin","floor":9,"turns":6},{"damage":14,"enemies":"3 Louse","floor":11,"turns":2},{"damage":14,"enemies":"Gremlin Nob","floor":12,"turns":3},{"damage":8,"enemies":"2 Fungi Beasts","floor":13,"turns":3},{"damage":12,"enemies":"The Mushroom Lair","floor":14,"turns":3},{"damage":0,"enemies":"Blue Slaver","floor":15,"turns":2},{"damage":36,"enemies":"downfall:Silent","floor":16,"turns":7},{"damage":14,"enemies":"downfall:FleeingMerchant","floor":19,"turns":4},{"damage":9,"enemies":"3 Byrds","floor":20,"turns":3},{"damage":8,"enemies":"Spheric Guardian","floor":21,"turns":3},{"damage":22,"enemies":"Shelled Parasite and Fungi","floor":22,"turns":4},{"damage":19,"enemies":"Centurion and Healer","floor":26,"turns":3},{"damage":7,"enemies":"3 Cultists","floor":29,"turns":4},{"damage":12,"enemies":"Slavers","floor":31,"turns":5},{"damage":9,"enemies":"Snake Plant","floor":32,"turns":3},{"damage":21,"enemies":"downfall:Defect","floor":33,"turns":7},{"damage":7,"enemies":"3 Darklings","floor":36,"turns":3},{"damage":23,"enemies":"3 Shapes","floor":37,"turns":2},{"damage":14,"enemies":"Spire Growth","floor":38,"turns":4},{"damage":13,"enemies":"downfall:FleeingMerchant","floor":39,"turns":4},{"damage":18,"enemies":"4 Shapes","floor":40,"turns":3},{"damage":36,"enemies":"Reptomancer","floor":42,"turns":4},{"damage":12,"enemies":"Mind Bloom Boss Battle","floor":43,"turns":5},{"damage":3,"enemies":"downfall:FleeingMerchant","floor":44,"turns":2},{"damage":58,"enemies":"Nemesis","floor":45,"turns":3},{"damage":10,"enemies":"3 Darklings","floor":48,"turns":4},{"damage":43,"enemies":"Jaw Worm Horde","floor":49,"turns":3},{"damage":32,"enemies":"downfall:Ironclad","floor":50,"turns":9}],"seed_played":"803182120224873943","potions_obtained":[{"floor":6,"key":"PowerPotion"},{"floor":11,"key":"EssenceOfSteel"},{"floor":12,"key":"EssenceOfSteel"},{"floor":14,"key":"hexamod:EctoCoolerPotion"},{"floor":21,"key":"Block Potion"},{"floor":26,"key":"Weak Potion"},{"floor":29,"key":"ColorlessPotion"},{"floor":32,"key":"EssenceOfSteel"},{"floor":33,"key":"Swift Potion"},{"floor":38,"key":"DistilledChaos"},{"floor":40,"key":"DistilledChaos"},{"floor":43,"key":"ColorlessPotion"},{"floor":45,"key":"LiquidMemories"},{"floor":49,"key":"Swift Potion"}],"is_trial":false,"path_per_floor":["R","M","$","?","M","M","T","M","E","R","M","?","M","?","M","B",null,"R","$","M","M","M","?","T","R","M","?","R","M","R","E","M","B",null,"R","M","M","M","$","M","T","E","?","?","E","$","R","M","M","B",null],"character_chosen":"SLIMEBOUND","items_purchased":["Slimebound:SplitMire","Slimebound:GrowthPunch","Whetstone","Slimebound:AcidTongue","Strawberry","DollysMirror","Dramatic Entrance","DuplicationPotion","Slimebound:SlimedPotion","Slimebound:HauntingLick+1","Slimebound:SlimeSpikes+1","Slimebound:GrowthPunch","Finesse+1"],"campfire_rested":2,"item_purchase_floors":[3,3,39,39,44,44,44,44,44,46,46,46,46],"current_hp_per_floor":[60,60,60,60,60,60,60,60,51,51,43,43,47,53,57,49,60,60,54,55,60,48,48,48,60,58,50,50,60,60,54,55,46,60,60,60,49,53,60,56,56,40,74,81,51,51,75,80,66,71],"gold":33,"neow_bonus":"THREE_ENEMY_KILL","is_daily":false,"chose_seed":false,"campfire_upgraded":4,"win_rate":0.0,"timestamp":1610266615,"path_taken":["R","M","$","?","M","M","T","M","E","R","M","?","M","?","M","BOSS","R","$","M","M","M","?","T","R","M","?","R","?","R","E","M","BOSS","R","M","M","?","$","M","T","E","?","?","E","?","R","M","M","BOSS"],"items_purchased_type":["Card","Card","Relic","Card","Relic","Relic","Card","Potion","Potion","Card","Card","Card","Card"],"build_version":"2020-12-22","purchased_purges":1,"victory":true,"max_hp_per_floor":[60,60,60,60,60,60,60,60,60,60,60,60,60,60,60,60,60,60,60,60,60,60,60,60,60,60,60,60,60,60,60,60,60,60,60,60,60,60,60,60,60,60,74,81,81,81,81,81,81,81],"card_choices":[{"not_picked":["Slimebound:SplitBruiser","Slimebound:Dissolve"],"picked":"Slimebound:SlimeSpikes","floor":2},{"not_picked":["Slimebound:FlameTackle","Slimebound:LevelUp"],"picked":"Slimebound:LeechEnergy","floor":3},{"not_picked":["Slimebound:GrowthPunch","Slimebound:SplitLeeching"],"picked":"Slimebound:Schlurp","floor":5},{"not_picked":["Slimebound:GrowthPunch","Slimebound:ViciousTackle"],"picked":"Slimebound:SplitSpecialist","floor":6},{"not_picked":["Slimebound:SplitBruiser","Slimebound:ViciousTackle"],"picked":"Slimebound:GoopTackle","floor":8},{"not_picked":["Slimebound:PressTheAttack","Slimebound:LeadByExample"],"picked":"Slimebound:GoopSpray","floor":9},{"not_picked":["Slimebound:SplitSpecialist","Slimebound:OozeBath"],"picked":"Slimebound:RainOfGoop","floor":11},{"not_picked":["Slimebound:FormOfPuddle","Slimebound:Chomp"],"picked":"Slimebound:Equalize","floor":12},{"not_picked":["Slimebound:GoopSpray","Slimebound:SplitBruiser"],"picked":"Slimebound:Equalize","floor":13},{"not_picked":["Slimebound:GrowthPunch","Slimebound:SplitBruiser"],"picked":"Slimebound:LeechingTouch","floor":14},{"not_picked":["Slimebound:AcidTongue","Slimebound:LeechEnergy"],"picked":"Slimebound:Gluttony","floor":15},{"not_picked":["Slimebound:MassFeed","Slimebound:SelfFormingGoo"],"picked":"Slimebound:SlimeSlap","floor":16},{"not_picked":["Slimebound:SplitLeeching","Slimebound:GrowthPunch+1"],"picked":"Slimebound:RejuvenatingLick","floor":19},{"not_picked":["Slimebound:SplitBruiser","Slimebound:SplitAcid"],"picked":"Slimebound:ProtectTheBoss","floor":20},{"not_picked":["Slimebound:LeechingTouch","Slimebound:Schlurp"],"picked":"Slimebound:SlimeSlap","floor":21},{"not_picked":["Slimebound:GoopSpray","Slimebound:Nibble+1"],"picked":"Slimebound:MegaLick","floor":22},{"not_picked":["Slimebound:ViciousTackle","Slimebound:ComboTackle"],"picked":"Slimebound:MegaLick","floor":26},{"not_picked":["Slimebound:ServeAndProtect","Slimebound:LeechEnergy"],"picked":"Slimebound:SlimeSpikes","floor":29},{"not_picked":["Slimebound:SlimeTap+1","Slimebound:DivideAndConquer"],"picked":"Slimebound:LivingWall","floor":31},{"not_picked":["Slimebound:ItLooksTasty","Slimebound:AcidTongue","Slimebound:Replication"],"picked":"SKIP","floor":32},{"not_picked":["Slimebound:RallyTheTroops","Slimebound:CheckThePlaybook"],"picked":"Slimebound:SlimeSlap","floor":33},{"not_picked":["Slimebound:SplitSpecialist+1","Slimebound:ViciousTackle+1"],"picked":"Slimebound:SlimeSpikes+1","floor":36},{"not_picked":["Slimebound:RollThrough+1","Slimebound:Dissolve","Slimebound:SplitMire+1"],"picked":"SKIP","floor":37},{"not_picked":["Slimebound:PressTheAttack","Slimebound:SplitMire+1"],"picked":"Slimebound:OozeBath","floor":38},{"not_picked":["Slimebound:GoopSpray+1","Slimebound:LeechEnergy+1"],"picked":"Slimebound:Repurpose+1","floor":39},{"not_picked":["Slimebound:SplitMire","Slimebound:ViciousTackle"],"picked":"Slimebound:Replication","floor":40},{"not_picked":["Slimebound:FlameTackle","Slimebound:GrowthPunch+1"],"picked":"Slimebound:HauntingLick+1","floor":42},{"not_picked":["Slimebound:LeechEnergy","Slimebound:LeadByExample"],"picked":"Slimebound:GrowthPunch","floor":43},{"not_picked":["Slimebound:Darklings","Slimebound:LivingWall"],"picked":"Slimebound:Repurpose","floor":44},{"not_picked":["Slimebound:ServeAndProtect+1","Slimebound:SplitLeeching+1","Slimebound:Nibble+1"],"picked":"SKIP","floor":45},{"not_picked":["Slimebound:RejuvenatingLick+1","Slimebound:Prepare+1"],"picked":"Slimebound:Repurpose+1","floor":48},{"not_picked":["Slimebound:LeadByExample","Slimebound:FlameTackle"],"picked":"Slimebound:FirmFortitude+1","floor":49}],"player_experience":216011,"relics_obtained":[{"floor":7,"key":"The Courier"},{"floor":9,"key":"Girya"},{"floor":12,"key":"Letter Opener"},{"floor":14,"key":"Odd Mushroom"},{"floor":24,"key":"Blue Candle"},{"floor":31,"key":"Incense Burner"},{"floor":42,"key":"Pantograph"},{"floor":43,"key":"Mango"},{"floor":45,"key":"Toxic Egg 2"}],"event_choices":[{"damage_healed":0,"gold_gain":0,"player_choice":"Fought Mushrooms","damage_taken":0,"max_hp_gain":0,"max_hp_loss":0,"event_name":"Mushrooms","floor":14,"gold_loss":0}],"is_beta":false,"boss_relics":[{"not_picked":["Pandora\u0027s Box","Runic Pyramid"],"picked":"Cursed Key"},{"not_picked":["Coffee Dripper","Runic Dome"],"picked":"Fusion Hammer"}],"items_purged_floors":[44],"is_endless":false,"potions_floor_spawned":[6,11,12,14,21,26,29,32,33,38,40,43,45,49],"ascension_level":1}}