{"host":"jggt5i9rbuoqvque","time":1610318833,"event":{"mods":["BaseMod","Minty Spire (QoL Compilation)","StSLib"],"gold_per_floor":[113,128,128,128,144,144,172,172,172,185,185,199,100,100,100,203,203,221,239,139,159,179,204,129,142,142,142,57,57,57,77,77,77,77],"floor_reached":33,"playtime":1745,"items_purged":["Defend_G","Strike_G"],"score":320,"play_id":"09c9c67e-0371-4119-8511-e5b176da66ac","local_time":"20210111074713","is_ascension_mode":true,"campfire_choices":[{"data":"Neutralize","floor":6.0,"key":"SMITH"},{"data":"Noxious Fumes","floor":8.0,"key":"SMITH"},{"data":"Escape Plan","floor":11.0,"key":"SMITH"},{"data":"Backstab","floor":15.0,"key":"SMITH"},{"data":"After Image","floor":27.0,"key":"SMITH"},{"data":"Acrobatics","floor":29.0,"key":"SMITH"},{"floor":32.0,"key":"REST"}],"circlet_count":0,"master_deck":["Strike_G","Strike_G","Strike_G","Defend_G","Defend_G","Survivor","Neutralize+1","Backstab+1","Escape Plan+1","Noxious Fumes+1","Prepared","After Image+1","Acrobatics+1","PiercingWail","Escape Plan","Backstab"],"relics":["Ring of the Serpent","StoneCalendar","Mango","Pen Nib","Blue Candle","Tough Bandages","Bottled Lightning","CaptainsWheel"],"acts_visited":["Exordium","TheCity"],"potions_floor_usage":[],"damage_taken":[{"damage":0.0,"enemies":"Cultist","floor":1.0,"turns":4.0},{"damage":0.0,"enemies":"Small Slimes","floor":2.0,"turns":2.0},{"damage":0.0,"enemies":"Jaw Worm","floor":5.0,"turns":4.0},{"damage":22.0,"enemies":"Lagavulin","floor":7.0,"turns":7.0},{"damage":2.0,"enemies":"Exordium Wildlife","floor":10.0,"turns":6.0},{"damage":1.0,"enemies":"Large Slime","floor":12.0,"turns":6.0},{"damage":14.0,"enemies":"The Guardian","floor":16.0,"turns":10.0},{"damage":0.0,"enemies":"Chosen","floor":18.0,"turns":6.0},{"damage":3.0,"enemies":"Shell Parasite","floor":19.0,"turns":7.0},{"damage":8.0,"enemies":"Centurion and Healer","floor":21.0,"turns":7.0},{"damage":0.0,"enemies":"3 Cultists","floor":22.0,"turns":4.0},{"damage":69.0,"enemies":"Slavers","floor":23.0,"turns":7.0},{"damage":0.0,"enemies":"Snake Plant","floor":25.0,"turns":7.0},{"damage":0.0,"enemies":"Shelled Parasite and Fungi","floor":31.0,"turns":5.0},{"damage":55,"enemies":"Champ","floor":33,"turns":16}],"seed_played":"5557148128893213288","potions_obtained":[{"floor":2.0,"key":"PowerPotion"},{"floor":5.0,"key":"FairyPotion"},{"floor":16.0,"key":"Strength Potion"},{"floor":19.0,"key":"Poison Potion"},{"floor":21.0,"key":"AttackPotion"},{"floor":25.0,"key":"AttackPotion"}],"is_trial":false,"path_per_floor":["M","M","?","?","M","R","E","R","T","M","R","M","$","?","R","B",null,"M","M","$","M","M","E","?","M","T","R","?","R","?","M","R","B"],"character_chosen":"THE_SILENT","items_purchased":["Prepared"],"campfire_rested":1,"item_purchase_floors":[13],"current_hp_per_floor":[63,63,63,74,74,74,52,52,52,50,50,49,49,74,74,60,77,77,74,74,66,66,23,23,23,23,23,23,23,23,23,46,0,0],"gold":77,"neow_bonus":"ONE_RARE_RELIC","is_daily":false,"chose_seed":false,"campfire_upgraded":6,"win_rate":0.0,"timestamp":1610318833,"path_taken":["M","M","?","?","M","R","E","R","T","M","R","M","$","?","R","BOSS","M","M","$","M","M","E","?","M","T","R","?","R","?","M","R","BOSS"],"items_purchased_type":["Card"],"build_version":"2020-12-22","purchased_purges":2,"victory":false,"max_hp_per_floor":[63,63,63,77,77,77,77,77,77,77,77,77,77,77,77,77,77,77,77,77,77,77,77,77,77,77,77,77,77,77,77,77,77,77],"card_choices":[{"not_picked":["Deflect","Finisher"],"picked":"Backstab","floor":1.0},{"not_picked":["Blade Dance","Flying Knee","Deadly Poison"],"picked":"SKIP","floor":2.0},{"not_picked":["Dagger Throw","Choke"],"picked":"Escape Plan","floor":5.0},{"not_picked":["Caltrops","Bane"],"picked":"Noxious Fumes","floor":7.0},{"not_picked":["Dagger Spray","Blade Dance","Flechettes"],"picked":"SKIP","floor":10.0},{"not_picked":["Deflect","Setup","Slice"],"picked":"SKIP","floor":12.0},{"not_picked":["Die Die Die","Storm of Steel"],"picked":"After Image","floor":16.0},{"not_picked":["Deadly Poison","Deflect"],"picked":"Acrobatics","floor":18.0},{"not_picked":["Poisoned Stab","Cloak And Dagger+1"],"picked":"PiercingWail","floor":19.0},{"not_picked":["Malaise","Acrobatics+1"],"picked":"Escape Plan","floor":21.0},{"not_picked":["Riddle With Holes","Predator","Bouncing Flask"],"picked":"SKIP","floor":22.0},{"not_picked":["Leg Sweep","Deadly Poison","Choke+1"],"picked":"SKIP","floor":23.0},{"not_picked":["Cloak And Dagger+1","Masterful Stab","Deadly Poison+1"],"picked":"SKIP","floor":25.0},{"not_picked":["Slice+1","Dagger Spray","Dodge and Roll+1"],"picked":"SKIP","floor":31.0}],"player_experience":310817,"relics_obtained":[{"floor":7.0,"key":"Pen Nib"},{"floor":9.0,"key":"Blue Candle"},{"floor":23.0,"key":"Tough Bandages"},{"floor":26.0,"key":"Bottled Lightning"}],"event_choices":[{"cards_removed":["Strike_G"],"damage_healed":0.0,"max_hp_gain":0.0,"max_hp_loss":0.0,"gold_gain":0.0,"event_name":"Living Wall","player_choice":"Forget","floor":3.0,"gold_loss":0.0,"damage_taken":0.0},{"damage_healed":0.0,"max_hp_gain":0.0,"max_hp_loss":0.0,"gold_gain":0.0,"event_name":"Scrap Ooze","player_choice":"Success","floor":4.0,"gold_loss":0.0,"damage_taken":3.0,"relics_obtained":["Mango"]},{"damage_healed":25.0,"max_hp_gain":0.0,"max_hp_loss":0.0,"gold_gain":0.0,"event_name":"Big Fish","player_choice":"Banana","floor":14.0,"gold_loss":0.0,"damage_taken":0.0},{"cards_removed":["Defend_G"],"damage_healed":0.0,"max_hp_gain":0.0,"max_hp_loss":0.0,"gold_gain":0.0,"event_name":"Beggar","player_choice":"Gave Gold","floor":24.0,"gold_loss":75.0,"damage_taken":0.0},{"damage_healed":0.0,"max_hp_gain":0.0,"max_hp_loss":0.0,"gold_gain":0.0,"event_name":"Addict","player_choice":"Obtained Relic","floor":28.0,"gold_loss":85.0,"damage_taken":0.0,"relics_obtained":["CaptainsWheel"]},{"damage_healed":0.0,"max_hp_gain":0.0,"max_hp_loss":0.0,"gold_gain":0.0,"cards_transformed":["Defend_G"],"event_name":"Transmorgrifier","player_choice":"Transformed","floor":30.0,"gold_loss":0.0,"damage_taken":0.0,"cards_obtained":["Backstab"]}],"is_beta":false,"boss_relics":[{"not_picked":["Ectoplasm","Snecko Eye"],"picked":"Ring of the Serpent"}],"items_purged_floors":[13,20],"is_endless":false,"potions_floor_spawned":[2,5,16,19,21,25],"killed_by":"Champ","ascension_level":4}}