{"host":"v711dtdb46xe9u7l","time":1610283333,"event":{"mods":["BaseMod","Minty Spire (QoL Compilation)","StSLib"],"gold_per_floor":[17,17,37,47,67,67,95,95,95,129,149,2,2,16,16,111,111,126,126,126,137,97,123,123,70,70,70,85,97,97,129,129,229,229,241,261,279,329,46,46,62,81,104,104,104,120,151,168,168,168,168,168,16,45,45],"floor_reached":56,"playtime":2706,"items_purged":[],"score":1540,"play_id":"7e4e9e15-58d7-40e0-a1fb-19ed563911a9","local_time":"20210110125533","is_ascension_mode":true,"campfire_choices":[{"data":"Heavy Blade","floor":6,"key":"SMITH"},{"data":"1","floor":8,"key":"LIFT"},{"data":"Iron Wave","floor":13,"key":"SMITH"},{"data":"2","floor":15,"key":"LIFT"},{"data":"Limit Break","floor":24,"key":"SMITH"},{"data":"3","floor":27,"key":"LIFT"},{"data":"Flex","floor":30,"key":"SMITH"},{"data":"Shockwave","floor":32,"key":"SMITH"},{"floor":40,"key":"RECALL"},{"data":"Body Slam","floor":45,"key":"SMITH"},{"data":"Inflame","floor":49,"key":"SMITH"},{"data":"Pommel Strike","floor":52,"key":"SMITH"}],"circlet_count":0,"master_deck":["Strike_R","Strike_R","Strike_R","Defend_R","Defend_R","Defend_R+1","Defend_R+1","Bash","Iron Wave+1","Inflame+1","Heavy Blade+1","Burning Pact","Shrug It Off+1","Dark Embrace+1","Limit Break+1","Pommel Strike+1","Body Slam+1","Fiend Fire","Whirlwind+1","Reaper","Flex+1","Shockwave+1","Limit Break","Heavy Blade+1","Feel No Pain+1","Seeing Red","Battle Trance+1","Dark Shackles+1"],"relics":["Burning Blood","Girya","Oddly Smooth Stone","Omamori","Frozen Egg 2","Lee\u0027s Waffle","Sozu","Happy Flower","Pantograph","Busted Crown","Thread and Needle","Chemical X","Pen Nib","Pear","War Paint","Bag of Marbles"],"acts_visited":["Exordium","TheCity","TheBeyond","TheEnding"],"potions_floor_usage":[11,14,16,23],"damage_taken":[{"damage":1,"enemies":"Cultist","floor":1,"turns":3},{"damage":7,"enemies":"Small Slimes","floor":3,"turns":4},{"damage":4,"enemies":"2 Louse","floor":4,"turns":3},{"damage":7,"enemies":"Looter","floor":5,"turns":3},{"damage":24,"enemies":"Gremlin Nob","floor":7,"turns":4},{"damage":22,"enemies":"Lagavulin","floor":10,"turns":7},{"damage":10,"enemies":"Gremlin Gang","floor":11,"turns":4},{"damage":10,"enemies":"Exordium Thugs","floor":14,"turns":4},{"damage":18,"enemies":"Slime Boss","floor":16,"turns":6},{"damage":9,"enemies":"2 Thieves","floor":18,"turns":4},{"damage":12,"enemies":"3 Byrds","floor":21,"turns":6},{"damage":18,"enemies":"Gremlin Leader","floor":23,"turns":5},{"damage":0,"enemies":"Centurion and Healer","floor":28,"turns":3},{"damage":0,"enemies":"Snecko","floor":29,"turns":2},{"damage":45,"enemies":"Slavers","floor":31,"turns":4},{"damage":34,"enemies":"Champ","floor":33,"turns":7},{"damage":25,"enemies":"3 Darklings","floor":35,"turns":4},{"damage":18,"enemies":"Orb Walker","floor":36,"turns":5},{"damage":28,"enemies":"4 Shapes","floor":37,"turns":4},{"damage":39,"enemies":"Mind Bloom Boss Battle","floor":38,"turns":5},{"damage":6,"enemies":"Jaw Worm Horde","floor":41,"turns":3},{"damage":16,"enemies":"Spire Growth","floor":42,"turns":3},{"damage":0,"enemies":"3 Darklings","floor":46,"turns":1},{"damage":0,"enemies":"Nemesis","floor":47,"turns":3},{"damage":6,"enemies":"4 Shapes","floor":48,"turns":3},{"damage":33,"enemies":"Awakened One","floor":50,"turns":4},{"damage":17,"enemies":"Shield and Spear","floor":54,"turns":5},{"damage":80,"enemies":"The Heart","floor":55,"turns":6}],"seed_played":"-158807775760750764","potions_obtained":[{"floor":4,"key":"DuplicationPotion"},{"floor":7,"key":"SmokeBomb"},{"floor":10,"key":"Swift Potion"},{"floor":11,"key":"Fire Potion"},{"floor":14,"key":"SteroidPotion"}],"is_trial":false,"path_per_floor":["M","$","M","M","M","R","E","R","T","E","M","$","R","M","R","B",null,"M","?","?","M","?","E","R","$","T","R","M","M","R","E","R","B",null,"M","M","M","?","$","R","M","M","T","?","R","M","E","M","R","B",null,"R","$","E","B",null],"character_chosen":"IRONCLAD","items_purchased":["Lee\u0027s Waffle","Flex","Chemical X","Feel No Pain+1","Seeing Red","War Paint"],"campfire_rested":0,"item_purchase_floors":[12,25,39,39,39,53],"current_hp_per_floor":[77,77,76,78,77,77,59,59,59,43,39,87,87,83,83,71,83,80,80,80,74,74,62,62,62,62,62,86,87,87,78,78,82,86,87,78,87,87,87,87,87,77,77,72,72,78,94,97,97,70,90,90,90,79,44],"gold":45,"neow_bonus":"ONE_RARE_RELIC","is_daily":false,"chose_seed":false,"campfire_upgraded":8,"win_rate":0.0,"timestamp":1610283333,"path_taken":["M","?","M","M","M","R","E","R","T","E","M","?","R","M","R","BOSS","M","?","?","M","?","E","R","$","T","R","?","M","R","E","R","BOSS","M","M","M","?","$","R","M","M","T","?","R","?","E","M","R","BOSS","R","$","E","BOSS"],"items_purchased_type":["Relic","Card","Relic","Card","Card","Relic"],"build_version":"2020-12-22","purchased_purges":0,"victory":true,"max_hp_per_floor":[80,80,80,80,80,80,80,80,80,80,80,87,87,87,87,87,87,87,87,87,87,87,87,87,87,87,87,87,87,87,87,87,87,87,87,87,87,87,87,87,87,87,87,87,87,87,97,97,97,97,97,97,97,97,97],"card_choices":[{"not_picked":["Perfected Strike","Rupture"],"picked":"Iron Wave","floor":1},{"not_picked":["Flex","Armaments"],"picked":"Inflame","floor":3},{"not_picked":["Sever Soul","Dark Embrace","Rupture"],"picked":"SKIP","floor":4},{"not_picked":["Thunderclap","Fire Breathing"],"picked":"Heavy Blade","floor":5},{"not_picked":["Juggernaut","Evolve","Perfected Strike"],"picked":"SKIP","floor":7},{"not_picked":["Body Slam","Combust+1"],"picked":"Burning Pact","floor":10},{"not_picked":["Fire Breathing+1","Cleave"],"picked":"Shrug It Off","floor":11},{"not_picked":["Blood for Blood","Fire Breathing+1"],"picked":"Dark Embrace+1","floor":14},{"not_picked":["Brutality+1","Double Tap"],"picked":"Limit Break","floor":16},{"not_picked":["Rage","Fire Breathing+1"],"picked":"Pommel Strike","floor":18},{"not_picked":["Headbutt","Clothesline"],"picked":"Whirlwind+1","floor":21},{"not_picked":["Searing Blow","Dual Wield"],"picked":"Reaper","floor":23},{"not_picked":["Metallicize+1","Thunderclap"],"picked":"Shockwave","floor":28},{"not_picked":["Anger","Armaments","Sever Soul"],"picked":"SKIP","floor":29},{"not_picked":["Clothesline","Headbutt","Sever Soul"],"picked":"SKIP","floor":31},{"not_picked":["Fiend Fire","Immolate"],"picked":"Limit Break","floor":33},{"not_picked":["Armaments"],"picked":"SKIP","floor":35},{"not_picked":[],"picked":"Heavy Blade+1","floor":36},{"not_picked":["Pommel Strike"],"picked":"SKIP","floor":37},{"not_picked":[],"picked":"Battle Trance+1","floor":41},{"not_picked":["Carnage"],"picked":"SKIP","floor":42},{"not_picked":[],"picked":"Dark Shackles","floor":44},{"not_picked":["Armaments+1"],"picked":"SKIP","floor":46},{"not_picked":["Rupture+1"],"picked":"SKIP","floor":47},{"not_picked":["Thunderclap"],"picked":"SKIP","floor":48},{"not_picked":["Flex+1"],"picked":"SKIP","floor":54}],"player_experience":315220,"relics_obtained":[{"floor":7,"key":"Oddly Smooth Stone"},{"floor":9,"key":"Omamori"},{"floor":10,"key":"Frozen Egg 2"},{"floor":23,"key":"Happy Flower"},{"floor":31,"key":"Pantograph"},{"floor":38,"key":"Thread and Needle"},{"floor":43,"key":"Pen Nib"},{"floor":47,"key":"Pear"},{"floor":54,"key":"Bag of Marbles"}],"event_choices":[{"damage_healed":0,"gold_gain":0,"cards_transformed":["Strike_R","Strike_R"],"player_choice":"Became Test Subject","damage_taken":0,"max_hp_gain":0,"max_hp_loss":0,"event_name":"Drug Dealer","floor":19,"gold_loss":0,"cards_obtained":["Body Slam","Fiend Fire"]},{"damage_healed":0,"gold_gain":0,"player_choice":"Smashed Altar","damage_taken":0,"max_hp_gain":0,"max_hp_loss":0,"event_name":"Forgotten Altar","floor":20,"gold_loss":0,"cards_obtained":["Decay"]},{"damage_healed":0,"gold_gain":0,"player_choice":"Upgraded Two","damage_taken":0,"max_hp_gain":0,"max_hp_loss":0,"event_name":"Designer","floor":22,"gold_loss":40,"cards_upgraded":["Defend_R","Shrug It Off"]},{"damage_healed":0,"gold_gain":0,"player_choice":"Fight","damage_taken":0,"max_hp_gain":0,"max_hp_loss":0,"event_name":"MindBloom","floor":38,"gold_loss":0},{"damage_healed":0,"gold_gain":0,"player_choice":"Memory 2","damage_taken":5,"max_hp_gain":0,"max_hp_loss":0,"event_name":"SensoryStone","floor":44,"gold_loss":0}],"is_beta":false,"boss_relics":[{"not_picked":["Velvet Choker","Philosopher\u0027s Stone"],"picked":"Sozu"},{"not_picked":["SacredBark","SlaversCollar"],"picked":"Busted Crown"}],"items_purged_floors":[],"is_endless":false,"potions_floor_spawned":[4,7,10,11,14,23,31,36,38,42,48],"ascension_level":6}}