{"host":"se62q65hiqxz7cab","time":1610289194,"event":{"mods":["Act Like it!","BaseMod","Colored Map","KinomotoSakuraMod(Ä¾Ö®±¾Ó£)","Minty Spire (QoL Compilation)","Replay The Spire","Shop Mod","StSLib","The Bug Knight","The Cursed","The Servant 0.9.4"],"gold_per_floor":[112,132,132,151,162,162,174,174,244,258,268,318,318,353,353,450,450,467,467,483,463,474,474,492,492,563,563,118,144,161,79,79,184,184,200,240,462,479,49,49,69,69,117,117,131,131,144,174,174,174],"floor_reached":51,"playtime":2984,"items_purged":["Voices","ReplayTheSpireMod:Splinters"],"score":729,"play_id":"54bac6f6-b241-4ad2-a7c0-35f3a7df3066","local_time":"20210110223314","is_ascension_mode":false,"campfire_choices":[{"data":"Blind","floor":6,"key":"SMITH"},{"data":"FlawlessForm","floor":8,"key":"SMITH"},{"data":"Moonlight","floor":13,"key":"SMITH"},{"floor":23,"key":"DIG"},{"data":"Strike_S","floor":25,"key":"PURGE"},{"data":"FloweringNight","floor":27,"key":"SMITH"},{"data":"SilverBlades","floor":32,"key":"SMITH"},{"data":"Initiator","floor":40,"key":"SMITH"},{"data":"RealityMarble","floor":42,"key":"SMITH"},{"floor":44,"key":"DIG"},{"data":"Luminosity","floor":49,"key":"SMITH"}],"circlet_count":0,"master_deck":["Strike_S","Strike_S","Strike_S","Defend_S+1","Defend_S+1","Defend_S+1","Defend_S+1","KidneyShot","Exchange","Blind+1","RealityMarble+1","Moonlight+1","Moonlight","FlawlessForm+1","GearUp","SurpressingFire","BottledTime+1","SurpressingFire","BottledTime","FloweringNight+1","Rearm","Ricochet","SpecialFormula+1","SilverBlades+1","Contraction","Misdirection","Initiator+1","InstantArmor","Luminosity+1","BestPractice+1"],"relics":["SplendidAttire","Mummified Hand","Nunchaku","Replay:Multitool","Potion Belt","Darkstone Periapt","Bronze Scales","Lee\u0027s Waffle","Red Mask","ReplayTheSpireMod:CursedCoin","Replay:Rubber Ducky","Divine Protection","Replay:Bottled Eggs","PreservedInsect","Onion Ring","Ice Cream"],"acts_visited":["Exordium","TheCity","TheBeyond"],"potions_floor_usage":[2,16,50],"damage_taken":[{"damage":1,"enemies":"Cultist","floor":1,"turns":4},{"damage":2,"enemies":"Small Slimes","floor":2,"turns":5},{"damage":0,"enemies":"2 Louse","floor":4,"turns":2},{"damage":9,"enemies":"Exordium Wildlife","floor":5,"turns":4},{"damage":1,"enemies":"Looter","floor":7,"turns":3},{"damage":0,"enemies":"2 Fungi Beasts","floor":10,"turns":5},{"damage":1,"enemies":"Exordium Thugs","floor":11,"turns":7},{"damage":0,"enemies":"Replay:BlueRogue","floor":14,"turns":6},{"damage":0,"enemies":"Hexaghost","floor":16,"turns":12},{"damage":4,"enemies":"Shell Parasite","floor":18,"turns":3},{"damage":0,"enemies":"Chosen","floor":20,"turns":6},{"damage":10,"enemies":"Centurion and Healer","floor":22,"turns":6},{"damage":0,"enemies":"Snake Plant","floor":24,"turns":5},{"damage":0,"enemies":"Masked Bandits","floor":29,"turns":4},{"damage":0,"enemies":"Snecko","floor":30,"turns":4},{"damage":0,"enemies":"Collector","floor":33,"turns":7},{"damage":0,"enemies":"3 Shapes","floor":35,"turns":5},{"damage":0,"enemies":"Orb Walker","floor":38,"turns":3},{"damage":0,"enemies":"Writhing Mass","floor":41,"turns":5},{"damage":0,"enemies":"3 Darklings","floor":45,"turns":5},{"damage":0,"enemies":"Spire Growth","floor":47,"turns":4},{"damage":0,"enemies":"Giant Head","floor":48,"turns":5},{"damage":0,"enemies":"Replay:Hell Engine","floor":50,"turns":9}],"seed_played":"-1369868546029747633","potions_obtained":[{"floor":1,"key":"Block Potion"},{"floor":2,"key":"Fruit Juice"},{"floor":11,"key":"Block Potion"},{"floor":16,"key":"Energy Potion"},{"floor":20,"key":"Explosive Potion"},{"floor":21,"key":"Languid Potion"},{"floor":24,"key":"EssenceOfSteel"},{"floor":29,"key":"SteroidPotion"},{"floor":35,"key":"EntropicBrew"},{"floor":41,"key":"Elixir"}],"is_trial":false,"path_per_floor":["M","M","?","M","M","R","M","R","T","M","M","T","R","E","R","B",null,"M","?","M","?","M","R","M","R","T","R","$","?","M","$","R","B",null,"M","?","?","M","$","R","M","R","T","R","M","?","M","E","R","B",null],"character_chosen":"THE_SERVANT","items_purchased":["SilverBlades","Contraction","Bronze Scales","Lee\u0027s Waffle","ReplayTheSpireMod:CursedCoin","Replay:Rubber Ducky","Luminosity","Replay:Bottled Eggs"],"campfire_rested":0,"item_purchase_floors":[28,28,28,28,31,31,39,39],"current_hp_per_floor":[64,67,67,67,58,58,57,57,57,57,56,56,56,56,70,70,70,66,66,66,66,56,56,56,56,56,56,77,77,77,83,83,83,83,83,89,89,89,89,89,89,89,89,89,89,89,89,89,89,89],"gold":174,"neow_bonus":"RANDOM_COLORLESS","is_daily":false,"chose_seed":false,"campfire_upgraded":8,"win_rate":0.0,"timestamp":1610289194,"path_taken":["M","?","?","?","M","R","?","R","T","M","M","?","R","E","R","BOSS","M","?","M","?","?","R","?","R","T","R","?","?","M","$","R","BOSS","M","?","?","M","$","R","M","R","T","R","?","?","?","E","R","BOSS"],"items_purchased_type":["Card","Card","Relic","Relic","Relic","Relic","Card","Relic"],"build_version":"2020-12-22","purchased_purges":2,"victory":true,"max_hp_per_floor":[65,70,70,70,70,70,70,70,70,70,70,70,70,70,70,70,70,70,70,70,70,70,70,70,70,70,70,77,77,77,83,83,83,83,83,89,89,89,89,89,89,89,89,89,89,89,89,89,89,89],"card_choices":[{"not_picked":["Trip","Mind Blast"],"picked":"Blind","floor":0},{"not_picked":["TimeWarp","Revamp"],"picked":"RealityMarble","floor":1},{"not_picked":["Rearm","BottledTime"],"picked":"Moonlight","floor":2},{"not_picked":["Potential","Shuttle"],"picked":"GearUp","floor":4},{"not_picked":["Manipulate","Replace"],"picked":"SurpressingFire","floor":5},{"not_picked":["Alleviate","ShatteredReality","Spin"],"picked":"SKIP","floor":7},{"not_picked":["GearUp","Rewind"],"picked":"BottledTime","floor":10},{"not_picked":["Replace","Spin"],"picked":"SurpressingFire","floor":11},{"not_picked":["SurpressingFire","StarChef"],"picked":"BottledTime","floor":14},{"not_picked":["Solidify","Duplication"],"picked":"FloweringNight","floor":16},{"not_picked":["Shuttle","Spin"],"picked":"Rearm","floor":18},{"not_picked":["Unruled","Defy"],"picked":"Ricochet","floor":20},{"not_picked":["Defy","Comet","Moondial"],"picked":"SKIP","floor":22},{"not_picked":["Reset","Alleviate"],"picked":"SpecialFormula+1","floor":24},{"not_picked":["Desolation+1","BottledTime+1"],"picked":"Misdirection","floor":30},{"not_picked":["ForgedInTime","FloweringNight"],"picked":"Initiator","floor":33},{"not_picked":["Advance+1","Misdirection"],"picked":"InstantArmor","floor":35},{"not_picked":["Rewind+1","Foresight","Spin"],"picked":"SKIP","floor":38},{"not_picked":["ShatteredReality","BottledTime","Hightail"],"picked":"SKIP","floor":41},{"not_picked":["Alleviate+1","Advance+1","SpecialFormula+1"],"picked":"SKIP","floor":45},{"not_picked":["Deny","Shuttle","StarChef+1"],"picked":"SKIP","floor":47},{"not_picked":["Contraction","Unruled+1"],"picked":"BestPractice+1","floor":48}],"player_experience":180295,"relics_obtained":[{"floor":9,"key":"Mummified Hand"},{"floor":12,"key":"Nunchaku"},{"floor":14,"key":"Replay:Multitool"},{"floor":23,"key":"Potion Belt"},{"floor":26,"key":"Darkstone Periapt"},{"floor":29,"key":"Red Mask"},{"floor":36,"key":"Divine Protection"},{"floor":43,"key":"PreservedInsect"},{"floor":44,"key":"Onion Ring"},{"floor":48,"key":"Ice Cream"}],"event_choices":[{"damage_healed":0,"gold_gain":0,"player_choice":"2 cards matched","damage_taken":0,"max_hp_gain":0,"max_hp_loss":0,"event_name":"Match and Keep!","floor":3,"gold_loss":0,"cards_obtained":["Moonlight","FlawlessForm"]},{"damage_healed":0,"gold_gain":0,"player_choice":"Ignored","damage_taken":0,"max_hp_gain":0,"max_hp_loss":0,"event_name":"Vampires","floor":19,"gold_loss":0},{"damage_healed":0,"gold_gain":0,"player_choice":"Bought 1 Potion","damage_taken":0,"max_hp_gain":0,"max_hp_loss":0,"event_name":"The Woman in Blue","floor":21,"gold_loss":0},{"damage_healed":0,"gold_gain":0,"player_choice":"Fought Bandits","damage_taken":0,"max_hp_gain":0,"max_hp_loss":0,"event_name":"Masked Bandits","floor":29,"gold_loss":0},{"damage_healed":0,"gold_gain":222,"player_choice":"Wore Mask","damage_taken":0,"max_hp_gain":0,"max_hp_loss":0,"event_name":"Tomb of Lord Red Mask","floor":37,"gold_loss":0},{"damage_healed":0,"gold_gain":0,"player_choice":"Ignored","damage_taken":0,"max_hp_gain":0,"max_hp_loss":0,"event_name":"NoteForYourself","floor":46,"gold_loss":0}],"is_beta":false,"boss_relics":[{"not_picked":["Snecko Eye","SacredBark"],"picked":"SplendidAttire"},{"not_picked":["Ring of Chaos","Pandora\u0027s Box","Replay:Drink Me"]}],"items_purged_floors":[31,39],"is_endless":false,"potions_floor_spawned":[1,2,11,16,20,24,29,35,41],"ascension_level":0}}