{"host":"Krakhan","time":1610317510,"event":{"mods":["AchievementEnabler","BaseMod","Colored Map","Colored Powertips","Faster Ascension Climbing","Highlight Path","Minty Spire (QoL Compilation)","Rare Cards Sparkle","Relic Stats","StSLib"],"gold_per_floor":[12,24,24,34,50,50,68,68,94,94,94,108,128,138,138,236,236,246,171,188,64,84,84,94,94,94,112,112,124,124,134,134,238,238,250,125,125,143,153,186,186,186,186],"floor_reached":42,"playtime":1547,"items_purged":["Strike_R","Strike_R","Strike_R"],"score":451,"play_id":"c4ba30cb-8ab7-418e-9fd5-238cf6c7c068","local_time":"20210110172510","is_ascension_mode":false,"campfire_choices":[{"data":"Rampage","floor":6.0,"key":"SMITH"},{"data":"Defend_R","floor":11.0,"key":"SMITH"},{"data":"Defend_R","floor":15.0,"key":"SMITH"},{"data":"Pommel Strike","floor":23,"key":"SMITH"},{"floor":25,"key":"REST"},{"floor":28,"key":"REST"},{"data":"Demon Form","floor":32,"key":"SMITH"},{"floor":41,"key":"REST"}],"circlet_count":0,"master_deck":["Defend_R+1","Defend_R+1","Bash+1","Rampage+1","Demon Form+1","Pommel Strike+1"],"relics":["Burning Blood","Oddly Smooth Stone","Empty Cage","Bottled Flame","SacredBark","CeramicFish"],"acts_visited":["Exordium","TheCity","TheBeyond"],"potions_floor_usage":[22,35,40,40,42],"damage_taken":[{"damage":4.0,"enemies":"2 Louse","floor":1.0,"turns":3.0},{"damage":6.0,"enemies":"Cultist","floor":2.0,"turns":3.0},{"damage":11.0,"enemies":"Jaw Worm","floor":4.0,"turns":2.0},{"damage":0.0,"enemies":"Exordium Wildlife","floor":5.0,"turns":3.0},{"damage":22.0,"enemies":"Large Slime","floor":7.0,"turns":6.0},{"damage":9.0,"enemies":"2 Fungi Beasts","floor":12.0,"turns":4.0},{"damage":22.0,"enemies":"Exordium Wildlife","floor":13.0,"turns":4.0},{"damage":12.0,"enemies":"Gremlin Gang","floor":14.0,"turns":6.0},{"damage":32.0,"enemies":"Hexaghost","floor":16.0,"turns":7.0},{"damage":9.0,"enemies":"Spheric Guardian","floor":18.0,"turns":4.0},{"damage":13,"enemies":"Shell Parasite","floor":20,"turns":8},{"damage":40,"enemies":"Shelled Parasite and Fungi","floor":22,"turns":6},{"damage":6,"enemies":"Snecko","floor":24,"turns":5},{"damage":42,"enemies":"Snake Plant","floor":27,"turns":6},{"damage":10,"enemies":"Cultist and Chosen","floor":29,"turns":6},{"damage":4,"enemies":"Snecko","floor":31,"turns":4},{"damage":18,"enemies":"Champ","floor":33,"turns":9},{"damage":65,"enemies":"3 Darklings","floor":35,"turns":6},{"damage":23,"enemies":"Orb Walker","floor":38,"turns":4},{"damage":14,"enemies":"Sphere and 2 Shapes","floor":39,"turns":6},{"damage":55,"enemies":"Giant Head","floor":40,"turns":7},{"damage":149,"enemies":"Nemesis","floor":42,"turns":7}],"seed_played":"-1858045396251417070","potions_obtained":[{"floor":1.0,"key":"BlessingOfTheForge"},{"floor":2.0,"key":"LiquidBronze"},{"floor":4.0,"key":"BloodPotion"},{"floor":16.0,"key":"ElixirPotion"},{"floor":24,"key":"BloodPotion"},{"floor":29,"key":"BloodPotion"},{"floor":40,"key":"BloodPotion"}],"is_trial":false,"path_per_floor":["M","M","$","M","M","R","M","?","T","?","R","M","M","M","R","B",null,"M","$","M","$","M","R","M","R","T","M","R","M","$","M","R","B",null,"M","$","?","M","M","E","R","E"],"character_chosen":"IRONCLAD","items_purchased":["Pommel Strike"],"campfire_rested":3,"item_purchase_floors":[21],"current_hp_per_floor":[80,80,80,75,80,80,64,69,69,69,69,66,50,44,44,18,85,82,82,75,75,41,41,41,66,66,30,55,51,51,53,53,41,85,60,60,60,43,35,52,77,0,0],"gold":186,"neow_bonus":"REMOVE_TWO","is_daily":false,"chose_seed":false,"campfire_upgraded":5,"win_rate":0.0,"timestamp":1610317510,"path_taken":["M","M","$","M","M","R","M","?","T","?","R","M","M","?","R","BOSS","M","?","M","$","M","R","?","R","T","M","R","M","$","M","R","BOSS","M","$","?","M","M","E","R","E"],"items_purchased_type":["Card"],"build_version":"2020-12-18","purchased_purges":3,"victory":false,"max_hp_per_floor":[80,80,80,80,80,80,80,85,85,85,85,85,85,85,85,85,85,85,85,85,85,85,85,85,85,85,85,85,85,85,85,85,85,85,85,85,85,85,85,85,85,85,85],"relic_stats":{"counters":[22,116],"CeramicFish":0,"obtain_stats":[{"Bottled Flame":26,"SacredBark":34,"CeramicFish":40,"Oddly Smooth Stone":9,"Empty Cage":17,"Burning Blood":0},{"Bottled Flame":13,"SacredBark":17,"CeramicFish":21,"Oddly Smooth Stone":5,"Empty Cage":9,"Burning Blood":0},{"Bottled Flame":61,"SacredBark":86,"CeramicFish":109,"Oddly Smooth Stone":17,"Empty Cage":38,"Burning Blood":0}],"Burning Blood":123},"card_choices":[{"not_picked":["Infernal Blade","Headbutt","Perfected Strike"],"picked":"SKIP","floor":1.0},{"not_picked":["Second Wind","Evolve"],"picked":"Rampage","floor":2.0},{"not_picked":["Havoc","Heavy Blade","Evolve"],"picked":"SKIP","floor":4.0},{"not_picked":["Shrug It Off","Cleave","Twin Strike"],"picked":"SKIP","floor":5.0},{"not_picked":["Wild Strike","Infernal Blade","Evolve"],"picked":"SKIP","floor":7.0},{"not_picked":["Warcry","Clash","Sword Boomerang"],"picked":"SKIP","floor":12.0},{"not_picked":["Bloodletting","Wild Strike","Iron Wave"],"picked":"SKIP","floor":13.0},{"not_picked":["Sentinel","Corruption","Wild Strike"],"picked":"SKIP","floor":14.0},{"not_picked":["Fiend Fire","Offering"],"picked":"Demon Form","floor":16.0},{"not_picked":["Searing Blow","Havoc+1","Thunderclap"],"picked":"SKIP","floor":18.0},{"not_picked":["Iron Wave+1","Disarm","Armaments"],"picked":"SKIP","floor":20},{"not_picked":["Perfected Strike","Clothesline","Headbutt"],"picked":"SKIP","floor":22},{"not_picked":["Twin Strike+1","Anger+1","Sever Soul"],"picked":"SKIP","floor":24},{"not_picked":["Sentinel+1","Second Wind","Pummel+1"],"picked":"SKIP","floor":27},{"not_picked":["Burning Pact+1","Perfected Strike","Hemokinesis"],"picked":"SKIP","floor":29},{"not_picked":["Inflame","Body Slam","Second Wind"],"picked":"SKIP","floor":31},{"not_picked":["Cleave","Armaments","Rage"],"picked":"SKIP","floor":35},{"not_picked":["Rage+1","Sword Boomerang","Anger+1"],"picked":"SKIP","floor":38},{"not_picked":["Entrench","Clothesline+1","Uppercut+1"],"picked":"SKIP","floor":39},{"not_picked":["Shockwave","Feed","Entrench+1"],"picked":"SKIP","floor":40}],"player_experience":1306572,"relics_obtained":[{"floor":9.0,"key":"Oddly Smooth Stone"},{"floor":26,"key":"Bottled Flame"},{"floor":40,"key":"CeramicFish"}],"event_choices":[{"damage_healed":0.0,"max_hp_gain":5.0,"max_hp_loss":0.0,"gold_gain":0.0,"event_name":"Big Fish","player_choice":"Donut","floor":8.0,"gold_loss":0.0,"damage_taken":0.0},{"damage_healed":0.0,"max_hp_gain":0.0,"max_hp_loss":0.0,"gold_gain":0.0,"event_name":"Accursed Blacksmith","player_choice":"Forge","floor":10.0,"gold_loss":0.0,"damage_taken":0.0,"cards_upgraded":["Bash"]},{"damage_healed":0,"gold_gain":0,"player_choice":"Memory 1","damage_taken":0,"max_hp_gain":0,"max_hp_loss":0,"event_name":"SensoryStone","floor":37,"gold_loss":0}],"is_beta":true,"boss_relics":[{"not_picked":["Coffee Dripper","Fusion Hammer"],"picked":"Empty Cage"},{"not_picked":["Busted Crown","Pandora\u0027s Box"],"picked":"SacredBark"}],"items_purged_floors":[19,21,36],"is_endless":false,"potions_floor_spawned":[1,2,4,12,16,24,29,40],"killed_by":"Nemesis","ascension_level":0}}