{"host":"og6lam4kt3nibbw0","time":1610307877,"event":{"mods":["AchievementEnabler","BaseMod","Colored Map","DeckTracker","Highlight Path","Keyboard Shortcuts","Minty Spire (QoL Compilation)","Permanent Neow","Quick Restart","StSLib","SuperFastMode"],"gold_per_floor":[117,136,136,147,164,164,9,23,73,90,4,4,4,19,19,93,93,105,85,97,97,107,107,157,157,157,7,25,35,35,35,35],"floor_reached":31,"playtime":1408,"items_purged":["Strike_B","Multi-Cast"],"score":458,"play_id":"eca52a44-0289-48ab-8616-f376935e131e","local_time":"20210111044437","is_ascension_mode":true,"campfire_choices":[{"data":"Recycle","floor":6.0,"key":"SMITH"},{"data":"Hologram","floor":13,"key":"SMITH"},{"data":"Go for the Eyes","floor":15,"key":"SMITH"},{"data":"Zap","floor":23,"key":"SMITH"},{"data":"Self Repair","floor":25,"key":"SMITH"},{"floor":30,"key":"REST"}],"circlet_count":0,"master_deck":["AscendersBane","Zap+1","Dualcast+1","Redo","Recycle+1","Glacier","FTL","Compile Driver","Genetic Algorithm","Doom and Gloom","Self Repair+1","All For One","Go for the Eyes+1","Hologram+1","Parasite","Skim","Echo Form","Reinforced Body","BootSequence","Echo Form","Scrape","Chill","Gash","Seek"],"relics":["Cracked Core","Bag of Preparation","Pandora\u0027s Box","Bottled Tornado"],"acts_visited":["Exordium","TheCity"],"potions_floor_usage":[20,28],"damage_taken":[{"damage":7.0,"enemies":"Jaw Worm","floor":1.0,"turns":3.0},{"damage":1.0,"enemies":"Cultist","floor":2.0,"turns":5.0},{"damage":0.0,"enemies":"2 Louse","floor":4.0,"turns":2.0},{"damage":16.0,"enemies":"Lots of Slimes","floor":5.0,"turns":5.0},{"damage":13,"enemies":"Blue Slaver","floor":8,"turns":5},{"damage":6,"enemies":"Looter","floor":10,"turns":3},{"damage":6,"enemies":"Exordium Thugs","floor":14,"turns":4},{"damage":30,"enemies":"The Guardian","floor":16,"turns":15},{"damage":15,"enemies":"Spheric Guardian","floor":18,"turns":6},{"damage":18,"enemies":"Shell Parasite","floor":20,"turns":7},{"damage":19,"enemies":"Snecko","floor":22,"turns":6},{"damage":18,"enemies":"Cultist and Chosen","floor":28,"turns":9},{"damage":29,"enemies":"Snake Plant","floor":29,"turns":6},{"damage":49,"enemies":"Slavers","floor":31,"turns":5}],"seed_played":"-8644508957079787736","potions_obtained":[{"floor":1.0,"key":"FearPotion"},{"floor":8,"key":"Regen Potion"},{"floor":10,"key":"Swift Potion"},{"floor":19,"key":"PowerPotion"},{"floor":29,"key":"Ancient Potion"}],"is_trial":false,"path_per_floor":["M","M","?","M","M","R","$","M","T","M","$","?","R","M","R","B",null,"M","?","M","?","M","R","?","R","T","$","M","M","R","E"],"character_chosen":"DEFECT","items_purchased":["Doom and Gloom","Go for the Eyes","Hologram","Gash"],"campfire_rested":1,"item_purchase_floors":[7,11,11,27],"current_hp_per_floor":[57,56,56,56,40,40,40,27,27,28,28,44,44,45,45,22,54,53,53,42,42,30,30,30,30,30,30,37,28,47,0,0],"gold":35,"neow_bonus":"TRANSFORM_TWO_CARDS","is_daily":false,"chose_seed":false,"campfire_upgraded":5,"win_rate":0.0,"timestamp":1610307877,"path_taken":["M","M","?","M","M","R","$","?","T","?","$","?","R","M","R","BOSS","M","?","?","?","M","R","?","R","T","$","M","M","R","E"],"items_purchased_type":["Card","Card","Card","Card"],"build_version":"2020-12-22","purchased_purges":2,"victory":false,"max_hp_per_floor":[64,64,64,64,64,64,64,64,64,64,64,64,64,64,64,64,64,64,64,64,64,64,64,64,64,64,64,64,64,64,64,64],"card_choices":[{"not_picked":["Darkness","Barrage"],"picked":"Glacier","floor":1.0},{"not_picked":["Blizzard","Hologram"],"picked":"FTL","floor":2.0},{"not_picked":["Reprogram","Streamline"],"picked":"Compile Driver","floor":4.0},{"not_picked":["Reprogram","Cold Snap"],"picked":"Genetic Algorithm","floor":5.0},{"not_picked":["Beam Cell","Coolheaded"],"picked":"Self Repair","floor":8},{"not_picked":["Static Discharge","Gash"],"picked":"All For One","floor":10},{"not_picked":["Sweeping Beam","Rebound"],"picked":"Skim","floor":14},{"not_picked":["Hyperbeam","Amplify"],"picked":"Echo Form","floor":16},{"not_picked":["Compile Driver","Streamline","Hologram"],"picked":"SKIP","floor":18},{"not_picked":["Reinforced Body","Melter","Compile Driver"],"picked":"SKIP","floor":20},{"not_picked":["Streamline","Steam"],"picked":"Chill","floor":22},{"not_picked":["Rebound","Auto Shields"],"picked":"Seek","floor":28},{"not_picked":["Barrage+1","Force Field","Scrape"],"picked":"SKIP","floor":29}],"player_experience":849778,"relics_obtained":[{"floor":9,"key":"Bag of Preparation"},{"floor":26,"key":"Bottled Tornado"}],"event_choices":[{"damage_healed":0.0,"max_hp_gain":0.0,"max_hp_loss":0.0,"gold_gain":0.0,"event_name":"Upgrade Shrine","player_choice":"Upgraded","floor":3.0,"gold_loss":0.0,"damage_taken":0.0,"cards_upgraded":["Dualcast"]},{"damage_healed":16,"gold_gain":0,"player_choice":"Healed and dodged fight","damage_taken":0,"max_hp_gain":0,"max_hp_loss":0,"event_name":"Mushrooms","floor":12,"gold_loss":0,"cards_obtained":["Parasite"]},{"damage_healed":0,"gold_gain":0,"player_choice":"Bought 1 Potion","damage_taken":0,"max_hp_gain":0,"max_hp_loss":0,"event_name":"The Woman in Blue","floor":19,"gold_loss":0},{"damage_healed":0,"gold_gain":0,"player_choice":"Ignored","damage_taken":0,"max_hp_gain":0,"max_hp_loss":0,"event_name":"Ghosts","floor":21,"gold_loss":0},{"damage_healed":0,"gold_gain":100,"player_choice":"Bet on Murderer","damage_taken":0,"max_hp_gain":0,"max_hp_loss":0,"event_name":"The Joust","floor":24,"gold_loss":50}],"is_beta":false,"boss_relics":[{"not_picked":["Snecko Eye","Philosopher\u0027s Stone"],"picked":"Pandora\u0027s Box"}],"items_purged_floors":[7,27],"is_endless":false,"potions_floor_spawned":[1,8,10,16,18,29],"killed_by":"Slavers","ascension_level":20}}