{"host":"359hz4210ybch7ku","time":1610311925,"event":{"mods":["BaseMod","Block Reminder","Colored Map","Colored Powertips","Highlight Path","Minty Spire (QoL Compilation)","Slay the Relics Exporter","StSLib"],"gold_per_floor":[114,130,130,150,25,55,55,82,82,82,7,7,20,20,20,139,139,162,186,35,56,56,56,56],"floor_reached":23,"playtime":1402,"items_purged":["Defend_P","Prostrate"],"score":269,"play_id":"c4f4d803-2674-4209-beb1-23dd6315021e","local_time":"20210110125205","is_ascension_mode":true,"campfire_choices":[{"floor":10,"key":"REST"},{"data":"Alpha","floor":15,"key":"SMITH"}],"circlet_count":0,"master_deck":["Strike_P","Strike_P","Strike_P","Defend_P","Defend_P","Defend_P","Vigilance","Alpha+1","BowlingBash","Study","DeceiveReality+1"],"relics":["HolyWater","Sundial","Unceasing Top","Bird Faced Urn","Golden Idol"],"acts_visited":["Exordium","TheCity"],"potions_floor_usage":[6,8,16,18,21,23,23],"damage_taken":[{"damage":0,"enemies":"Cultist","floor":1,"turns":3},{"damage":12,"enemies":"2 Louse","floor":2,"turns":3},{"damage":7,"enemies":"Jaw Worm","floor":4,"turns":3},{"damage":13,"enemies":"3 Sentries","floor":6,"turns":4},{"damage":28,"enemies":"Gremlin Nob","floor":8,"turns":4},{"damage":16,"enemies":"Blue Slaver","floor":13,"turns":3},{"damage":25,"enemies":"Hexaghost","floor":16,"turns":5},{"damage":21,"enemies":"Chosen","floor":18,"turns":5},{"damage":21,"enemies":"2 Thieves","floor":19,"turns":3},{"damage":12,"enemies":"Cultist and Chosen","floor":21,"turns":3},{"damage":24,"enemies":"Gremlin Leader","floor":23,"turns":2}],"seed_played":"-5055035906613198570","potions_obtained":[{"floor":6,"key":"Energy Potion"},{"floor":8,"key":"Explosive Potion"},{"floor":13,"key":"DuplicationPotion"},{"floor":16,"key":"SpeedPotion"},{"floor":19,"key":"EssenceOfSteel"}],"is_trial":false,"path_per_floor":["M","M","?","M","$","E","?","E","T","R","$","?","M","?","R","B",null,"M","M","$","M","?","E"],"character_chosen":"WATCHER","items_purchased":["Study","Fire Potion","SkillPotion"],"campfire_rested":1,"item_purchase_floors":[5,5,20],"current_hp_per_floor":[72,60,60,53,53,40,33,5,5,26,26,26,14,36,36,17,67,46,27,27,19,19,0,0],"gold":56,"neow_bonus":"ONE_RANDOM_RARE_CARD","is_daily":false,"chose_seed":false,"campfire_upgraded":1,"win_rate":0.0,"timestamp":1610311925,"path_taken":["M","M","?","M","$","E","?","E","T","R","$","?","?","?","R","BOSS","M","M","$","M","?","E"],"items_purchased_type":["Card","Potion","Potion"],"build_version":"2020-12-22","purchased_purges":2,"victory":false,"max_hp_per_floor":[72,72,72,72,72,72,72,72,72,72,72,67,67,67,67,67,67,67,67,67,67,67,67,67],"card_choices":[{"not_picked":["BowlingBash","MentalFortress"],"picked":"Prostrate","floor":1},{"not_picked":["WheelKick","FollowUp"],"picked":"BowlingBash","floor":2},{"not_picked":["Meditate","EmptyFist","EmptyBody"],"picked":"SKIP","floor":4},{"not_picked":["Protect","FollowUp","Consecrate"],"picked":"SKIP","floor":6},{"not_picked":["ReachHeaven","BattleHymn","Halt"],"picked":"SKIP","floor":8},{"not_picked":["JustLucky","ThirdEye","Fasting2"],"picked":"SKIP","floor":13},{"not_picked":["JustLucky","ThirdEye","Consecrate"],"picked":"SKIP","floor":18},{"not_picked":["PathToVictory","FlurryOfBlows","WreathOfFlame+1"],"picked":"SKIP","floor":19},{"not_picked":["Evaluate","SandsOfTime+1"],"picked":"DeceiveReality+1","floor":21}],"player_experience":181508,"relics_obtained":[{"floor":6,"key":"Sundial"},{"floor":8,"key":"Unceasing Top"},{"floor":9,"key":"Bird Faced Urn"}],"event_choices":[{"cards_removed":["Strike_P"],"damage_healed":0,"gold_gain":0,"player_choice":"Forget","damage_taken":0,"max_hp_gain":0,"max_hp_loss":0,"event_name":"Living Wall","floor":3,"gold_loss":0},{"cards_removed":["Eruption"],"damage_healed":0,"gold_gain":0,"player_choice":"Card Removal","damage_taken":7,"max_hp_gain":0,"max_hp_loss":0,"event_name":"Golden Wing","floor":7,"gold_loss":0},{"damage_healed":0,"gold_gain":0,"player_choice":"Lose Max HP","damage_taken":0,"relics_obtained":["Golden Idol"],"max_hp_gain":0,"max_hp_loss":5,"event_name":"Golden Idol","floor":12,"gold_loss":0},{"damage_healed":22,"gold_gain":0,"player_choice":"Banana","damage_taken":0,"max_hp_gain":0,"max_hp_loss":0,"event_name":"Big Fish","floor":14,"gold_loss":0}],"is_beta":false,"boss_relics":[{"not_picked":["Cursed Key","Sozu"],"picked":"HolyWater"}],"items_purged_floors":[11,20],"is_endless":false,"potions_floor_spawned":[6,8,13,16,19],"killed_by":"Gremlin Leader","ascension_level":4}}