{"host":"w3q5ijqu8eoknil3","time":1610277883,"event":{"mods":["AchievementEnabler","BaseMod","Block Reminder","Colored Map","Colored Powertips","Curses Come First","Minty Spire (QoL Compilation)","Quick Restart","Relic Stats","StSLib","ojb\u0027s Better Paths Mod","ojb\u0027s Info Mod","slay the spire mod where everything is the same but ironclad has a cowboy hat"],"gold_per_floor":[112,112,112,122,122,122,122,149,199,231,255,25,45,57,57,132,132,148,162,162,178,15,41,41,51,51,79,79,79,91,105,105,182,182,196,209,209,18,31,65,65,85,138,473,473,473,473,486,486,486],"floor_reached":51,"playtime":2422,"items_purged":["Strike_G"],"score":1522,"play_id":"b397323b-589e-443b-b5fc-417d86c015f3","local_time":"20210110112443","is_ascension_mode":true,"campfire_choices":[{"data":"Blade Dance","floor":6.0,"key":"SMITH"},{"floor":15.0,"key":"REST"},{"data":"Venomology","floor":24.0,"key":"SMITH"},{"data":"After Image","floor":32,"key":"SMITH"},{"data":"Eviscerate","floor":41,"key":"SMITH"},{"data":"Calculated Gamble","floor":45,"key":"SMITH"},{"floor":49,"key":"RECALL"}],"circlet_count":0,"master_deck":["AscendersBane","Survivor+1","Neutralize+1","Dash+1","Blade Dance+1","Night Terror+1","Terror+1","Venomology+1","Noxious Fumes+1","Cloak And Dagger+1","Calculated Gamble+1","After Image+1","Footwork+1","Crippling Poison+1","Envenom+1","Die Die Die+1","After Image+1","Endless Agony+1","Grand Finale+1","Malaise+1","Blur+1","Masterful Stab+1","Choke+1","Bouncing Flask+1","PiercingWail+1","Acrobatics+1","Dagger Spray+1","Necronomicurse","Corpse Explosion+1","Eviscerate+1","A Thousand Cuts+1","Expertise+1","Blur+1","Footwork+1","Doppelganger+1","Blade Dance+1","Predator+1","Flying Knee+1"],"relics":["Runic Dome","FossilizedHelix","Akabeko","Anchor","Nunchaku","Bronze Scales","Pandora\u0027s Box","Potion Belt","Toy Ornithopter","Turnip","The Courier","Necronomicon","Coffee Dripper","Strawberry","Whetstone","Boot","Old Coin","Mark of the Bloom"],"acts_visited":["Exordium","TheCity","TheBeyond"],"potions_floor_usage":[30,33,33,33,36,36,40,40,40,50,50,50,50,50],"damage_taken":[{"damage":2.0,"enemies":"Small Slimes","floor":1.0,"turns":5.0},{"damage":0.0,"enemies":"Cultist","floor":4.0,"turns":4.0},{"damage":13.0,"enemies":"Gremlin Nob","floor":8.0,"turns":4.0},{"damage":0.0,"enemies":"3 Sentries","floor":10.0,"turns":8.0},{"damage":0.0,"enemies":"Jaw Worm","floor":13.0,"turns":4.0},{"damage":0.0,"enemies":"Blue Slaver","floor":14.0,"turns":2.0},{"damage":21.0,"enemies":"The Guardian","floor":16.0,"turns":11.0},{"damage":0.0,"enemies":"3 Byrds","floor":18.0,"turns":2.0},{"damage":0.0,"enemies":"Chosen","floor":19.0,"turns":5.0},{"damage":8.0,"enemies":"Snake Plant","floor":21.0,"turns":2.0},{"damage":0.0,"enemies":"Book of Stabbing","floor":23.0,"turns":6.0},{"damage":0.0,"enemies":"Snecko","floor":25.0,"turns":6.0},{"damage":20.0,"enemies":"Gremlin Leader","floor":27.0,"turns":7.0},{"damage":2.0,"enemies":"Shelled Parasite and Fungi","floor":28.0,"turns":5.0},{"damage":11,"enemies":"Centurion and Healer","floor":30,"turns":7},{"damage":0,"enemies":"Snecko","floor":31,"turns":4},{"damage":24,"enemies":"Automaton","floor":33,"turns":9},{"damage":0,"enemies":"3 Shapes","floor":35,"turns":4},{"damage":0,"enemies":"3 Darklings","floor":36,"turns":4},{"damage":28,"enemies":"Jaw Worm Horde","floor":39,"turns":3},{"damage":26,"enemies":"Giant Head","floor":40,"turns":8},{"damage":7,"enemies":"Maw","floor":42,"turns":6},{"damage":0,"enemies":"Nemesis","floor":44,"turns":5},{"damage":0,"enemies":"Sphere and 2 Shapes","floor":48,"turns":3},{"damage":11,"enemies":"Time Eater","floor":50,"turns":8}],"seed_played":"5734182320971453373","potions_obtained":[{"floor":1.0,"key":"Strength Potion"},{"floor":8.0,"key":"PowerPotion"},{"floor":13.0,"key":"DistilledChaos"},{"floor":16.0,"key":"BlessingOfTheForge"},{"floor":21.0,"key":"FearPotion"},{"floor":25.0,"key":"Regen Potion"},{"floor":30,"key":"GhostInAJar"},{"floor":33,"key":"AttackPotion"},{"floor":35,"key":"Fire Potion"},{"floor":36,"key":"FearPotion"}],"is_trial":false,"path_per_floor":["M","?","$","M","?","R","?","E","T","E","T","$","M","M","R","B",null,"M","M","?","M","$","E","R","M","T","E","M","?","M","M","R","B",null,"M","M","?","$","M","E","R","M","T","E","R","?","?","M","R","B",null],"character_chosen":"THE_SILENT","items_purchased":["Venomology","Noxious Fumes","Potion Belt","Footwork","Strawberry"],"campfire_rested":1,"item_purchase_floors":[12,12,22,38,38],"current_hp_per_floor":[57,53,53,53,58,58,23,10,10,10,10,10,10,10,31,10,56,56,56,56,48,48,48,48,48,48,58,61,40,34,34,34,25,60,60,70,70,77,49,38,38,31,31,31,31,31,31,31,31,20],"gold":486,"neow_bonus":"BOSS_RELIC","is_daily":false,"chose_seed":false,"campfire_upgraded":5,"win_rate":0.0,"timestamp":1610277883,"path_taken":["M","?","?","?","?","R","?","E","T","E","?","$","?","M","R","BOSS","M","M","?","M","$","E","R","M","T","E","?","?","M","M","R","BOSS","M","M","?","$","M","E","R","M","T","E","R","?","?","M","R","BOSS"],"items_purchased_type":["Card","Card","Relic","Card","Relic"],"build_version":"2020-12-22","purchased_purges":1,"victory":true,"max_hp_per_floor":[66,66,66,66,71,71,71,71,71,71,71,71,71,71,71,71,71,71,71,71,71,71,71,71,71,71,71,71,71,71,71,71,71,71,71,71,71,78,78,78,78,78,78,78,78,74,74,74,74,74],"relic_stats":{"Nunchaku":[26],"Mark of the Bloom":25,"counters":[25,132],"Bronze Scales":[344],"Pandora\u0027s Box":["Footwork","Crippling Poison","Envenom","Die Die Die","PiercingWail","After Image","Endless Agony","Grand Finale","Malaise"],"Turnip":[20],"Necronomicon":[22],"Whetstone":["Die Die Die","Dagger Spray"],"Boot":[51],"obtain_stats":[{"Potion Belt":22,"Mark of the Bloom":47,"The Courier":27,"Whetstone":40,"Boot":43,"Akabeko":8,"Old Coin":44,"Runic Dome":0,"Anchor":9,"Nunchaku":10,"Bronze Scales":11,"Strawberry":38,"Pandora\u0027s Box":17,"Turnip":26,"Necronomicon":29,"Coffee Dripper":34,"FossilizedHelix":7,"Toy Ornithopter":23,"Ring of the Snake":0},{"Potion Belt":10,"Mark of the Bloom":23,"The Courier":13,"Whetstone":21,"Boot":22,"Akabeko":3,"Old Coin":23,"Runic Dome":0,"Anchor":3,"Nunchaku":4,"Bronze Scales":4,"Strawberry":19,"Pandora\u0027s Box":7,"Turnip":12,"Necronomicon":14,"Coffee Dripper":17,"FossilizedHelix":2,"Toy Ornithopter":11,"Ring of the Snake":0},{"Potion Belt":47,"Mark of the Bloom":121,"The Courier":66,"Whetstone":110,"Boot":116,"Akabeko":13,"Old Coin":121,"Runic Dome":0,"Anchor":13,"Nunchaku":21,"Bronze Scales":21,"Strawberry":99,"Pandora\u0027s Box":38,"Turnip":59,"Necronomicon":71,"Coffee Dripper":91,"FossilizedHelix":9,"Toy Ornithopter":53,"Ring of the Snake":0}],"Toy Ornithopter":65},"card_choices":[{"not_picked":["Dagger Throw","Crippling Poison"],"picked":"Dash","floor":1.0},{"not_picked":["Deadly Poison","Deflect"],"picked":"Blade Dance","floor":4.0},{"not_picked":["Dagger Throw","Endless Agony"],"picked":"Night Terror","floor":8.0},{"not_picked":["Dagger Throw","Cloak And Dagger"],"picked":"Terror","floor":10.0},{"not_picked":["Underhanded Strike","Escape Plan"],"picked":"Cloak And Dagger","floor":13.0},{"not_picked":["Outmaneuver","Slice"],"picked":"Calculated Gamble","floor":14.0},{"not_picked":["Storm of Steel","A Thousand Cuts"],"picked":"After Image","floor":16.0},{"not_picked":["Acrobatics","Deflect+1"],"picked":"Blur","floor":18.0},{"not_picked":["Outmaneuver","Underhanded Strike"],"picked":"Masterful Stab","floor":19.0},{"not_picked":["Setup","Prepared"],"picked":"Bouncing Flask","floor":21.0},{"not_picked":["Accuracy","Backflip"],"picked":"PiercingWail","floor":23.0},{"not_picked":["Dagger Throw","Calculated Gamble"],"picked":"Acrobatics","floor":25.0},{"not_picked":["Cloak And Dagger","Outmaneuver"],"picked":"Dagger Spray","floor":27.0},{"not_picked":["Expertise","Deadly Poison"],"picked":"Corpse Explosion","floor":30},{"not_picked":["Poisoned Stab","Dagger Throw"],"picked":"Eviscerate","floor":31},{"not_picked":["Tools of the Trade","Burst"],"picked":"A Thousand Cuts","floor":33},{"not_picked":["Prepared","Flying Knee"],"picked":"Expertise+1","floor":35},{"not_picked":["Acrobatics","Prepared"],"picked":"Blur+1","floor":36},{"not_picked":["Slice","Outmaneuver","Dodge and Roll"],"picked":"SKIP","floor":39},{"not_picked":["Dagger Spray+1","Blade Dance"],"picked":"Doppelganger","floor":40},{"not_picked":["Crippling Poison","Heel Hook"],"picked":"Blade Dance+1","floor":42},{"not_picked":["After Image","All Out Attack"],"picked":"Predator","floor":44},{"not_picked":["Heel Hook","Predator"],"picked":"Flying Knee+1","floor":48}],"player_experience":951385,"relics_obtained":[{"floor":8.0,"key":"Akabeko"},{"floor":9.0,"key":"Anchor"},{"floor":10.0,"key":"Nunchaku"},{"floor":11.0,"key":"Bronze Scales"},{"floor":23.0,"key":"Toy Ornithopter"},{"floor":26.0,"key":"Turnip"},{"floor":27.0,"key":"The Courier"},{"floor":29,"key":"Necronomicon"},{"floor":40,"key":"Whetstone"},{"floor":43,"key":"Boot"},{"floor":44,"key":"Old Coin"}],"event_choices":[{"damage_healed":0.0,"max_hp_gain":0.0,"max_hp_loss":0.0,"gold_gain":0.0,"event_name":"The Woman in Blue","player_choice":"Bought 0 Potions","floor":2.0,"gold_loss":0.0,"damage_taken":0.0},{"damage_healed":0.0,"max_hp_gain":5.0,"max_hp_loss":0.0,"gold_gain":0.0,"event_name":"Big Fish","player_choice":"Donut","floor":5.0,"gold_loss":0.0,"damage_taken":0.0},{"damage_healed":0.0,"max_hp_gain":0.0,"max_hp_loss":0.0,"gold_gain":0.0,"event_name":"Scrap Ooze","player_choice":"Success","floor":7.0,"gold_loss":0.0,"damage_taken":35.0,"relics_obtained":["FossilizedHelix"]},{"damage_healed":0.0,"max_hp_gain":0.0,"max_hp_loss":0.0,"gold_gain":0.0,"event_name":"Match and Keep!","player_choice":"1 cards matched","floor":20.0,"gold_loss":0.0,"damage_taken":0.0,"cards_obtained":["Choke"]},{"damage_healed":0,"gold_gain":0,"player_choice":"Obtained Book","damage_taken":21,"max_hp_gain":0,"max_hp_loss":0,"event_name":"Cursed Tome","floor":29,"gold_loss":0},{"cards_removed":["PiercingWail"],"damage_healed":0,"gold_gain":0,"player_choice":"Removed Skill","damage_taken":0,"max_hp_gain":0,"max_hp_loss":0,"event_name":"Falling","floor":37,"gold_loss":0},{"damage_healed":0,"gold_gain":0,"player_choice":"Max HP","damage_taken":0,"max_hp_gain":0,"max_hp_loss":4,"event_name":"Winding Halls","floor":46,"gold_loss":0},{"damage_healed":0,"gold_gain":0,"player_choice":"Upgrade","damage_taken":0,"relics_obtained":["Mark of the Bloom"],"max_hp_gain":0,"max_hp_loss":0,"event_name":"MindBloom","floor":47,"gold_loss":0,"cards_upgraded":["Survivor","Neutralize","Dash","Night Terror","Terror","Noxious Fumes","Cloak And Dagger","Footwork","Crippling Poison","Envenom","After Image","Endless Agony","Grand Finale","Malaise","Blur","Masterful Stab","Choke","Bouncing Flask","PiercingWail","Acrobatics","Corpse Explosion","A Thousand Cuts","Footwork","Doppelganger","Predator"]}],"is_beta":false,"boss_relics":[{"not_picked":["Runic Pyramid","Ectoplasm"],"picked":"Pandora\u0027s Box"},{"not_picked":["Astrolabe","Cursed Key"],"picked":"Coffee Dripper"}],"items_purged_floors":[12],"is_endless":false,"potions_floor_spawned":[1,8,13,16,21,25,30,31,33,35,36,48],"ascension_level":17}}