{"host":"j4g6ia6asvpyu2b0","time":1610323109,"event":{"mods":["BaseMod","Colored Map","Minty Spire (QoL Compilation)","Permanent Neow","Quick Restart","Relic Stats","StSLib","Unceasing Turn Reminder"],"gold_per_floor":[150,150,229,25,25,25,114,158,185,185,249,297,199,255,255,385,385,401,35,79,128,168,168,210,233,259,329,38,47,80,99,99,224,224,253,253,276,294,232,232],"floor_reached":39,"playtime":2282,"items_purged":["Strike_G"],"score":784,"play_id":"cda5b774-280d-48ae-aec3-594e52f20d97","local_time":"20210110165829","is_ascension_mode":true,"campfire_choices":[{"data":"Apotheosis","floor":6.0,"key":"SMITH"},{"floor":15.0,"key":"RECALL"},{"floor":23.0,"key":"REST"},{"floor":32.0,"key":"REST"}],"circlet_count":0,"master_deck":["AscendersBane","Strike_G","Strike_G","Strike_G+1","Strike_G","Defend_G","Defend_G","Defend_G","Defend_G","Defend_G","Survivor","Neutralize","Dash+1","Apotheosis+1","Predator","Blur","Dagger Spray","Predator","Dagger Spray","Bouncing Flask","After Image","Distraction+1","Noxious Fumes","Predator","Dagger Throw","Crippling Poison","Deadly Poison","Blade Dance","Adrenaline","Poisoned Stab+1","Backflip+1","Deflect+1","Madness","Madness","Footwork"],"relics":["Ring of the Snake","Golden Idol","Ancient Tea Set","Whetstone","Happy Flower","Bag of Marbles","Bottled Lightning","Busted Crown","Paper Crane","CeramicFish","Shuriken","Lantern","Blood Vial","Black Star"],"acts_visited":["Exordium","TheCity","TheBeyond"],"potions_floor_usage":[],"damage_taken":[{"damage":0.0,"enemies":"2 Louse","floor":1.0,"turns":4.0},{"damage":6.0,"enemies":"3 Sentries","floor":7.0,"turns":6.0},{"damage":0.0,"enemies":"Jaw Worm","floor":8.0,"turns":2.0},{"damage":9.0,"enemies":"Lagavulin","floor":11.0,"turns":9.0},{"damage":0.0,"enemies":"Cultist","floor":12.0,"turns":6.0},{"damage":0.0,"enemies":"3 Sentries","floor":14.0,"turns":5.0},{"damage":2.0,"enemies":"Hexaghost","floor":16.0,"turns":7.0},{"damage":14.0,"enemies":"Shell Parasite","floor":18.0,"turns":3.0},{"damage":12.0,"enemies":"2 Thieves","floor":20.0,"turns":3.0},{"damage":5.0,"enemies":"Cultist and Chosen","floor":21.0,"turns":6.0},{"damage":0.0,"enemies":"Centurion and Healer","floor":22.0,"turns":6.0},{"damage":0.0,"enemies":"Book of Stabbing","floor":24.0,"turns":5.0},{"damage":5.0,"enemies":"Shelled Parasite and Fungi","floor":25.0,"turns":4.0},{"damage":10.0,"enemies":"Slavers","floor":27.0,"turns":4.0},{"damage":0.0,"enemies":"Snake Plant","floor":30.0,"turns":3.0},{"damage":0.0,"enemies":"Centurion and Healer","floor":31.0,"turns":3.0},{"damage":8.0,"enemies":"Collector","floor":33.0,"turns":6.0},{"damage":8.0,"enemies":"Orb Walker","floor":35.0,"turns":3.0},{"damage":24.0,"enemies":"3 Darklings","floor":37.0,"turns":5.0}],"seed_played":"-4849208539147414246","potions_obtained":[{"floor":1.0,"key":"Fire Potion"},{"floor":7.0,"key":"EssenceOfSteel"},{"floor":11.0,"key":"SkillPotion"},{"floor":21.0,"key":"Dexterity Potion"},{"floor":24.0,"key":"ColorlessPotion"},{"floor":27.0,"key":"SmokeBomb"},{"floor":33.0,"key":"Strength Potion"},{"floor":36.0,"key":"EntropicBrew"}],"is_trial":false,"path_per_floor":["M","?","?","$","?","R","E","M","T","?","E","M","$","E","R","B",null,"M","$","M","M","M","R","E","M","T","E","$","?","M","M","R","B",null,"M","?","M","?","$"],"character_chosen":"THE_SILENT","items_purchased":["Apotheosis","Endless Agony","Dagger Spray","Noxious Fumes","Paper Crane","PowerPotion","Lantern","Blood Vial","Footwork"],"campfire_rested":2,"item_purchase_floors":[4,4,13,19,19,19,28,28,39],"current_hp_per_floor":[45,45,45,45,45,45,39,39,39,39,30,30,30,30,30,28,56,42,42,30,25,25,44,44,39,39,29,29,29,31,33,52,46,60,54,54,32,24,24,24],"gold":232,"neow_bonus":"RANDOM_COLORLESS_2","is_daily":false,"chose_seed":false,"campfire_upgraded":1,"win_rate":0.0,"timestamp":1610323109,"path_taken":["M","?","?","$","?","R","E","?","T","?","E","M","$","E","R","BOSS","M","$","M","M","M","R","E","M","T","E","$","?","M","?","R","BOSS","M","?","?","?","?"],"items_purchased_type":["Card","Card","Card","Card","Relic","Potion","Relic","Relic","Card"],"build_version":"2020-12-22","purchased_purges":1,"victory":false,"max_hp_per_floor":[70,65,65,65,65,65,65,65,65,65,65,65,65,65,65,65,65,65,65,65,65,65,65,65,65,65,65,65,65,65,65,65,65,65,65,65,65,65,65,65],"relic_stats":{"Blood Vial":10,"Busted Crown":24,"Happy Flower":[26],"counters":[19,90],"Golden Idol":131,"Shuriken":[11],"CeramicFish":90,"Black Star":0,"Whetstone":["Strike_G","Dash"],"obtain_stats":[{"Lantern":28,"Happy Flower":9,"Golden Idol":2,"CeramicFish":24,"Whetstone":7,"Paper Crane":19,"Ancient Tea Set":5,"Blood Vial":28,"Busted Crown":17,"Shuriken":27,"Bag of Marbles":11,"Black Star":34,"Bottled Lightning":14,"Ring of the Snake":0},{"Lantern":14,"Happy Flower":3,"Golden Idol":1,"CeramicFish":12,"Whetstone":2,"Paper Crane":8,"Ancient Tea Set":1,"Blood Vial":14,"Busted Crown":7,"Shuriken":14,"Bag of Marbles":4,"Black Star":17,"Bottled Lightning":6,"Ring of the Snake":0},{"Lantern":70,"Happy Flower":12,"Golden Idol":4,"CeramicFish":62,"Whetstone":10,"Paper Crane":42,"Ancient Tea Set":4,"Blood Vial":70,"Busted Crown":39,"Shuriken":70,"Bag of Marbles":21,"Black Star":82,"Bottled Lightning":32,"Ring of the Snake":0}],"Ring of the Snake":[38]},"card_choices":[{"not_picked":["Thinking Ahead","Sadistic Nature"],"picked":"HandOfGreed","floor":0.0},{"not_picked":["Footwork","Accuracy"],"picked":"Dash","floor":1.0},{"not_picked":["Blade Dance","Deflect"],"picked":"Predator","floor":7.0},{"not_picked":["Bane","Distraction"],"picked":"Blur","floor":8.0},{"not_picked":["Accuracy","Finisher"],"picked":"Dagger Spray","floor":11.0},{"not_picked":["Bane","Deflect"],"picked":"Predator","floor":12.0},{"not_picked":["Heel Hook","Acrobatics"],"picked":"Bouncing Flask","floor":14.0},{"not_picked":["Die Die Die","Adrenaline"],"picked":"After Image","floor":16.0},{"not_picked":[],"picked":"Distraction+1","floor":18.0},{"not_picked":[],"picked":"Predator","floor":20.0},{"not_picked":[],"picked":"Dagger Throw","floor":21.0},{"not_picked":["Endless Agony"],"picked":"SKIP","floor":22.0},{"not_picked":[],"picked":"Crippling Poison","floor":24.0},{"not_picked":[],"picked":"Deadly Poison","floor":25.0},{"not_picked":[],"picked":"Blade Dance","floor":27.0},{"not_picked":[],"picked":"Poisoned Stab+1","floor":30.0},{"not_picked":["Dagger Spray"],"picked":"SKIP","floor":31.0},{"not_picked":[],"picked":"Backflip+1","floor":35.0},{"not_picked":[],"picked":"Deflect+1","floor":37.0}],"player_experience":799896,"relics_obtained":[{"floor":7.0,"key":"Whetstone"},{"floor":9.0,"key":"Happy Flower"},{"floor":11.0,"key":"Bag of Marbles"},{"floor":14.0,"key":"Bottled Lightning"},{"floor":24.0,"key":"CeramicFish"},{"floor":27.0,"key":"Shuriken"}],"event_choices":[{"damage_healed":0.0,"max_hp_gain":0.0,"max_hp_loss":5.0,"gold_gain":0.0,"event_name":"Golden Idol","player_choice":"Lose Max HP","floor":2.0,"gold_loss":0.0,"damage_taken":0.0,"relics_obtained":["Golden Idol"]},{"damage_healed":0.0,"max_hp_gain":0.0,"max_hp_loss":0.0,"gold_gain":79.0,"event_name":"Golden Wing","player_choice":"Gained Gold","floor":3.0,"gold_loss":0.0,"damage_taken":0.0},{"cards_removed":["Endless Agony"],"damage_healed":0.0,"max_hp_gain":0.0,"max_hp_loss":0.0,"gold_gain":0.0,"event_name":"WeMeetAgain","player_choice":"Gave Card","floor":5.0,"gold_loss":0.0,"damage_taken":0.0,"relics_obtained":["Ancient Tea Set"]},{"damage_healed":0.0,"max_hp_gain":0.0,"max_hp_loss":0.0,"gold_gain":0.0,"event_name":"Liars Game","player_choice":"Ignored","floor":10.0,"gold_loss":0.0,"damage_taken":0.0},{"cards_removed":["HandOfGreed"],"damage_healed":0.0,"max_hp_gain":0.0,"max_hp_loss":0.0,"gold_gain":0.0,"event_name":"NoteForYourself","player_choice":"Took Card","floor":29.0,"gold_loss":0.0,"damage_taken":0.0,"cards_obtained":["Adrenaline"]},{"damage_healed":0.0,"max_hp_gain":0.0,"max_hp_loss":0.0,"gold_gain":0.0,"event_name":"Lab","player_choice":"Got Potions","floor":36.0,"gold_loss":0.0,"damage_taken":0.0},{"damage_healed":0,"gold_gain":0,"player_choice":"Embrace Madness","damage_taken":8,"max_hp_gain":0,"max_hp_loss":0,"event_name":"Winding Halls","floor":38,"gold_loss":0,"cards_obtained":["Madness","Madness"]}],"is_beta":false,"boss_relics":[{"not_picked":["SacredBark","Runic Dome"],"picked":"Busted Crown"},{"not_picked":["Empty Cage","Astrolabe"],"picked":"Black Star"}],"items_purged_floors":[13],"is_endless":false,"potions_floor_spawned":[1,7,11,21,24,27,33],"ascension_level":10}}