{"host":"0c0tcjtxlzcpk4zv","time":1610266042,"event":{"mods":["BaseMod","BetterRewards","Highlight Path","Minty Spire (QoL Compilation)","Quick Restart","Shop Mod","StSLib","SuperFastMode"],"gold_per_floor":[109,109,125,125,136,136,136,136,136,136,136,211,181,200,200,300,300,310,225,39,58,0,0,0,270,270,283,358,22,22,39,39,134,134,147,0,0,0,46,46,96,96,145,145,145,145,1,21,21,21],"floor_reached":51,"playtime":1500,"items_purged":[],"score":675,"play_id":"9f9b61b8-7694-44dc-bff9-ea5439674cad","local_time":"20210110030722","daily_mods":["SealedDeck","Allstar","Heirloom","Time Dilation","Flight"],"is_ascension_mode":false,"campfire_choices":[{"data":"Capacitor","floor":6,"key":"SMITH"},{"data":"Lockon","floor":7,"key":"SMITH"},{"data":"Cold Snap","floor":8,"key":"SMITH"},{"data":"Gash","floor":10,"key":"SMITH"},{"data":"Storm","floor":15,"key":"SMITH"},{"data":"Electrodynamics","floor":23,"key":"SMITH"},{"data":"Coolheaded","floor":24,"key":"SMITH"},{"floor":32,"key":"DIG"},{"floor":40,"key":"DIG"},{"floor":44,"key":"DIG"},{"floor":45,"key":"DIG"},{"floor":46,"key":"DIG"},{"floor":49,"key":"DIG"}],"circlet_count":0,"master_deck":["Coolheaded+1","Heatsinks","Gash+1","Leap","Lockon+1","Coolheaded","Cold Snap","Cold Snap+1","Ball Lightning","Self Repair","Capacitor+1","Chill","Stack","Storm+1","Electrodynamics+1","Steam","Apotheosis","Coolheaded","Beam Cell","Seek","Deep Breath","Chaos","Thunder Strike","Melter+1","Redo+1","Redo","Master of Strategy","Conserve Battery+1"],"relics":["Cracked Core","Peace Pipe","Meat on the Bone","SacredBark","Mummified Hand","Darkstone Periapt","Shovel","Anchor","Philosopher\u0027s Stone","Red Mask","Emotion Chip","CaptainsWheel","Mango","Regal Pillow","Bag of Marbles","Prayer Wheel","Smiling Mask","Pen Nib","Blood Vial"],"acts_visited":["Exordium","TheCity","TheBeyond"],"potions_floor_usage":[16,27,33,39,50],"damage_taken":[{"damage":6,"enemies":"Small Slimes","floor":1,"turns":2},{"damage":2,"enemies":"Cultist","floor":3,"turns":4},{"damage":0,"enemies":"2 Louse","floor":5,"turns":2},{"damage":13,"enemies":"Red Slaver","floor":14,"turns":4},{"damage":12,"enemies":"The Guardian","floor":16,"turns":8},{"damage":8,"enemies":"Chosen","floor":18,"turns":4},{"damage":0,"enemies":"3 Byrds","floor":21,"turns":2},{"damage":16,"enemies":"Snake Plant","floor":27,"turns":4},{"damage":8,"enemies":"Cultist and Chosen","floor":31,"turns":6},{"damage":14,"enemies":"Collector","floor":33,"turns":7},{"damage":0,"enemies":"Orb Walker","floor":35,"turns":2},{"damage":22,"enemies":"2 Orb Walkers","floor":39,"turns":3},{"damage":17,"enemies":"Mind Bloom Boss Battle","floor":41,"turns":4},{"damage":2,"enemies":"3 Darklings","floor":48,"turns":3},{"damage":104,"enemies":"Awakened One","floor":50,"turns":12}],"seed_played":"7074609317863201132","potions_obtained":[{"floor":3,"key":"SteroidPotion"},{"floor":13,"key":"SmokeBomb"},{"floor":13,"key":"FocusPotion"},{"floor":16,"key":"FairyPotion"},{"floor":27,"key":"Ancient Potion"},{"floor":35,"key":"FocusPotion"},{"floor":39,"key":"Fruit Juice"}],"is_trial":true,"path_per_floor":["M","?","M","?","M","R","R","R","T","R","?","?","?","M","R","B",null,"M","?","$","M","?","R","R","?","T","M","?","$","?","M","R","B",null,"M","?","?","$","?","R","?","?","T","R","R","R","$","M","R","B",null],"character_chosen":"DEFECT","items_purchased":["Apotheosis","Shovel","Energy Potion","Pen Nib"],"campfire_rested":0,"item_purchase_floors":[20,29,29,47],"current_hp_per_floor":[75,75,75,75,75,75,75,75,75,75,80,69,69,63,63,58,80,79,79,79,80,80,80,80,53,53,49,41,41,41,52,52,60,80,80,80,76,76,54,54,70,70,70,70,70,70,70,78,78,51],"gold":21,"neow_bonus":"","is_daily":false,"chose_seed":false,"campfire_upgraded":7,"win_rate":0.0,"timestamp":1610266042,"path_taken":["M","?","?","?","?","R","R","R","T","R","?","?","?","M","R","BOSS","M","?","$","M","?","R","R","?","T","?","?","?","?","?","R","BOSS","M","?","?","$","?","R","?","?","T","R","R","R","?","M","R","BOSS"],"items_purchased_type":["Card","Relic","Potion","Relic"],"build_version":"2020-12-22","purchased_purges":0,"victory":true,"max_hp_per_floor":[75,75,75,75,75,75,75,75,75,75,80,80,80,80,80,80,80,80,80,80,80,80,80,80,80,80,80,80,80,80,80,80,80,80,80,80,76,76,76,76,90,90,90,90,90,90,90,90,90,100],"card_choices":[{"not_picked":["Streamline","Leap"],"picked":"Capacitor","floor":1},{"not_picked":["Undo","Heatsinks"],"picked":"Double Energy","floor":3},{"not_picked":["Steam","Barrage"],"picked":"Stack","floor":5},{"not_picked":["Rip and Tear","Defragment"],"picked":"Storm","floor":14},{"not_picked":["Biased Cognition","Buffer"],"picked":"Electrodynamics","floor":16},{"not_picked":["Reinforced Body+1","Cold Snap"],"picked":"Steam","floor":18},{"not_picked":["Turbo","Rip and Tear+1"],"picked":"Coolheaded","floor":21},{"not_picked":["Gash+1","Barrage+1"],"picked":"Beam Cell","floor":27},{"not_picked":["Doom and Gloom","Coolheaded"],"picked":"Chaos","floor":31},{"not_picked":["Buffer","Creative AI"],"picked":"Thunder Strike","floor":33},{"not_picked":["Go for the Eyes","Chaos+1"],"picked":"Melter+1","floor":35},{"not_picked":["Tempest+1","Sweeping Beam+1"],"picked":"Redo+1","floor":39},{"not_picked":["Sweeping Beam+1","Auto Shields"],"picked":"Redo","floor":41},{"not_picked":["Violence","Mind Blast"],"picked":"Master of Strategy","floor":42},{"not_picked":["Compile Driver","Blizzard"],"picked":"Conserve Battery+1","floor":48},{"not_picked":["Ball Lightning","Gash","Hello World"],"picked":"SKIP","floor":48}],"player_experience":25838,"relics_obtained":[{"floor":9,"key":"Meat on the Bone"},{"floor":26,"key":"Darkstone Periapt"},{"floor":32,"key":"Anchor"},{"floor":39,"key":"Emotion Chip"},{"floor":40,"key":"CaptainsWheel"},{"floor":41,"key":"Mango"},{"floor":43,"key":"Regal Pillow"},{"floor":44,"key":"Bag of Marbles"},{"floor":45,"key":"Prayer Wheel"},{"floor":46,"key":"Smiling Mask"},{"floor":49,"key":"Blood Vial"}],"event_choices":[{"damage_healed":0,"gold_gain":0,"player_choice":"Ignored","damage_taken":0,"max_hp_gain":0,"max_hp_loss":0,"event_name":"NoteForYourself","floor":2,"gold_loss":0},{"damage_healed":0,"gold_gain":0,"cards_transformed":["Double Energy"],"player_choice":"Transformed","damage_taken":0,"max_hp_gain":0,"max_hp_loss":0,"event_name":"Transmorgrifier","floor":4,"gold_loss":0,"cards_obtained":["Chill"]},{"damage_healed":0,"gold_gain":0,"player_choice":"Donut","damage_taken":0,"max_hp_gain":5,"max_hp_loss":0,"event_name":"Big Fish","floor":11,"gold_loss":0},{"damage_healed":0,"gold_gain":75,"player_choice":"Gather Gold","damage_taken":11,"max_hp_gain":0,"max_hp_loss":0,"event_name":"World of Goop","floor":12,"gold_loss":0},{"damage_healed":0,"gold_gain":0,"player_choice":"Bought 2 Potions","damage_taken":0,"max_hp_gain":0,"max_hp_loss":0,"event_name":"The Woman in Blue","floor":13,"gold_loss":0},{"damage_healed":0,"gold_gain":0,"player_choice":"Obtained Relic","damage_taken":0,"relics_obtained":["Mummified Hand"],"max_hp_gain":0,"max_hp_loss":0,"event_name":"Addict","floor":19,"gold_loss":85},{"damage_healed":0,"gold_gain":0,"player_choice":"Paid Fearfully","damage_taken":0,"max_hp_gain":0,"max_hp_loss":0,"event_name":"Masked Bandits","floor":22,"gold_loss":58},{"damage_healed":0,"gold_gain":270,"player_choice":"GOLD GOLD GOLD ","damage_taken":27,"max_hp_gain":0,"max_hp_loss":0,"event_name":"Knowing Skull","floor":25,"potions_obtained":[],"gold_loss":0,"cards_obtained":[]},{"damage_healed":0,"gold_gain":75,"player_choice":"Touch","damage_taken":8,"max_hp_gain":0,"max_hp_loss":0,"event_name":"FaceTrader","floor":28,"gold_loss":0},{"damage_healed":0,"gold_gain":0,"player_choice":"2 cards matched","damage_taken":0,"max_hp_gain":0,"max_hp_loss":0,"event_name":"Match and Keep!","floor":30,"gold_loss":0,"cards_obtained":["Seek","Deep Breath"]},{"damage_healed":0,"gold_gain":0,"player_choice":"Paid","damage_taken":0,"relics_obtained":["Red Mask"],"max_hp_gain":0,"max_hp_loss":0,"event_name":"Tomb of Lord Red Mask","floor":36,"gold_loss":147},{"damage_healed":0,"gold_gain":0,"player_choice":"Max HP","damage_taken":0,"max_hp_gain":0,"max_hp_loss":4,"event_name":"Winding Halls","floor":37,"gold_loss":0},{"damage_healed":0,"gold_gain":0,"player_choice":"Fight","damage_taken":0,"max_hp_gain":0,"max_hp_loss":0,"event_name":"Mysterious Sphere","floor":39,"gold_loss":0},{"damage_healed":0,"gold_gain":0,"player_choice":"Fight","damage_taken":0,"max_hp_gain":0,"max_hp_loss":0,"event_name":"MindBloom","floor":41,"gold_loss":0},{"damage_healed":0,"gold_gain":0,"player_choice":"Memory 1","damage_taken":0,"max_hp_gain":0,"max_hp_loss":0,"event_name":"SensoryStone","floor":42,"gold_loss":0}],"is_beta":false,"boss_relics":[{"not_picked":["Coffee Dripper","FrozenCore"],"picked":"SacredBark"},{"not_picked":["Busted Crown","Fusion Hammer"],"picked":"Philosopher\u0027s Stone"}],"items_purged_floors":[],"is_endless":false,"potions_floor_spawned":[3,16,18,27,35,39,41],"ascension_level":0}}