{"host":"a0paspe0zwqgzttz","time":1610316482,"event":{"mods":["AchievementEnabler","Act Like it!","BaseMod","BetterRewards","Colored Powertips","Conspire","Downfall","GifTheSpireLib","Hermit","Highlight Path","Lobotomy","Mad Scientist","Marisa????????","Minty Spire (QoL Compilation)","Quick Restart","Replay The Spire","Robot Space Explorer","Shop Mod","StSLib","SuperFastMode","The Bug Knight","The Construct","The Cursed","The Hierophant","The Jungle","The Mystic","The Necromancer","The Runesmith","The Senshi","The Servant 0.9.4"],"gold_per_floor":[99,114,129,404,419,434,459,474,489,74,74,89,104,134,149,149,149],"floor_reached":16,"playtime":19957,"items_purged":[],"score":108,"play_id":"23e8ba21-2467-4df7-aa92-97bac6b4e4b9","local_time":"20210110170802","daily_mods":["downfall:Improvised","Uncertain Future","Night Terrors"],"is_ascension_mode":false,"campfire_choices":[{"floor":1,"key":"RECALL"}],"circlet_count":0,"master_deck":["theSenshi:SailorKick","theSenshi:SailorKick","theSenshi:SailorKick","theSenshi:SailorKick","theSenshi:SailorBlock","theSenshi:SailorBlock","theSenshi:SailorBlock","theSenshi:SailorBlock","theSenshi:RoseThrow","theSenshi:MoonPrismPowerMakeUp","sneckomod:UnknownCommonAttack","sneckomod:UnknownCommonAttack","sneckomod:UnknownCommonAttack","sneckomod:UnknownCommonSkill","sneckomod:UnknownCommonSkill","sneckomod:UnknownCommonSkill","sneckomod:UnknownUncommonAttack","sneckomod:UnknownUncommonSkill","sneckomod:UnknownUncommonPower","sneckomod:Unknown","theSenshi:MoonKick","theSenshi:SailorMarsAssists+1","Regret","theSenshi:SailorChibiMoonAssists","theSenshi:SaturnsMystery","theSenshi:SailorMarsAssists","theSenshi:SailorMercuryAssists","theSenshi:LunasBite","theSenshi:MoonKick+1","theSenshi:MoonTwilightFlash+1","theSenshi:InTheNickOfTime","theSenshi:SailorMarsAssists+1"],"relics":["theSenshi:TransformationBroochRelic","Molten Egg 2","sneckomod:BlankCard","Garlic"],"acts_visited":["Exordium"],"potions_floor_usage":[16,16,16],"damage_taken":[{"damage":8,"enemies":"Small Slimes","floor":2,"turns":4},{"damage":0,"enemies":"Cultist","floor":3,"turns":2},{"damage":10,"enemies":"conspire:RoseBush","floor":5,"turns":4},{"damage":4,"enemies":"Looter","floor":6,"turns":2},{"damage":14,"enemies":"2 Fungi Beasts","floor":8,"turns":3},{"damage":9,"enemies":"3 Louse","floor":9,"turns":3},{"damage":12,"enemies":"downfall:FleeingMerchant","floor":10,"turns":4},{"damage":0,"enemies":"Blue Slaver","floor":12,"turns":3},{"damage":9,"enemies":"Red Slaver","floor":13,"turns":3},{"damage":15,"enemies":"3 Sentries","floor":14,"turns":5},{"damage":0,"enemies":"Exordium Wildlife","floor":15,"turns":3},{"damage":31,"enemies":"The Guardian","floor":16,"turns":8}],"seed_played":"-956745095108410897","potions_obtained":[{"floor":2,"key":"champ:CounterPotion"},{"floor":5,"key":"GamblersBrew"},{"floor":6,"key":"sneckomod:MuddlingPotion"},{"floor":12,"key":"hexamod:EctoCoolerPotion"},{"floor":13,"key":"Cursed Concoction"}],"is_trial":false,"path_per_floor":["R","M","M","?","M","M","T","M","M","$","?","M","M","E","M","B"],"character_chosen":"THE_SENSHI","items_purchased":["Molten Egg 2","sneckomod:BlankCard"],"campfire_rested":0,"item_purchase_floors":[10,10],"current_hp_per_floor":[75,67,67,67,59,55,55,41,32,30,30,35,26,11,11,0,0],"gold":149,"neow_bonus":"","is_daily":true,"chose_seed":false,"campfire_upgraded":0,"win_rate":0.0,"timestamp":1610316482,"path_taken":["R","M","M","?","M","M","T","M","?","$","?","M","M","E","M","BOSS"],"items_purchased_type":["Relic","Relic"],"build_version":"2020-12-22","purchased_purges":0,"victory":false,"max_hp_per_floor":[75,75,75,75,75,75,75,75,75,75,75,75,75,75,75,75,75],"card_choices":[{"not_picked":["theSenshi:MoonTiaraMagic","theSenshi:MoonCosmicPowerMakeUp"],"picked":"theSenshi:MoonKick","floor":2},{"not_picked":["theSenshi:SailorStarMakerAssists","theSenshi:MoonKick"],"picked":"theSenshi:SailorMarsAssists","floor":3},{"not_picked":["theSenshi:MoonsReflection","theSenshi:TallSilhouette"],"picked":"theSenshi:SailorChibiMoonAssists","floor":5},{"not_picked":["theSenshi:SailorMarsAssists","theSenshi:FatedKiss"],"picked":"theSenshi:SaturnsMystery","floor":6},{"not_picked":["theSenshi:MoonPrincessHalation","theSenshi:SupersonicWaves"],"picked":"theSenshi:SailorMarsAssists","floor":8},{"not_picked":["theSenshi:KlutzyLuck","theSenshi:MoonsReflection"],"picked":"theSenshi:SailorMercuryAssists","floor":9},{"not_picked":["theSenshi:MoonPrincessHalation","theSenshi:GatheringStrength"],"picked":"theSenshi:LunasBite","floor":10},{"not_picked":["theSenshi:SteeledNerves","theSenshi:EncouragingSpeech"],"picked":"theSenshi:MoonKick+1","floor":12},{"not_picked":["theSenshi:SailorMarsAssists+1","theSenshi:SailorPlanetAttack+1"],"picked":"theSenshi:MoonTwilightFlash+1","floor":13},{"not_picked":["theSenshi:HesSoDreamy","theSenshi:MoonGorgeousMeditation+1"],"picked":"theSenshi:InTheNickOfTime","floor":14},{"not_picked":["theSenshi:MoonTiaraMagic+1","theSenshi:GatheringStrength"],"picked":"theSenshi:SailorMarsAssists+1","floor":15}],"player_experience":458530,"relics_obtained":[{"floor":14,"key":"Garlic"}],"event_choices":[{"damage_healed":0,"gold_gain":275,"player_choice":"Desecrate","damage_taken":0,"max_hp_gain":0,"max_hp_loss":0,"event_name":"Golden Shrine","floor":4,"gold_loss":0,"cards_obtained":["Regret"]},{"damage_healed":0,"gold_gain":0,"player_choice":"Grow","damage_taken":0,"max_hp_gain":0,"max_hp_loss":0,"event_name":"Living Wall","floor":11,"gold_loss":0,"cards_upgraded":["theSenshi:SailorMarsAssists"]}],"is_beta":false,"boss_relics":[],"items_purged_floors":[],"is_endless":false,"potions_floor_spawned":[2,5,6,12,13],"killed_by":"The Guardian","ascension_level":0}}