{"host":"dfyfjscm69glluav","time":1610247228,"event":{"mods":["BaseMod","Marisa£¨Ùöéë¡¡Øª×âÞÞ£©","Minty Spire (QoL Compilation)","Replay The Spire","StSLib","The Cursed","The Hierophant","The Runesmith"],"gold_per_floor":[118,118,118,130,141,141,160,188,188,198,225,225,225,225,74,89,89,189,189,205,304,320,320,62,62,90,90,90,90,90],"floor_reached":29,"playtime":1178,"items_purged":["Strike_R"],"score":306,"play_id":"39590df1-6394-4bb2-9054-502de2f08fbb","local_time":"20210110115348","is_ascension_mode":true,"campfire_choices":[{"data":"ReplayReversal","floor":6,"key":"SMITH"},{"floor":17,"key":"REST"},{"data":"Barricade","floor":25,"key":"SMITH"},{"data":"Armaments","floor":27,"key":"SMITH"}],"circlet_count":0,"master_deck":["Strike_R","Strike_R","Strike_R","Strike_R","Defend_R","Defend_R","Defend_R","Defend_R","Bash","Flame Barrier+1","True Grit","ReplayReversal+1","Armaments","Replay:Undeath\u0027s Touch","Juggernaut","Demon Form","Barricade+1","Body Slam+1","ReplayTheSpireMod:Stacked","Forethought","Armaments+1"],"relics":["Burning Blood","NeowsBlessing","Incense Burner","Mirror","Blue Doll","Torii","Juzu Bracelet","Mark of Pain","Toolbox","Shuriken","Strawberry"],"acts_visited":["Exordium","TheCity"],"potions_floor_usage":[18,18],"damage_taken":[{"damage":0,"enemies":"Jaw Worm","floor":1,"turns":1},{"damage":0,"enemies":"Cultist","floor":3,"turns":1},{"damage":0,"enemies":"2 Louse","floor":4,"turns":1},{"damage":12,"enemies":"Red Slaver","floor":5,"turns":8},{"damage":6,"enemies":"Large Slime","floor":7,"turns":9},{"damage":56,"enemies":"Lagavulin","floor":8,"turns":14},{"damage":14,"enemies":"Exordium Wildlife","floor":10,"turns":6},{"damage":0,"enemies":"Replay:BlueRogue","floor":11,"turns":9},{"damage":17,"enemies":"Looter","floor":16,"turns":4},{"damage":10,"enemies":"Hexaghost","floor":18,"turns":9},{"damage":25,"enemies":"Spheric Guardian","floor":20,"turns":7},{"damage":35,"enemies":"Shell Parasite","floor":22,"turns":7},{"damage":38,"enemies":"Book of Stabbing","floor":26,"turns":7},{"damage":46,"enemies":"3 Cultists","floor":29,"turns":4}],"seed_played":"1542828059371141132","potions_obtained":[{"floor":1,"key":"Strength Potion"},{"floor":5,"key":"BlessingOfTheForge"},{"floor":8,"key":"Elixir"},{"floor":26,"key":"DuplicationPotion"}],"is_trial":false,"path_per_floor":["M","?","M","M","M","R","M","E","T","M","E","PTL","PTL","?","$","M","R","B",null,"M","?","M","?","$","R","E","R","T","M"],"character_chosen":"IRONCLAD","items_purchased":["Juzu Bracelet","Forethought","Toolbox"],"campfire_rested":1,"item_purchase_floors":[15,24,24],"current_hp_per_floor":[80,80,80,80,74,74,74,24,24,16,22,22,22,22,22,11,35,31,80,61,61,32,58,58,58,26,26,33,0,0],"gold":90,"neow_bonus":"THREE_ENEMY_KILL","is_daily":false,"chose_seed":false,"campfire_upgraded":3,"win_rate":0.0,"timestamp":1610247228,"path_taken":["M","?","M","M","M","R","M","E","T","?","E","PTL","PTL","?","$","M","R","BOSS","M","?","M","?","$","R","E","R","T","M"],"items_purchased_type":["Relic","Card","Relic"],"build_version":"2020-12-22","purchased_purges":1,"victory":false,"max_hp_per_floor":[80,80,80,80,80,80,80,80,80,80,80,80,80,80,80,80,80,80,80,80,80,80,80,80,80,80,80,87,87,87],"card_choices":[{"not_picked":["Twin Strike","Body Slam"],"picked":"Flame Barrier","floor":1},{"not_picked":["Searing Blow","Defy Death","Sword Boomerang"],"picked":"SKIP","floor":3},{"not_picked":["Sentinel","Carnage"],"picked":"True Grit","floor":4},{"not_picked":["Replay:Undeath\u0027s Touch","Pummel"],"picked":"ReplayReversal","floor":5},{"not_picked":["Clash","Anger"],"picked":"Armaments","floor":7},{"not_picked":["Whirlwind","Pommel Strike"],"picked":"Replay:Undeath\u0027s Touch","floor":8},{"not_picked":["ReplayReversal","Feel No Pain"],"picked":"Juggernaut","floor":10},{"not_picked":["Shrug It Off","Reckless Charge"],"picked":"Demon Form","floor":11},{"not_picked":["Evolve","Twin Strike","Flex"],"picked":"SKIP","floor":16},{"not_picked":["Corruption","Brutality"],"picked":"Barricade","floor":18},{"not_picked":["Shockwave+1","True Grit"],"picked":"Body Slam+1","floor":20},{"not_picked":["Twin Strike","Dual Wield"],"picked":"ReplayTheSpireMod:Stacked","floor":22},{"not_picked":["Abandon","Sword Boomerang"],"picked":"Armaments","floor":26}],"player_experience":146935,"relics_obtained":[{"floor":8,"key":"Incense Burner"},{"floor":9,"key":"Mirror"},{"floor":11,"key":"Blue Doll"},{"floor":26,"key":"Shuriken"},{"floor":28,"key":"Strawberry"}],"event_choices":[{"damage_healed":0,"gold_gain":0,"player_choice":"Upgraded","damage_taken":0,"max_hp_gain":0,"max_hp_loss":0,"event_name":"Upgrade Shrine","floor":2,"gold_loss":0,"cards_upgraded":["Flame Barrier"]},{"damage_healed":0,"gold_gain":0,"player_choice":"Gave Potion","damage_taken":0,"relics_obtained":["Torii"],"max_hp_gain":0,"max_hp_loss":0,"event_name":"WeMeetAgain","floor":14,"gold_loss":0},{"damage_healed":0,"gold_gain":99,"player_choice":"Stole From Cult","damage_taken":0,"max_hp_gain":0,"max_hp_loss":0,"event_name":"Nest","floor":21,"gold_loss":0},{"damage_healed":26,"gold_gain":0,"player_choice":"Heal","damage_taken":0,"max_hp_gain":0,"max_hp_loss":0,"event_name":"The Library","floor":23,"gold_loss":0}],"is_beta":false,"boss_relics":[{"not_picked":["Kintsugi","Ring of Chaos"],"picked":"Mark of Pain"}],"items_purged_floors":[24],"is_endless":false,"potions_floor_spawned":[1,3,5,8,26],"killed_by":"3 Cultists","ascension_level":2}}