{"host":"2qv44oxt58ptq59r","time":1610291169,"event":{"mods":["AchievementEnabler","BaseMod","Colored Powertips","Highlight Path","Minty Spire (QoL Compilation)","Permanent Neow","StSLib"],"gold_per_floor":[209,227,2,12,12,12,22,22,22,52,52,52,2,2,2,97,97,117,30,40,3,19,19,19,19,68,68,68,16,16,30,30,132,132,148,165,178,192,205,205,219,229,304,304,0,0,17,17,17,17,17,17,17,17,17],"floor_reached":54,"playtime":10399,"items_purged":[],"score":612,"play_id":"53a6074f-2b67-4fcd-ab9c-9a400d6c0c9a","local_time":"20210110150609","is_ascension_mode":false,"campfire_choices":[{"data":"Bash","floor":6.0,"key":"SMITH"},{"data":"Shockwave","floor":8.0,"key":"SMITH"},{"floor":12.0,"key":"REST"},{"floor":15.0,"key":"REST"},{"data":"Metallicize","floor":23.0,"key":"SMITH"},{"data":"Metallicize","floor":28.0,"key":"SMITH"},{"data":"Dark Shackles","floor":30.0,"key":"SMITH"},{"data":"Shrug It Off","floor":32.0,"key":"SMITH"},{"data":"Juggernaut","floor":40.0,"key":"SMITH"},{"floor":44.0,"key":"RECALL"},{"data":"Pommel Strike","floor":49,"key":"SMITH"},{"data":"Battle Trance","floor":52,"key":"SMITH"}],"circlet_count":0,"master_deck":["Strike_R+1","Strike_R+1","Strike_R+1","Defend_R+1","Defend_R+1","Defend_R+1","Defend_R+1","Bash+1","Battle Trance+1","Metallicize+1","Shockwave+1","Spot Weakness+1","Pommel Strike+1","Dark Shackles+1","Metallicize+1","Shrug It Off+1","Juggernaut+1","Parasite"],"relics":["Burning Blood","HandDrill","Shuriken","Matryoshka","Anchor","Busted Crown","Centennial Puzzle","GremlinMask","Black Star","PreservedInsect","Bottled Tornado","Gremlin Horn"],"acts_visited":["Exordium","TheCity","TheBeyond","TheEnding"],"potions_floor_usage":[50],"damage_taken":[{"damage":3.0,"enemies":"Small Slimes","floor":1.0,"turns":3.0},{"damage":6.0,"enemies":"Cultist","floor":2.0,"turns":3.0},{"damage":9.0,"enemies":"2 Louse","floor":4.0,"turns":2.0},{"damage":9.0,"enemies":"Looter","floor":7.0,"turns":5.0},{"damage":30.0,"enemies":"Gremlin Nob","floor":10.0,"turns":5.0},{"damage":31.0,"enemies":"The Guardian","floor":16.0,"turns":15.0},{"damage":14.0,"enemies":"Spheric Guardian","floor":18.0,"turns":5.0},{"damage":0.0,"enemies":"Chosen","floor":20.0,"turns":4.0},{"damage":1.0,"enemies":"Shelled Parasite and Fungi","floor":22.0,"turns":5.0},{"damage":4.0,"enemies":"Chosen and Byrds","floor":31.0,"turns":5.0},{"damage":26.0,"enemies":"Automaton","floor":33.0,"turns":11.0},{"damage":4.0,"enemies":"3 Shapes","floor":35.0,"turns":5.0},{"damage":5.0,"enemies":"3 Darklings","floor":36.0,"turns":5.0},{"damage":0.0,"enemies":"Writhing Mass","floor":37.0,"turns":7.0},{"damage":14.0,"enemies":"Jaw Worm Horde","floor":38.0,"turns":5.0},{"damage":17.0,"enemies":"Sphere and 2 Shapes","floor":39.0,"turns":7.0},{"damage":11.0,"enemies":"4 Shapes","floor":41.0,"turns":6.0},{"damage":0.0,"enemies":"Writhing Mass","floor":42.0,"turns":6.0},{"damage":0.0,"enemies":"Transient","floor":47.0,"turns":5.0},{"damage":67,"enemies":"Time Eater","floor":50,"turns":13},{"damage":87,"enemies":"Shield and Spear","floor":54,"turns":8}],"seed_played":"607722792864583327","potions_obtained":[{"floor":7.0,"key":"LiquidMemories"},{"floor":10.0,"key":"Dexterity Potion"},{"floor":16.0,"key":"Ancient Potion"},{"floor":18.0,"key":"GamblersBrew"},{"floor":31.0,"key":"Block Potion"},{"floor":33.0,"key":"SkillPotion"},{"floor":37.0,"key":"SpeedPotion"},{"floor":42.0,"key":"GamblersBrew"}],"is_trial":false,"path_per_floor":["M","M","$","M","?","R","M","R","T","E","?","R","$","?","R","B",null,"M","$","M","$","M","R","?","?","T","?","R","$","R","M","R","B",null,"M","M","M","M","M","R","M","M","T","R","$","?","M","?","R","B",null,"R","$","E"],"character_chosen":"IRONCLAD","items_purchased":["HandDrill","Metallicize","Block Potion","Dark Shackles","Metallicize","Energy Potion","Gremlin Horn","Dexterity Potion"],"campfire_rested":2,"item_purchase_floors":[3,3,13,19,21,29,45,45],"current_hp_per_floor":[80,80,80,77,77,77,74,74,74,50,38,62,62,46,70,45,80,72,72,78,78,80,80,80,80,80,80,80,80,80,80,80,60,80,80,80,80,72,61,61,56,62,62,62,62,62,68,68,68,7,80,80,80,0,0],"gold":17,"neow_bonus":"HUNDRED_GOLD","is_daily":false,"chose_seed":false,"campfire_upgraded":9,"win_rate":0.0,"timestamp":1610291169,"path_taken":["M","M","$","M","?","R","?","R","T","E","?","R","$","?","R","BOSS","M","$","M","$","M","R","?","?","T","?","R","$","R","M","R","BOSS","M","M","M","M","M","R","?","M","T","R","$","?","M","?","R","BOSS","R","$","E"],"items_purchased_type":["Relic","Card","Potion","Card","Card","Potion","Relic","Potion"],"build_version":"2020-12-22","purchased_purges":0,"victory":false,"max_hp_per_floor":[80,80,80,80,80,80,80,80,80,80,80,80,80,80,80,80,80,80,80,80,80,80,80,80,80,80,80,80,80,80,80,80,80,80,80,80,80,80,80,80,80,80,80,80,80,80,80,80,80,80,80,80,80,80,80],"card_choices":[{"not_picked":["Iron Wave","Headbutt","Armaments"],"picked":"SKIP","floor":1.0},{"not_picked":["Dark Embrace","Evolve"],"picked":"Battle Trance","floor":2.0},{"not_picked":["Twin Strike","Sword Boomerang"],"picked":"Shockwave","floor":4.0},{"not_picked":["Headbutt","Dark Embrace"],"picked":"Spot Weakness","floor":7.0},{"not_picked":["Warcry","Barricade"],"picked":"Pommel Strike","floor":10.0},{"not_picked":["Pummel+1"],"picked":"SKIP","floor":18.0},{"not_picked":["Iron Wave"],"picked":"SKIP","floor":20.0},{"not_picked":[],"picked":"Shrug It Off","floor":22.0},{"not_picked":["Thunderclap"],"picked":"SKIP","floor":31.0},{"not_picked":[],"picked":"Juggernaut","floor":33.0},{"not_picked":["Second Wind"],"picked":"SKIP","floor":35.0},{"not_picked":["Spot Weakness"],"picked":"SKIP","floor":36.0},{"not_picked":["Anger"],"picked":"SKIP","floor":37.0},{"not_picked":["Warcry+1"],"picked":"SKIP","floor":38.0},{"not_picked":["Dark Embrace"],"picked":"SKIP","floor":39.0},{"not_picked":["Flex+1"],"picked":"SKIP","floor":41.0},{"not_picked":["Clash+1"],"picked":"SKIP","floor":42.0},{"not_picked":["Wild Strike"],"picked":"SKIP","floor":47.0}],"player_experience":5271502,"relics_obtained":[{"floor":9.0,"key":"Shuriken"},{"floor":10.0,"key":"Matryoshka"},{"floor":26.0,"key":"Centennial Puzzle"},{"floor":43.0,"key":"PreservedInsect"},{"floor":43.0,"key":"Bottled Tornado"}],"event_choices":[{"cards_removed":["Strike_R"],"damage_healed":0.0,"max_hp_gain":0.0,"max_hp_loss":0.0,"gold_gain":0.0,"event_name":"Bonfire Elementals","player_choice":"Offered Basic","floor":5.0,"gold_loss":0.0,"damage_taken":0.0},{"damage_healed":0.0,"max_hp_gain":0.0,"max_hp_loss":0.0,"gold_gain":0.0,"event_name":"Scrap Ooze","player_choice":"Success","floor":11.0,"gold_loss":0.0,"damage_taken":12.0,"relics_obtained":["Anchor"]},{"damage_healed":0.0,"max_hp_gain":0.0,"max_hp_loss":0.0,"gold_gain":0.0,"event_name":"Shining Light","player_choice":"Entered Light","floor":14.0,"gold_loss":0.0,"damage_taken":16.0,"cards_upgraded":["Spot Weakness","Strike_R"]},{"damage_healed":0.0,"max_hp_gain":0.0,"max_hp_loss":0.0,"gold_gain":0.0,"event_name":"Ghosts","player_choice":"Ignored","floor":24.0,"gold_loss":0.0,"damage_taken":0.0},{"damage_healed":0.0,"max_hp_gain":0.0,"max_hp_loss":0.0,"gold_gain":0.0,"event_name":"Back to Basics","player_choice":"Simplicity","floor":25.0,"gold_loss":0.0,"damage_taken":0.0,"cards_upgraded":["Strike_R","Strike_R","Strike_R","Defend_R","Defend_R","Defend_R","Defend_R"]},{"damage_healed":0.0,"max_hp_gain":0.0,"max_hp_loss":0.0,"gold_gain":0.0,"event_name":"FaceTrader","player_choice":"Trade","floor":27.0,"gold_loss":0.0,"damage_taken":0.0,"relics_obtained":["GremlinMask"]},{"cards_removed":["Strike_R"],"damage_healed":0.0,"max_hp_gain":0.0,"max_hp_loss":0.0,"gold_gain":0.0,"event_name":"Falling","player_choice":"Removed Attack","floor":46.0,"gold_loss":0.0,"damage_taken":0.0},{"damage_healed":0,"gold_gain":0,"player_choice":"Memory 1","damage_taken":0,"max_hp_gain":0,"max_hp_loss":0,"event_name":"SensoryStone","floor":48,"gold_loss":0}],"is_beta":false,"boss_relics":[{"not_picked":["Black Blood","Sozu"],"picked":"Busted Crown"},{"not_picked":["Fusion Hammer","Mark of Pain"],"picked":"Black Star"}],"items_purged_floors":[],"is_endless":false,"potions_floor_spawned":[7,10,16,18,31,33,37,42],"killed_by":"Shield and Spear","ascension_level":0}}