{"host":"bplbr8uekuotory4","time":1610282593,"event":{"mods":["Act Like it!","BaseMod","Custom Start","Gensokyo","GungeonMod","Hermit","KinomotoSakuraMod(ƒæ÷Æ±æ”£)","Koishi","Marisa£®ÏF”Í°°ƒß¿Ì…≥£©","Minty Spire (QoL Compilation)","Prisma Mod","Quick Restart","Reimu£®≤©¿ˆ¡È√Œ£©","SOS£®Àπ∞Õ¥Ô÷Æ◊”£©","Spicy Shops","StSLib","TestMod","The Alterego","The Blackbeard","The Cursed","The Marked","The Mystic","The Runesmith","The Saiyan","The Servant 0.9.4","Yuri Mod","[IsaacMod]“‘»ˆº‚À˛","vexMod"],"gold_per_floor":[370,545,68,68,82,108,108,150,150,150,181,181,131,175,175,289,289,324,249,275,303,11,56,56,89,89,136,161,194,236,87,87,204,204,236,236,262,262,291,337,337,365,365,405,405,94,94,173,173,202,202,202,7,56,56,56,109,129],"floor_reached":56,"playtime":2015,"items_purged":["Doubt","Pain","alterego_mod:Defend","alterego_mod:Strike","alterego_mod:Defend","alterego_mod:Strike","alterego_mod:Impale+1"],"score":1829,"play_id":"1ecb1848-4591-4684-97cf-02b24805a154","local_time":"20210110204313","is_ascension_mode":false,"campfire_choices":[{"data":"alterego_mod:SakuraLabyrinth","floor":7.0,"key":"SMITH"},{"data":"alterego_mod:BigMeatyClaws","floor":10,"key":"SMITH"},{"data":"alterego_mod:Impale","floor":12,"key":"SMITH"},{"data":"alterego_mod:Cushion","floor":15,"key":"SMITH"},{"data":"alterego_mod:STier","floor":32,"key":"SMITH"},{"data":"alterego_mod:Birthday","floor":41,"key":"SMITH"},{"data":"alterego_mod:Mirror","floor":47,"key":"SMITH"},{"floor":49,"key":"RECALL"},{"data":"alterego_mod:RidiculouslyBig","floor":52,"key":"SMITH"},{"data":"alterego_mod:ChallengeComplete","floor":52,"key":"SMITH"}],"circlet_count":0,"master_deck":["alterego_mod:Strike","alterego_mod:BigMeatyClaws+1","alterego_mod:BrynhildrsRune","alterego_mod:Mirror+1","alterego_mod:SakuraLabyrinth+1","blackbeard:Lifeboat","alterego_mod:RidiculouslyBig+1","alterego_mod:Cushion+1","alterego_mod:Rake","alterego_mod:TrashNCrash+1","alterego_mod:ChallengeComplete+1","alterego_mod:Birthday+1","alterego_mod:Valentines+1","alterego_mod:STier+1","alterego_mod:Bunnysuit+1"],"relics":["alterego_mod:MasochisticConstitution","testmod-TestBox","HushsDoor","D6","testmod-BatchProcessingSystem","Membership Card","testmod-IntensifyImprint","Chaos","testmod-HeartOfDaVinci","DemoMod:SuperHotWatch","DoctorsRemote","blackbeard:TreasureChest","DemoMod:GlassGuonStoneRelic","blackbeard:PowderCan","yuri:PortableGlitches","CrazyTorch:ReiMu","BelialBook","GuppysHairball","GuppysPaw","RuthlessExorcism:ReiMu","testmod-BouquetWithThorns","TheBean","testmod-HeartOfStrike","UnicornStump","DemoMod:ChaffGrenade","Bag of Marbles","Omamori","Lizard Tail","DemoMod:PinkGuonStone","GuppysTail","DemoMod:BigBoy","HowToJump","Toolbox","testmod-TheFather","CatCart","TentaclePot:ReiMu","Medical Kit","KSMOD_TouyasBicycle"],"acts_visited":["Exordium","TheCity","TheBeyond","TheEnding"],"potions_floor_usage":[16],"damage_taken":[{"damage":0.0,"enemies":"2 Louse","floor":1.0,"turns":3.0},{"damage":5.0,"enemies":"Jaw Worm","floor":5.0,"turns":2.0},{"damage":15.0,"enemies":"Lagavulin","floor":6.0,"turns":5.0},{"damage":1.0,"enemies":"3 Sentries","floor":8.0,"turns":3.0},{"damage":0,"enemies":"Cultist","floor":11,"turns":2},{"damage":0,"enemies":"Lagavulin","floor":14,"turns":2},{"damage":0,"enemies":"Hexaghost","floor":16,"turns":3},{"damage":0,"enemies":"Shell Parasite","floor":18,"turns":3},{"damage":0,"enemies":"Chosen","floor":20,"turns":3},{"damage":0,"enemies":"Snake Plant","floor":21,"turns":3},{"damage":0,"enemies":"Gremlin Leader","floor":23,"turns":3},{"damage":0,"enemies":"Snecko","floor":25,"turns":1},{"damage":0,"enemies":"Book of Stabbing","floor":27,"turns":2},{"damage":0,"enemies":"Centurion and Healer","floor":29,"turns":2},{"damage":0,"enemies":"Gremlin Leader","floor":30,"turns":2},{"damage":0,"enemies":"Automaton","floor":33,"turns":4},{"damage":0,"enemies":"Orb Walker","floor":35,"turns":1},{"damage":0,"enemies":"3 Darklings","floor":37,"turns":2},{"damage":0,"enemies":"Transient","floor":39,"turns":5},{"damage":0,"enemies":"Nemesis","floor":40,"turns":3},{"damage":0,"enemies":"Sphere and 2 Shapes","floor":42,"turns":2},{"damage":0,"enemies":"Reptomancer","floor":44,"turns":1},{"damage":0,"enemies":"Orin","floor":48,"turns":2},{"damage":0,"enemies":"Awakened One","floor":50,"turns":3},{"damage":0,"enemies":"Shield and Spear","floor":54,"turns":1},{"damage":0,"enemies":"Shield and Spear","floor":54,"turns":1},{"damage":0,"enemies":"The Heart","floor":55,"turns":1}],"seed_played":"918915784525375898","potions_obtained":[{"floor":1.0,"key":"ZuzhouPotion:ReiMu"},{"floor":5.0,"key":"DemoMod:LeadSkinPotion"},{"floor":16,"key":"BlessingOfTheForge"},{"floor":20,"key":"Dexterity Potion"},{"floor":33,"key":"DemoMod:LeadSkinPotion"},{"floor":40,"key":"FairyPotion"}],"is_trial":false,"path_per_floor":["M","?","$","?","M","E","R","E","T","R","M","R","?","E","R","B",null,"M","?","M","M","$","E","?","M","T","E","T","M","E","$","R","B",null,"M","$","M","?","M","E","R","M","T","E","?","$","R","?","R","B",null,"R","$","E","R","$","E","B",null],"character_chosen":"The_Alterego","items_purchased":["Membership Card","testmod-IntensifyImprint","Chaos","testmod-HeartOfDaVinci","DemoMod:SuperHotWatch","BelialBook","GuppysHairball","GuppysPaw","RuthlessExorcism:ReiMu","testmod-BouquetWithThorns","Omamori","Lizard Tail","GuppysTail","Toolbox","testmod-TheFather","ForgetMeNow","TentaclePot:ReiMu"],"campfire_rested":0,"item_purchase_floors":[3,3,3,3,3,17,17,17,22,22,31,31,34,46,46,53,53],"current_hp_per_floor":[49,49,49,46,42,28,28,28,28,28,28,28,28,28,28,28,31,31,31,31,31,31,31,31,31,31,31,31,31,31,31,31,31,28,28,28,28,28,28,28,28,31,31,31,29,29,29,29,29,29,29,29,29,29,29,29,29,30],"gold":129,"neow_bonus":"TWO_FIFTY_GOLD","is_daily":false,"chose_seed":false,"campfire_upgraded":9,"win_rate":0.0,"timestamp":1610282593,"path_taken":["M","?","?","?","M","E","R","E","T","R","?","R","?","E","R","BOSS","M","?","M","?","$","E","?","M","T","E","?","M","E","$","R","BOSS","M","$","M","?","M","E","R","?","T","E","?","$","R","?","R","BOSS","R","$","E","R","$","E","BOSS"],"items_purchased_type":["Relic","Relic","Card","Relic","Relic","Relic","Relic","Relic","Relic","Relic","Relic","Relic","Relic","Relic","Relic","Relic","Relic"],"build_version":"2020-12-22","purchased_purges":7,"victory":true,"max_hp_per_floor":[70,70,70,70,71,72,72,73,73,73,73,73,73,73,73,73,31,31,31,31,31,31,31,31,31,31,31,31,31,31,31,31,31,28,28,28,28,28,28,28,28,31,31,31,29,29,29,29,29,29,29,29,29,29,29,29,29,30],"card_choices":[{"not_picked":["alterego_mod:Cooking","alterego_mod:Collar"],"picked":"alterego_mod:Mirror","floor":1.0},{"not_picked":["alterego_mod:HighServant","alterego_mod:BiFurious"],"picked":"alterego_mod:SakuraLabyrinth","floor":5.0},{"not_picked":["alterego_mod:TrashNCrash","alterego_mod:RidiculouslyBig"],"picked":"Bomb","floor":6.0},{"not_picked":["alterego_mod:RidiculouslyBig","alterego_mod:DeftHands","alterego_mod:HighServant"],"picked":"SKIP","floor":8},{"not_picked":["alterego_mod:DeftHands","alterego_mod:HighServant"],"picked":"alterego_mod:RidiculouslyBig","floor":8},{"not_picked":["alterego_mod:DeftHands","alterego_mod:DustData","alterego_mod:MagicResistance"],"picked":"SKIP","floor":11},{"not_picked":["alterego_mod:Schoolgirl","alterego_mod:Pet"],"picked":"alterego_mod:Cushion","floor":14},{"not_picked":["alterego_mod:Skirt","alterego_mod:Mirror","alterego_mod:Maid"],"picked":"SKIP","floor":18},{"not_picked":["alterego_mod:Smother","alterego_mod:MagicResistance"],"picked":"alterego_mod:Rake","floor":20},{"not_picked":["alterego_mod:BiFurious","alterego_mod:Bounce"],"picked":"alterego_mod:TrashNCrash+1","floor":21},{"not_picked":["alterego_mod:Rip+1","alterego_mod:TrashNCrash"],"picked":"alterego_mod:ChallengeComplete","floor":23},{"not_picked":["alterego_mod:Alter","alterego_mod:Punishment"],"picked":"alterego_mod:Birthday","floor":25},{"not_picked":["alterego_mod:HighServant","alterego_mod:IndependentAction"],"picked":"alterego_mod:Valentines+1","floor":27},{"not_picked":["alterego_mod:MagicResistance+1","alterego_mod:Smother","alterego_mod:PerceptionDisorder"],"picked":"SKIP","floor":29},{"not_picked":["alterego_mod:Mirror","alterego_mod:Bounce"],"picked":"alterego_mod:STier","floor":30},{"not_picked":["alterego_mod:Undulate+1","alterego_mod:PurpleHair","alterego_mod:Jiggle+1"],"picked":"SKIP","floor":35},{"not_picked":["alterego_mod:Undulate+1","alterego_mod:TrashNCrash","alterego_mod:MagicResistance"],"picked":"SKIP","floor":37},{"not_picked":["alterego_mod:Undulate+1","alterego_mod:BoobPocket+1","alterego_mod:Bloomers"],"picked":"SKIP","floor":39},{"not_picked":["alterego_mod:Bounce","alterego_mod:RidiculouslyBig+1"],"picked":"alterego_mod:Bunnysuit+1","floor":40},{"not_picked":["alterego_mod:Cushion","alterego_mod:Bunnysuit","alterego_mod:Punishment"],"picked":"SKIP","floor":42},{"not_picked":["alterego_mod:Complex","alterego_mod:PainIsPleasure","alterego_mod:GoddessCore"],"picked":"SKIP","floor":44},{"not_picked":["alterego_mod:Maid","alterego_mod:Venus","alterego_mod:Palingenesis"],"picked":"SKIP","floor":54},{"not_picked":["alterego_mod:Pet","alterego_mod:Birthday","alterego_mod:Jiggle+1"],"picked":"SKIP","floor":54}],"player_experience":1176701,"relics_obtained":[{"floor":6.0,"key":"blackbeard:TreasureChest"},{"floor":8,"key":"blackbeard:PowderCan"},{"floor":14,"key":"yuri:PortableGlitches"},{"floor":23,"key":"TheBean"},{"floor":26,"key":"testmod-HeartOfStrike"},{"floor":27,"key":"UnicornStump"},{"floor":28,"key":"DemoMod:ChaffGrenade"},{"floor":30,"key":"Bag of Marbles"},{"floor":43,"key":"DemoMod:BigBoy"},{"floor":44,"key":"HowToJump"},{"floor":48,"key":"CatCart"},{"floor":54,"key":"Medical Kit"},{"floor":54,"key":"KSMOD_TouyasBicycle"}],"event_choices":[{"damage_healed":0.0,"max_hp_gain":0.0,"max_hp_loss":0.0,"gold_gain":175.0,"event_name":"Liars Game","player_choice":"AGREE","floor":2.0,"gold_loss":0.0,"damage_taken":0.0,"cards_obtained":["Doubt"]},{"damage_healed":0.0,"max_hp_gain":0.0,"max_hp_loss":0.0,"gold_gain":0.0,"event_name":"Scrap Ooze","player_choice":"Success","floor":4.0,"gold_loss":0.0,"damage_taken":3.0,"relics_obtained":["DoctorsRemote"]},{"cards_removed":["alterego_mod:Defend"],"damage_healed":0,"gold_gain":0,"player_choice":"Card Removal","damage_taken":0,"max_hp_gain":0,"max_hp_loss":0,"event_name":"The Cleric","floor":13,"gold_loss":50},{"cards_removed":["alterego_mod:Defend"],"damage_healed":0,"gold_gain":0,"player_choice":"Gave Gold","damage_taken":0,"max_hp_gain":0,"max_hp_loss":0,"event_name":"Beggar","floor":19,"gold_loss":75},{"cards_removed":["alterego_mod:Strike"],"damage_healed":0,"gold_gain":0,"player_choice":"Elegance","damage_taken":0,"max_hp_gain":0,"max_hp_loss":0,"event_name":"Back to Basics","floor":24,"gold_loss":0},{"damage_healed":0,"gold_gain":0,"player_choice":"Ignored","damage_taken":0,"max_hp_gain":0,"max_hp_loss":0,"event_name":"Tomb of Lord Red Mask","floor":38,"gold_loss":0},{"damage_healed":0,"gold_gain":0,"player_choice":"Max HP","damage_taken":0,"max_hp_gain":0,"max_hp_loss":2,"event_name":"Winding Halls","floor":45,"gold_loss":0},{"damage_healed":0,"gold_gain":0,"player_choice":"Fight","damage_taken":0,"max_hp_gain":0,"max_hp_loss":0,"event_name":"OrinTheCat","floor":48,"gold_loss":0}],"is_beta":false,"boss_relics":[{"not_picked":["theMarked:Eyepatch","Sling"],"picked":"CrazyTorch:ReiMu"},{"not_picked":[]},{"not_picked":["Old Coin","blackbeard:SoberMinded"],"picked":"DemoMod:PinkGuonStone"},{"not_picked":[]}],"items_purged_floors":[3,3,17,17,22,31,46],"is_endless":false,"potions_floor_spawned":[1,5,16,20,23,27,29,33,35,40,44,54,54],"ascension_level":0}}