{"host":"7qf1todfnxspvw7w","time":1610321189,"event":{"mods":["AchievementEnabler","BaseMod","Block Reminder","Colored Powertips","Disable Question Mark Monsters","Displayed Cursed Tome","Googly Eyes","Minty Spire (QoL Compilation)","Poor People Problems","Rare Cards Sparkle","Relic Stats","Reorder Act Four","SacredBarkPlus","Shop Mod","StSLib","Uncapped"],"gold_per_floor":[113,16,34,109,59,76,76,107,107,107,135,135,149,167,167,265,265,277,290,290,290,68,68,102,115,115,115,150,150,28,28,28,129,129,144,44,0,0,11,11,26,51,77,77,77],"floor_reached":46,"playtime":1559,"items_purged":["Strike_G","Defend_G"],"score":820,"play_id":"5911e6f8-5937-4a9c-8461-238ff2cbcaca","local_time":"20210111022629","is_ascension_mode":true,"campfire_choices":[{"floor":10,"key":"REST"},{"floor":12,"key":"REST"},{"floor":15,"key":"REST"},{"data":"Cloak And Dagger","floor":23,"key":"SMITH"},{"floor":29,"key":"REST"},{"floor":32,"key":"REST"},{"floor":40,"key":"REST"}],"circlet_count":0,"master_deck":["Strike_G","Strike_G","Strike_G","Defend_G","Defend_G","Defend_G","Defend_G","Survivor","Neutralize","Accuracy","Cloak And Dagger+1","Blur","Footwork","Blade Dance","Venomology","Infinite Blades","Accuracy","Choke","Footwork","Blade Dance"],"relics":["WristBlade","Oddly Smooth Stone","HornCleat","Meat on the Bone","Pen Nib","HoveringKite","Juzu Bracelet","Ornamental Fan","Orichalcum","Enchiridion","Akabeko","Runic Dome","Red Mask","Smiling Mask","Centennial Puzzle"],"acts_visited":["Exordium","TheCity","TheBeyond"],"potions_floor_usage":[16,16,19,24,28,28,33,35,41,42,45,45,45,45],"damage_taken":[{"damage":7,"enemies":"Small Slimes","floor":1,"turns":3},{"damage":8,"enemies":"2 Louse","floor":3,"turns":3},{"damage":1,"enemies":"Cultist","floor":6,"turns":5},{"damage":14,"enemies":"3 Sentries","floor":8,"turns":15},{"damage":26,"enemies":"Lagavulin","floor":11,"turns":12},{"damage":0,"enemies":"Blue Slaver","floor":13,"turns":3},{"damage":11,"enemies":"Gremlin Gang","floor":14,"turns":5},{"damage":7,"enemies":"Hexaghost","floor":16,"turns":7},{"damage":24,"enemies":"3 Byrds","floor":18,"turns":6},{"damage":8,"enemies":"Spheric Guardian","floor":19,"turns":4},{"damage":8,"enemies":"Gremlin Leader","floor":24,"turns":3},{"damage":17,"enemies":"Centurion and Healer","floor":25,"turns":5},{"damage":3,"enemies":"Book of Stabbing","floor":28,"turns":5},{"damage":23,"enemies":"Champ","floor":33,"turns":7},{"damage":0,"enemies":"Orb Walker","floor":35,"turns":3},{"damage":28,"enemies":"3 Shapes","floor":39,"turns":4},{"damage":24,"enemies":"Transient","floor":41,"turns":5},{"damage":28,"enemies":"Reptomancer","floor":42,"turns":8},{"damage":23,"enemies":"Donu and Deca","floor":45,"turns":7}],"seed_played":"2588810243112478877","potions_obtained":[{"floor":1,"key":"ColorlessPotion"},{"floor":8,"key":"FearPotion"},{"floor":11,"key":"ColorlessPotion"},{"floor":13,"key":"FearPotion"},{"floor":18,"key":"Swift Potion"},{"floor":39,"key":"CultistPotion"}],"is_trial":false,"path_per_floor":["M","$","M","?","?","M","?","E","T","R","E","R","M","M","R","B",null,"M","M","?","?","$","R","E","M","T","?","E","R","$","?","R","B",null,"M","$","?","?","M","R","M","E","T","?","B",null],"character_chosen":"THE_SILENT","items_purchased":["Cloak And Dagger","Accuracy","Juzu Bracelet","Footwork","Blade Dance"],"campfire_rested":6,"item_purchase_floors":[2,22,22,30,30],"current_hp_per_floor":[63,63,55,44,44,43,43,29,29,50,36,57,57,46,67,60,70,46,38,61,61,61,61,53,36,36,20,29,50,50,37,59,48,75,75,75,75,75,47,69,45,44,44,44,56],"gold":77,"neow_bonus":"BOSS_RELIC","is_daily":false,"chose_seed":false,"campfire_upgraded":1,"win_rate":0.0,"timestamp":1610321189,"path_taken":["M","$","M","?","?","M","?","E","T","R","E","R","M","M","R","BOSS","M","?","?","?","$","R","E","M","T","?","E","R","$","?","R","BOSS","M","$","?","?","M","R","M","E","T","?","BOSS"],"items_purchased_type":["Card","Card","Relic","Card","Card"],"build_version":"2020-12-22","purchased_purges":2,"victory":true,"max_hp_per_floor":[70,70,70,70,70,70,70,70,70,70,70,70,70,70,70,70,70,70,70,70,70,70,70,70,70,70,70,70,70,70,75,75,75,75,75,75,75,75,75,75,75,75,75,75,75],"relic_stats":{"Centennial Puzzle":[3],"counters":[19,110],"Ornamental Fan":[124],"HoveringKite":[12],"Pen Nib":[22],"Juzu Bracelet":1,"Orichalcum":[12],"Smiling Mask":0,"obtain_stats":[{"Oddly Smooth Stone":7,"HoveringKite":17,"Enchiridion":27,"Pen Nib":11,"Juzu Bracelet":22,"Orichalcum":26,"Smiling Mask":42,"Akabeko":28,"Runic Dome":34,"Centennial Puzzle":43,"HornCleat":8,"WristBlade":0,"Ornamental Fan":24,"Red Mask":37,"Ring of the Snake":0,"Meat on the Bone":9},{"Oddly Smooth Stone":3,"HoveringKite":8,"Enchiridion":12,"Pen Nib":5,"Juzu Bracelet":10,"Orichalcum":12,"Smiling Mask":18,"Akabeko":13,"Runic Dome":14,"Centennial Puzzle":18,"HornCleat":4,"WristBlade":0,"Ornamental Fan":11,"Red Mask":15,"Ring of the Snake":0,"Meat on the Bone":4},{"Oddly Smooth Stone":11,"HoveringKite":53,"Enchiridion":71,"Pen Nib":38,"Juzu Bracelet":63,"Orichalcum":71,"Smiling Mask":103,"Akabeko":76,"Runic Dome":83,"Centennial Puzzle":103,"HornCleat":26,"WristBlade":0,"Ornamental Fan":66,"Red Mask":86,"Ring of the Snake":0,"Meat on the Bone":26}],"Meat on the Bone":48},"card_choices":[{"not_picked":["Setup","Dodge and Roll"],"picked":"Accuracy","floor":1},{"not_picked":["Acrobatics","Slice"],"picked":"Blur","floor":3},{"not_picked":["Skewer","Quick Slash","Outmaneuver"],"picked":"SKIP","floor":6},{"not_picked":["Leg Sweep","Phantasmal Killer"],"picked":"Footwork","floor":8},{"not_picked":["Poisoned Stab","Backflip"],"picked":"Blade Dance","floor":11},{"not_picked":["Tactician","Bane","Backflip"],"picked":"SKIP","floor":13},{"not_picked":["Reflex","Sucker Punch","Crippling Poison"],"picked":"SKIP","floor":14},{"not_picked":["Die Die Die","Tools of the Trade"],"picked":"Venomology","floor":16},{"not_picked":["Crippling Poison","Dash"],"picked":"Infinite Blades","floor":18},{"not_picked":["Slice","Dagger Spray","Blur"],"picked":"SKIP","floor":19},{"not_picked":["PiercingWail","Night Terror"],"picked":"Choke","floor":24},{"not_picked":["Sucker Punch","Dagger Throw","Bouncing Flask"],"picked":"SKIP","floor":25},{"not_picked":["Prepared","Well Laid Plans","Dagger Throw"],"picked":"SKIP","floor":28},{"not_picked":["Deadly Poison+1","Slice+1","Poisoned Stab"],"picked":"SKIP","floor":35},{"not_picked":["Prepared+1","Deflect","Flying Knee"],"picked":"SKIP","floor":39},{"not_picked":["Flying Knee+1","Deadly Poison","Prepared+1"],"picked":"SKIP","floor":41},{"not_picked":["Finisher","Prepared+1","Poisoned Stab+1"],"picked":"SKIP","floor":42}],"player_experience":505637,"relics_obtained":[{"floor":8,"key":"HornCleat"},{"floor":9,"key":"Meat on the Bone"},{"floor":11,"key":"Pen Nib"},{"floor":24,"key":"Ornamental Fan"},{"floor":26,"key":"Orichalcum"},{"floor":28,"key":"Akabeko"},{"floor":42,"key":"Smiling Mask"},{"floor":43,"key":"Centennial Puzzle"}],"event_choices":[{"damage_healed":0,"gold_gain":75,"player_choice":"Gather Gold","damage_taken":11,"max_hp_gain":0,"max_hp_loss":0,"event_name":"World of Goop","floor":4,"gold_loss":0},{"cards_removed":["Strike_G"],"damage_healed":0,"gold_gain":0,"player_choice":"Card Removal","damage_taken":0,"max_hp_gain":0,"max_hp_loss":0,"event_name":"The Cleric","floor":5,"gold_loss":50},{"damage_healed":0,"gold_gain":0,"player_choice":"Gave Potion","damage_taken":0,"relics_obtained":["Oddly Smooth Stone"],"max_hp_gain":0,"max_hp_loss":0,"event_name":"WeMeetAgain","floor":7,"gold_loss":0},{"damage_healed":23,"gold_gain":0,"player_choice":"Heal","damage_taken":0,"max_hp_gain":0,"max_hp_loss":0,"event_name":"The Library","floor":20,"gold_loss":0},{"damage_healed":0,"gold_gain":0,"player_choice":"Ignored","damage_taken":0,"max_hp_gain":0,"max_hp_loss":0,"event_name":"Transmorgrifier","floor":21,"gold_loss":0},{"damage_healed":0,"gold_gain":0,"player_choice":"Obtained Book","damage_taken":16,"max_hp_gain":0,"max_hp_loss":0,"event_name":"Cursed Tome","floor":27,"gold_loss":0},{"damage_healed":0,"gold_gain":0,"player_choice":"Shed Blood","damage_taken":18,"max_hp_gain":5,"max_hp_loss":0,"event_name":"Forgotten Altar","floor":31,"gold_loss":0},{"damage_healed":0,"gold_gain":0,"player_choice":"Paid","damage_taken":0,"relics_obtained":["Red Mask"],"max_hp_gain":0,"max_hp_loss":0,"event_name":"Tomb of Lord Red Mask","floor":37,"gold_loss":44},{"damage_healed":0,"gold_gain":0,"player_choice":"Memory 1","damage_taken":0,"max_hp_gain":0,"max_hp_loss":0,"event_name":"SensoryStone","floor":38,"gold_loss":0},{"damage_healed":0,"gold_gain":0,"player_choice":"Took Portal","damage_taken":0,"max_hp_gain":0,"max_hp_loss":0,"event_name":"SecretPortal","floor":44,"gold_loss":0}],"is_beta":false,"boss_relics":[{"not_picked":["Pandora\u0027s Box","Runic Pyramid"],"picked":"HoveringKite"},{"not_picked":["Snecko Eye","Velvet Choker"],"picked":"Runic Dome"}],"items_purged_floors":[2,36],"is_endless":false,"potions_floor_spawned":[1,8,11,13,18,25,39,41,42],"ascension_level":4}}