{"host":"vdpaduzlq0qlaikq","time":1610262485,"event":{"mods":["AchievementEnabler","BaseMod","Better Third Choice","BetterRewards","Colored Map","Downfall","Gold Saver","Hermit","Jorbs\u0027s Wanderer Trilogy","Minty Spire (QoL Compilation)","Relic Filter","Spicy Shops","StSLib","The Necromancer"],"gold_per_floor":[1357,1532,518,618,629,702,702,736,788,788,788,844,844,39,39,177,177,237,297,297,297,309,309,90,129,175,175,175,136,162,162,162,264,264,279,1278,1289,1289,1344,1344,1344,955,1025,432,452,486,544,554,554,554,554,554,15,49,49],"floor_reached":56,"playtime":1845,"items_purged":["Strike_B","Doubt"],"score":2001,"play_id":"d25e4ca9-5ce8-4052-bd1e-2f000898b9d1","local_time":"20210110050805","is_ascension_mode":true,"campfire_choices":[{"data":"Storm","floor":7,"key":"SMITH"},{"floor":13,"key":"REST"},{"data":"Defragment","floor":15,"key":"SMITH"},{"data":"Echo Form","floor":23,"key":"SMITH"},{"floor":28,"key":"RECALL"},{"data":"Storm","floor":32,"key":"SMITH"},{"data":"Loop","floor":40,"key":"SMITH"},{"data":"Storm","floor":49,"key":"SMITH"},{"data":"Defragment","floor":52,"key":"SMITH"}],"circlet_count":0,"master_deck":["Zap","Dualcast","Defragment+1","HandOfGreed","Ball Lightning","Storm+1","BootSequence","Leap","Leap","Loop+1","Doom and Gloom","Consume","Heatsinks","White Noise","Glacier","Seek","Impatience","Echo Form+1","stsjorbsmod:SilverStrike","Loop","Machine Learning","Streamline","Storm+1","After Image","Biased Cognition","stsjorbsmod:Poultergeist+1","Storm+1","Defragment+1","Double Energy","Parasite","Storm+1","Defragment"],"relics":["Cracked Core","Mummified Hand","Ancient Tea Set","Orichalcum","Omamori","White Beast Statue","Pantograph","Juzu Bracelet","Bronze Scales","Pear","Oddly Smooth Stone","Anchor","Guardian:PocketSentry","Calipers","PrismaticShard","Pandora\u0027s Box","Runic Capacitor","Happy Flower","MealTicket","Black Star","Potion Belt","TheAbacus","Mercury Hourglass","Blue Candle","Guardian:BottledAnomaly","Strange Spoon","Sundial","Pocketwatch","DataDisk","DollysMirror","Du-Vu Doll","HornCleat"],"acts_visited":["Exordium","TheCity","TheBeyond","TheEnding"],"potions_floor_usage":[8,11,16,50,50,54,54,55,55,55,55],"damage_taken":[{"damage":0,"enemies":"Cultist","floor":1,"turns":3},{"damage":0,"enemies":"Jaw Worm","floor":5,"turns":3},{"damage":15,"enemies":"Lagavulin","floor":6,"turns":6},{"damage":19,"enemies":"Gremlin Nob","floor":8,"turns":4},{"damage":0,"enemies":"Lagavulin Event","floor":11,"turns":2},{"damage":2,"enemies":"Small Slimes","floor":12,"turns":4},{"damage":5,"enemies":"Slime Boss","floor":16,"turns":7},{"damage":0,"enemies":"Spheric Guardian","floor":18,"turns":2},{"damage":4,"enemies":"2 Thieves","floor":19,"turns":3},{"damage":2,"enemies":"Snake Plant","floor":22,"turns":2},{"damage":0,"enemies":"Cultist and Chosen","floor":25,"turns":3},{"damage":8,"enemies":"Slavers","floor":30,"turns":2},{"damage":2,"enemies":"Automaton","floor":33,"turns":5},{"damage":0,"enemies":"Orb Walker","floor":35,"turns":2},{"damage":7,"enemies":"3 Shapes","floor":37,"turns":4},{"damage":0,"enemies":"Sphere and 2 Shapes","floor":39,"turns":2},{"damage":0,"enemies":"3 Darklings","floor":45,"turns":3},{"damage":9,"enemies":"Nemesis","floor":46,"turns":3},{"damage":0,"enemies":"4 Shapes","floor":47,"turns":2},{"damage":0,"enemies":"Writhing Mass","floor":48,"turns":3},{"damage":29,"enemies":"Time Eater","floor":50,"turns":4},{"damage":46,"enemies":"Shield and Spear","floor":54,"turns":3},{"damage":75,"enemies":"The Heart","floor":55,"turns":4}],"seed_played":"-5372443605091246360","potions_obtained":[{"floor":1,"key":"SmokeBomb"},{"floor":5,"key":"Guardian:BlockOnCardUsePotion"},{"floor":6,"key":"Explosive Potion"},{"floor":8,"key":"FairyPotion"},{"floor":12,"key":"sneckomod:MuddlingPotion"},{"floor":16,"key":"SpeedPotion"},{"floor":18,"key":"Fire Potion"},{"floor":19,"key":"SkillPotion"},{"floor":45,"key":"FocusPotion"},{"floor":46,"key":"sneckomod:MuddlingPotion"},{"floor":47,"key":"DistilledChaos"},{"floor":54,"key":"Block Potion"}],"is_trial":false,"path_per_floor":["M","?","$","?","M","E","R","E","T","?","?","M","R","$","R","B",null,"M","M","?","?","M","R","$","M","T","?","R","$","E","?","R","B",null,"M","?","M","?","M","R","?","$","T","$","M","E","M","M","R","B",null,"R","$","E","B",null],"character_chosen":"DEFECT","items_purchased":["Mummified Hand","Defragment","Ancient Tea Set","HandOfGreed","Orichalcum","Omamori","White Beast Statue","Pantograph","Storm","BootSequence","Juzu Bracelet","Loop","Doom and Gloom","Anchor","Guardian:PocketSentry","Calipers","PrismaticShard","Loop","Runic Capacitor","Storm","Storm","Potion Belt","TheAbacus","Defragment","Double Energy","Blue Candle","Guardian:BottledAnomaly","Strange Spoon","DataDisk","DollysMirror","Defragment","PowerPotion","champ:CounterPotion"],"campfire_rested":1,"item_purchase_floors":[0,0,0,0,0,3,3,3,3,3,3,14,14,14,14,14,14,24,24,29,42,42,42,44,44,44,44,44,53,53,53,53,53],"current_hp_per_floor":[68,68,68,68,68,53,53,44,44,23,23,21,46,46,46,66,80,80,76,76,76,74,74,74,74,74,74,74,74,66,66,66,83,85,85,85,78,78,78,78,78,81,81,81,81,72,72,72,72,52,74,74,81,35,9],"gold":49,"neow_bonus":"","is_daily":false,"chose_seed":false,"campfire_upgraded":7,"win_rate":0.0,"timestamp":1610262485,"path_taken":["M","?","$","?","M","E","R","E","T","?","?","M","R","?","R","BOSS","M","M","?","?","M","R","$","M","T","?","R","$","E","?","R","BOSS","M","?","M","?","M","R","?","$","T","$","M","E","M","M","R","BOSS","R","$","E","BOSS"],"items_purchased_type":["Relic","Card","Relic","Card","Relic","Relic","Relic","Relic","Card","Card","Relic","Card","Card","Relic","Relic","Relic","Relic","Card","Relic","Card","Card","Relic","Relic","Card","Card","Relic","Relic","Relic","Relic","Relic","Card","Potion","Potion"],"build_version":"2020-12-22","purchased_purges":2,"victory":true,"max_hp_per_floor":[75,75,75,75,75,75,75,85,85,85,85,85,85,85,85,85,85,85,85,85,85,85,85,85,85,85,85,85,85,85,85,85,85,85,85,85,85,85,85,85,81,81,81,81,81,81,81,81,81,81,81,81,81,81,81],"card_choices":[{"not_picked":["Leap","Conserve Battery"],"picked":"Ball Lightning","floor":1},{"not_picked":["Beam Cell","Streamline"],"picked":"Leap","floor":5},{"not_picked":["Compile Driver","Streamline","Gash"],"picked":"SKIP","floor":6},{"not_picked":["Sweeping Beam","Aggregate","BootSequence"],"picked":"SKIP","floor":8},{"not_picked":["Fusion","Cold Snap"],"picked":"Leap","floor":12},{"not_picked":["sneckomod:UnknownWeak+1","Crescendo","hermit:HoleUp"],"picked":"SKIP","floor":18},{"not_picked":["sneckomod:UnknownStrike","hermit:Malice"],"picked":"Impatience","floor":19},{"not_picked":["Guardian:Gem_Crimson","Slimebound:PressTheAttack"],"picked":"stsjorbsmod:SilverStrike","floor":22},{"not_picked":["Slimebound:ServeAndProtect","stsjorbsmod:ArcaneWeapon","stsjorbsmod:Accumulation"],"picked":"SKIP","floor":25},{"not_picked":["Exploit","Halt"],"picked":"After Image","floor":30},{"not_picked":["champ:LastStand","Phantasmal Killer"],"picked":"Biased Cognition","floor":33},{"not_picked":["sneckomod:Unknown1Cost+1","Guardian:Reroute","hexamod:HauntingEcho+1"],"picked":"SKIP","floor":35},{"not_picked":["stsjorbsmod:BookOfTongues","stsjorbsmod:Equinox"],"picked":"Prepared+1","floor":37},{"not_picked":["stsjorbsmod:Hurt+1","champ:Riposte+1"],"picked":"stsjorbsmod:Poultergeist+1","floor":39},{"not_picked":["Slimebound:SplitMire+1","hermit:Enervate","Slimebound:HungryTackle+1"],"picked":"SKIP","floor":45},{"not_picked":["stsjorbsmod:Damnation+1","Seeing Red+1","stsjorbsmod:Message+1"],"picked":"SKIP","floor":46},{"not_picked":["Guardian:Recover","Slimebound:PressTheAttack+1","Bloodletting"],"picked":"SKIP","floor":47},{"not_picked":["champ:FightOn","stsjorbsmod:Commune+1","champ:FlashCut+1"],"picked":"SKIP","floor":48},{"not_picked":["Guardian:VentSteam+1","hermit:Determination","stsjorbsmod:Ectoplasm_Cull"],"picked":"SKIP","floor":54}],"player_experience":622463,"relics_obtained":[{"floor":6,"key":"Bronze Scales"},{"floor":8,"key":"Pear"},{"floor":26,"key":"Happy Flower"},{"floor":30,"key":"MealTicket"},{"floor":43,"key":"Mercury Hourglass"},{"floor":46,"key":"Sundial"},{"floor":46,"key":"Pocketwatch"},{"floor":54,"key":"Du-Vu Doll"},{"floor":54,"key":"HornCleat"}],"event_choices":[{"damage_healed":0,"gold_gain":175,"player_choice":"AGREE","damage_taken":1357,"max_hp_gain":0,"max_hp_loss":0,"event_name":"betterThird:BetterSerpent","floor":2,"gold_loss":0},{"damage_healed":0,"gold_gain":100,"player_choice":"Pray","damage_taken":0,"max_hp_gain":0,"max_hp_loss":0,"event_name":"Golden Shrine","floor":4,"gold_loss":0},{"damage_healed":0,"gold_gain":1,"player_choice":"Relic ","damage_taken":21,"max_hp_gain":0,"max_hp_loss":0,"event_name":"betterThird:BetterScrap","floor":10,"gold_loss":0,"cards_obtained":["Venomology"]},{"damage_healed":0,"gold_gain":0,"player_choice":"Searched \u00272\u0027 times","damage_taken":0,"max_hp_gain":0,"max_hp_loss":0,"event_name":"Dead Adventurer","floor":11,"gold_loss":0},{"damage_healed":0,"gold_gain":0,"player_choice":"Read","damage_taken":0,"max_hp_gain":0,"max_hp_loss":0,"event_name":"The Library","floor":21,"gold_loss":0,"cards_obtained":["Echo Form"]},{"damage_healed":0,"gold_gain":0,"cards_transformed":["Consume","Static Discharge"],"player_choice":"Became Test Subject","damage_taken":0,"max_hp_gain":0,"max_hp_loss":0,"event_name":"Drug Dealer","floor":27,"gold_loss":0,"cards_obtained":["Machine Learning","Streamline"]},{"damage_healed":0,"gold_gain":0,"player_choice":"Ignored","damage_taken":0,"max_hp_gain":0,"max_hp_loss":0,"event_name":"Beggar","floor":31,"gold_loss":0},{"damage_healed":0,"gold_gain":999,"player_choice":"Gold","damage_taken":0,"max_hp_gain":0,"max_hp_loss":0,"event_name":"MindBloom","floor":36,"gold_loss":0,"cards_obtained":["Normality","Normality"]},{"cards_removed":["Prepared"],"damage_healed":0,"gold_gain":0,"player_choice":"Removed Skill","damage_taken":0,"max_hp_gain":0,"max_hp_loss":0,"event_name":"Falling","floor":38,"gold_loss":0},{"damage_healed":0,"gold_gain":0,"player_choice":"Max HP","damage_taken":0,"max_hp_gain":0,"max_hp_loss":4,"event_name":"Winding Halls","floor":41,"gold_loss":0}],"is_beta":false,"boss_relics":[{"not_picked":["Tiny House","Empty Cage"],"picked":"Pandora\u0027s Box"},{"not_picked":["Calling Bell","FrozenCore"],"picked":"Black Star"}],"items_purged_floors":[0,3],"is_endless":false,"potions_floor_spawned":[1,5,6,8,11,12,16,18,19,22,25,30,33,35,37,39,45,46,47,48,54],"ascension_level":8}}