{"host":"ig7tc0uedzltt2sr","time":1610241212,"event":{"mods":["BaseMod","Better Twitch Integration","Block Reminder","Colored Map","Colored Powertips","Communication Mod","Current Relic Mod","GifTheSpireLib","HexUI Lib","Minty Spire (QoL Compilation)","Quick Restart","Random Character Button","Rare Cards Sparkle","Relic Sorter","Relic Stats","Slay the Relics Exporter","StSLib","SuperFastMode","Synergy Search","Twitch Decklist","Twitch Utils","everything is the same but u backflip on backflip","slay the spire mod where everything is the same but ironclad has a cowboy hat"],"gold_per_floor":[117,132,207,223,239,239,255,255,255],"floor_reached":8,"playtime":33,"items_purged":[],"score":50,"play_id":"2dde89b2-465e-4c66-9831-452283149100","local_time":"20210109171332","is_ascension_mode":false,"campfire_choices":[{"floor":6,"key":"RECALL"}],"circlet_count":0,"master_deck":["Strike_R","Strike_R","Strike_R","Strike_R","Strike_R","Defend_R","Defend_R","Defend_R","Defend_R","Bash","Flex"],"relics":["Burning Blood","NeowsBlessing"],"acts_visited":["Exordium"],"potions_floor_usage":[],"damage_taken":[{"damage":0,"enemies":"Jaw Worm","floor":1,"turns":1},{"damage":0,"enemies":"Cultist","floor":2,"turns":1},{"damage":0,"enemies":"2 Louse","floor":4,"turns":1},{"damage":45,"enemies":"2 Fungi Beasts","floor":5,"turns":5},{"damage":40,"enemies":"3 Louse","floor":7,"turns":5},{"damage":18,"enemies":"Lagavulin","floor":8,"turns":2}],"seed_played":"7926604783632156052","potions_obtained":[{"floor":1,"key":"Fruit Juice"}],"is_trial":false,"path_per_floor":["M","M","?","M","M","R","M","E"],"character_chosen":"IRONCLAD","items_purchased":[],"campfire_rested":0,"item_purchase_floors":[],"current_hp_per_floor":[80,80,72,78,39,39,10,0,0],"gold":255,"neow_bonus":"THREE_ENEMY_KILL","is_daily":false,"chose_seed":false,"campfire_upgraded":0,"win_rate":0.0,"timestamp":1610241212,"path_taken":["M","M","?","M","M","R","?","E"],"items_purchased_type":[],"build_version":"2020-12-22","purchased_purges":0,"victory":false,"max_hp_per_floor":[80,80,80,80,80,80,85,85,85],"relic_stats":{"counters":[6,15],"obtain_stats":[{"NeowsBlessing":0,"Burning Blood":0},{"NeowsBlessing":0,"Burning Blood":0},{"NeowsBlessing":0,"Burning Blood":0}],"Burning Blood":18},"card_choices":[{"not_picked":["Blood for Blood","Rage","Heavy Blade"],"picked":"SKIP","floor":1},{"not_picked":["Rage","Warcry"],"picked":"Flex","floor":2},{"not_picked":["Headbutt","Iron Wave","Flex"],"picked":"SKIP","floor":4},{"not_picked":["Body Slam","Havoc","Cleave"],"picked":"SKIP","floor":5},{"not_picked":["Thunderclap","Heavy Blade","Clash"],"picked":"SKIP","floor":7}],"player_experience":1478707,"relics_obtained":[],"event_choices":[{"damage_healed":0,"gold_gain":75,"player_choice":"Touch","damage_taken":8,"max_hp_gain":0,"max_hp_loss":0,"event_name":"FaceTrader","floor":3,"gold_loss":0}],"is_beta":false,"boss_relics":[],"items_purged_floors":[],"is_endless":false,"potions_floor_spawned":[1],"killed_by":"Lagavulin","ascension_level":0}}