{"host":"b995t17pt6d05w8c","time":1610273767,"event":{"mods":["AchievementEnabler","BaseMod","Colored Map","Minty Spire (QoL Compilation)","SuperFastMode"],"gold_per_floor":[214,214,139,158,174,174,215,290,290,306,321,341,441,457,457,588,588,606,627,627,297,347,347,383,407,433,457,472,492,512,532,532,655,655,668,731,155,169,169,169,183,33,111,111,127,165,165,184,184,184],"floor_reached":51,"playtime":2012,"items_purged":["Strike_R","Strike_R","Heavy Blade","Anger"],"score":1245,"play_id":"710ff14e-c67a-4ede-95a9-695ae4daa00b","local_time":"20210110191607","is_ascension_mode":true,"campfire_choices":[{"data":"Bash","floor":6.0,"key":"SMITH"},{"data":"Armaments","floor":15.0,"key":"SMITH"},{"data":"Immolate","floor":23.0,"key":"SMITH"},{"data":"Entrench","floor":32.0,"key":"SMITH"},{"data":"Barricade","floor":40.0,"key":"SMITH"},{"data":"Impervious","floor":44,"key":"SMITH"},{"data":"Evolve","floor":47,"key":"SMITH"},{"data":"Body Slam","floor":49,"key":"SMITH"}],"circlet_count":0,"master_deck":["AscendersBane","Bash+1","Pommel Strike","Shrug It Off+1","Body Slam+1","Intimidate","Burning Pact","Armaments+1","Immolate+1","Warcry+1","Entrench+1","Feel No Pain","Evolve+1","Dropkick+1","Flame Barrier","Disarm+1","Offering","Heavy Blade","Barricade+1","Ghostly Armor","Offering+1","Dropkick","Impervious+1","Battle Trance"],"relics":["Burning Blood","Golden Idol","Pantograph","Darkstone Periapt","Philosopher\u0027s Stone","Happy Flower","Toy Ornithopter","Nunchaku","Pandora\u0027s Box","Gambling Chip","War Paint","CaptainsWheel","HornCleat","Bird Faced Urn"],"acts_visited":["Exordium","TheCity","TheBeyond"],"potions_floor_usage":[50,50],"damage_taken":[{"damage":13.0,"enemies":"Jaw Worm","floor":1.0,"turns":4.0},{"damage":1.0,"enemies":"Cultist","floor":4.0,"turns":5.0},{"damage":1.0,"enemies":"Small Slimes","floor":5.0,"turns":4.0},{"damage":30.0,"enemies":"3 Sentries","floor":7.0,"turns":8.0},{"damage":8.0,"enemies":"Gremlin Gang","floor":10.0,"turns":7.0},{"damage":17.0,"enemies":"Blue Slaver","floor":11.0,"turns":3.0},{"damage":13.0,"enemies":"3 Louse","floor":12.0,"turns":5.0},{"damage":6.0,"enemies":"Red Slaver","floor":14.0,"turns":5.0},{"damage":27.0,"enemies":"The Guardian","floor":16.0,"turns":14.0},{"damage":35.0,"enemies":"2 Thieves","floor":18.0,"turns":3.0},{"damage":4.0,"enemies":"Chosen","floor":19.0,"turns":4.0},{"damage":27.0,"enemies":"Gremlin Leader","floor":24.0,"turns":6.0},{"damage":22.0,"enemies":"Centurion and Healer","floor":25.0,"turns":9.0},{"damage":4.0,"enemies":"Cultist and Chosen","floor":27.0,"turns":5.0},{"damage":18.0,"enemies":"Sentry and Sphere","floor":28.0,"turns":8.0},{"damage":19.0,"enemies":"Snake Plant","floor":29.0,"turns":4.0},{"damage":0.0,"enemies":"Centurion and Healer","floor":30.0,"turns":6.0},{"damage":12.0,"enemies":"Shelled Parasite and Fungi","floor":31.0,"turns":8.0},{"damage":12.0,"enemies":"Champ","floor":33.0,"turns":20.0},{"damage":24.0,"enemies":"Orb Walker","floor":35.0,"turns":5.0},{"damage":28.0,"enemies":"Mind Bloom Boss Battle","floor":36.0,"turns":6.0},{"damage":6.0,"enemies":"3 Shapes","floor":38.0,"turns":5.0},{"damage":14,"enemies":"Transient","floor":41,"turns":5},{"damage":6,"enemies":"Sphere and 2 Shapes","floor":45,"turns":7},{"damage":12,"enemies":"Reptomancer","floor":46,"turns":3},{"damage":6,"enemies":"Writhing Mass","floor":48,"turns":5},{"damage":6,"enemies":"Time Eater","floor":50,"turns":6}],"seed_played":"-13902214679572896","potions_obtained":[{"floor":4.0,"key":"Explosive Potion"},{"floor":5.0,"key":"BloodPotion"},{"floor":12.0,"key":"DistilledChaos"},{"floor":19.0,"key":"LiquidBronze"},{"floor":25.0,"key":"Explosive Potion"},{"floor":27.0,"key":"SkillPotion"},{"floor":29.0,"key":"ColorlessPotion"},{"floor":33.0,"key":"EssenceOfSteel"},{"floor":45,"key":"Ancient Potion"},{"floor":48,"key":"LiquidMemories"}],"is_trial":false,"path_per_floor":["M","?","$","M","M","R","E","?","T","M","M","M","?","M","R","B",null,"M","M","?","$","?","R","E","M","T","M","M","M","M","M","R","B",null,"M","?","$","M","?","R","M","$","T","R","M","E","R","M","R","B",null],"character_chosen":"IRONCLAD","items_purchased":["Evolve","Happy Flower","War Paint","CaptainsWheel"],"campfire_rested":0,"item_purchase_floors":[21,21,37,37],"current_hp_per_floor":[65,65,65,70,74,74,50,43,43,41,30,23,23,23,23,27,62,33,35,35,35,35,35,14,17,17,24,17,9,15,14,14,33,64,46,49,49,49,49,49,41,41,41,41,41,35,35,41,41,74],"gold":184,"neow_bonus":"HUNDRED_GOLD","is_daily":false,"chose_seed":false,"campfire_upgraded":8,"win_rate":0.0,"timestamp":1610273767,"path_taken":["M","?","$","M","M","R","E","?","T","M","M","?","?","?","R","BOSS","M","M","?","$","?","R","E","M","T","M","M","?","M","?","R","BOSS","M","?","$","M","?","R","M","$","T","R","?","E","R","M","R","BOSS"],"items_purchased_type":["Card","Relic","Relic","Relic"],"build_version":"2020-12-22","purchased_purges":4,"victory":true,"max_hp_per_floor":[80,74,74,74,74,74,74,74,74,74,74,74,74,74,74,74,74,74,74,74,74,74,74,74,74,74,74,74,74,74,74,74,74,74,74,74,74,74,74,74,74,74,74,74,74,74,74,74,74,74],"card_choices":[{"not_picked":["Thunderclap","Fire Breathing","Anger"],"picked":"SKIP","floor":1.0},{"not_picked":["Clothesline","Thunderclap"],"picked":"Pommel Strike","floor":4.0},{"not_picked":["Anger","Clash"],"picked":"Shrug It Off","floor":5.0},{"not_picked":["Reckless Charge","Shrug It Off"],"picked":"Body Slam","floor":7.0},{"not_picked":["Clash","Flex"],"picked":"Intimidate","floor":10.0},{"not_picked":["Body Slam","Seeing Red"],"picked":"Burning Pact","floor":11.0},{"not_picked":["Rage","Searing Blow"],"picked":"Armaments","floor":12.0},{"not_picked":["Infernal Blade","Flex","Perfected Strike"],"picked":"SKIP","floor":14.0},{"not_picked":["Feed","Berserk"],"picked":"Immolate","floor":16.0},{"not_picked":["Carnage","Body Slam+1"],"picked":"Warcry+1","floor":18.0},{"not_picked":["Shrug It Off","True Grit"],"picked":"Entrench","floor":19.0},{"not_picked":["Heavy Blade+1","Headbutt","Sword Boomerang"],"picked":"SKIP","floor":24.0},{"not_picked":["Searing Blow","Havoc+1"],"picked":"Dropkick+1","floor":25.0},{"not_picked":["Shockwave","Heavy Blade","Wild Strike"],"picked":"SKIP","floor":27.0},{"not_picked":["Armaments+1","Headbutt+1"],"picked":"Flame Barrier","floor":28.0},{"not_picked":["Pommel Strike","Corruption","Iron Wave"],"picked":"SKIP","floor":29.0},{"not_picked":["Iron Wave","Metallicize+1","Thunderclap+1"],"picked":"SKIP","floor":30.0},{"not_picked":["Clothesline","Ghostly Armor"],"picked":"Disarm+1","floor":31.0},{"not_picked":["Berserk","Brutality"],"picked":"Offering","floor":33.0},{"not_picked":["Clash+1","Iron Wave+1","Flex+1"],"picked":"SKIP","floor":35.0},{"not_picked":["Shrug It Off","Armaments+1","Anger"],"picked":"SKIP","floor":38.0},{"not_picked":["Clash","Flex","Anger+1"],"picked":"SKIP","floor":41},{"not_picked":["Fire Breathing+1","Uppercut","Burning Pact"],"picked":"SKIP","floor":45},{"not_picked":["Inflame+1","Evolve+1"],"picked":"Battle Trance","floor":46},{"not_picked":["Shrug It Off","Blood for Blood","Metallicize+1"],"picked":"SKIP","floor":48}],"player_experience":85479,"relics_obtained":[{"floor":7.0,"key":"Pantograph"},{"floor":9.0,"key":"Darkstone Periapt"},{"floor":24.0,"key":"Toy Ornithopter"},{"floor":26.0,"key":"Nunchaku"},{"floor":36.0,"key":"Gambling Chip"},{"floor":43,"key":"HornCleat"},{"floor":46,"key":"Bird Faced Urn"}],"event_choices":[{"damage_healed":0.0,"max_hp_gain":0.0,"max_hp_loss":6.0,"gold_gain":0.0,"event_name":"Golden Idol","player_choice":"Lose Max HP","floor":2.0,"gold_loss":0.0,"damage_taken":0.0,"relics_obtained":["Golden Idol"]},{"damage_healed":0.0,"max_hp_gain":0.0,"max_hp_loss":0.0,"gold_gain":75.0,"event_name":"FaceTrader","player_choice":"Touch","floor":8.0,"gold_loss":0.0,"damage_taken":7.0},{"damage_healed":0.0,"max_hp_gain":0.0,"max_hp_loss":0.0,"gold_gain":100.0,"event_name":"Golden Shrine","player_choice":"Pray","floor":13.0,"gold_loss":0.0,"damage_taken":0.0},{"damage_healed":0.0,"max_hp_gain":0.0,"max_hp_loss":0.0,"gold_gain":0.0,"event_name":"The Library","player_choice":"Read","floor":20.0,"gold_loss":0.0,"damage_taken":0.0,"cards_obtained":["Feel No Pain"]},{"damage_healed":0.0,"max_hp_gain":0.0,"max_hp_loss":0.0,"gold_gain":100.0,"event_name":"The Joust","player_choice":"Bet on Murderer","floor":22.0,"gold_loss":50.0,"damage_taken":0.0},{"damage_healed":0.0,"max_hp_gain":0.0,"max_hp_loss":0.0,"gold_gain":0.0,"event_name":"MindBloom","player_choice":"Fight","floor":36.0,"gold_loss":0.0,"damage_taken":0.0},{"damage_healed":0.0,"max_hp_gain":0.0,"max_hp_loss":0.0,"gold_gain":0.0,"event_name":"Match and Keep!","player_choice":"1 cards matched","floor":39.0,"gold_loss":0.0,"damage_taken":0.0,"cards_obtained":["Impervious"]}],"is_beta":false,"boss_relics":[{"not_picked":["Astrolabe","Runic Dome"],"picked":"Philosopher\u0027s Stone"},{"not_picked":["Calling Bell","Snecko Eye"],"picked":"Pandora\u0027s Box"}],"items_purged_floors":[3,21,37,42],"is_endless":false,"potions_floor_spawned":[4,5,12,14,19,25,27,29,33,45,48],"ascension_level":11}}