{"host":"yw3evqd6vz25gg9c","time":1610258716,"event":{"mods":["2.2 Compatiblity","BaseMod","Custom Start","Downfall","Minty Spire (QoL Compilation)","Replay The Spire","StSLib","TheArtist","slay the spire mod where everything is the same but ironclad has a cowboy hat"],"gold_per_floor":[119,15,15,15,69,89,89,89,112,112,145,156,167,167,167,270,270,289,305,373,373,385,385,405,405,405,419,334,334,10,23,23,23,23],"floor_reached":33,"playtime":2583,"items_purged":["Regret"],"score":270,"play_id":"39aaac41-8b9d-4787-b4fd-415cd8248c39","local_time":"20210109230516","is_ascension_mode":false,"campfire_choices":[{"data":"artistmod:RainbowRazor","floor":7,"key":"SMITH"},{"data":"artistmod:DarkenDrawing","floor":10,"key":"SMITH"},{"data":"artistmod:RedRage","floor":15,"key":"SMITH"},{"floor":23,"key":"REST"},{"floor":25,"key":"REST"},{"floor":29,"key":"REST"},{"floor":32,"key":"REST"}],"circlet_count":0,"master_deck":["artistmod:StrokeStrike","artistmod:StrokeStrike","artistmod:StrokeStrike","artistmod:DaringDefend","artistmod:DaringDefend","artistmod:DaringDefend","artistmod:DaringDefend","artistmod:BrushBash","artistmod:DarkenDrawing+1","artistmod:RainbowRazor+1","artistmod:RedRage+1","artistmod:ClearChroma","artistmod:ResourceRampage","artistmod:AquaAnnoyance","artistmod:GreenGreed","artistmod:MagentaMadness","artistmod:PurplePain","artistmod:BlueBarrier","artistmod:ResourceRampage","artistmod:VibrantVision","artistmod:VibrantVision+1","artistmod:PalettePick","artistmod:RedRage+1","artistmod:SuperbSchooling+1","artistmod:ClearChroma","artistmod:ClearChroma"],"relics":["artistmod:BlueBrush","NeowsBlessing","Pen Nib","Ring of Peace","Ring of Hypnosis","Replay:Baseball","ReplayTheSpireMod:TigerMarble","Ice Cream","Painkiller Herb","Regal Pillow","Replay:WaspNest","Calipers","Kunai"],"acts_visited":["Exordium","TheCity"],"potions_floor_usage":[13,13,16,16,18,18,24,27,27,33],"damage_taken":[{"damage":0,"enemies":"2 Louse","floor":1,"turns":1},{"damage":0,"enemies":"Cultist","floor":6,"turns":1},{"damage":0,"enemies":"Gremlin Nob","floor":11,"turns":1},{"damage":0,"enemies":"Small Slimes","floor":12,"turns":2},{"damage":0,"enemies":"2 Fungi Beasts","floor":13,"turns":1},{"damage":34,"enemies":"Slime Boss","floor":16,"turns":8},{"damage":13,"enemies":"2 Thieves","floor":18,"turns":4},{"damage":0,"enemies":"Shell Parasite","floor":19,"turns":5},{"damage":6,"enemies":"Shelled Parasite and Fungi","floor":22,"turns":4},{"damage":33,"enemies":"Sentry and Sphere","floor":24,"turns":6},{"damage":12,"enemies":"Cultist and Chosen","floor":27,"turns":8},{"damage":21,"enemies":"Centurion and Healer","floor":31,"turns":5},{"damage":99,"enemies":"Collector","floor":33,"turns":7}],"seed_played":"3376382652728852522","potions_obtained":[{"floor":11,"key":"champ:CounterPotion"},{"floor":12,"key":"EntropicBrew"},{"floor":16,"key":"EntropicBrew"},{"floor":19,"key":"FairyPotion"},{"floor":24,"key":"AttackPotion"},{"floor":31,"key":"Weak Potion"}],"is_trial":false,"path_per_floor":["M","$","?","$","T","M","R","?","T","R","E","M","M","?","R","B",null,"?","?","?","?","?","T","?","T","T","?","?","T","T","?","T","B"],"character_chosen":"THE_ARTIST","items_purchased":["artistmod:RedRage","artistmod:ClearChroma","Kunai"],"campfire_rested":4,"item_purchase_floors":[2,2,30],"current_hp_per_floor":[71,71,71,71,71,71,71,71,71,71,71,71,71,71,71,37,71,58,58,58,58,52,71,38,71,71,59,59,71,71,50,71,0,0],"gold":23,"neow_bonus":"THREE_ENEMY_KILL","is_daily":false,"chose_seed":false,"campfire_upgraded":3,"win_rate":0.0,"timestamp":1610258716,"path_taken":["M","$","?","$","?","M","R","?","T","R","E","M","M","?","R","BOSS","?","?","?","?","?","T","?","T","T","?","?","T","T","?","T","BOSS"],"items_purchased_type":["Card","Card","Relic"],"build_version":"2020-12-22","purchased_purges":1,"victory":false,"max_hp_per_floor":[71,71,71,71,71,71,71,71,71,71,71,71,71,71,71,71,71,71,71,71,71,71,71,71,71,71,71,71,71,71,71,71,71,71],"card_choices":[{"not_picked":["artistmod:YellowYearning","artistmod:HorridHarvest"],"picked":"artistmod:RainbowRazor","floor":1},{"not_picked":["artistmod:CanvasCatapult","artistmod:SuperbSchooling"],"picked":"artistmod:AquaAnnoyance","floor":6},{"not_picked":["artistmod:CanvasCatapult","artistmod:YellowYearning"],"picked":"artistmod:GreenGreed","floor":11},{"not_picked":["artistmod:AmberAttack","artistmod:EnlightenedEpiphany"],"picked":"artistmod:MagentaMadness","floor":12},{"not_picked":["artistmod:PurplePurpose","artistmod:SuperbSchooling"],"picked":"artistmod:PurplePain","floor":13},{"not_picked":["artistmod:BigBrown","artistmod:BlackBang"],"picked":"artistmod:BlueBarrier","floor":16},{"not_picked":["artistmod:YellowYearning+1","artistmod:ChromaCrash"],"picked":"artistmod:ResourceRampage","floor":18},{"not_picked":["artistmod:ChromaCrash","artistmod:TreasureTrove+1"],"picked":"artistmod:VibrantVision","floor":19},{"not_picked":["artistmod:DoubleDraw","artistmod:CursedClash"],"picked":"artistmod:VibrantVision+1","floor":20},{"not_picked":["artistmod:ResourceRampage","artistmod:RedRage+1"],"picked":"artistmod:PalettePick","floor":20},{"not_picked":["artistmod:PaintBreath+1","artistmod:ClearChroma+1"],"picked":"artistmod:SuperbSchooling+1","floor":22},{"not_picked":["artistmod:BlueBurst","artistmod:ChromaCrash","artistmod:CanvasCatapult"],"picked":"SKIP","floor":24},{"not_picked":["artistmod:ProfoundPurple","artistmod:DoubleDraw"],"picked":"artistmod:ClearChroma","floor":27},{"not_picked":["artistmod:SuperbSchooling+1","artistmod:DoubleDemolition"],"picked":"artistmod:ClearChroma","floor":31}],"player_experience":156367,"relics_obtained":[{"floor":5,"key":"Pen Nib"},{"floor":8,"key":"Ring of Peace"},{"floor":8,"key":"Ring of Hypnosis"},{"floor":9,"key":"Replay:Baseball"},{"floor":11,"key":"ReplayTheSpireMod:TigerMarble"},{"floor":20,"key":"Regal Pillow"},{"floor":26,"key":"Replay:WaspNest"}],"event_choices":[{"damage_healed":0,"gold_gain":0,"cards_transformed":["artistmod:StrokeStrike"],"player_choice":"Transformed","damage_taken":0,"max_hp_gain":0,"max_hp_loss":0,"event_name":"Transmorgrifier","floor":3,"gold_loss":0,"cards_obtained":["artistmod:ResourceRampage"]},{"damage_healed":0,"gold_gain":0,"player_choice":"Box","damage_taken":0,"relics_obtained":["Ice Cream"],"max_hp_gain":0,"max_hp_loss":0,"event_name":"Big Fish","floor":14,"gold_loss":0,"cards_obtained":["Regret"]},{"damage_healed":0,"gold_gain":0,"player_choice":"Copied","damage_taken":0,"max_hp_gain":0,"max_hp_loss":0,"event_name":"Duplicator","floor":21,"gold_loss":0,"cards_obtained":["artistmod:RedRage"]},{"damage_healed":0,"gold_gain":0,"player_choice":"Obtained Relic","damage_taken":0,"relics_obtained":["Calipers"],"max_hp_gain":0,"max_hp_loss":0,"event_name":"Addict","floor":28,"gold_loss":85}],"is_beta":false,"boss_relics":[{"not_picked":["artistmod:BrokenBrush","Black Star"],"picked":"Painkiller Herb"}],"items_purged_floors":[30],"is_endless":false,"potions_floor_spawned":[11,12,16,19,24,31],"killed_by":"Collector","ascension_level":0}}