{"host":"r53pw7z744tg3fxg","time":1610238792,"event":{"mods":["AchievementEnabler","BaseMod","Colored Map","Colored Powertips","Highlight Path","Minty Spire (QoL Compilation)","Quick Restart","Transform Curses"],"gold_per_floor":[114,130,9,9,29,54,54,54,54,70,87,87,119,37,37,37,37],"floor_reached":16,"playtime":544,"items_purged":["Shame"],"score":176,"play_id":"19db06dc-f514-4794-8ea1-82d61df0451f","local_time":"20210109173312","is_ascension_mode":true,"campfire_choices":[{"floor":7.0,"key":"REST"},{"floor":8.0,"key":"REST"},{"floor":15.0,"key":"REST"}],"circlet_count":0,"master_deck":["AscendersBane","Strike_P","Strike_P","Strike_P","Strike_P","Defend_P","Defend_P","Defend_P","Defend_P","Eruption","Vigilance","FollowUp","PathToVictory","Consecrate","EmptyBody","ClearTheMind","Pray","BowlingBash","Finesse"],"relics":["PureWater","Unceasing Top","WingedGreaves","Eternal Feather","Incense Burner"],"acts_visited":["Exordium"],"potions_floor_usage":[],"damage_taken":[{"damage":11.0,"enemies":"Cultist","floor":1.0,"turns":6.0},{"damage":7.0,"enemies":"Small Slimes","floor":2.0,"turns":3.0},{"damage":4.0,"enemies":"Jaw Worm","floor":5.0,"turns":3.0},{"damage":47.0,"enemies":"Lagavulin","floor":6.0,"turns":5.0},{"damage":3.0,"enemies":"Large Slime","floor":10.0,"turns":7.0},{"damage":8.0,"enemies":"Lots of Slimes","floor":11.0,"turns":3.0},{"damage":25.0,"enemies":"Gremlin Nob","floor":13.0,"turns":4.0},{"damage":59,"enemies":"Slime Boss","floor":16,"turns":11}],"seed_played":"-1736638786738812190","potions_obtained":[{"floor":1.0,"key":"SneckoOil"},{"floor":2.0,"key":"Block Potion"},{"floor":10.0,"key":"ColorlessPotion"}],"is_trial":false,"path_per_floor":["M","M","$","?","M","E","R","R","T","M","M","$","E","$","R","B"],"character_chosen":"WATCHER","items_purchased":["Consecrate","Finesse"],"campfire_rested":3,"item_purchase_floors":[3,14],"current_hp_per_floor":[68,61,61,61,57,10,35,60,60,57,49,49,24,24,58,0,0],"gold":37,"neow_bonus":"TWENTY_PERCENT_HP_BONUS","is_daily":false,"chose_seed":false,"campfire_upgraded":0,"win_rate":0.0,"timestamp":1610238792,"path_taken":["M","M","$","?","?","E","R","R","T","M","M","$","E","$","R","BOSS"],"items_purchased_type":["Card","Card"],"build_version":"2020-12-22","purchased_purges":1,"victory":false,"max_hp_per_floor":[86,86,86,86,86,86,86,86,86,86,86,86,86,86,86,86,86],"card_choices":[{"not_picked":["EmptyBody","FlurryOfBlows"],"picked":"FollowUp","floor":1.0},{"not_picked":["FlurryOfBlows","WreathOfFlame"],"picked":"PathToVictory","floor":2.0},{"not_picked":["Omniscience","WreathOfFlame","Protect"],"picked":"SKIP","floor":5.0},{"not_picked":["MentalFortress","Crescendo"],"picked":"EmptyBody","floor":6.0},{"not_picked":["EmptyMind","FollowUp"],"picked":"ClearTheMind","floor":10.0},{"not_picked":["JustLucky","Conclude"],"picked":"Pray","floor":11.0},{"not_picked":["JustLucky","Prostrate"],"picked":"BowlingBash","floor":13.0}],"player_experience":1223025,"relics_obtained":[{"floor":6.0,"key":"WingedGreaves"},{"floor":9.0,"key":"Eternal Feather"},{"floor":13.0,"key":"Incense Burner"}],"event_choices":[{"damage_healed":0.0,"max_hp_gain":0.0,"max_hp_loss":0.0,"gold_gain":0.0,"event_name":"WeMeetAgain","player_choice":"Gave Potion","floor":4.0,"gold_loss":0.0,"damage_taken":0.0,"relics_obtained":["Unceasing Top"]}],"is_beta":false,"boss_relics":[],"items_purged_floors":[3],"is_endless":false,"potions_floor_spawned":[1,2,10],"killed_by":"Slime Boss","ascension_level":12}}