{"host":"e4hse1vg61zltgzv","time":1610270437,"event":{"mods":["AchievementEnabler","BaseMod","Block Reminder","Colored Map","DeckTracker","GifTheSpireLib","Minty Spire (QoL Compilation)","Rare Cards Sparkle","StSLib","SuperFastMode","everything is the same but u backflip on backflip"],"gold_per_floor":[369,47,47,47,71,71,112,125,125,125,143,167,191,234,234,329,329,347,262,278,278,291,332,345,121,148,148,179,202,243,263,263,263,263],"floor_reached":33,"playtime":1040,"items_purged":["Clash"],"score":709,"play_id":"4dec68fb-41c0-4589-8d23-5831fdf16b26","local_time":"20210110182037","is_ascension_mode":true,"campfire_choices":[{"data":"Evolve","floor":6.0,"key":"SMITH"},{"data":"Disarm","floor":15.0,"key":"SMITH"},{"data":"Fire Breathing","floor":27,"key":"SMITH"},{"data":"Shrug It Off","floor":32,"key":"SMITH"}],"circlet_count":0,"master_deck":["AscendersBane","Shrug It Off+1","Battle Trance","Fire Breathing+1","Flex","Reckless Charge","Evolve+1","Disarm+1","Shrug It Off+1"],"relics":["Burning Blood","Pandora\u0027s Box","Medical Kit","Golden Idol","Tiny Chest","Toy Ornithopter","Pear","Ornamental Fan","Empty Cage","Toxic Egg 2","Paper Frog","CaptainsWheel","Lantern","TheAbacus","Sundial","Oddly Smooth Stone","Bag of Preparation"],"acts_visited":["Exordium","TheCity"],"potions_floor_usage":[16,24],"damage_taken":[{"damage":0.0,"enemies":"Small Slimes","floor":1.0,"turns":3.0},{"damage":17.0,"enemies":"3 Sentries","floor":7.0,"turns":3.0},{"damage":0.0,"enemies":"2 Louse","floor":8.0,"turns":2.0},{"damage":4.0,"enemies":"Jaw Worm","floor":11.0,"turns":3.0},{"damage":10.0,"enemies":"Exordium Wildlife","floor":12.0,"turns":2.0},{"damage":4.0,"enemies":"2 Fungi Beasts","floor":13.0,"turns":2.0},{"damage":9.0,"enemies":"Lagavulin","floor":14.0,"turns":4.0},{"damage":25,"enemies":"The Guardian","floor":16,"turns":8},{"damage":0,"enemies":"Chosen","floor":18,"turns":3},{"damage":16,"enemies":"2 Thieves","floor":20,"turns":4},{"damage":0,"enemies":"Snake Plant","floor":22,"turns":4},{"damage":33,"enemies":"Slavers","floor":23,"turns":3},{"damage":14,"enemies":"Shelled Parasite and Fungi","floor":24,"turns":4},{"damage":0,"enemies":"Book of Stabbing","floor":28,"turns":4},{"damage":0,"enemies":"Centurion and Healer","floor":29,"turns":3},{"damage":13,"enemies":"Slavers","floor":30,"turns":2},{"damage":0,"enemies":"Chosen and Byrds","floor":31,"turns":2},{"damage":0,"enemies":"Champ","floor":33,"turns":4}],"seed_played":"5868109926156231754","potions_obtained":[{"floor":1.0,"key":"ColorlessPotion"},{"floor":7.0,"key":"Explosive Potion"},{"floor":14.0,"key":"PowerPotion"},{"floor":16,"key":"CultistPotion"},{"floor":18,"key":"Dexterity Potion"},{"floor":23,"key":"Block Potion"},{"floor":30,"key":"SneckoOil"}],"is_trial":false,"path_per_floor":["M","$","?","?","T","R","E","M","T","?","M","M","M","E","R","B",null,"M","?","M","T","M","E","M","$","T","R","E","M","E","M","R","B"],"character_chosen":"IRONCLAD","items_purchased":["Evolve","Medical Kit","Lantern","Shrug It Off+1"],"campfire_rested":0,"item_purchase_floors":[2,2,25,25],"current_hp_per_floor":[56,56,30,30,30,30,19,25,35,28,30,26,33,30,30,16,68,74,74,64,64,70,43,40,95,95,95,95,95,88,94,94,94,94],"gold":263,"neow_bonus":"TWO_FIFTY_GOLD","is_daily":false,"chose_seed":false,"campfire_upgraded":4,"win_rate":0.0,"timestamp":1610270437,"path_taken":["M","$","?","?","?","R","E","?","T","?","M","M","M","E","R","BOSS","M","?","M","?","M","E","?","$","T","R","E","M","E","M","R","BOSS"],"items_purchased_type":["Card","Relic","Relic","Card"],"build_version":"2020-12-22","purchased_purges":1,"victory":false,"max_hp_per_floor":[75,75,75,75,75,75,75,75,85,85,85,85,85,85,85,85,85,85,85,85,85,85,85,85,95,95,95,95,95,95,95,95,95,95],"card_choices":[{"not_picked":["Rampage","Clash","Twin Strike"],"picked":"SKIP","floor":1.0},{"not_picked":["Whirlwind","True Grit","Pummel"],"picked":"SKIP","floor":7.0},{"not_picked":["Uppercut","Anger","Headbutt"],"picked":"SKIP","floor":8.0},{"not_picked":["Clash","Anger","Inflame"],"picked":"SKIP","floor":11.0},{"not_picked":["Warcry","Twin Strike","Anger"],"picked":"SKIP","floor":12.0},{"not_picked":["Heavy Blade","Twin Strike","Bloodletting"],"picked":"SKIP","floor":13.0},{"not_picked":["Disarm","Cleave","Fiend Fire"],"picked":"SKIP","floor":14.0},{"not_picked":["Cleave","Fiend Fire"],"picked":"Disarm","floor":14.0},{"not_picked":["Blood for Blood","Body Slam","Rampage"],"picked":"SKIP","floor":18},{"not_picked":["Headbutt","Warcry+1","Cleave"],"picked":"SKIP","floor":20},{"not_picked":["Clash","Cleave","Bloodletting+1"],"picked":"SKIP","floor":22},{"not_picked":["Spot Weakness+1","Pummel+1","Evolve"],"picked":"SKIP","floor":23},{"not_picked":["Warcry+1","Clothesline","Anger+1"],"picked":"SKIP","floor":24},{"not_picked":["Anger+1","Perfected Strike","Demon Form"],"picked":"SKIP","floor":28},{"not_picked":["Wild Strike","Evolve+1","Anger"],"picked":"SKIP","floor":29},{"not_picked":["Havoc+1","Clothesline","Anger"],"picked":"SKIP","floor":30},{"not_picked":["Armaments+1","True Grit+1","Warcry+1"],"picked":"SKIP","floor":31}],"player_experience":786843,"relics_obtained":[{"floor":5.0,"key":"Tiny Chest"},{"floor":7.0,"key":"Toy Ornithopter"},{"floor":9.0,"key":"Pear"},{"floor":14.0,"key":"Ornamental Fan"},{"floor":21,"key":"Paper Frog"},{"floor":23,"key":"CaptainsWheel"},{"floor":28,"key":"Oddly Smooth Stone"},{"floor":30,"key":"Bag of Preparation"}],"event_choices":[{"damage_healed":0.0,"max_hp_gain":0.0,"max_hp_loss":0.0,"gold_gain":0.0,"event_name":"Golden Idol","player_choice":"Take Damage","floor":3.0,"gold_loss":0.0,"damage_taken":26.0,"relics_obtained":["Golden Idol"]},{"damage_healed":0.0,"max_hp_gain":0.0,"max_hp_loss":0.0,"gold_gain":0.0,"event_name":"Liars Game","player_choice":"Ignored","floor":4.0,"gold_loss":0.0,"damage_taken":0.0},{"cards_removed":["Bash"],"damage_healed":0.0,"max_hp_gain":0.0,"max_hp_loss":0.0,"gold_gain":0.0,"event_name":"Golden Wing","player_choice":"Card Removal","floor":10.0,"gold_loss":0.0,"damage_taken":7.0},{"damage_healed":0,"gold_gain":0,"player_choice":"Obtained Relic","damage_taken":0,"relics_obtained":["Toxic Egg 2"],"max_hp_gain":0,"max_hp_loss":0,"event_name":"Addict","floor":19,"gold_loss":85},{"cards_removed":["Limit Break"],"damage_healed":45,"gold_gain":0,"player_choice":"Offered Rare","damage_taken":0,"max_hp_gain":10,"max_hp_loss":0,"event_name":"Bonfire Elementals","floor":25,"gold_loss":0}],"is_beta":false,"boss_relics":[{"not_picked":["Busted Crown","Black Blood"],"picked":"Empty Cage"}],"items_purged_floors":[2],"is_endless":false,"potions_floor_spawned":[1,7,14,16,18,23,30,31],"killed_by":"Champ","ascension_level":20}}