{"host":"Krakhan","time":1610298741,"event":{"mods":["AchievementEnabler","BaseMod","Colored Map","Colored Powertips","Faster Ascension Climbing","Highlight Path","Minty Spire (QoL Compilation)","Rare Cards Sparkle","Relic Stats","StSLib"],"gold_per_floor":[111,111,127,127,137,137,170,187,187,201,201,235,235,270,270,344,344,354,354,367,380,380,380],"floor_reached":22,"playtime":852,"items_purged":[],"score":462,"play_id":"780cd3c6-af29-4548-9ae7-76796a0a9337","local_time":"20210110121221","is_ascension_mode":true,"campfire_choices":[{"data":"Perfected Strike","floor":6.0,"key":"SMITH"},{"floor":15,"key":"REST"}],"circlet_count":0,"master_deck":["AscendersBane","Strike_R","Strike_R","Strike_R","Strike_R","Strike_R","Defend_R","Defend_R+1","Defend_R","Defend_R+1","Bash+1","Clothesline","Perfected Strike","Perfected Strike+1","Inflame","Headbutt","Spot Weakness","Limit Break","Shrug It Off","Heavy Blade","Immolate","Metallicize+1"],"relics":["Burning Blood","NeowsBlessing","HornCleat","Smiling Mask","InkBottle","Dream Catcher","War Paint","SlaversCollar"],"acts_visited":["Exordium","TheCity"],"potions_floor_usage":[16,20,20,20],"damage_taken":[{"damage":0.0,"enemies":"Cultist","floor":1.0,"turns":1.0},{"damage":0.0,"enemies":"Small Slimes","floor":3.0,"turns":1.0},{"damage":0.0,"enemies":"2 Louse","floor":5.0,"turns":1.0},{"damage":35.0,"enemies":"Lagavulin","floor":7.0,"turns":5.0},{"damage":11.0,"enemies":"Looter","floor":8.0,"turns":2.0},{"damage":20.0,"enemies":"Gremlin Gang","floor":10.0,"turns":4.0},{"damage":0.0,"enemies":"Gremlin Nob","floor":12.0,"turns":3.0},{"damage":21,"enemies":"Lagavulin","floor":14,"turns":5},{"damage":40,"enemies":"The Guardian","floor":16,"turns":7},{"damage":19,"enemies":"Chosen","floor":18,"turns":6},{"damage":33,"enemies":"3 Byrds","floor":20,"turns":5},{"damage":32,"enemies":"Cultist and Chosen","floor":21,"turns":5},{"damage":15,"enemies":"3 Cultists","floor":22,"turns":3}],"seed_played":"-3920774014432802705","potions_obtained":[{"floor":1.0,"key":"Regen Potion"},{"floor":7.0,"key":"PowerPotion"},{"floor":14,"key":"SneckoOil"},{"floor":18,"key":"BlessingOfTheForge"},{"floor":19,"key":"LiquidBronze"},{"floor":19,"key":"EntropicBrew"}],"is_trial":false,"path_per_floor":["M","?","M","?","M","R","E","M","T","M","?","E","?","E","R","B",null,"M","?","M","M","M"],"character_chosen":"IRONCLAD","items_purchased":[],"campfire_rested":1,"item_purchase_floors":[],"current_hp_per_floor":[74,74,75,80,80,80,58,53,53,39,28,34,34,19,43,9,62,49,49,36,10,0,0],"gold":380,"neow_bonus":"THREE_ENEMY_KILL","is_daily":false,"chose_seed":false,"campfire_upgraded":1,"win_rate":0.0,"timestamp":1610298741,"path_taken":["M","?","M","?","M","R","E","M","T","M","?","E","?","E","R","BOSS","M","?","M","M","?"],"items_purchased_type":[],"build_version":"2020-12-18","purchased_purges":0,"victory":false,"max_hp_per_floor":[75,75,75,80,80,80,80,80,80,80,80,80,80,80,80,80,80,80,80,80,80,80,80],"relic_stats":{"Dream Catcher":1,"counters":[13,48],"War Paint":["Defend_R","Defend_R"],"Smiling Mask":0,"obtain_stats":[{"SlaversCollar":17,"Dream Catcher":13,"HornCleat":7,"NeowsBlessing":0,"War Paint":14,"Smiling Mask":11,"Burning Blood":0,"InkBottle":12},{"SlaversCollar":9,"Dream Catcher":7,"HornCleat":4,"NeowsBlessing":0,"War Paint":8,"Smiling Mask":6,"Burning Blood":0,"InkBottle":7},{"SlaversCollar":29,"Dream Catcher":17,"HornCleat":8,"NeowsBlessing":0,"War Paint":22,"Smiling Mask":14,"Burning Blood":0,"InkBottle":17}],"Burning Blood":61,"InkBottle":[7]},"card_choices":[{"not_picked":["Shockwave","Heavy Blade"],"picked":"Clothesline","floor":1.0},{"not_picked":["Infernal Blade","Iron Wave"],"picked":"Perfected Strike","floor":3.0},{"not_picked":["Warcry","True Grit"],"picked":"Perfected Strike","floor":5.0},{"not_picked":["Whirlwind","Evolve"],"picked":"Inflame","floor":7.0},{"not_picked":["Clash","Searing Blow"],"picked":"Headbutt","floor":8.0},{"not_picked":["Armaments","Infernal Blade"],"picked":"Spot Weakness","floor":10.0},{"not_picked":["Thunderclap","Pommel Strike"],"picked":"Limit Break","floor":12.0},{"not_picked":["Headbutt","Clothesline"],"picked":"Shrug It Off","floor":14},{"not_picked":["Spot Weakness","Headbutt"],"picked":"Heavy Blade","floor":15},{"not_picked":["Barricade","Corruption"],"picked":"Immolate","floor":16},{"not_picked":["Sentinel","Anger","Iron Wave"],"picked":"SKIP","floor":18},{"not_picked":["Anger","Wild Strike","Clothesline"],"picked":"SKIP","floor":20},{"not_picked":["Shrug It Off","Rampage"],"picked":"Metallicize+1","floor":21}],"player_experience":1293279,"relics_obtained":[{"floor":7.0,"key":"HornCleat"},{"floor":12.0,"key":"InkBottle"},{"floor":14,"key":"War Paint"}],"event_choices":[{"damage_healed":0.0,"max_hp_gain":0.0,"max_hp_loss":0.0,"gold_gain":0.0,"event_name":"Living Wall","player_choice":"Grow","floor":2.0,"gold_loss":0.0,"damage_taken":0.0,"cards_upgraded":["Bash"]},{"damage_healed":0.0,"max_hp_gain":5.0,"max_hp_loss":0.0,"gold_gain":0.0,"event_name":"Big Fish","player_choice":"Donut","floor":4.0,"gold_loss":0.0,"damage_taken":0.0},{"damage_healed":0.0,"max_hp_gain":0.0,"max_hp_loss":0.0,"gold_gain":0.0,"event_name":"Scrap Ooze","player_choice":"Success","floor":11.0,"gold_loss":0.0,"damage_taken":11.0,"relics_obtained":["Smiling Mask"]},{"damage_healed":0.0,"max_hp_gain":0.0,"max_hp_loss":0.0,"gold_gain":0.0,"event_name":"Dead Adventurer","player_choice":"Searched \u00271\u0027 times","floor":13.0,"gold_loss":0.0,"damage_taken":0.0,"relics_obtained":["Dream Catcher"]},{"damage_healed":0,"gold_gain":0,"player_choice":"Got Potions","damage_taken":0,"max_hp_gain":0,"max_hp_loss":0,"event_name":"Lab","floor":19,"gold_loss":0}],"is_beta":true,"boss_relics":[{"not_picked":["Black Star","Sozu"],"picked":"SlaversCollar"}],"items_purged_floors":[],"is_endless":false,"potions_floor_spawned":[1,7,14,18],"killed_by":"3 Cultists","ascension_level":20}}