{"host":"cg4v982k2u4fkmak","time":1610257498,"event":{"mods":["BaseMod","Colored Map","Marisa£®ÏF”Í°°ƒß¿Ì…≥£©","Minty Spire (QoL Compilation)","Shop Mod","StSLib","The Servant 0.9.4","UnlockEverythingMod"],"gold_per_floor":[119,139,139,139,157,157,173,173,173,173,197,197,222,3,3,128,128,152,172,196,215,233,233,82,82,82,106,106,145,165,165,165,288,351,365,265,286,286,304,337,437,457,483,483,503,522,536,549,549,549,549],"floor_reached":50,"playtime":7099,"items_purged":["Strike_MRS","Defend_MRS"],"score":492,"play_id":"c3e4f590-8915-4155-909c-809317c0cb29","local_time":"20210110134458","is_ascension_mode":false,"campfire_choices":[{"data":"MysteriousBeam","floor":6,"key":"SMITH"},{"data":"MasterSpark","floor":8,"key":"SMITH"},{"data":"GalacticHalo","floor":10,"key":"SMITH"},{"data":"LuminesStrike","floor":12,"key":"SMITH"},{"floor":15,"key":"REST"},{"data":"BlazeAway","floor":23,"key":"SMITH"},{"data":"ManaRampage","floor":25,"key":"SMITH"},{"floor":28,"key":"REST"},{"floor":32,"key":"REST"},{"floor":44,"key":"REST"},{"floor":49,"key":"REST"}],"circlet_count":0,"master_deck":["Strike_MRS","Strike_MRS","Strike_MRS","Defend_MRS+1","Defend_MRS","Defend_MRS","MasterSpark+1","UpSweep","SporeBomb","GrandCross","MysteriousBeam+1","GalacticHalo+1","LuminesStrike+1","MysteriousBeam","Parasite","Parasite","ManaRampage+1","BlazeAway+1","LuminesStrike","ChargeUpSpray+1","GrandCross+1","JA","StarBarrage+1","ManaRampage+1","JA+1","OortCloud"],"relics":["MiniHakkero","Golden Idol","Gambling Chip","ShroomBag","ExperimentalFamiliar","Toolbox","Bronze Scales","Ginger","Tiny House","Incense Burner","Bag of Marbles"],"acts_visited":["Exordium","TheCity","TheBeyond"],"potions_floor_usage":[29,40,42,50,50],"damage_taken":[{"damage":6,"enemies":"2 Louse","floor":1,"turns":2},{"damage":11,"enemies":"Jaw Worm","floor":2,"turns":2},{"damage":0,"enemies":"Small Slimes","floor":5,"turns":2},{"damage":12,"enemies":"Blue Slaver","floor":7,"turns":2},{"damage":3,"enemies":"Lots of Slimes","floor":11,"turns":4},{"damage":0,"enemies":"Large Slime","floor":13,"turns":4},{"damage":48,"enemies":"Slime Boss","floor":16,"turns":8},{"damage":26,"enemies":"2 Thieves","floor":18,"turns":3},{"damage":5,"enemies":"3 Byrds","floor":19,"turns":2},{"damage":0,"enemies":"Snake Plant","floor":20,"turns":1},{"damage":12,"enemies":"Centurion and Healer","floor":21,"turns":2},{"damage":10,"enemies":"Chosen and Byrds","floor":22,"turns":3},{"damage":35,"enemies":"Snake Plant","floor":27,"turns":2},{"damage":37,"enemies":"Slavers","floor":29,"turns":4},{"damage":9,"enemies":"Shelled Parasite and Fungi","floor":30,"turns":2},{"damage":37,"enemies":"Automaton","floor":33,"turns":5},{"damage":40,"enemies":"3 Shapes","floor":35,"turns":3},{"damage":0,"enemies":"Orb Walker","floor":37,"turns":2},{"damage":10,"enemies":"Maw","floor":39,"turns":5},{"damage":39,"enemies":"Reptomancer","floor":40,"turns":5},{"damage":31,"enemies":"Transient","floor":42,"turns":5},{"damage":1,"enemies":"Jaw Worm Horde","floor":45,"turns":2},{"damage":32,"enemies":"Writhing Mass","floor":46,"turns":3},{"damage":5,"enemies":"4 Shapes","floor":47,"turns":2},{"damage":1,"enemies":"3 Darklings","floor":48,"turns":2},{"damage":48,"enemies":"Awakened One","floor":50,"turns":3}],"seed_played":"-4801765221691060699","potions_obtained":[{"floor":2,"key":"Explosive Potion"},{"floor":4,"key":"FairyPotion"},{"floor":4,"key":"SneckoOil"},{"floor":5,"key":"Fire Potion"},{"floor":20,"key":"GamblersBrew"},{"floor":27,"key":"FairyPotion"},{"floor":29,"key":"BlessingOfTheForge"},{"floor":34,"key":"BlessingOfTheForge"},{"floor":40,"key":"AttackPotion"},{"floor":47,"key":"LiquidMemories"},{"floor":48,"key":"AttackPotion"}],"is_trial":false,"path_per_floor":["M","M","?","?","M","R","M","R","T","R","M","R","M","$","R","B",null,"M","M","M","M","M","R","$","R","T","M","R","E","M","?","R","B",null,"M","$","M","?","M","E","?","M","T","R","M","M","M","M","R","B"],"character_chosen":"MARISA","items_purchased":["ShroomBag","Toolbox"],"campfire_rested":5,"item_purchase_floors":[14,24],"current_hp_per_floor":[76,65,45,45,45,45,33,33,33,33,30,30,30,30,54,10,82,60,59,61,51,43,43,43,43,43,12,36,28,21,21,45,12,87,49,49,51,51,45,10,10,26,26,52,51,21,18,19,45,0,0],"gold":549,"neow_bonus":"TEN_PERCENT_HP_BONUS","is_daily":false,"chose_seed":false,"campfire_upgraded":6,"win_rate":0.0,"timestamp":1610257498,"path_taken":["M","M","?","?","M","R","M","R","T","R","M","R","?","$","R","BOSS","M","M","M","M","M","R","$","R","T","M","R","E","M","?","R","BOSS","M","?","M","?","?","E","?","M","T","R","M","M","M","M","R","BOSS"],"items_purchased_type":["Relic","Relic"],"build_version":"2020-12-22","purchased_purges":2,"victory":false,"max_hp_per_floor":[82,82,82,82,82,82,82,82,82,82,82,82,82,82,82,82,82,82,82,82,82,82,82,82,82,82,82,82,82,82,82,82,82,87,87,87,87,87,87,87,87,87,87,87,87,87,87,87,87,87,87],"card_choices":[{"not_picked":["GasGiant","WitchOfGreed"],"picked":"SporeBomb","floor":1},{"not_picked":["PropBag","ShootingEcho"],"picked":"GrandCross","floor":2},{"not_picked":["NonDirectionalLaser","PropBag"],"picked":"MysteriousBeam","floor":5},{"not_picked":["RefractionSpark","ShootTheMoon"],"picked":"GalacticHalo","floor":7},{"not_picked":["DarkSpark","WitchOfGreed"],"picked":"LuminesStrike","floor":11},{"not_picked":["SporeBomb","PowerUp"],"picked":"MysteriousBeam","floor":13},{"not_picked":["BlazingStar","TreasureHunter"],"picked":"ManaRampage","floor":16},{"not_picked":["GrandCross","MilkyWay"],"picked":"BlazeAway","floor":18},{"not_picked":["EnergyRecoil","MilkyWay"],"picked":"LuminesStrike","floor":19},{"not_picked":["MagicAbsorber","Acceleration"],"picked":"ChargeUpSpray+1","floor":20},{"not_picked":["StarlightTyphoon","ShootingEcho+1"],"picked":"GrandCross+1","floor":21},{"not_picked":["DoubleSpark","MilkyWay","SprinkleStarSeal"],"picked":"SKIP","floor":22},{"not_picked":["SprinkleStarSeal","PowerUp"],"picked":"JA","floor":27},{"not_picked":["LuminesStrike","DC"],"picked":"StarBarrage+1","floor":29},{"not_picked":["DC","MagicChant","ShootingEcho"],"picked":"SKIP","floor":30},{"not_picked":["BlazingStar","StarDustReverie"],"picked":"JA","floor":33},{"not_picked":["StarlightTyphoon","GasGiant"],"picked":"OortCloud","floor":34},{"not_picked":["GalacticHalo+1","DC+1","PowerUp+1"],"picked":"SKIP","floor":35},{"not_picked":["IllusionStar+1","SprinkleStarSeal+1","EnergyFlow+1"],"picked":"SKIP","floor":37},{"not_picked":["GravityBeat+1","DarkMatter","DragonMeteor+1"],"picked":"SKIP","floor":39},{"not_picked":["DoubleSpark+1","NonDirectionalLaser","MachineGunSpark+1"],"picked":"SKIP","floor":40},{"not_picked":["JA","LuminesStrike","MilkyWay"],"picked":"SKIP","floor":42},{"not_picked":["GravityBeat","Acceleration","ShootingEcho+1"],"picked":"SKIP","floor":45},{"not_picked":["LuminesStrike","WitchOfGreed+1","AsteroidBelt"],"picked":"SKIP","floor":46},{"not_picked":["IllusionStar+1","ChargingUp+1","AsteroidBelt+1"],"picked":"SKIP","floor":47},{"not_picked":["OortCloud+1","DeepEcoloBomb","StarBarrage+1"],"picked":"SKIP","floor":48}],"player_experience":25518,"relics_obtained":[{"floor":9,"key":"Gambling Chip"},{"floor":26,"key":"Bronze Scales"},{"floor":29,"key":"Ginger"},{"floor":40,"key":"Incense Burner"},{"floor":43,"key":"Bag of Marbles"}],"event_choices":[{"damage_healed":0,"gold_gain":0,"player_choice":"Take Damage","damage_taken":20,"relics_obtained":["Golden Idol"],"max_hp_gain":0,"max_hp_loss":0,"event_name":"Golden Idol","floor":3,"gold_loss":0},{"damage_healed":0,"gold_gain":0,"player_choice":"Got Potions","damage_taken":0,"max_hp_gain":0,"max_hp_loss":0,"event_name":"Lab","floor":4,"gold_loss":0},{"damage_healed":0,"gold_gain":0,"player_choice":"Copied","damage_taken":0,"max_hp_gain":0,"max_hp_loss":0,"event_name":"Duplicator","floor":31,"gold_loss":0,"cards_obtained":["ManaRampage"]},{"damage_healed":0,"gold_gain":0,"player_choice":"Upgraded","damage_taken":0,"max_hp_gain":0,"max_hp_loss":0,"event_name":"Upgrade Shrine","floor":38,"gold_loss":0,"cards_upgraded":["JA"]},{"damage_healed":0,"gold_gain":100,"player_choice":"Pray","damage_taken":0,"max_hp_gain":0,"max_hp_loss":0,"event_name":"Golden Shrine","floor":41,"gold_loss":0}],"is_beta":false,"boss_relics":[{"not_picked":["Ectoplasm","Busted Crown"],"picked":"ExperimentalFamiliar"},{"not_picked":["Philosopher\u0027s Stone","Sozu"],"picked":"Tiny House"}],"items_purged_floors":[14,36],"is_endless":false,"potions_floor_spawned":[2,5,13,20,27,29,39,40,47,48],"killed_by":"Awakened One","ascension_level":0}}