{"host":"mcdusr64esz012l0","time":1610263512,"event":{"mods":["BaseMod","Minty Spire (QoL Compilation)","Relic Stats"],"gold_per_floor":[117,133,133,133,5,18,18,34,34,65,65,100,100,114,114,204,204,217,217,217],"floor_reached":19,"playtime":805,"items_purged":["Strike_R"],"score":354,"play_id":"cfdc7980-6f58-442d-866c-3561661fd28f","local_time":"20210110022512","is_ascension_mode":true,"campfire_choices":[{"floor":7,"key":"REST"},{"floor":13,"key":"REST"},{"data":"Rupture","floor":15,"key":"SMITH"}],"circlet_count":0,"master_deck":["AscendersBane","Strike_R","Strike_R","Defend_R","Defend_R","Defend_R","Bash","Brutality+1","Body Slam+1","Havoc+1","Rampage","Pommel Strike","Shrug It Off","Metallicize","Headbutt","Rupture+1","Pummel","Double Tap","Disarm"],"relics":["Astrolabe","Mummified Hand","Bag of Preparation","Shovel","Golden Idol","Blood Vial","SlaversCollar"],"acts_visited":["Exordium","TheCity"],"potions_floor_usage":[16],"damage_taken":[{"damage":10,"enemies":"Jaw Worm","floor":1,"turns":4},{"damage":11,"enemies":"2 Louse","floor":2,"turns":3},{"damage":11,"enemies":"Small Slimes","floor":6,"turns":4},{"damage":10,"enemies":"Blue Slaver","floor":8,"turns":3},{"damage":1,"enemies":"Gremlin Nob","floor":10,"turns":3},{"damage":28,"enemies":"3 Sentries","floor":12,"turns":10},{"damage":2,"enemies":"2 Fungi Beasts","floor":14,"turns":3},{"damage":19,"enemies":"Hexaghost","floor":16,"turns":6},{"damage":25,"enemies":"Chosen","floor":18,"turns":4}],"seed_played":"2761274655141550739","potions_obtained":[{"floor":1,"key":"PowerPotion"},{"floor":10,"key":"Dexterity Potion"},{"floor":12,"key":"EntropicBrew"},{"floor":16,"key":"SteroidPotion"}],"is_trial":false,"path_per_floor":["M","M","?","?","$","M","R","M","T","E","?","E","R","M","R","B",null,"M","$"],"character_chosen":"IRONCLAD","items_purchased":["Shrug It Off"],"campfire_rested":2,"item_purchase_floors":[5],"current_hp_per_floor":[58,47,47,42,42,31,53,43,43,42,42,14,34,34,34,17,55,32,32,32],"gold":217,"neow_bonus":"BOSS_RELIC","is_daily":false,"chose_seed":false,"campfire_upgraded":1,"win_rate":0.0,"timestamp":1610263512,"path_taken":["M","M","?","?","$","M","R","M","T","E","?","E","R","M","R","BOSS","M","$"],"items_purchased_type":["Card"],"build_version":"2020-12-22","purchased_purges":1,"victory":false,"max_hp_per_floor":[75,75,75,75,75,75,75,75,75,75,68,68,68,68,68,68,68,68,68,68],"relic_stats":{"Blood Vial":6,"Shovel":0,"counters":[9,40],"Mummified Hand":[12],"Golden Idol":31,"Astrolabe":["Brutality","Body Slam","Havoc"],"Bag of Preparation":[10],"obtain_stats":[{"Blood Vial":12,"SlaversCollar":17,"Shovel":10,"Mummified Hand":4,"Golden Idol":11,"Astrolabe":0,"Bag of Preparation":9,"Burning Blood":0},{"Blood Vial":6,"SlaversCollar":8,"Shovel":5,"Mummified Hand":2,"Golden Idol":5,"Astrolabe":0,"Bag of Preparation":4,"Burning Blood":0},{"Blood Vial":27,"SlaversCollar":36,"Shovel":17,"Mummified Hand":7,"Golden Idol":17,"Astrolabe":0,"Bag of Preparation":14,"Burning Blood":0}]},"card_choices":[{"not_picked":["Dropkick","Shockwave"],"picked":"Rampage","floor":1},{"not_picked":["Evolve","Twin Strike"],"picked":"Pommel Strike","floor":2},{"not_picked":["Shockwave","Sword Boomerang"],"picked":"Metallicize","floor":6},{"not_picked":["Blood for Blood","Iron Wave","Searing Blow"],"picked":"SKIP","floor":8},{"not_picked":["Power Through","Dual Wield"],"picked":"Headbutt","floor":10},{"not_picked":["Iron Wave","Sword Boomerang"],"picked":"Rupture","floor":12},{"not_picked":["Ghostly Armor","Perfected Strike"],"picked":"Pummel","floor":14},{"not_picked":["Berserk","Brutality"],"picked":"Double Tap","floor":16},{"not_picked":["Perfected Strike","Carnage"],"picked":"Disarm","floor":18}],"player_experience":1040403,"relics_obtained":[{"floor":9,"key":"Bag of Preparation"},{"floor":10,"key":"Shovel"},{"floor":12,"key":"Blood Vial"}],"event_choices":[{"damage_healed":0,"gold_gain":0,"player_choice":"Ignored","damage_taken":0,"max_hp_gain":0,"max_hp_loss":0,"event_name":"Liars Game","floor":3,"gold_loss":0},{"damage_healed":0,"gold_gain":0,"player_choice":"Success","damage_taken":5,"relics_obtained":["Mummified Hand"],"max_hp_gain":0,"max_hp_loss":0,"event_name":"Scrap Ooze","floor":4,"gold_loss":0},{"damage_healed":0,"gold_gain":0,"player_choice":"Lose Max HP","damage_taken":0,"relics_obtained":["Golden Idol"],"max_hp_gain":0,"max_hp_loss":7,"event_name":"Golden Idol","floor":11,"gold_loss":0}],"is_beta":false,"boss_relics":[{"not_picked":["Empty Cage","Snecko Eye"],"picked":"SlaversCollar"}],"items_purged_floors":[5],"is_endless":false,"potions_floor_spawned":[1,10,12,16,18],"ascension_level":20}}