{"host":"i0s8vbixp24k5aul","time":1610307332,"event":{"mods":["2.2 Compatiblity","Act Like it!","Aspiration","BaseMod","Better Note","Better Third Choice","Better Vampires","BetterUpgradePreview","Colorless Booster Pack","Displayed Cursed Tome","GifTheSpireLib","Halation","Hermit","Hubris","Jedi Mod","Minty Spire (QoL Compilation)","Optimize The Spire","Random Character Mod","Shade Mod","StSLib","Stuff the Spire","Swap Starting Deck Mod","The Bug Knight","The Construct","The Cursed","The Disciple","The Mystic","TheHero","TheWitcher","vexMod","??????REMEMod"],"gold_per_floor":[114,124,124,49,67,67,94,94,94,94,107,121,148,159,159,236,236,255,255,255,272,288,288,305,305,380,413,413,430,475,475,475,547,547,559,574,585,560,560,560],"floor_reached":39,"playtime":1739,"items_purged":["Poisoned Stab"],"score":1014,"play_id":"660a4fa2-fe2b-427f-bd5e-a6286ed534fc","local_time":"20210110223532","is_ascension_mode":true,"campfire_choices":[{"data":"Venomology","floor":6,"key":"SMITH"},{"data":"Sucker Punch","floor":8,"key":"SMITH"},{"floor":15,"key":"REST"},{"floor":23,"key":"REST"},{"floor":25,"key":"REST"},{"floor":28,"key":"REST"},{"floor":32,"key":"REST"}],"circlet_count":0,"master_deck":["AscendersBane","Poisoned Stab","Poisoned Stab","Poisoned Stab","Deflect","Deflect","Deflect","Deflect","Deadly Poison","Venomology+1","Mayhem+1","Deadly Poison","Sucker Punch+1","StuffTheSpire:Injection","Blur","jedi:brewingpoison","jedi:studypoison","jedi:BattleThirst","PiercingWail+1","Well Laid Plans","Poisoned Stab+1","REME_GrazeFinale+1","REME_GreenPollution+1","Blur+1","Deflect+1"],"relics":["Ring of the Snake","REME_ComplimentaryCards","swapstartingdeckmod:Bellows","Lantern","Pear","hubris:AncientText","vexMod:MegatonBomb","The Specimen","Molten Egg 2","jedi:ghostblades","StuffTheSpire:Gunfinga"],"acts_visited":["Exordium","TheCity","TheBeyond"],"potions_floor_usage":[5,7,7,7,16,16,16,21,22,22,24,24,27,29,30,30,31,35,35,36,37,37],"damage_taken":[{"damage":2,"enemies":"2 Louse","floor":1,"turns":3},{"damage":0,"enemies":"Cultist","floor":2,"turns":4},{"damage":1,"enemies":"Jaw Worm","floor":5,"turns":3},{"damage":10,"enemies":"Lagavulin","floor":7,"turns":4},{"damage":1,"enemies":"2 Fungi Beasts","floor":11,"turns":3},{"damage":6,"enemies":"Exordium Wildlife","floor":12,"turns":3},{"damage":13,"enemies":"Gremlin Nob","floor":13,"turns":3},{"damage":0,"enemies":"Lots of Slimes","floor":14,"turns":4},{"damage":0,"enemies":"Hexaghost","floor":16,"turns":9},{"damage":11,"enemies":"Spheric Guardian","floor":18,"turns":3},{"damage":14,"enemies":"Shell Parasite","floor":21,"turns":4},{"damage":26,"enemies":"Shelled Parasite and Fungi","floor":22,"turns":5},{"damage":25,"enemies":"Snecko","floor":24,"turns":5},{"damage":0,"enemies":"Gremlin Leader","floor":27,"turns":1},{"damage":22,"enemies":"Snake Plant","floor":29,"turns":4},{"damage":17,"enemies":"Centurion and Healer","floor":30,"turns":7},{"damage":1,"enemies":"Sentry and Sphere","floor":31,"turns":2},{"damage":2,"enemies":"Collector","floor":33,"turns":3},{"damage":6,"enemies":"Orb Walker","floor":35,"turns":4},{"damage":13,"enemies":"3 Shapes","floor":36,"turns":4},{"damage":30,"enemies":"Maw","floor":37,"turns":7},{"damage":0,"enemies":"4 Shapes","floor":39,"turns":1}],"seed_played":"-583513061134115598","potions_obtained":[{"floor":5,"key":"Poison Potion"},{"floor":7,"key":"jedi:StrikingPotion"},{"floor":11,"key":"construct:ShiftPotion"},{"floor":18,"key":"DuplicationPotion"},{"floor":29,"key":"Poison Potion"},{"floor":30,"key":"SmokeBomb"},{"floor":33,"key":"DuplicationPotion"},{"floor":36,"key":"Block Potion"}],"is_trial":false,"path_per_floor":["M","M","?","$","M","R","E","R","T","$","M","M","E","M","R","B",null,"M","?","T","M","M","R","M","R","T","E","R","M","M","M","R","B",null,"M","M","M","?","M"],"character_chosen":"THE_SILENT","items_purchased":[],"campfire_rested":5,"item_purchase_floors":[],"current_hp_per_floor":[57,57,57,57,56,56,46,46,56,56,55,49,36,36,58,58,72,61,61,61,47,21,43,18,40,40,40,62,40,35,34,56,54,71,65,52,22,22,22,22],"gold":560,"neow_bonus":"","is_daily":false,"chose_seed":false,"campfire_upgraded":2,"win_rate":0.0,"timestamp":1610307332,"path_taken":["M","M","?","$","M","R","E","R","T","$","?","M","E","M","R","BOSS","M","?","?","M","M","R","M","R","T","E","R","M","?","M","R","BOSS","M","M","M","?","M"],"items_purchased_type":[],"build_version":"2020-12-22","purchased_purges":1,"victory":false,"max_hp_per_floor":[66,66,66,66,66,66,66,66,76,76,76,76,76,76,76,76,76,76,76,76,76,76,76,76,76,76,76,76,76,76,76,76,76,76,76,76,76,76,76,76],"card_choices":[{"not_picked":["hubris:SlightOfHand","Riddle With Holes"],"picked":"Deadly Poison","floor":1},{"not_picked":["Prepared","Cloak And Dagger"],"picked":"Sucker Punch","floor":2},{"not_picked":["All Out Attack","Prepared"],"picked":"StuffTheSpire:Injection","floor":5},{"not_picked":["Finisher","Slice","Dagger Throw"],"picked":"SKIP","floor":7},{"not_picked":["Slice","jedi:unstablefumes","jedi:poisonivy"],"picked":"SKIP","floor":11},{"not_picked":["Quick Slash","Dodge and Roll","jedi:unstablefumes"],"picked":"SKIP","floor":12},{"not_picked":["Infinite Blades","StuffTheSpire:Shiver"],"picked":"Blur","floor":13},{"not_picked":["hubris:SlightOfHand","Masterful Stab"],"picked":"jedi:brewingpoison","floor":14},{"not_picked":["Night Terror","aspiration:Lunge"],"picked":"jedi:studypoison","floor":16},{"not_picked":["Infinite Blades","Masterful Stab","StuffTheSpire:Injection"],"picked":"SKIP","floor":18},{"not_picked":["Backflip","Underhanded Strike+1","Flying Knee+1"],"picked":"SKIP","floor":21},{"not_picked":["PiercingWail","hubris:SlightOfHand","Slice+1"],"picked":"SKIP","floor":22},{"not_picked":["Blade Dance+1","Accuracy"],"picked":"PiercingWail+1","floor":24},{"not_picked":["Tactician","Dagger Throw+1","StuffTheSpire:BumpUp+1"],"picked":"SKIP","floor":27},{"not_picked":["Tactician","Choke+1"],"picked":"Well Laid Plans","floor":29},{"not_picked":["Blade Dance","StuffTheSpire:Python"],"picked":"Poisoned Stab+1","floor":30},{"not_picked":["jedi:studyshivs","jedi:studypoison"],"picked":"REME_GrazeFinale+1","floor":33},{"not_picked":["Flechettes+1","Acrobatics"],"picked":"REME_GreenPollution+1","floor":35},{"not_picked":["Outmaneuver","jedi:pocketpoison+1"],"picked":"Blur+1","floor":36},{"not_picked":["Acrobatics+1","Deadly Poison"],"picked":"Deflect+1","floor":37}],"player_experience":936290,"relics_obtained":[{"floor":7,"key":"Lantern"},{"floor":9,"key":"Pear"},{"floor":13,"key":"hubris:AncientText"},{"floor":20,"key":"Molten Egg 2"},{"floor":26,"key":"jedi:ghostblades"},{"floor":27,"key":"StuffTheSpire:Gunfinga"}],"event_choices":[{"damage_healed":0,"gold_gain":0,"player_choice":"Upgraded","damage_taken":0,"max_hp_gain":0,"max_hp_loss":0,"event_name":"Upgrade Shrine","floor":3,"gold_loss":0,"cards_upgraded":["Mayhem"]}],"is_beta":false,"boss_relics":[{"not_picked":["SlaversCollar","WristBlade"],"picked":"vexMod:MegatonBomb"},{"not_picked":["vexMod:TanglingVine","Snecko Eye","StuffTheSpire:RunicConfusion"]}],"items_purged_floors":[4],"is_endless":false,"potions_floor_spawned":[5,7,11,14,18,29,30,31,33,35,36],"killed_by":"4 Shapes","ascension_level":14}}