{"host":"6qo42zgaknezulyg","time":1610261627,"event":{"mods":["2.2 Compatiblity","BaseMod","Downfall","Keyboard Shortcuts","Minty Spire (QoL Compilation)","Permanent Neow","Quick Restart","StSLib","SuperFastMode"],"gold_per_floor":[0,16,27,202,216,216,240,0,0,0,0,20,20,45,64,168,168,93,103,120,120,136,21,21,54,54,71,71,101,101,120,138,238,238,163,180,191,216,228,228,255,109,125,141,66,82,111,111,127,127,127,160,35,35,35],"floor_reached":56,"playtime":6831,"items_purged":["Doubt","sneckomod:Strike","Writhe"],"score":1526,"play_id":"d44447ac-ae6b-49a7-b75b-6ae769209696","local_time":"20210110155347","is_ascension_mode":false,"campfire_choices":[{"data":"sneckomod:SnekBite","floor":1.0,"key":"SMITH"},{"data":"sneckomod:MasterEye","floor":6.0,"key":"SMITH"},{"data":"sneckomod:UnknownRarePower","floor":9.0,"key":"SMITH"},{"data":"sneckomod:UnknownRareAttack","floor":11.0,"key":"SMITH"},{"data":"sneckomod:UnknownRareSkill","floor":18.0,"key":"SMITH"},{"floor":26.0,"key":"REST"},{"floor":30.0,"key":"RECALL"},{"data":"sneckomod:Unknown3Cost","floor":35.0,"key":"SMITH"},{"data":"sneckomod:UnknownRarePower","floor":40.0,"key":"SMITH"},{"data":"sneckomod:TrashToTreasure","floor":45.0,"key":"SMITH"},{"data":"sneckomod:UnknownRareSkill","floor":54,"key":"SMITH"}],"circlet_count":0,"master_deck":["sneckomod:Strike","sneckomod:Defend+1","sneckomod:Defend","sneckomod:Defend+1","sneckomod:TailWhip","sneckomod:SnekBite+1","sneckomod:Unknown","sneckomod:Unknown","sneckomod:UnlimitedRolls","sneckomod:QuickBite","sneckomod:MasterEye+1","sneckomod:UnknownClassTHE_CHAMP_GRAY","sneckomod:SnakeSap","sneckomod:UnknownRareAttack+1","sneckomod:UnknownRareSkill+1","sneckomod:UnknownRarePower+1","sneckomod:UnknownRareSkill+1","sneckomod:UnknownClassTHE_CHAMP_GRAY+1","sneckomod:UnknownUncommonPower","sneckomod:SnakeSap+1","sneckomod:UnknownRarePower+1","sneckomod:QuickMove","sneckomod:Unknown3Cost+1","CurseOfTheBell","sneckomod:TrashToTreasure+1","sneckomod:QuickBite+1","sneckomod:QuickMove+1","sneckomod:SoulRoll+1","sneckomod:UnknownRareAttack"],"relics":["sneckomod:SneckoSoul","Orichalcum","sneckomod:RareBoosterPack","Pear","Bottled Flame","Snecko Eye","downfall:HeartBlessingGreen","Tiny Chest","Guardian:PocketSentry","War Paint","sneckomod:CleanMud","Calling Bell","Potion Belt","Kunai","Ice Cream","downfall:HeartBlessingRed","Pen Nib","HandDrill","downfall:HeartBlessingBlue","Letter Opener","Bottled Lightning"],"acts_visited":["Exordium","TheCity","TheBeyond","TheEnding"],"potions_floor_usage":[55,55,55],"damage_taken":[{"damage":0.0,"enemies":"Small Slimes","floor":2.0,"turns":2.0},{"damage":1.0,"enemies":"2 Louse","floor":3.0,"turns":2.0},{"damage":4.0,"enemies":"Jaw Worm","floor":5.0,"turns":3.0},{"damage":20.0,"enemies":"downfall:FleeingMerchant","floor":8.0,"turns":4.0},{"damage":0.0,"enemies":"Gremlin Gang","floor":12.0,"turns":1.0},{"damage":9.0,"enemies":"Lagavulin","floor":14.0,"turns":4.0},{"damage":6.0,"enemies":"Lots of Slimes","floor":15.0,"turns":5.0},{"damage":16.0,"enemies":"downfall:Watcher","floor":16.0,"turns":4.0},{"damage":4.0,"enemies":"Spheric Guardian","floor":19.0,"turns":4.0},{"damage":11.0,"enemies":"3 Byrds","floor":20.0,"turns":5.0},{"damage":4.0,"enemies":"Cultist and Chosen","floor":22.0,"turns":6.0},{"damage":6.0,"enemies":"downfall:FleeingMerchant","floor":23.0,"turns":4.0},{"damage":31.0,"enemies":"Slavers","floor":25.0,"turns":4.0},{"damage":4.0,"enemies":"Shelled Parasite and Fungi","floor":27.0,"turns":4.0},{"damage":6.0,"enemies":"downfall:FleeingMerchant","floor":29.0,"turns":4.0},{"damage":29.0,"enemies":"Sentry and Sphere","floor":31.0,"turns":5.0},{"damage":6.0,"enemies":"Cultist and Chosen","floor":32.0,"turns":3.0},{"damage":28.0,"enemies":"downfall:Silent","floor":33.0,"turns":7.0},{"damage":15.0,"enemies":"3 Darklings","floor":36.0,"turns":3.0},{"damage":0.0,"enemies":"Orb Walker","floor":37.0,"turns":3.0},{"damage":2.0,"enemies":"4 Shapes","floor":39.0,"turns":3.0},{"damage":6.0,"enemies":"Maw","floor":43.0,"turns":5.0},{"damage":24.0,"enemies":"Jaw Worm Horde","floor":44.0,"turns":3.0},{"damage":0.0,"enemies":"Sphere and 2 Shapes","floor":46.0,"turns":4.0},{"damage":5,"enemies":"Reptomancer","floor":47,"turns":5},{"damage":3,"enemies":"Transient","floor":49,"turns":5},{"damage":0,"enemies":"downfall:Ironclad","floor":50,"turns":6},{"damage":4,"enemies":"downfall:CharBossMerchant","floor":52,"turns":5},{"damage":35,"enemies":"downfall:NeowBoss","floor":55,"turns":15}],"seed_played":"5885336711324059383","potions_obtained":[{"floor":2.0,"key":"Slimebound:ThreeZeroPotion"},{"floor":12.0,"key":"hexamod:EctoCoolerPotion"},{"floor":15.0,"key":"FearPotion"},{"floor":16.0,"key":"AttackPotion"},{"floor":19.0,"key":"Swift Potion"},{"floor":21.0,"key":"CultistPotion"},{"floor":27.0,"key":"AttackPotion"},{"floor":31.0,"key":"Fruit Juice"},{"floor":33.0,"key":"DistilledChaos"},{"floor":37.0,"key":"Dexterity Potion"},{"floor":43.0,"key":"SkillPotion"},{"floor":44.0,"key":"Weak Potion"}],"is_trial":false,"path_per_floor":["R","M","M","?","M","R","T","$","R","?","R","M","?","E","M","B",null,"R","M","M","?","M","$","T","E","R","M","?","$","R","M","M","B",null,"R","M","M","T","M","R","T","$","M","M","R","M","E","$","M","B",null,"E","$","R","B",null],"character_chosen":"THE_SNECKO","items_purchased":["sneckomod:RareBoosterPack","sneckomod:CleanMud","HandDrill"],"campfire_rested":1,"item_purchase_floors":[8,29,42],"current_hp_per_floor":[90,90,89,89,86,86,86,89,89,89,89,89,74,69,63,63,105,105,102,92,92,88,82,82,58,90,86,86,86,86,82,78,64,114,114,99,99,99,97,97,97,97,91,67,77,77,76,76,76,76,124,121,121,121,117],"gold":35,"neow_bonus":"THREE_RARE_CARDS","is_daily":false,"chose_seed":false,"campfire_upgraded":9,"win_rate":0.0,"timestamp":1610261627,"path_taken":["R","M","M","?","M","R","T","$","R","?","R","M","?","E","M","BOSS","R","M","M","?","M","$","T","E","R","M","?","?","R","M","M","BOSS","R","M","?","?","M","R","T","$","M","M","R","M","E","$","M","BOSS","E","$","R","BOSS"],"items_purchased_type":["Relic","Relic","Relic"],"build_version":"2020-12-22","purchased_purges":3,"victory":true,"max_hp_per_floor":[90,90,90,90,91,91,91,94,94,94,94,94,104,104,104,105,105,105,106,107,107,107,107,107,107,107,107,107,108,108,113,113,114,114,114,114,114,114,114,114,114,114,114,114,124,124,124,124,124,124,124,125,125,125,125],"card_choices":[{"not_picked":["sneckomod:Cheat","sneckomod:SerpentMind"],"picked":"sneckomod:UnlimitedRolls","floor":0.0},{"not_picked":["sneckomod:ImprovisedGuard","sneckomod:UnknownCommonSkill"],"picked":"sneckomod:QuickBite","floor":2.0},{"not_picked":["sneckomod:SoulRoll","sneckomod:UnknownWeak"],"picked":"sneckomod:MasterEye","floor":3.0},{"not_picked":["sneckomod:UnknownWeak","sneckomod:IronFang"],"picked":"sneckomod:UnknownClassTHE_CHAMP_GRAY","floor":5.0},{"not_picked":["sneckomod:SoulExchange","sneckomod:RainOfDice"],"picked":"sneckomod:SnakeSap","floor":8.0},{"not_picked":["sneckomod:DiceCrush","sneckomod:TrashToTreasure","sneckomod:Unknown1Cost"],"picked":"SKIP","floor":12.0},{"not_picked":["sneckomod:UnknownVulnerable","sneckomod:Unknown1Cost","sneckomod:DiceBlock"],"picked":"SKIP","floor":14.0},{"not_picked":["sneckomod:UnknownVulnerable","sneckomod:Unknown1Cost","sneckomod:DiceBlock"],"picked":"SKIP","floor":14.0},{"not_picked":["sneckomod:UnknownCommonSkill","sneckomod:DiceBlock","sneckomod:WideSting"],"picked":"SKIP","floor":15.0},{"not_picked":["sneckomod:UnknownRareAttack","sneckomod:SoulExchange"],"picked":"sneckomod:UnknownRareSkill","floor":16.0},{"not_picked":["sneckomod:Unknown1Cost+1","sneckomod:IronFang"],"picked":"sneckomod:UnknownClassTHE_CHAMP_GRAY+1","floor":19.0},{"not_picked":["sneckomod:UnknownEthereal","sneckomod:QuickBite"],"picked":"sneckomod:UnknownUncommonPower","floor":20.0},{"not_picked":["sneckomod:UnknownClassTHE_CHAMP_GRAY","sneckomod:UnknownUncommonPower","sneckomod:UnknownVulnerable"],"picked":"SKIP","floor":22.0},{"not_picked":["sneckomod:UnknownCommonAttack","sneckomod:WideSting+1"],"picked":"sneckomod:SnakeSap+1","floor":23.0},{"not_picked":["sneckomod:SoulDraw+1","sneckomod:UnknownClassTHE_CHAMP_GRAY","sneckomod:DiceCrush"],"picked":"SKIP","floor":25.0},{"not_picked":["sneckomod:QuickBite","sneckomod:UnknownStrike","sneckomod:UnknownCommonAttack"],"picked":"SKIP","floor":27.0},{"not_picked":["sneckomod:QuickBite","sneckomod:UnknownClassGUARDIAN"],"picked":"sneckomod:UnknownRarePower","floor":29.0},{"not_picked":["sneckomod:UnknownStrike","sneckomod:UnknownClassGREEN","sneckomod:Unknown1Cost"],"picked":"SKIP","floor":31.0},{"not_picked":["sneckomod:Nope","sneckomod:UnknownCommonSkill"],"picked":"sneckomod:QuickMove","floor":32.0},{"not_picked":["sneckomod:SerpentMind","sneckomod:Mudshield"],"picked":"sneckomod:Unknown3Cost","floor":33.0},{"not_picked":["sneckomod:QuickMove","sneckomod:DiceBoulder+1"],"picked":"sneckomod:TrashToTreasure","floor":36.0},{"not_picked":["sneckomod:DiceCrush","sneckomod:ImprovisedGuard+1","sneckomod:RainOfDice+1"],"picked":"SKIP","floor":37.0},{"not_picked":["sneckomod:SoulDraw","sneckomod:Mudshield"],"picked":"sneckomod:QuickBite+1","floor":39.0},{"not_picked":["sneckomod:Unknown1Cost","sneckomod:RainOfDice"],"picked":"sneckomod:QuickMove+1","floor":43.0},{"not_picked":["sneckomod:UnknownStrength","sneckomod:ImprovisedGuard+1"],"picked":"sneckomod:SoulRoll+1","floor":44.0},{"not_picked":["sneckomod:QuickMove","sneckomod:ImprovisedAttack","sneckomod:UnknownClassHEXA_GHOST_PURPLE"],"picked":"SKIP","floor":46.0},{"not_picked":["sneckomod:UnknownUncommonPower+1","sneckomod:PureSnecko","sneckomod:DiceBlock"],"picked":"SKIP","floor":47},{"not_picked":["sneckomod:IronFang+1","sneckomod:DiceCrush+1","sneckomod:UnknownVulnerable+1"],"picked":"SKIP","floor":49},{"not_picked":["sneckomod:QuickBite+1","sneckomod:QuickMove"],"picked":"sneckomod:UnknownRareAttack","floor":52}],"player_experience":1101874,"relics_obtained":[{"floor":7.0,"key":"Orichalcum"},{"floor":14.0,"key":"Bottled Flame"},{"floor":24.0,"key":"Tiny Chest"},{"floor":25.0,"key":"Guardian:PocketSentry"},{"floor":34.0,"key":"Potion Belt"},{"floor":34.0,"key":"Kunai"},{"floor":34.0,"key":"Ice Cream"},{"floor":41.0,"key":"Pen Nib"},{"floor":47,"key":"Letter Opener"},{"floor":52,"key":"Bottled Lightning"}],"event_choices":[{"cards_removed":["sneckomod:Strike"],"damage_healed":0.0,"max_hp_gain":0.0,"max_hp_loss":0.0,"gold_gain":0.0,"event_name":"The Cleric","player_choice":"Card Removal","floor":10.0,"gold_loss":0.0,"damage_taken":0.0},{"damage_healed":0.0,"max_hp_gain":0.0,"max_hp_loss":0.0,"gold_gain":0.0,"event_name":"Scrap Ooze","player_choice":"Success","floor":13.0,"gold_loss":0.0,"damage_taken":25.0,"relics_obtained":["Pear"]}],"is_beta":false,"boss_relics":[{"not_picked":["Velvet Choker","Busted Crown"],"picked":"Snecko Eye"},{"not_picked":["Empty Cage","Coffee Dripper"],"picked":"Calling Bell"}],"items_purged_floors":[8,23,53],"is_endless":false,"potions_floor_spawned":[2,12,15,16,19,27,31,33,37,43,44],"ascension_level":0}}