{"host":"qksop9n5mnq4zoi8","time":1610304418,"event":{"mods":["Act Like it!","BaseMod","BetterRewards","Downfall","GifTheSpireLib","Highlight Path","Hubris","Minty Spire (QoL Compilation)","Replay The Spire","Shop Mod","StSLib","The Gatherer","The Hierophant"],"gold_per_floor":[99,99,113,23,35,35,35,54,54,70,104,124,49,349,364,469,469,469,485,502,502,502,352,352,90,121,77,117,154,182,204,241,352,352,352,384,384,432,467,498,498,498,44,44,86,13,87,130,162,168,168,219,65,65,91,91,91],"floor_reached":55,"playtime":12120,"items_purged":[],"score":841,"play_id":"6068bfc9-0136-4267-a9fc-120f0291b3f6","local_time":"20210110164658","is_ascension_mode":false,"campfire_choices":[{"floor":1,"key":"RECALL"},{"data":"Guardian:EvasiveProtocol","floor":6,"key":"SMITH"},{"data":"Guardian:DonusPower","floor":13,"key":"SMITH"},{"data":"Guardian:HyperBeam_Guardian","floor":18,"key":"SMITH"},{"data":"Guardian:WalkerClaw","floor":23,"key":"SMITH"},{"data":"Guardian:PrismaticBeam","floor":35,"key":"SMITH"},{"data":"Guardian:WalkerClaw","floor":42,"key":"SMITH"},{"data":"Guardian:RevengeProtocol","floor":44,"key":"SMITH"},{"floor":54,"key":"REST"}],"circlet_count":0,"master_deck":["Guardian:Strike_Guardian","Guardian:Strike_Guardian","Guardian:Strike_Guardian","Guardian:Strike_Guardian","Guardian:Defend_Guardian","Guardian:Defend_Guardian","Guardian:Defend_Guardian","Guardian:Defend_Guardian","Guardian:CurlUp","Guardian:TwinSlam","Guardian:DonusPower+1","Guardian:EvasiveProtocol+1","Guardian:ArmoredProtocol","Guardian:ChargeCore","Guardian:PrismaticBeam+1","Guardian:GuardianWhirl","Slimebound:Icky","Slimebound:Icky","Guardian:HyperBeam_Guardian+1","Guardian:DonusPower+1","Guardian:WalkerClaw+1","Shame","Guardian:Orbwalk+1","Guardian:Recover","Thinking Ahead","Guardian:WalkerClaw+1","Guardian:PrismaticBarrier","Guardian:Preprogram+1","Guardian:ShieldCharger+1","Guardian:RevengeProtocol+1","Guardian:SpikerProtocol","Parasite","Guardian:PrismaticBeam+1","Guardian:MultiBeam","Guardian:DonusPower+1","Guardian:Recover+1","Guardian:MultiBeam+1","Guardian:Orbwalk+1"],"relics":["Guardian:ModeShifter","Ring of Misfortune","Vajra","downfall:HeartBlessingRed","Philosopher\u0027s Stone","HornCleat","downfall:HeartBlessingGreen","downfall:HeartBlessingBlue","White Beast Statue","Replay:Bandana","hubris:TenFootPole","hubris:ScarierMask","Frozen Eye","Bronze Scales","Question Card","DollysMirror","Bag of Preparation","MealTicket","hubris:64BitClover","Quantum Egg","Toolbox"],"acts_visited":["Exordium","TheCity","TheBeyond","TheEnding"],"potions_floor_usage":[16,16,26,27,30,33,33,33,39,45,48,50,50,52,55],"damage_taken":[{"damage":7,"enemies":"Jaw Worm","floor":3,"turns":5},{"damage":0,"enemies":"downfall:FleeingMerchant","floor":4,"turns":4},{"damage":0,"enemies":"Cultist","floor":5,"turns":4},{"damage":0,"enemies":"2 Louse","floor":8,"turns":2},{"damage":7,"enemies":"Large Slime","floor":10,"turns":5},{"damage":0,"enemies":"3 Sentries","floor":11,"turns":9},{"damage":7,"enemies":"Blue Slaver","floor":12,"turns":3},{"damage":0,"enemies":"3 Louse","floor":15,"turns":2},{"damage":20,"enemies":"downfall:Defect","floor":16,"turns":11},{"damage":0,"enemies":"Chosen","floor":19,"turns":3},{"damage":0,"enemies":"Centurion and Healer","floor":20,"turns":4},{"damage":0,"enemies":"downfall:FleeingMerchant","floor":25,"turns":4},{"damage":20,"enemies":"Slavers","floor":26,"turns":4},{"damage":0,"enemies":"downfall:FleeingMerchant","floor":27,"turns":4},{"damage":11,"enemies":"Shelled Parasite and Fungi","floor":28,"turns":4},{"damage":13,"enemies":"Replay:Snechameleon","floor":29,"turns":6},{"damage":0,"enemies":"Chosen and Byrds","floor":30,"turns":4},{"damage":10,"enemies":"Snecko","floor":31,"turns":4},{"damage":12,"enemies":"Snake Plant","floor":32,"turns":4},{"damage":11,"enemies":"downfall:Ironclad","floor":33,"turns":7},{"damage":0,"enemies":"3 Shapes","floor":36,"turns":3},{"damage":0,"enemies":"downfall:FleeingMerchant","floor":38,"turns":3},{"damage":0,"enemies":"Orb Walker","floor":39,"turns":3},{"damage":13,"enemies":"Writhing Mass","floor":40,"turns":5},{"damage":4,"enemies":"3 Darklings","floor":45,"turns":2},{"damage":5,"enemies":"Giant Head","floor":47,"turns":7},{"damage":20,"enemies":"Transient","floor":48,"turns":5},{"damage":28,"enemies":"Spire Growth","floor":49,"turns":5},{"damage":0,"enemies":"downfall:Watcher","floor":50,"turns":6},{"damage":74,"enemies":"downfall:CharBossMerchant","floor":52,"turns":8},{"damage":78,"enemies":"downfall:NeowBoss","floor":55,"turns":15}],"seed_played":"-3810241849400238545","potions_obtained":[{"floor":10,"key":"Guardian:DefensiveModePotion"},{"floor":11,"key":"Milkshake"},{"floor":15,"key":"LifebloodPotion"},{"floor":25,"key":"DistilledChaos"},{"floor":26,"key":"LiquidMemories"},{"floor":27,"key":"LiquidBronze"},{"floor":28,"key":"Ancient Potion"},{"floor":29,"key":"Block Potion"},{"floor":30,"key":"Ancient Potion"},{"floor":32,"key":"Guardian:BlockOnCardUsePotion"},{"floor":33,"key":"Adrenaline Potion"},{"floor":36,"key":"CultistPotion"},{"floor":38,"key":"Block Potion"},{"floor":39,"key":"Elixir"},{"floor":40,"key":"Dexterity Potion"},{"floor":45,"key":"Ancient Potion"},{"floor":47,"key":"Block Potion"},{"floor":48,"key":"Elixir"},{"floor":49,"key":"champ:CounterPotion"},{"floor":52,"key":"PowerPotion"}],"is_trial":false,"path_per_floor":["R","?","M","$","M","R","T","M","?","M","E","M","R","?","M","B",null,"R","M","M","?","?","R","T","$","E","$","M","E","M","M","M","B",null,"R","M","?","$","M","M","T","R","$","R","M","$","E","M","M","B",null,"E","$","R","B"],"character_chosen":"GUARDIAN","items_purchased":["Guardian:ArmoredProtocol","Guardian:Gem_Lightblue","Guardian:Recover","Thinking Ahead","Guardian:WalkerClaw","Frozen Eye","Bronze Scales","DollysMirror","Bag of Preparation","MealTicket","Guardian:MultiBeam","Toolbox"],"campfire_rested":1,"item_purchase_floors":[4,25,25,25,27,38,38,43,43,43,46,53],"current_hp_per_floor":[88,88,81,81,81,81,81,81,81,74,74,67,67,67,67,47,88,88,88,88,88,88,98,98,98,78,78,67,54,54,44,32,21,98,98,98,98,98,98,85,85,85,85,85,81,96,91,71,43,43,98,24,39,68,0,0,0],"gold":91,"neow_bonus":"TEN_PERCENT_HP_BONUS","is_daily":false,"chose_seed":false,"campfire_upgraded":7,"win_rate":0.0,"timestamp":1610304418,"path_taken":["R","?","M","$","M","R","T","?","?","M","E","M","R","?","M","BOSS","R","M","M","?","?","R","T","$","E","$","?","E","M","M","M","BOSS","R","M","?","$","?","M","T","R","$","R","M","$","E","M","M","BOSS","E","$","R","BOSS"],"items_purchased_type":["Card","Card","Card","Card","Card","Relic","Relic","Relic","Relic","Relic","Card","Relic"],"build_version":"2020-12-22","purchased_purges":0,"victory":false,"max_hp_per_floor":[88,88,88,88,88,88,88,88,88,88,88,88,88,88,88,88,88,88,88,88,88,88,98,98,98,98,98,98,98,98,98,98,98,98,98,98,98,98,98,98,98,98,98,98,98,98,98,98,98,98,98,98,98,98,98,98,98],"card_choices":[{"not_picked":["Guardian:Repulse","Guardian:RollAttack"],"picked":"Guardian:DonusPower","floor":3},{"not_picked":["Guardian:PolyBeam","Guardian:Reroute"],"picked":"Guardian:EvasiveProtocol","floor":4},{"not_picked":["Guardian:Incinerate","Guardian:TemporalStrike"],"picked":"Guardian:Gem_Green","floor":5},{"not_picked":["Guardian:TimeBomb","Guardian:Planning"],"picked":"Guardian:ChargeCore","floor":8},{"not_picked":["Guardian:Incinerate","Guardian:TimeBomb"],"picked":"Guardian:PrismaticBeam","floor":10},{"not_picked":["Guardian:CrystalBeam","Guardian:ChargeUp"],"picked":"Guardian:GuardianWhirl","floor":11},{"not_picked":["Guardian:TimeBomb","Guardian:Incinerate","Guardian:FierceBash"],"picked":"SKIP","floor":12},{"not_picked":["Guardian:Recover","Guardian:MultiBeam"],"picked":"Guardian:Gem_Blue","floor":15},{"not_picked":["Guardian:StasisField","Guardian:AncientConstruct"],"picked":"Guardian:HyperBeam_Guardian","floor":16},{"not_picked":["Guardian:PrismaticBeam","Guardian:CrystalBeam"],"picked":"Guardian:Gem_Red","floor":19},{"not_picked":["Guardian:CrystalBeam+1","Guardian:FloatingOrbs+1"],"picked":"Guardian:DonusPower+1","floor":20},{"not_picked":["Guardian:Repulse","Guardian:Gem_Cyan"],"picked":"Guardian:Orbwalk","floor":25},{"not_picked":["Guardian:Incinerate","Guardian:Gem_Fragmented"],"picked":"Guardian:Gem_Synthetic","floor":26},{"not_picked":["Guardian:MultiBeam+1","Guardian:Gem_Cyan"],"picked":"Guardian:Gem_Red","floor":27},{"not_picked":["Guardian:TimeBomb+1","Guardian:ShieldCharger"],"picked":"Guardian:PrismaticBarrier","floor":28},{"not_picked":["Guardian:TemporalStrike+1","Guardian:CrystalBeam","Guardian:Harden"],"picked":"SKIP","floor":29},{"not_picked":["Guardian:MultiBeam","Guardian:ChargeCore"],"picked":"Guardian:Preprogram+1","floor":30},{"not_picked":["Guardian:Recover","Guardian:Emergency"],"picked":"Guardian:Gem_Crimson","floor":31},{"not_picked":["Guardian:FierceBash","Guardian:Suspension"],"picked":"Guardian:Gem_Green","floor":32},{"not_picked":["Guardian:Gem_Synthetic","Guardian:BaubleBeam"],"picked":"Guardian:Gem_Orange","floor":33},{"not_picked":["Guardian:Gem_Cyan","Guardian:Gem_Lightblue"],"picked":"Guardian:ShieldCharger+1","floor":36},{"not_picked":["Guardian:ShieldSpikes","Guardian:RollAttack+1"],"picked":"Guardian:RevengeProtocol","floor":38},{"not_picked":["Guardian:TemporalStrike","Guardian:CrystalBeam+1"],"picked":"Guardian:SpikerProtocol","floor":39},{"not_picked":["Guardian:Gem_Green","Guardian:CrystalBeam","Guardian:TimeCapacitor"],"picked":"SKIP","floor":40},{"not_picked":["Guardian:Incinerate+1","Guardian:Reroute+1","Guardian:Gem_Green","Guardian:PiercingHide"],"picked":"SKIP","floor":45},{"not_picked":["Guardian:Gem_Purple","Guardian:Planning","Guardian:GatlingBeam"],"picked":"Guardian:DonusPower+1","floor":47},{"not_picked":["Guardian:VentSteam","Guardian:ChargeCore+1","Guardian:Reroute+1"],"picked":"Guardian:Recover+1","floor":48},{"not_picked":["Guardian:Gem_White","Guardian:Gem_Red","Guardian:Planning+1"],"picked":"Guardian:MultiBeam+1","floor":49},{"not_picked":["Guardian:TimeCapacitor+1","Guardian:ShieldSpikes","Guardian:BronzeOrb"],"picked":"Guardian:Orbwalk+1","floor":52}],"player_experience":239751,"relics_obtained":[{"floor":9,"key":"Ring of Misfortune"},{"floor":11,"key":"Vajra"},{"floor":24,"key":"White Beast Statue"},{"floor":26,"key":"Replay:Bandana"},{"floor":29,"key":"hubris:TenFootPole"},{"floor":41,"key":"Question Card"},{"floor":47,"key":"hubris:64BitClover"},{"floor":52,"key":"Quantum Egg"}],"event_choices":[{"damage_healed":0,"gold_gain":0,"player_choice":"Read","damage_taken":0,"max_hp_gain":0,"max_hp_loss":0,"event_name":"The Library","floor":21,"gold_loss":0,"cards_obtained":["Guardian:WalkerClaw"]},{"damage_healed":0,"gold_gain":0,"player_choice":"Stole Relic","damage_taken":0,"relics_obtained":["HornCleat"],"max_hp_gain":0,"max_hp_loss":0,"event_name":"Addict","floor":22,"gold_loss":0,"cards_obtained":["Shame"]},{"damage_healed":0,"gold_gain":0,"player_choice":"Upgraded","damage_taken":0,"max_hp_gain":0,"max_hp_loss":0,"event_name":"Upgrade Shrine","floor":37,"gold_loss":0,"cards_upgraded":["Guardian:Orbwalk"]}],"is_beta":false,"boss_relics":[{"not_picked":["hubris:HollowSoul","Velvet Choker"],"picked":"Philosopher\u0027s Stone"},{"not_picked":["Busted Crown","hubris:RunicObelisk"],"picked":"hubris:ScarierMask"}],"items_purged_floors":[],"is_endless":false,"potions_floor_spawned":[10,11,15,25,26,27,28,29,30,31,32,33,36,38,39,40,45,47,48,49,52],"killed_by":"downfall:NeowBoss","ascension_level":0}}