{"host":"07e1k1rk6c4zn0bu","time":1610240323,"event":{"mods":["AchievementEnabler","BaseMod","Bestiary","Colored Map","Colored Powertips","DeckTracker","Minty Spire (QoL Compilation)"],"gold_per_floor":[111,111,125,200,200,200,235,235,261,277,277,3,24,49,49,49,49],"floor_reached":16,"playtime":569,"items_purged":[],"score":125,"play_id":"857962f1-93f8-426b-b88b-9c372a13b44d","local_time":"20210109195843","is_ascension_mode":false,"campfire_choices":[{"data":"Deflect","floor":6,"key":"SMITH"},{"data":"Well Laid Plans","floor":8,"key":"SMITH"},{"data":"Poisoned Stab","floor":15,"key":"SMITH"}],"circlet_count":0,"master_deck":["Strike_G","Strike_G","Strike_G","Strike_G","Defend_G","Defend_G+1","Defend_G+1","Defend_G","Defend_G","Survivor","Neutralize","Deflect+1","Terror","Deflect","Well Laid Plans+1","Poisoned Stab+1","Injury","Metamorphosis","Distraction","Catalyst","Sucker Punch"],"relics":["Ring of the Snake","NeowsBlessing","Ginger","Ancient Tea Set","Golden Idol"],"acts_visited":["Exordium"],"potions_floor_usage":[],"damage_taken":[{"damage":0,"enemies":"Small Slimes","floor":1,"turns":1},{"damage":0,"enemies":"2 Louse","floor":3,"turns":1},{"damage":0,"enemies":"Gremlin Nob","floor":7,"turns":2},{"damage":0,"enemies":"Cultist","floor":10,"turns":4},{"damage":5,"enemies":"2 Fungi Beasts","floor":13,"turns":4},{"damage":4,"enemies":"Exordium Thugs","floor":14,"turns":3},{"damage":37,"enemies":"The Guardian","floor":16,"turns":9}],"seed_played":"-4983048795959144740","potions_obtained":[{"floor":10,"key":"PowerPotion"},{"floor":13,"key":"GamblersBrew"}],"is_trial":false,"path_per_floor":["M","?","M","?","?","R","E","R","T","M","?","$","M","M","R","B"],"character_chosen":"THE_SILENT","items_purchased":["Metamorphosis","Distraction"],"campfire_rested":0,"item_purchase_floors":[12,12],"current_hp_per_floor":[70,70,70,59,45,45,45,45,45,45,45,45,40,36,36,0,0],"gold":49,"neow_bonus":"THREE_ENEMY_KILL","is_daily":false,"chose_seed":false,"campfire_upgraded":3,"win_rate":0.0,"timestamp":1610240323,"path_taken":["M","?","M","?","?","R","E","R","T","M","?","$","M","M","R","BOSS"],"items_purchased_type":["Card","Card"],"build_version":"2020-12-22","purchased_purges":0,"victory":false,"max_hp_per_floor":[70,70,70,70,70,70,70,70,70,70,70,70,70,70,70,70,70],"card_choices":[{"not_picked":["Underhanded Strike","Eviscerate"],"picked":"Deflect","floor":1},{"not_picked":["Flechettes","Leg Sweep"],"picked":"Deflect","floor":3},{"not_picked":["Eviscerate","Prepared"],"picked":"Well Laid Plans","floor":7},{"not_picked":["Deflect","Underhanded Strike"],"picked":"Poisoned Stab","floor":10},{"not_picked":["Deflect","Dagger Spray"],"picked":"Catalyst","floor":13},{"not_picked":["Outmaneuver","Acrobatics"],"picked":"Sucker Punch","floor":14}],"player_experience":26437,"relics_obtained":[{"floor":7,"key":"Ginger"},{"floor":9,"key":"Ancient Tea Set"}],"event_choices":[{"damage_healed":0,"gold_gain":0,"cards_transformed":["Strike_G"],"player_choice":"Change","damage_taken":0,"max_hp_gain":0,"max_hp_loss":0,"event_name":"Living Wall","floor":2,"gold_loss":0,"cards_obtained":["Terror"]},{"damage_healed":0,"gold_gain":75,"player_choice":"Gather Gold","damage_taken":11,"max_hp_gain":0,"max_hp_loss":0,"event_name":"World of Goop","floor":4,"gold_loss":0},{"damage_healed":0,"gold_gain":0,"player_choice":"Entered Light","damage_taken":14,"max_hp_gain":0,"max_hp_loss":0,"event_name":"Shining Light","floor":5,"gold_loss":0,"cards_upgraded":["Defend_G","Defend_G"]},{"damage_healed":0,"gold_gain":0,"player_choice":"Take Wound","damage_taken":0,"relics_obtained":["Golden Idol"],"max_hp_gain":0,"max_hp_loss":0,"event_name":"Golden Idol","floor":11,"gold_loss":0,"cards_obtained":["Injury"]}],"is_beta":false,"boss_relics":[],"items_purged_floors":[],"is_endless":false,"potions_floor_spawned":[10,13],"killed_by":"The Guardian","ascension_level":0}}