{"host":"d9m9v0h6vo0edadb","time":1610269633,"event":{"mods":["BaseMod","Hermit","Keyboard Shortcuts","Minty Spire (QoL Compilation)","StSLib","SuperFastMode","The Cursed"],"gold_per_floor":[117,129,148,73,73,90,90,150,225,260,160,260,278,292,292,371,371,386,403,420,436,451,451,464,464,516,516,566,566,584,612,612,684,684,704,718,718,550,570,597,597,611,634,634,634,634],"floor_reached":45,"playtime":988,"items_purged":["Strike_B","Strike_B","Defend_B"],"score":998,"play_id":"678021a2-089d-4702-90da-79e4d198b0bc","local_time":"20210110180713","is_ascension_mode":true,"campfire_choices":[{"data":"Defragment","floor":7.0,"key":"SMITH"},{"floor":15.0,"key":"REST"},{"data":"Dualcast","floor":23.0,"key":"SMITH"},{"data":"Zap","floor":25.0,"key":"SMITH"},{"floor":27.0,"key":"REST"},{"data":"Turbo","floor":32.0,"key":"SMITH"},{"floor":41,"key":"REST"},{"floor":44,"key":"REST"}],"circlet_count":0,"master_deck":["AscendersBane","Defend_B","Defend_B","Zap+1","Dualcast+1","Streamline","Go for the Eyes+1","Auto Shields","Defragment+1","Coolheaded","Cold Snap","Reboot","Capacitor","Biased Cognition","Self Repair","Gash","FTL","Gash","Chill","Turbo+1","Electrodynamics","Gash+1","Consume+1","Finesse","Purity","Capacitor","Tempest+1"],"relics":["Cracked Core","Centennial Puzzle","Kunai","Whetstone","Runic Pyramid","Omamori","Red Mask","Empty Cage","Vajra","Bag of Marbles"],"acts_visited":["Exordium","TheCity","TheBeyond"],"potions_floor_usage":[35,39],"damage_taken":[{"damage":4.0,"enemies":"Small Slimes","floor":1.0,"turns":3.0},{"damage":12.0,"enemies":"Jaw Worm","floor":2.0,"turns":3.0},{"damage":4.0,"enemies":"Cultist","floor":3.0,"turns":3.0},{"damage":0.0,"enemies":"Exordium Wildlife","floor":6.0,"turns":2.0},{"damage":11.0,"enemies":"3 Sentries","floor":8.0,"turns":6.0},{"damage":14.0,"enemies":"3 Sentries","floor":10.0,"turns":11.0},{"damage":8.0,"enemies":"Large Slime","floor":13.0,"turns":6.0},{"damage":2.0,"enemies":"Looter","floor":14.0,"turns":3.0},{"damage":0.0,"enemies":"Hexaghost","floor":16.0,"turns":9.0},{"damage":0.0,"enemies":"Spheric Guardian","floor":18.0,"turns":5.0},{"damage":4.0,"enemies":"Chosen","floor":19.0,"turns":5.0},{"damage":21.0,"enemies":"Centurion and Healer","floor":20.0,"turns":7.0},{"damage":22.0,"enemies":"Shelled Parasite and Fungi","floor":21.0,"turns":9.0},{"damage":28.0,"enemies":"3 Cultists","floor":22.0,"turns":6.0},{"damage":11.0,"enemies":"Snake Plant","floor":24.0,"turns":5.0},{"damage":16.0,"enemies":"Centurion and Healer","floor":30.0,"turns":8.0},{"damage":7.0,"enemies":"Masked Bandits","floor":31.0,"turns":5.0},{"damage":62.0,"enemies":"Automaton","floor":33.0,"turns":15.0},{"damage":9,"enemies":"3 Darklings","floor":35,"turns":2},{"damage":0,"enemies":"3 Shapes","floor":36,"turns":6},{"damage":3,"enemies":"Jaw Worm Horde","floor":39,"turns":4},{"damage":36,"enemies":"Nemesis","floor":40,"turns":9},{"damage":33,"enemies":"3 Darklings","floor":42,"turns":4},{"damage":70,"enemies":"Giant Head","floor":45,"turns":8}],"seed_played":"-2621004504943828055","potions_obtained":[{"floor":2.0,"key":"Fire Potion"},{"floor":3.0,"key":"Strength Potion"},{"floor":8.0,"key":"AttackPotion"},{"floor":10.0,"key":"EntropicBrew"},{"floor":16.0,"key":"Regen Potion"},{"floor":20.0,"key":"Fire Potion"},{"floor":22.0,"key":"SmokeBomb"},{"floor":24.0,"key":"FairyPotion"},{"floor":31.0,"key":"FairyPotion"},{"floor":33.0,"key":"BlessingOfTheForge"},{"floor":36,"key":"Swift Potion"}],"is_trial":false,"path_per_floor":["M","M","M","$","?","M","R","?","T","E","$","?","M","M","R","B",null,"M","M","M","M","M","R","M","R","T","R","?","?","M","?","R","B",null,"M","M","?","$","M","E","R","M","T","R","E"],"character_chosen":"DEFECT","items_purchased":["Capacitor"],"campfire_rested":4,"item_purchase_floors":[38],"current_hp_per_floor":[60,48,44,44,37,37,37,26,26,12,12,12,4,2,23,23,59,59,55,41,41,20,20,16,16,16,37,37,37,28,28,28,9,56,47,54,44,44,48,19,40,14,14,35,0,0],"gold":634,"neow_bonus":"THREE_CARDS","is_daily":false,"chose_seed":false,"campfire_upgraded":4,"win_rate":0.0,"timestamp":1610269633,"path_taken":["M","M","M","$","?","M","R","?","T","E","$","?","M","M","R","BOSS","M","?","M","M","M","R","M","R","T","R","?","?","M","?","R","BOSS","M","M","?","$","M","E","R","M","T","R","E"],"items_purchased_type":["Card"],"build_version":"2020-12-22","purchased_purges":3,"victory":false,"max_hp_per_floor":[71,71,71,71,71,71,71,71,71,71,71,71,71,71,71,71,71,71,71,71,71,71,71,71,71,71,71,71,71,71,71,71,71,71,71,71,71,71,71,71,71,71,71,71,71,71],"card_choices":[{"not_picked":["Sweeping Beam","Beam Cell"],"picked":"Streamline","floor":0.0},{"not_picked":["Turbo","Redo"],"picked":"Go for the Eyes","floor":1.0},{"not_picked":["Beam Cell","Doom and Gloom"],"picked":"Auto Shields","floor":2.0},{"not_picked":["Sweeping Beam","Redo"],"picked":"Defragment","floor":3.0},{"not_picked":["Barrage","Fusion"],"picked":"Coolheaded","floor":6.0},{"not_picked":["Turbo","Barrage"],"picked":"Cold Snap","floor":8.0},{"not_picked":["Stack","Conserve Battery"],"picked":"Reboot","floor":10.0},{"not_picked":["Recycle","Go for the Eyes"],"picked":"Capacitor","floor":13.0},{"not_picked":["Reprogram","Stack","Go for the Eyes"],"picked":"SKIP","floor":14.0},{"not_picked":["Buffer","Seek"],"picked":"Biased Cognition","floor":16.0},{"not_picked":["Storm","Skim"],"picked":"Self Repair","floor":18.0},{"not_picked":["BootSequence","Ball Lightning"],"picked":"Gash","floor":19.0},{"not_picked":["Skim","Rebound+1","Go for the Eyes"],"picked":"SKIP","floor":20.0},{"not_picked":["Reprogram","Fission"],"picked":"FTL","floor":21.0},{"not_picked":["Leap","Streamline"],"picked":"Gash","floor":22.0},{"not_picked":["Leap","Auto Shields"],"picked":"Chill","floor":24.0},{"not_picked":["Steam","Hologram","Chaos"],"picked":"SKIP","floor":30.0},{"not_picked":["Melter","Hologram"],"picked":"Turbo","floor":31.0},{"not_picked":["Buffer","All For One"],"picked":"Electrodynamics","floor":33.0},{"not_picked":["Lockon","Beam Cell+1"],"picked":"Gash+1","floor":35},{"not_picked":["Redo+1","Chaos"],"picked":"Consume+1","floor":36},{"not_picked":["Swift Strike","The Bomb"],"picked":"Finesse","floor":37},{"not_picked":["Dark Shackles","Discovery"],"picked":"Purity","floor":37},{"not_picked":["Go for the Eyes","Lockon","Gash"],"picked":"SKIP","floor":39},{"not_picked":["Static Discharge","Sunder"],"picked":"Tempest+1","floor":40},{"not_picked":["Darkness","Stack","Ball Lightning+1"],"picked":"SKIP","floor":42}],"player_experience":957276,"relics_obtained":[{"floor":8.0,"key":"Centennial Puzzle"},{"floor":9.0,"key":"Kunai"},{"floor":10.0,"key":"Whetstone"},{"floor":26.0,"key":"Omamori"},{"floor":31.0,"key":"Red Mask"},{"floor":40,"key":"Vajra"},{"floor":43,"key":"Bag of Marbles"}],"event_choices":[{"cards_removed":["Strike_B"],"damage_healed":0.0,"max_hp_gain":0.0,"max_hp_loss":0.0,"gold_gain":0.0,"event_name":"Golden Wing","player_choice":"Card Removal","floor":5.0,"gold_loss":0.0,"damage_taken":7.0},{"damage_healed":0.0,"max_hp_gain":0.0,"max_hp_loss":0.0,"gold_gain":30.0,"event_name":"Dead Adventurer","player_choice":"Searched \u00272\u0027 times","floor":8.0,"gold_loss":0.0,"damage_taken":0.0},{"damage_healed":0.0,"max_hp_gain":0.0,"max_hp_loss":0.0,"gold_gain":100.0,"event_name":"Wheel of Change","player_choice":"Gold","floor":12.0,"gold_loss":0.0,"damage_taken":0.0},{"damage_healed":0.0,"max_hp_gain":0.0,"max_hp_loss":0.0,"gold_gain":50.0,"event_name":"Nest","player_choice":"Stole From Cult","floor":28.0,"gold_loss":0.0,"damage_taken":0.0},{"damage_healed":0.0,"max_hp_gain":0.0,"max_hp_loss":0.0,"gold_gain":0.0,"event_name":"The Mausoleum","player_choice":"Ignored","floor":29.0,"gold_loss":0.0,"damage_taken":0.0},{"damage_healed":0.0,"max_hp_gain":0.0,"max_hp_loss":0.0,"gold_gain":0.0,"event_name":"Masked Bandits","player_choice":"Fought Bandits","floor":31.0,"gold_loss":0.0,"damage_taken":0.0},{"damage_healed":0,"gold_gain":0,"player_choice":"Memory 3","damage_taken":10,"max_hp_gain":0,"max_hp_loss":0,"event_name":"SensoryStone","floor":37,"gold_loss":0}],"is_beta":false,"boss_relics":[{"not_picked":["Tiny House","SlaversCollar"],"picked":"Runic Pyramid"},{"not_picked":["Coffee Dripper","Nuclear Battery"],"picked":"Empty Cage"}],"items_purged_floors":[4,11,38],"is_endless":false,"potions_floor_spawned":[2,3,8,10,16,20,22,24,31,33,36],"killed_by":"Giant Head","ascension_level":20}}