{"host":"1c17lcvl7acx821p","time":1610278791,"event":{"mods":["AchievementEnabler","BaseMod","Colored Map","Minty Spire (QoL Compilation)","StSLib"],"gold_per_floor":[117,133,145,156,171,200,200,214,214,229,247,281,295,220,220,315,315,329,356,356,371,201,228,247,247,247],"floor_reached":25,"playtime":1435,"items_purged":["Strike_R","Defend_R"],"score":433,"play_id":"b528cf4b-aada-438f-a249-11ab20287f15","local_time":"20210110133951","is_ascension_mode":true,"campfire_choices":[{"floor":7.0,"key":"REST"},{"data":"Armaments","floor":15.0,"key":"SMITH"}],"circlet_count":0,"master_deck":["Strike_R","Strike_R","Strike_R","Defend_R","Defend_R","Defend_R","Bash","Heavy Blade","Cleave","Sentinel","Armaments+1","Battle Trance","Ghostly Armor","True Grit","Bludgeon","Barricade","True Grit","Whirlwind","Wild Strike+1"],"relics":["Snecko Eye","Pear","Mango","Pantograph","Black Star","Red Mask","Incense Burner","StoneCalendar"],"acts_visited":["TheCity"],"potions_floor_usage":[24],"damage_taken":[{"damage":0.0,"enemies":"Cultist","floor":1.0,"turns":2.0},{"damage":0.0,"enemies":"Small Slimes","floor":2.0,"turns":3.0},{"damage":5.0,"enemies":"2 Louse","floor":3.0,"turns":3.0},{"damage":10.0,"enemies":"Lots of Slimes","floor":4.0,"turns":3.0},{"damage":27.0,"enemies":"Gremlin Gang","floor":5.0,"turns":4.0},{"damage":26.0,"enemies":"Lagavulin","floor":6.0,"turns":8.0},{"damage":1.0,"enemies":"Looter","floor":8.0,"turns":4.0},{"damage":0.0,"enemies":"Exordium Thugs","floor":10.0,"turns":2.0},{"damage":6.0,"enemies":"Blue Slaver","floor":11.0,"turns":3.0},{"damage":0.0,"enemies":"Gremlin Nob","floor":12.0,"turns":3.0},{"damage":15.0,"enemies":"Gremlin Gang","floor":13.0,"turns":3.0},{"damage":0.0,"enemies":"Slime Boss","floor":16.0,"turns":6.0},{"damage":7.0,"enemies":"3 Byrds","floor":18.0,"turns":4.0},{"damage":10.0,"enemies":"Masked Bandits","floor":19.0,"turns":4.0},{"damage":13.0,"enemies":"Spheric Guardian","floor":21.0,"turns":4.0},{"damage":30.0,"enemies":"Slavers","floor":23.0,"turns":4.0},{"damage":22,"enemies":"3 Cultists","floor":24,"turns":5},{"damage":12,"enemies":"Book of Stabbing","floor":25,"turns":3}],"seed_played":"5915275547986744812","potions_obtained":[{"floor":3.0,"key":"SteroidPotion"},{"floor":11.0,"key":"LiquidMemories"},{"floor":12.0,"key":"SmokeBomb"},{"floor":13.0,"key":"FearPotion"},{"floor":18.0,"key":"SteroidPotion"},{"floor":24,"key":"Swift Potion"}],"is_trial":false,"path_per_floor":["M","M","M","M","M","E","R","M","T","M","M","E","M","$","R","B",null,"M","?","?","M","$","E","M","E"],"character_chosen":"IRONCLAD","items_purchased":["Whirlwind"],"campfire_rested":1,"item_purchase_floors":[22],"current_hp_per_floor":[72,72,67,57,30,14,41,40,54,54,48,48,33,33,33,58,93,86,76,76,63,63,33,11,0,0],"gold":247,"neow_bonus":"BOSS_RELIC","is_daily":false,"chose_seed":false,"campfire_upgraded":1,"win_rate":0.0,"timestamp":1610278791,"path_taken":["M","M","M","M","M","E","R","M","T","M","M","E","M","$","R","BOSS","M","?","?","M","$","E","M","E"],"items_purchased_type":["Card"],"build_version":"2020-12-22","purchased_purges":2,"victory":false,"max_hp_per_floor":[80,80,80,80,80,90,90,90,104,104,104,104,104,104,104,104,104,104,104,104,104,104,104,104,104,104],"card_choices":[{"not_picked":["Havoc","Pummel"],"picked":"Heavy Blade","floor":1.0},{"not_picked":["Heavy Blade","Wild Strike"],"picked":"Cleave","floor":2.0},{"not_picked":["Havoc","Cleave","Heavy Blade"],"picked":"SKIP","floor":3.0},{"not_picked":["Armaments","Warcry"],"picked":"Sentinel","floor":4.0},{"not_picked":["Body Slam","Clothesline"],"picked":"Armaments","floor":5.0},{"not_picked":["Entrench","Flex"],"picked":"Battle Trance","floor":6.0},{"not_picked":["Headbutt","Body Slam","Burning Pact"],"picked":"SKIP","floor":8.0},{"not_picked":["Body Slam","Pommel Strike"],"picked":"Ghostly Armor","floor":10.0},{"not_picked":["Bloodletting","Headbutt"],"picked":"True Grit","floor":11.0},{"not_picked":["Burning Pact","Armaments"],"picked":"Bludgeon","floor":12.0},{"not_picked":["Thunderclap","Battle Trance","Twin Strike"],"picked":"SKIP","floor":13.0},{"not_picked":["Corruption","Exhume"],"picked":"Barricade","floor":16.0},{"not_picked":["Infernal Blade","Flex"],"picked":"True Grit","floor":18.0},{"not_picked":["Body Slam","Dual Wield+1","Iron Wave"],"picked":"SKIP","floor":21.0},{"not_picked":["Searing Blow","Burning Pact"],"picked":"Wild Strike+1","floor":23.0},{"not_picked":["Anger","Wild Strike","Combust+1"],"picked":"SKIP","floor":24}],"player_experience":17937,"relics_obtained":[{"floor":6.0,"key":"Pear"},{"floor":9.0,"key":"Mango"},{"floor":12.0,"key":"Pantograph"},{"floor":19.0,"key":"Red Mask"},{"floor":23.0,"key":"Incense Burner"},{"floor":23.0,"key":"StoneCalendar"}],"event_choices":[{"damage_healed":0.0,"max_hp_gain":0.0,"max_hp_loss":0.0,"gold_gain":0.0,"event_name":"Masked Bandits","player_choice":"Fought Bandits","floor":19.0,"gold_loss":0.0,"damage_taken":0.0},{"cards_removed":["Strike_R"],"damage_healed":0.0,"max_hp_gain":0.0,"max_hp_loss":0.0,"gold_gain":0.0,"event_name":"Back to Basics","player_choice":"Elegance","floor":20.0,"gold_loss":0.0,"damage_taken":0.0}],"is_beta":false,"boss_relics":[{"not_picked":["Runic Dome","Velvet Choker"],"picked":"Black Star"}],"items_purged_floors":[14,22],"is_endless":false,"potions_floor_spawned":[3,11,12,13,16,18,21,24],"killed_by":"Book of Stabbing","ascension_level":6}}