{"host":"vwbv8761kql87467","time":1610248809,"event":{"mods":["100% Spire Juice","BaseMod","Bestiary","Block Reminder","Colored Map","Colored Powertips","Dark Map","DeckTracker","Hubris","KinomotoSakuraMod(????)","Koishi","Marisa????????","Minty Spire (QoL Compilation)","MostiFishMod","Poem Panic","Quick Restart","Rare Cards Sparkle","Relic Stats","RumiaBox-????????","StSLib","The Alterego","The Animator","The Blue Laboratory","The Cursed","The Gatherer","The IronCluck","The Marked","The Mystic","The Runesmith","The Servant 0.9.4","TheSwordswoman","Thieving Mod","Uncapped","Waifu the Spire","Yuri Mod","Yuyuko","??????REMEMod"],"gold_per_floor":[94,94,111,9,9,23,23,23,48,48,3,3,16,16,16,139,19,44,0,16,16,16],"floor_reached":21,"playtime":1276,"items_purged":[],"score":194,"play_id":"d3f8044f-edc6-4fdb-95f3-7b4b68d7c312","local_time":"20210109202009","is_ascension_mode":false,"campfire_choices":[{"data":"Moonworks:CompletionReward","floor":8.0,"key":"SMITH"},{"data":"Moonworks:LulusLuckyEgg","floor":10.0,"key":"SMITH"},{"floor":15.0,"key":"REST"}],"circlet_count":0,"master_deck":["Moonworks:Strike","Moonworks:Strike","Moonworks:Strike","Moonworks:Strike","Moonworks:Defend","Moonworks:Defend","Moonworks:Defend","Moonworks:Defend","Moonworks:Ambush","Moonworks:LongDistanceShot","Moonworks:Dinner","Moonworks:LulusLuckyEgg+1","Moonworks:EvilSpyWorkPreparation","Moonworks:CompletionReward+1","Moonworks:HolyNight","Moonworks:Gamble","Moonworks:BindingChains+1","Moonworks:CompletionReward"],"relics":["Moonworks:BrokenBomb","Moonworks:Homemark","REME_ComplimentaryCards","DaveBox","Happy Flower","Golden Idol","Tiny Chest","EasyGame_NEW"],"acts_visited":["Exordium","TheCity"],"potions_floor_usage":[16],"damage_taken":[{"damage":0.0,"enemies":"Small Slimes","floor":1.0,"turns":4.0},{"damage":2.0,"enemies":"2 Louse","floor":3.0,"turns":2.0},{"damage":1.0,"enemies":"Jaw Worm","floor":4.0,"turns":5.0},{"damage":13.0,"enemies":"Large Slime","floor":6.0,"turns":6.0},{"damage":0.0,"enemies":"Blue Slaver","floor":13.0,"turns":5.0},{"damage":19,"enemies":"Slime Boss","floor":16,"turns":7},{"damage":13,"enemies":"3 Byrds","floor":18,"turns":4},{"damage":0,"enemies":"Spheric Guardian","floor":20,"turns":1},{"damage":999,"enemies":"Centurion and Healer","floor":21,"turns":2}],"seed_played":"-8798315980138535818","potions_obtained":[{"floor":1.0,"key":"blueLaboratory:HeartbeatPotion"},{"floor":4.0,"key":"blueLaboratory:BottleOfRum"},{"floor":20,"key":"blueLaboratory:PolymorphPotion"}],"is_trial":false,"path_per_floor":["M","?","M","M","?","M","?","R","T","R","?","$","M","?","R","B",null,"M","?","M","M"],"character_chosen":"THE_STARBREAKER","items_purchased":[],"campfire_rested":1,"item_purchase_floors":[],"current_hp_per_floor":[60,60,58,60,57,50,50,50,50,50,39,39,44,37,55,42,60,47,47,47,0,0],"gold":16,"neow_bonus":"HUNDRED_GOLD","is_daily":false,"chose_seed":false,"campfire_upgraded":2,"win_rate":0.0,"timestamp":1610248809,"path_taken":["M","?","M","M","?","M","?","R","T","R","?","$","M","?","R","BOSS","M","?","M","M"],"items_purchased_type":[],"build_version":"2020-12-22","purchased_purges":0,"victory":false,"max_hp_per_floor":[60,60,60,60,60,60,60,60,60,60,60,60,60,60,60,60,60,60,60,60,60,60],"relic_stats":{"Happy Flower":[8],"counters":[9,36],"Golden Idol":36,"Tiny Chest":0,"obtain_stats":[{"DaveBox":0,"Happy Flower":5,"Golden Idol":7,"Moonworks:Homemark":0,"Tiny Chest":9,"EasyGame_NEW":17,"Moonworks:BrokenBomb":0,"REME_ComplimentaryCards":0},{"DaveBox":0,"Happy Flower":3,"Golden Idol":4,"Moonworks:Homemark":0,"Tiny Chest":4,"EasyGame_NEW":6,"Moonworks:BrokenBomb":0,"REME_ComplimentaryCards":0},{"DaveBox":0,"Happy Flower":11,"Golden Idol":17,"Moonworks:Homemark":0,"Tiny Chest":17,"EasyGame_NEW":29,"Moonworks:BrokenBomb":0,"REME_ComplimentaryCards":0}]},"card_choices":[{"not_picked":["Moonworks:ImmovableObject","Moonworks:LulusLuckyEgg"],"picked":"Moonworks:Dinner","floor":1.0},{"not_picked":["Moonworks:SelfDestruct","Moonworks:BigMagnum"],"picked":"Moonworks:LulusLuckyEgg","floor":3.0},{"not_picked":["Moonworks:CastOff","Moonworks:NicePresent"],"picked":"Moonworks:EvilSpyWorkPreparation","floor":4.0},{"not_picked":["Moonworks:DeployBits","Moonworks:JonathanRush"],"picked":"Moonworks:CompletionReward","floor":6.0},{"not_picked":["Moonworks:Assault","Moonworks:UnpaidWork"],"picked":"Moonworks:HolyNight","floor":13.0},{"not_picked":["Moonworks:ReflectiveShell","Moonworks:GoAway"],"picked":"Moonworks:Gamble","floor":16},{"not_picked":["Moonworks:Assault+1","Moonworks:JonathanRush"],"picked":"Moonworks:BindingChains+1","floor":18},{"not_picked":["Moonworks:NicePresent+1","Moonworks:CloudOfSeagulls+1"],"picked":"Moonworks:CompletionReward","floor":20}],"player_experience":141126,"relics_obtained":[{"floor":9.0,"key":"Tiny Chest"}],"event_choices":[{"damage_healed":0.0,"max_hp_gain":0.0,"max_hp_loss":0.0,"gold_gain":0.0,"event_name":"The Cleric","player_choice":"Leave","floor":2.0,"gold_loss":0.0,"damage_taken":0.0},{"damage_healed":0.0,"max_hp_gain":0.0,"max_hp_loss":0.0,"gold_gain":0.0,"event_name":"Scrap Ooze","player_choice":"Success","floor":5.0,"gold_loss":0.0,"damage_taken":3.0,"relics_obtained":["Happy Flower"]},{"damage_healed":0.0,"max_hp_gain":0.0,"max_hp_loss":0.0,"gold_gain":0.0,"event_name":"Golden Idol","player_choice":"Take Wound","floor":7.0,"gold_loss":0.0,"damage_taken":0.0,"relics_obtained":["Golden Idol"],"cards_obtained":["Injury"]},{"damage_healed":0.0,"max_hp_gain":0.0,"max_hp_loss":0.0,"gold_gain":75.0,"event_name":"World of Goop","player_choice":"Gather Gold","floor":11.0,"gold_loss":0.0,"damage_taken":11.0},{"cards_removed":["Injury"],"damage_healed":0.0,"max_hp_gain":0.0,"max_hp_loss":0.0,"gold_gain":0.0,"event_name":"Golden Wing","player_choice":"Card Removal","floor":14.0,"gold_loss":0.0,"damage_taken":7.0},{"damage_healed":0,"gold_gain":0,"player_choice":"Paid Fearfully","damage_taken":0,"max_hp_gain":0,"max_hp_loss":0,"event_name":"Masked Bandits","floor":19,"gold_loss":44}],"is_beta":false,"boss_relics":[{"not_picked":["FixedStarFall","AddBug"],"picked":"EasyGame_NEW"}],"items_purged_floors":[],"is_endless":false,"potions_floor_spawned":[1,4,20],"killed_by":"Centurion and Healer","ascension_level":0}}