{"host":"cbu6enf2xtq4r7r3","time":1610307909,"event":{"mods":["2.2 Compatiblity","AlwaysNeverKeys","BaseMod","Better Match","Better Note","Better Sensory Stone","Better Skull","Better Third Choice","Colored Map","Colored Powertips","Defuse TimeMaze Blight","Emptier Cage","Minty Spire (QoL Compilation)","Permanent Neow","Quick Restart","Random Character Button","Relic Sorter","Reorder Act Four","Shop Mod","StSLib"],"gold_per_floor":[114,132,147,97,110,110,142,102,152,162,15,48,48,61,61,164,164,179,101,101,121,72,72,101,101,124,152,170,182,208,208,208,303,303,322,372,36,36,36,65,12,32,32,43,43,9,27,59,59,59],"floor_reached":51,"playtime":2545,"items_purged":["Strike_G"],"score":1063,"play_id":"75645f2d-1383-4c5a-a455-1675eeb77506","local_time":"20210110204509","is_ascension_mode":true,"campfire_choices":[{"data":"Neutralize","floor":6.0,"key":"SMITH"},{"data":"Cloak And Dagger","floor":13.0,"key":"SMITH"},{"data":"Footwork","floor":15.0,"key":"SMITH"},{"floor":23.0,"key":"REST"},{"floor":25.0,"key":"REST"},{"floor":32.0,"key":"REST"},{"floor":45,"key":"REST"},{"floor":49,"key":"REST"}],"circlet_count":0,"master_deck":["Defend_G","Defend_G","Defend_G","Defend_G","Defend_G","Survivor","Neutralize+1","Dagger Throw","Flying Knee","Backflip","Sucker Punch","Footwork+1","PiercingWail","Cloak And Dagger+1","Malaise","Escape Plan+1","Noxious Fumes+1","Apotheosis+1","PiercingWail","Heel Hook","Terror","Adrenaline","Prepared+1","Dodge and Roll","Backflip","Dodge and Roll","After Image","Die Die Die","Terror+1","Quick Slash+1","Setup+1","Backstab+1","PiercingWail+1","Heel Hook+1","Backflip","Blur","Crippling Poison","Cloak And Dagger+1","Deadly Poison+1"],"relics":["Ring of the Snake","Dream Catcher","InkBottle","Snake Skull","ClockworkSouvenir","Centennial Puzzle","Fusion Hammer","Juzu Bracelet","Happy Flower","Akabeko","Mercury Hourglass","Astrolabe","Torii","Bottled Lightning","Mummified Hand","Pen Nib","Toxic Egg 2"],"acts_visited":["Exordium","TheCity","TheBeyond"],"potions_floor_usage":[40,50,50],"damage_taken":[{"damage":7.0,"enemies":"Jaw Worm","floor":1.0,"turns":5.0},{"damage":0.0,"enemies":"Small Slimes","floor":2.0,"turns":2.0},{"damage":0.0,"enemies":"Cultist","floor":3.0,"turns":4.0},{"damage":1.0,"enemies":"Blue Slaver","floor":5.0,"turns":3.0},{"damage":17.0,"enemies":"Lagavulin","floor":7.0,"turns":4.0},{"damage":0.0,"enemies":"Lots of Slimes","floor":10.0,"turns":4.0},{"damage":9.0,"enemies":"Gremlin Nob","floor":12.0,"turns":5.0},{"damage":0.0,"enemies":"2 Fungi Beasts","floor":14.0,"turns":2.0},{"damage":10.0,"enemies":"Hexaghost","floor":16.0,"turns":11.0},{"damage":0.0,"enemies":"Chosen","floor":18.0,"turns":6.0},{"damage":3.0,"enemies":"Shell Parasite","floor":21.0,"turns":6.0},{"damage":13.0,"enemies":"Book of Stabbing","floor":24.0,"turns":7.0},{"damage":0.0,"enemies":"Gremlin Leader","floor":27.0,"turns":9.0},{"damage":2.0,"enemies":"Centurion and Healer","floor":28.0,"turns":5.0},{"damage":0.0,"enemies":"Cultist and Chosen","floor":29.0,"turns":5.0},{"damage":0.0,"enemies":"Book of Stabbing","floor":30.0,"turns":5.0},{"damage":6.0,"enemies":"Champ","floor":33.0,"turns":14.0},{"damage":5,"enemies":"3 Shapes","floor":35,"turns":4},{"damage":13,"enemies":"2 Orb Walkers","floor":36,"turns":7},{"damage":0,"enemies":"Giant Head","floor":40,"turns":6},{"damage":1,"enemies":"3 Darklings","floor":42,"turns":5},{"damage":0,"enemies":"4 Shapes","floor":44,"turns":2},{"damage":0,"enemies":"Writhing Mass","floor":47,"turns":5},{"damage":0,"enemies":"Nemesis","floor":48,"turns":9},{"damage":12,"enemies":"Awakened One","floor":50,"turns":13}],"seed_played":"3836940966779663691","potions_obtained":[{"floor":2.0,"key":"BlessingOfTheForge"},{"floor":5.0,"key":"FearPotion"},{"floor":8.0,"key":"Block Potion"},{"floor":8.0,"key":"SteroidPotion"},{"floor":8.0,"key":"LiquidBronze"},{"floor":10.0,"key":"AttackPotion"},{"floor":12.0,"key":"Strength Potion"},{"floor":18.0,"key":"Weak Potion"},{"floor":21.0,"key":"EntropicBrew"},{"floor":27.0,"key":"AttackPotion"},{"floor":36,"key":"SteroidPotion"},{"floor":44,"key":"Dexterity Potion"},{"floor":47,"key":"DuplicationPotion"}],"is_trial":false,"path_per_floor":["M","M","M","?","M","R","E","?","T","M","$","E","R","M","R","B",null,"M","$","?","M","$","R","E","R","T","E","M","M","E","?","R","B",null,"M","?","$","?","?","E","$","M","T","M","R","$","M","E","R","B",null],"character_chosen":"THE_SILENT","items_purchased":["ClockworkSouvenir","Noxious Fumes","PiercingWail","Bottled Lightning","Backflip","Crippling Poison"],"campfire_rested":5,"item_purchase_floors":[11,19,22,37,41,46],"current_hp_per_floor":[63,63,63,63,62,62,45,45,45,45,45,36,36,36,36,26,70,70,70,70,67,67,70,57,70,70,70,68,68,68,68,70,64,70,65,52,52,52,52,52,52,51,51,51,66,66,66,66,66,54],"gold":59,"neow_bonus":"RANDOM_COMMON_RELIC","is_daily":false,"chose_seed":false,"campfire_upgraded":3,"win_rate":0.0,"timestamp":1610307909,"path_taken":["M","M","M","?","M","R","E","?","T","M","$","E","R","?","R","BOSS","M","$","?","M","$","R","E","R","T","E","M","M","E","?","R","BOSS","M","?","$","?","?","E","?","M","T","M","R","$","M","E","R","BOSS"],"items_purchased_type":["Relic","Card","Card","Relic","Card","Card"],"build_version":"2020-12-22","purchased_purges":1,"victory":true,"max_hp_per_floor":[70,70,70,70,70,70,70,70,70,70,70,70,70,70,70,70,70,70,70,70,70,70,70,70,70,70,70,70,70,70,70,70,70,70,70,70,70,66,66,66,66,66,66,66,66,66,66,66,66,66],"card_choices":[{"not_picked":["Flying Knee","Concentrate"],"picked":"Dagger Throw","floor":1.0},{"not_picked":["Deflect","Well Laid Plans"],"picked":"Flying Knee","floor":2.0},{"not_picked":["Escape Plan","All Out Attack"],"picked":"Backflip","floor":3.0},{"not_picked":["Deflect","Underhanded Strike"],"picked":"Sucker Punch","floor":5.0},{"not_picked":["Sucker Punch","Caltrops"],"picked":"Footwork","floor":7.0},{"not_picked":["Doppelganger","Dodge and Roll"],"picked":"PiercingWail","floor":10.0},{"not_picked":["Well Laid Plans","Quick Slash"],"picked":"Cloak And Dagger","floor":12.0},{"not_picked":["Calculated Gamble","Outmaneuver","Prepared"],"picked":"SKIP","floor":14.0},{"not_picked":["Tools of the Trade","Phantasmal Killer"],"picked":"Malaise","floor":16.0},{"not_picked":["Dagger Spray","Prepared+1"],"picked":"Escape Plan+1","floor":18.0},{"not_picked":["Blade Dance","Acrobatics","Footwork"],"picked":"SKIP","floor":21.0},{"not_picked":["Slice","Escape Plan"],"picked":"Heel Hook","floor":24.0},{"not_picked":["Well Laid Plans","Choke"],"picked":"Terror","floor":25.0},{"not_picked":["Backflip","Dash"],"picked":"Adrenaline","floor":27.0},{"not_picked":["Setup","Dagger Throw"],"picked":"Prepared+1","floor":28.0},{"not_picked":["Quick Slash","Slice"],"picked":"Dodge and Roll","floor":29.0},{"not_picked":["Quick Slash","Dagger Spray"],"picked":"Backflip","floor":30.0},{"not_picked":["Bouncing Flask+1","Backstab"],"picked":"After Image","floor":32.0},{"not_picked":["Venomology","Doppelganger"],"picked":"Die Die Die","floor":33.0},{"not_picked":["Deadly Poison","Calculated Gamble"],"picked":"Backstab+1","floor":35},{"not_picked":["Blade Dance+1","Eviscerate+1"],"picked":"PiercingWail+1","floor":36},{"not_picked":["Expertise+1","Bane"],"picked":"Heel Hook+1","floor":40},{"not_picked":["Sucker Punch+1","Tools of the Trade","Dash"],"picked":"SKIP","floor":42},{"not_picked":["Dash","Prepared","Dodge and Roll"],"picked":"SKIP","floor":44},{"not_picked":["Outmaneuver","Infinite Blades+1"],"picked":"Blur","floor":45},{"not_picked":["Acrobatics","Slice","Skewer+1"],"picked":"SKIP","floor":47},{"not_picked":["Tactician+1","Dodge and Roll+1"],"picked":"Cloak And Dagger+1","floor":48},{"not_picked":["Eviscerate+1","Poisoned Stab"],"picked":"Deadly Poison+1","floor":49}],"player_experience":86109,"relics_obtained":[{"floor":7.0,"key":"InkBottle"},{"floor":9.0,"key":"Snake Skull"},{"floor":12.0,"key":"Centennial Puzzle"},{"floor":24.0,"key":"Juzu Bracelet"},{"floor":26.0,"key":"Happy Flower"},{"floor":27.0,"key":"Akabeko"},{"floor":30.0,"key":"Mercury Hourglass"},{"floor":36,"key":"Torii"},{"floor":40,"key":"Mummified Hand"},{"floor":43,"key":"Pen Nib"},{"floor":48,"key":"Toxic Egg 2"}],"event_choices":[{"cards_removed":["Strike_G"],"damage_healed":0.0,"max_hp_gain":0.0,"max_hp_loss":0.0,"gold_gain":0.0,"event_name":"The Cleric","player_choice":"Card Removal","floor":4.0,"gold_loss":50.0,"damage_taken":0.0},{"damage_healed":0.0,"max_hp_gain":0.0,"max_hp_loss":0.0,"gold_gain":0.0,"event_name":"The Woman in Blue","player_choice":"Bought 3 Potions","floor":8.0,"gold_loss":0.0,"damage_taken":0.0},{"cards_removed":["Cloak And Dagger"],"damage_healed":0.0,"max_hp_gain":0.0,"max_hp_loss":0.0,"gold_gain":0.0,"event_name":"betterNote:BetterNote","player_choice":"Take \u0026 Give","floor":20.0,"gold_loss":0.0,"damage_taken":0.0,"cards_obtained":["Apotheosis"]},{"damage_healed":0.0,"max_hp_gain":0.0,"max_hp_loss":0.0,"gold_gain":0.0,"event_name":"The Library","player_choice":"Read","floor":31.0,"gold_loss":0.0,"damage_taken":0.0,"cards_obtained":["Dodge and Roll"]},{"damage_healed":0,"gold_gain":0,"player_choice":"Fight","damage_taken":0,"max_hp_gain":0,"max_hp_loss":0,"event_name":"Mysterious Sphere","floor":36,"gold_loss":0},{"damage_healed":0,"gold_gain":0,"player_choice":"Max HP","damage_taken":0,"max_hp_gain":0,"max_hp_loss":4,"event_name":"Winding Halls","floor":38,"gold_loss":0},{"damage_healed":0,"gold_gain":0,"player_choice":"Forge","damage_taken":0,"max_hp_gain":0,"max_hp_loss":0,"event_name":"Accursed Blacksmith","floor":39,"gold_loss":0,"cards_upgraded":["Noxious Fumes"]}],"is_beta":false,"boss_relics":[{"not_picked":["WristBlade","Ring of the Serpent"],"picked":"Fusion Hammer"},{"not_picked":["HoveringKite","Pandora\u0027s Box"],"picked":"Astrolabe"}],"items_purged_floors":[37],"is_endless":false,"potions_floor_spawned":[2,5,10,12,18,21,27,36,44,47],"ascension_level":4}}