{"host":"k67zwea37tbl4jhz","time":1610320656,"event":{"mods":["AchievementEnabler","Act Like it!","Aspiration","BaseMod","Better Altar","Better Match","Better Note","Better Sensory Stone","Better Skull","Better Third Choice","BetterRewards","CCEM","Clawfect","Colored Map","Conspire","Downfall","GifTheSpireLib","Googly Eyes","Halation","Hermit","Highlight Path","Hubris","Hunter ??","Mimic Mod","Minty Spire (QoL Compilation)","Permanent Neow","Replay The Spire","Shade Mod","Shop Mod","Spicy Shops","StSLib","Stuff the Spire","The Blackbeard","The Bug Knight","The Construct","The Cursed","The Disciple","The Gatherer","The IronCluck","Unceasing Turn Reminder","everything is the same but u backflip on backflip"],"gold_per_floor":[99,119,44,44,54,54,126,151,25,37,50,50,50,80,93,190,190,115,115,115,115,130,145,145,145,165,165,165,175,100,133,118,118,118,118,118],"floor_reached":34,"playtime":1920,"items_purged":["hexamod:Strike"],"score":293,"play_id":"612455e8-4a16-46f3-a050-4771aa90f5b0","local_time":"20210110181736","is_ascension_mode":false,"campfire_choices":[{"data":"hexamod:Sear","floor":1,"key":"SMITH"},{"floor":18,"key":"RECALL"},{"floor":30,"key":"REST"}],"circlet_count":0,"master_deck":["hexamod:Sear+1","hexamod:Float+1","hexamod:Hexaguard+1","hexamod:ChargedBarrage","Replay:Bootleg Shield Generator","hexamod:GhostLash+1","hexamod:GhostLash+1","hexamod:SixthSeal","hexamod:NecessarySacrifice+1","hexamod:FastForward","hexamod:FastForward","hexamod:ExtraCrispy","hexamod:VolcanoVisage","hexamod:TimeWarp","hexamod:GhostflameBarrier","hexamod:FastForward+1","hexamod:UnleashSpirits","hexamod:AdvancingGuard+1","hexamod:EmpoweredFlame+1","Shame","hexamod:GhostOfSpirePresent+1","hexamod:SuperheatedStrike","hexamod:BurningTouch","hexamod:FlamesFromBeyond+1","hexamod:ShieldOfDarkness"],"relics":["hexamod:SpiritBrand","halation:YellowSoulGem","hubris:Icosahedron","CCEMRelics:CocoNut","Pandora\u0027s Box","downfall:HeartBlessingBlue","Potion Belt","Lantern","downfall:HeartBlessingRed","CCEMRelics:SpiritsEdge","downfall:RedIOU"],"acts_visited":["Exordium","TheCity"],"potions_floor_usage":[8,16,16,16,26,29,29,31,31],"damage_taken":[{"damage":1,"enemies":"2 Louse","floor":2,"turns":2},{"damage":0,"enemies":"Cultist","floor":5,"turns":3},{"damage":13,"enemies":"HollowMod:MossKnight","floor":8,"turns":4},{"damage":1,"enemies":"downfall:FleeingMerchant","floor":9,"turns":4},{"damage":4,"enemies":"conspire:RoseBush","floor":10,"turns":2},{"damage":0,"enemies":"Large Slime","floor":11,"turns":5},{"damage":8,"enemies":"Exordium Wildlife","floor":15,"turns":4},{"damage":38,"enemies":"downfall:Defect","floor":16,"turns":6},{"damage":18,"enemies":"Shell Parasite","floor":22,"turns":6},{"damage":7,"enemies":"conspire:FuzzyDice","floor":23,"turns":6},{"damage":8,"enemies":"Snecko","floor":26,"turns":5},{"damage":20,"enemies":"Centurion and Healer","floor":29,"turns":5},{"damage":48,"enemies":"Slavers","floor":31,"turns":5},{"damage":9,"enemies":"downfall:FleeingMerchant","floor":32,"turns":4},{"damage":7,"enemies":"conspire:HollyBat","floor":34,"turns":2}],"seed_played":"-9147485911219742279","potions_obtained":[{"floor":5,"key":"Regen Potion"},{"floor":11,"key":"SkillPotion"},{"floor":15,"key":"Weak Potion"},{"floor":16,"key":"SpeedPotion"},{"floor":16,"key":"SteroidPotion"},{"floor":22,"key":"SpeedPotion"},{"floor":23,"key":"GamblersBrew"},{"floor":26,"key":"Ancient Potion"},{"floor":29,"key":"Fruit Juice"},{"floor":31,"key":"Adrenaline Potion"}],"is_trial":false,"path_per_floor":["R","M","?","?","M","?","T","E","$","M","M","?","?","?","M","B",null,"R","?","?","?","M","M","T","?","M","PTL","PTL","M","R","E","$","?","M"],"character_chosen":"THE_SPIRIT","items_purchased":["hexamod:FastForward"],"campfire_rested":1,"item_purchase_floors":[9],"current_hp_per_floor":[70,69,69,69,69,69,69,70,69,65,65,65,65,65,57,19,75,85,85,85,85,67,60,60,60,52,52,52,37,64,16,7,7,0,0,0],"gold":118,"neow_bonus":"TRANSFORM_CARD","is_daily":false,"chose_seed":false,"campfire_upgraded":1,"win_rate":0.0,"timestamp":1610320656,"path_taken":["R","M","?","?","M","?","T","E","$","?","M","?","?","?","M","BOSS","R","?","?","?","?","M","T","?","M","PTL","PTL","M","R","E","$","?","M"],"items_purchased_type":["Card"],"build_version":"2020-12-22","purchased_purges":1,"victory":false,"max_hp_per_floor":[70,70,70,70,70,70,70,75,75,75,75,75,75,75,75,75,75,85,85,85,85,85,85,85,85,85,85,85,90,90,90,90,90,90,90,90],"card_choices":[{"not_picked":["hexamod:BurningTouch","hexamod:SwordOfDarkness"],"picked":"hexamod:ChargedBarrage","floor":2},{"not_picked":["Specialist","expansioncontent:DonusPower"],"picked":"Replay:Bootleg Shield Generator","floor":3},{"not_picked":["hexamod:HauntingEcho","hexamod:GhostShield"],"picked":"hexamod:GhostLash","floor":3},{"not_picked":["hexamod:ThermalTransfer","hexamod:PhantomCloak"],"picked":"hexamod:GhostLash","floor":5},{"not_picked":["hexamod:ThirdSeal","hexamod:SpectersWail"],"picked":"hexamod:SixthSeal","floor":8},{"not_picked":["hexamod:TimeOfNeed","hexamod:GhostLash"],"picked":"hexamod:NecessarySacrifice","floor":9},{"not_picked":["hexamod:FastForward","hexamod:RainOfEmbers","hexamod:ShieldOfDarkness"],"picked":"SKIP","floor":10},{"not_picked":["hexamod:FifthSeal","hexamod:BurningTouch","hexamod:NecessarySacrifice"],"picked":"SKIP","floor":11},{"not_picked":["hexamod:AdvancingGuard","hexamod:GhostflameBarrier"],"picked":"hexamod:ExtraCrispy","floor":15},{"not_picked":["hexamod:TurnItUp","hexamod:CrushingStance"],"picked":"hexamod:VolcanoVisage","floor":16},{"not_picked":["hexamod:EmpoweredFlame","hexamod:NecessarySacrifice+1","hexamod:DynamicBlow"],"picked":"SKIP","floor":22},{"not_picked":["hexamod:RainOfEmbers","hexamod:Again"],"picked":"hexamod:GhostOfSpirePresent+1","floor":23},{"not_picked":["hexamod:PhantomCloak","hexamod:AdvancingGuard"],"picked":"hexamod:SuperheatedStrike","floor":26},{"not_picked":["hexamod:ShieldOfDarkness","hexamod:GhostLash+1"],"picked":"hexamod:BurningTouch","floor":29},{"not_picked":["hexamod:TimeOfNeed","hexamod:FastForward"],"picked":"hexamod:FlamesFromBeyond","floor":31},{"not_picked":["hexamod:BurningTouch","hexamod:PhantomCloak+1"],"picked":"hexamod:ShieldOfDarkness","floor":32}],"player_experience":183821,"relics_obtained":[{"floor":8,"key":"CCEMRelics:CocoNut"},{"floor":24,"key":"Lantern"},{"floor":31,"key":"CCEMRelics:SpiritsEdge"}],"event_choices":[{"damage_healed":0,"gold_gain":0,"player_choice":"1","damage_taken":0,"max_hp_gain":0,"max_hp_loss":0,"event_name":"betterMatch:BetterMatch","floor":3,"gold_loss":0,"cards_obtained":["betterMatch:ColorlessUncommonCard","betterMatch:CommonCard"]},{"cards_removed":["Regret"],"damage_healed":0,"gold_gain":0,"player_choice":"Purged","damage_taken":0,"max_hp_gain":0,"max_hp_loss":0,"event_name":"Purifier","floor":19,"gold_loss":0},{"cards_removed":["hexamod:SixthSeal"],"damage_healed":0,"gold_gain":0,"player_choice":"Give","damage_taken":0,"max_hp_gain":0,"max_hp_loss":0,"event_name":"betterNote:BetterNote","floor":20,"gold_loss":0,"cards_obtained":["champ:Taunt"]},{"damage_healed":0,"gold_gain":0,"player_choice":"Stole Relic","damage_taken":0,"relics_obtained":["Potion Belt"],"max_hp_gain":0,"max_hp_loss":0,"event_name":"Addict","floor":21,"gold_loss":0,"cards_obtained":["Shame"]},{"damage_healed":0,"gold_gain":0,"player_choice":"Leave","damage_taken":0,"max_hp_gain":0,"max_hp_loss":0,"event_name":"conspire:Investor","floor":25,"gold_loss":0}],"is_beta":false,"boss_relics":[{"not_picked":["aspiration:FutureDiary","hubris:BlackHole"],"picked":"Pandora\u0027s Box"}],"items_purged_floors":[9],"is_endless":false,"potions_floor_spawned":[5,11,15,16,22,23],"killed_by":"conspire:HollyBat","ascension_level":0}}