{"host":"gxfwlvk9al6s9931","time":1610319411,"event":{"mods":["2.2 Compatiblity","BaseMod","Colored Powertips","Friendly Minions","Minty Spire (QoL Compilation)","StSLib","The Servant 0.9.4"],"gold_per_floor":[118,118,118,193,203,203,233,248,323,323,350,360,198,221,221,221,221],"floor_reached":16,"playtime":1577,"items_purged":[],"score":113,"play_id":"b9c1e1ed-2012-4adb-be3c-28d61c2f3253","local_time":"20210110145651","is_ascension_mode":true,"campfire_choices":[{"data":"Foresight","floor":6.0,"key":"SMITH"},{"data":"Solidify","floor":10.0,"key":"SMITH"},{"floor":15.0,"key":"REST"}],"circlet_count":0,"master_deck":["Strike_S","Strike_S","Strike_S","Strike_S","Defend_S","Defend_S","Defend_S","Defend_S","KidneyShot+1","Exchange","Foresight+1","Ricochet","Solidify+1","TimeWarp","FastForward","Rewind","GearUp","BestPractice","Starlight","Luminosity"],"relics":["Uniform","Regal Pillow","Ancient Tea Set","Odd Mushroom"],"acts_visited":["Exordium"],"potions_floor_usage":[],"damage_taken":[{"damage":1.0,"enemies":"Cultist","floor":1.0,"turns":4.0},{"damage":1.0,"enemies":"Jaw Worm","floor":5.0,"turns":3.0},{"damage":16.0,"enemies":"Lagavulin","floor":7.0,"turns":14.0},{"damage":2.0,"enemies":"Small Slimes","floor":8.0,"turns":4.0},{"damage":23.0,"enemies":"Gremlin Nob","floor":11.0,"turns":4.0},{"damage":0.0,"enemies":"Looter","floor":12.0,"turns":3.0},{"damage":1.0,"enemies":"The Mushroom Lair","floor":14.0,"turns":4.0},{"damage":52,"enemies":"Slime Boss","floor":16,"turns":7}],"seed_played":"2223269458647899370","potions_obtained":[{"floor":0.0,"key":"EssenceOfSteel"},{"floor":0.0,"key":"EssenceOfSteel"},{"floor":0.0,"key":"ColorlessPotion"},{"floor":7.0,"key":"FearPotion"},{"floor":8.0,"key":"LiquidBronze"},{"floor":11.0,"key":"EssenceOfSteel"}],"is_trial":false,"path_per_floor":["M","?","?","?","M","R","E","M","T","R","E","M","$","?","R","B"],"character_chosen":"THE_SERVANT","items_purchased":["GearUp","BestPractice","Starlight"],"campfire_rested":1,"item_purchase_floors":[13,13,13],"current_hp_per_floor":[64,64,64,53,52,52,36,34,34,34,11,11,11,10,44,0,0],"gold":221,"neow_bonus":"THREE_SMALL_POTIONS","is_daily":false,"chose_seed":false,"campfire_upgraded":2,"win_rate":0.0,"timestamp":1610319411,"path_taken":["M","?","?","?","M","R","E","M","T","R","E","M","$","?","R","BOSS"],"items_purchased_type":["Card","Card","Card"],"build_version":"2020-12-22","purchased_purges":0,"victory":false,"max_hp_per_floor":[65,65,65,65,65,65,65,65,65,65,65,65,65,65,65,65,65],"card_choices":[{"not_picked":["BottledTime","Alleviate"],"picked":"Foresight","floor":1.0},{"not_picked":["FastForward","Defy"],"picked":"Ricochet","floor":5.0},{"not_picked":["Snipe","Alleviate"],"picked":"Solidify","floor":7.0},{"not_picked":["ShatteredReality","Defy"],"picked":"TimeWarp","floor":8.0},{"not_picked":["Ricochet","ShatteredReality"],"picked":"FastForward","floor":11.0},{"not_picked":["Reset","ShatteredReality"],"picked":"Rewind","floor":12.0},{"not_picked":["DoubleEdge","TimeWarp"],"picked":"Luminosity","floor":14.0}],"player_experience":287250,"relics_obtained":[{"floor":7.0,"key":"Regal Pillow"},{"floor":11.0,"key":"Ancient Tea Set"},{"floor":14.0,"key":"Odd Mushroom"}],"event_choices":[{"damage_healed":0.0,"max_hp_gain":0.0,"max_hp_loss":0.0,"gold_gain":0.0,"event_name":"Golden Wing","player_choice":"Ignored","floor":2.0,"gold_loss":0.0,"damage_taken":0.0},{"damage_healed":0.0,"max_hp_gain":0.0,"max_hp_loss":0.0,"gold_gain":0.0,"event_name":"Living Wall","player_choice":"Grow","floor":3.0,"gold_loss":0.0,"damage_taken":0.0,"cards_upgraded":["KidneyShot"]},{"damage_healed":0.0,"max_hp_gain":0.0,"max_hp_loss":0.0,"gold_gain":75.0,"event_name":"World of Goop","player_choice":"Gather Gold","floor":4.0,"gold_loss":0.0,"damage_taken":11.0},{"damage_healed":0.0,"max_hp_gain":0.0,"max_hp_loss":0.0,"gold_gain":0.0,"event_name":"Mushrooms","player_choice":"Fought Mushrooms","floor":14.0,"gold_loss":0.0,"damage_taken":0.0}],"is_beta":false,"boss_relics":[],"items_purged_floors":[],"is_endless":false,"potions_floor_spawned":[7,8,11],"killed_by":"Slime Boss","ascension_level":1}}