{"host":"k67zwea37tbl4jhz","time":1610267447,"event":{"mods":["AchievementEnabler","Act Like it!","Aspiration","BaseMod","Better Altar","Better Match","Better Note","Better Sensory Stone","Better Skull","Better Third Choice","BetterRewards","CCEM","Clawfect","Colored Map","Conspire","Downfall","GifTheSpireLib","Googly Eyes","Halation","Highlight Path","Hubris","Mimic Mod","Minty Spire (QoL Compilation)","Permanent Neow","Replay The Spire","Shop Mod","Spicy Shops","StSLib","Stuff the Spire","Unceasing Turn Reminder","everything is the same but u backflip on backflip"],"gold_per_floor":[0,16,33,52,75,86,165,165,165,207,47,75,75,87,100,100,100,100],"floor_reached":16,"playtime":999,"items_purged":[],"score":114,"play_id":"a25aecc6-385a-4ac2-b998-d9293a326d6e","local_time":"20210110033047","is_ascension_mode":false,"campfire_choices":[{"floor":1,"key":"RECALL"}],"circlet_count":0,"master_deck":["hexamod:Strike","hexamod:Strike","hexamod:Strike","hexamod:Strike","hexamod:Defend","hexamod:Defend","hexamod:Defend","hexamod:Defend","hexamod:Sear","hexamod:Float","hexamod:StepThrough","hexamod:ThirdSeal","hexamod:SecondSeal","hexamod:HeatMetal","hexamod:SpectralAdrenaline","hexamod:EmpoweredFlame","Pot Of Greed","Pot Of Greed","hexamod:FastForward","hexamod:FourthSeal"],"relics":["hexamod:SpiritBrand","CCEMRelics:Francisca","hubris:Towel","Grinning Jar","Sling","ReplayFunnel"],"acts_visited":["Exordium"],"potions_floor_usage":[16],"damage_taken":[{"damage":0,"enemies":"Cultist","floor":2,"turns":3},{"damage":0,"enemies":"2 Louse","floor":3,"turns":2},{"damage":0,"enemies":"Small Slimes","floor":4,"turns":3},{"damage":2,"enemies":"Blue Slaver","floor":5,"turns":3},{"damage":2,"enemies":"Red Slaver","floor":6,"turns":3},{"damage":33,"enemies":"Lagavulin","floor":10,"turns":6},{"damage":4,"enemies":"downfall:FleeingMerchant","floor":11,"turns":4},{"damage":4,"enemies":"3 Sentries","floor":12,"turns":8},{"damage":0,"enemies":"3 Louse","floor":14,"turns":3},{"damage":0,"enemies":"2 Fungi Beasts","floor":15,"turns":2},{"damage":38,"enemies":"downfall:Defect","floor":16,"turns":5}],"seed_played":"6179100314174279890","potions_obtained":[{"floor":6,"key":"DuplicationPotion"},{"floor":10,"key":"Weak Potion"},{"floor":12,"key":"hexamod:InfernoChargePotion"}],"is_trial":false,"path_per_floor":["R","M","M","M","M","M","T","?","?","E","$","E","?","M","M","B"],"character_chosen":"THE_SPIRIT","items_purchased":["Sling"],"campfire_rested":0,"item_purchase_floors":[11],"current_hp_per_floor":[70,70,70,70,68,66,66,71,71,38,34,30,30,30,30,0,0,0],"gold":100,"neow_bonus":"ONE_RARE_RELIC","is_daily":false,"chose_seed":false,"campfire_upgraded":0,"win_rate":0.0,"timestamp":1610267447,"path_taken":["R","M","M","M","M","?","T","?","?","E","$","E","?","?","M","BOSS"],"items_purchased_type":["Relic"],"build_version":"2020-12-22","purchased_purges":0,"victory":false,"max_hp_per_floor":[70,70,70,70,70,70,70,75,75,75,75,75,75,75,75,75,75,75],"card_choices":[{"not_picked":["hexamod:GhostLash","hexamod:BacktrackSmack"],"picked":"hexamod:StepThrough","floor":2},{"not_picked":["hexamod:HeatCrush","hexamod:BurningTouch"],"picked":"hexamod:ThirdSeal","floor":3},{"not_picked":["hexamod:ThirdSeal","hexamod:HauntingEcho"],"picked":"hexamod:SecondSeal","floor":4},{"not_picked":["hexamod:GhostflameBarrier","hexamod:InspiringFlames"],"picked":"hexamod:HeatMetal","floor":4},{"not_picked":["hexamod:ChargedBarrage","hexamod:Hexaguard"],"picked":"hexamod:SpectralAdrenaline","floor":5},{"not_picked":["hexamod:InspiringFlames","hexamod:ShieldOfDarkness","hexamod:RainOfEmbers"],"picked":"SKIP","floor":5},{"not_picked":["hexamod:SecondSeal","hexamod:SwordOfDarkness"],"picked":"hexamod:EmpoweredFlame","floor":6},{"not_picked":["hexamod:GhostShield","hexamod:ParanormalForm","hexamod:RetreatToShadows"],"picked":"SKIP","floor":10},{"not_picked":["hexamod:BacktrackSmack","hexamod:NightmareStrike","hexamod:BurningTouch"],"picked":"SKIP","floor":10},{"not_picked":["hexamod:GhostOfSpirePast","hexamod:InspiringFlames","hexamod:Haunt"],"picked":"SKIP","floor":11},{"not_picked":["hexamod:ShieldOfDarkness","hexamod:Again","hexamod:BacktrackSmack"],"picked":"SKIP","floor":11},{"not_picked":["hexamod:BurningTouch","hexamod:CatchUp"],"picked":"hexamod:FastForward","floor":12},{"not_picked":["hexamod:SpectersWail","hexamod:HauntingEcho","hexamod:EmpoweringStance"],"picked":"SKIP","floor":12},{"not_picked":["hexamod:BurningTouch","hexamod:RetreatToShadows","hexamod:GhostShield"],"picked":"SKIP","floor":14},{"not_picked":["hexamod:Haunt","hexamod:AdvancingGuard"],"picked":"hexamod:FourthSeal","floor":15},{"not_picked":["hexamod:RecurringNightmare","hexamod:EtherealExpedition","hexamod:BurningTouch"],"picked":"SKIP","floor":15}],"player_experience":170455,"relics_obtained":[{"floor":10,"key":"Grinning Jar"},{"floor":12,"key":"ReplayFunnel"}],"event_choices":[{"damage_healed":0,"gold_gain":0,"player_choice":"Donut","damage_taken":0,"max_hp_gain":5,"max_hp_loss":0,"event_name":"Big Fish","floor":8,"gold_loss":0}],"is_beta":false,"boss_relics":[],"items_purged_floors":[],"is_endless":false,"potions_floor_spawned":[6,10,12,15],"killed_by":"downfall:Defect","ascension_level":0}}