{"host":"cijhj3091wf4aho3","time":1610244152,"event":{"mods":["BaseMod","Colored Map","Colored Powertips","Downfall","Friendly Minions","GifTheSpireLib","Highlight Path","Minty Spire (QoL Compilation)","Permanent Neow","Random Character Button","Relic Sorter","Relic Stats","StSLib","everything is the same but u backflip on backflip","slay the spire mod where everything is the same but ironclad has a cowboy hat"],"gold_per_floor":[99,117,117,27,37,62,62,79,111,36,52,62,89,89,100,100,100,100],"floor_reached":16,"playtime":680,"items_purged":["Regret"],"score":195,"play_id":"4a1857c3-56a7-446d-be71-bf4940f7d3ce","local_time":"20210109180232","is_ascension_mode":true,"campfire_choices":[{"data":"champ:PerfectedStrike","floor":1,"key":"SMITH"},{"data":"champ:PerfectedStrike","floor":10,"key":"SMITH"}],"circlet_count":0,"master_deck":["AscendersBane","champ:Strike","champ:Strike","champ:Strike","champ:Strike","champ:Defend","champ:Defend","champ:Defend","champ:Defend","champ:Execute","champ:Taunt","champ:PerfectedStrike+1","champ:PerfectedStrike+1","champ:BringItOn","champ:CrownThrow","champ:DeathBlow","champ:CalledShot","champ:CrookedStrike","champ:RisingSlash","expansioncontent:PolyBeam"],"relics":["champ:ChampionCrown","Peace Pipe","Ancient Tea Set","Pocketwatch","Blood Vial","downfall:HeartBlessingGreen","Question Card"],"acts_visited":["Exordium"],"potions_floor_usage":[11],"damage_taken":[{"damage":11,"enemies":"Small Slimes","floor":2,"turns":2},{"damage":12,"enemies":"downfall:FleeingMerchant","floor":4,"turns":4},{"damage":2,"enemies":"Jaw Worm","floor":5,"turns":4},{"damage":23,"enemies":"Gremlin Nob","floor":6,"turns":3},{"damage":5,"enemies":"Cultist","floor":8,"turns":2},{"damage":10,"enemies":"3 Sentries","floor":9,"turns":6},{"damage":18,"enemies":"Lots of Slimes","floor":11,"turns":4},{"damage":1,"enemies":"Blue Slaver","floor":12,"turns":3},{"damage":25,"enemies":"Lagavulin","floor":13,"turns":6},{"damage":16,"enemies":"Red Slaver","floor":15,"turns":3},{"damage":11,"enemies":"downfall:Ironclad","floor":16,"turns":1}],"seed_played":"-3777684235848020216","potions_obtained":[{"floor":8,"key":"hexamod:EctoCoolerPotion"},{"floor":9,"key":"champ:CounterPotion"},{"floor":11,"key":"Explosive Potion"},{"floor":13,"key":"Weak Potion"}],"is_trial":false,"path_per_floor":["R","M","?","$","M","E","T","M","E","R","M","M","E","?","M","B"],"character_chosen":"THE_CHAMP","items_purchased":[],"campfire_rested":0,"item_purchase_floors":[],"current_hp_per_floor":[81,75,75,68,66,48,48,48,38,38,37,38,15,15,1,0,0,0],"gold":100,"neow_bonus":"THREE_CARDS","is_daily":false,"chose_seed":false,"campfire_upgraded":2,"win_rate":0.0,"timestamp":1610244152,"path_taken":["R","M","?","$","M","E","T","M","E","R","M","M","E","?","M","BOSS"],"items_purchased_type":[],"build_version":"2020-12-22","purchased_purges":1,"victory":false,"max_hp_per_floor":[90,90,90,90,90,90,90,90,90,90,90,90,90,90,90,90,90,90],"relic_stats":{"Peace Pipe":0,"Blood Vial":10,"counters":[11,38],"Question Card":1,"obtain_stats":[{"Peace Pipe":3,"Blood Vial":9,"champ:ChampionCrown":0,"downfall:HeartBlessingGreen":10,"Ancient Tea Set":6,"Question Card":13,"Pocketwatch":7},{"Peace Pipe":1,"Blood Vial":6,"champ:ChampionCrown":0,"downfall:HeartBlessingGreen":6,"Ancient Tea Set":4,"Question Card":9,"Pocketwatch":4},{"Peace Pipe":2,"Blood Vial":21,"champ:ChampionCrown":0,"downfall:HeartBlessingGreen":21,"Ancient Tea Set":13,"Question Card":34,"Pocketwatch":13}],"Pocketwatch":[42]},"card_choices":[{"not_picked":["champ:AdrenalArmor","champ:Backstep"],"picked":"champ:PerfectedStrike","floor":0},{"not_picked":["champ:GladiatorsShout","champ:Backstep"],"picked":"champ:PerfectedStrike","floor":2},{"not_picked":["champ:EnragedBash","champ:Haymaker"],"picked":"champ:BringItOn","floor":4},{"not_picked":["champ:PreciseThrust","champ:FanOfKnives","champ:FocusedGladiator"],"picked":"SKIP","floor":5},{"not_picked":["champ:Encircle","champ:Backstep"],"picked":"champ:CrownThrow","floor":6},{"not_picked":["champ:ViciousMockery","champ:EnGarde","champ:FightOn"],"picked":"SKIP","floor":8},{"not_picked":["champ:DefensiveStyle","champ:GladiatorsShout"],"picked":"champ:DeathBlow","floor":9},{"not_picked":["champ:FanOfKnives","champ:Circumvent"],"picked":"champ:CalledShot","floor":11},{"not_picked":["champ:GladiatorStyle","champ:Haymaker"],"picked":"champ:CrookedStrike","floor":12},{"not_picked":["champ:EnGarde","champ:BerserkersShout"],"picked":"champ:RisingSlash","floor":13},{"not_picked":["champ:FaceSlap","champ:GutPunch","champ:Backstep","champ:FocusedGladiator"],"picked":"SKIP","floor":15}],"player_experience":487625,"relics_obtained":[{"floor":6,"key":"Ancient Tea Set"},{"floor":7,"key":"Pocketwatch"},{"floor":9,"key":"Blood Vial"},{"floor":13,"key":"Question Card"}],"event_choices":[{"damage_healed":0,"gold_gain":0,"player_choice":"Box","damage_taken":0,"relics_obtained":["Peace Pipe"],"max_hp_gain":0,"max_hp_loss":0,"event_name":"Big Fish","floor":3,"gold_loss":0,"cards_obtained":["Regret"]}],"is_beta":false,"boss_relics":[],"items_purged_floors":[4],"is_endless":false,"potions_floor_spawned":[8,9,11,13],"killed_by":"downfall:Ironclad","ascension_level":12}}