{"host":"jggt5i9rbuoqvque","time":1610316894,"event":{"mods":["BaseMod","Minty Spire (QoL Compilation)","StSLib"],"gold_per_floor":[111,121,141,157,172,206,219,219,270,270,282,282,282,302,302,402,402,414,431,67,87,87,87,48,48,48],"floor_reached":25,"playtime":1254,"items_purged":["Strike_G"],"score":248,"play_id":"0f59c036-2dfd-4a16-9488-ff50ec809b7e","local_time":"20210111071454","is_ascension_mode":true,"campfire_choices":[{"data":"Noxious Fumes","floor":8.0,"key":"SMITH"},{"data":"Caltrops","floor":10.0,"key":"SMITH"},{"data":"Neutralize","floor":13.0,"key":"SMITH"},{"floor":15.0,"key":"REST"},{"floor":23,"key":"REST"}],"circlet_count":0,"master_deck":["Strike_G","Strike_G","Strike_G","Defend_G","Defend_G","Defend_G","Defend_G","Defend_G","Survivor","Neutralize+1","Backflip","Noxious Fumes+1","Caltrops+1","Backflip","Heel Hook","Corpse Explosion","Calculated Gamble","Poisoned Stab","Bane","Expertise","Writhe","Catalyst"],"relics":["Ring of the Snake","Pear","Bag of Preparation","SacredBark","Kunai","Boot"],"acts_visited":["TheCity"],"potions_floor_usage":[21],"damage_taken":[{"damage":0.0,"enemies":"Cultist","floor":1.0,"turns":5.0},{"damage":0.0,"enemies":"Small Slimes","floor":2.0,"turns":4.0},{"damage":0.0,"enemies":"Jaw Worm","floor":3.0,"turns":5.0},{"damage":3.0,"enemies":"Exordium Wildlife","floor":4.0,"turns":5.0},{"damage":19.0,"enemies":"Lots of Slimes","floor":5.0,"turns":5.0},{"damage":16.0,"enemies":"3 Sentries","floor":6.0,"turns":8.0},{"damage":5.0,"enemies":"Exordium Thugs","floor":7.0,"turns":5.0},{"damage":0.0,"enemies":"Gremlin Gang","floor":11.0,"turns":4.0},{"damage":3.0,"enemies":"Looter","floor":14.0,"turns":4.0},{"damage":17.0,"enemies":"The Guardian","floor":16.0,"turns":10.0},{"damage":8.0,"enemies":"3 Byrds","floor":18.0,"turns":3.0},{"damage":51.0,"enemies":"2 Thieves","floor":19.0,"turns":4.0},{"damage":14,"enemies":"Snake Plant","floor":21,"turns":3},{"damage":33,"enemies":"Gremlin Leader","floor":25,"turns":2}],"seed_played":"-2306682725628223760","potions_obtained":[{"floor":1.0,"key":"Explosive Potion"},{"floor":4.0,"key":"LiquidBronze"},{"floor":5.0,"key":"BlessingOfTheForge"},{"floor":6.0,"key":"Explosive Potion"},{"floor":19.0,"key":"DistilledChaos"}],"is_trial":false,"path_per_floor":["M","M","M","M","M","E","M","R","T","R","M","?","R","M","R","B",null,"M","M","$","M","?","R","$","E"],"character_chosen":"THE_SILENT","items_purchased":["Kunai","Bane","Catalyst"],"campfire_rested":2,"item_purchase_floors":[20,20,24],"current_hp_per_floor":[70,70,70,67,48,42,37,37,37,37,37,37,37,34,58,41,80,72,21,21,7,7,31,31,0,0],"gold":48,"neow_bonus":"REMOVE_CARD","is_daily":false,"chose_seed":false,"campfire_upgraded":3,"win_rate":0.0,"timestamp":1610316894,"path_taken":["M","M","M","M","M","E","M","R","T","R","?","?","R","M","R","BOSS","M","M","$","M","?","R","$","E"],"items_purchased_type":["Relic","Card","Card"],"build_version":"2020-12-22","purchased_purges":1,"victory":false,"max_hp_per_floor":[70,70,70,70,70,80,80,80,80,80,80,80,80,80,80,80,80,80,80,80,80,80,80,80,80,80],"card_choices":[{"not_picked":["Skewer","Cloak And Dagger"],"picked":"Backflip","floor":1.0},{"not_picked":["Escape Plan","Expertise"],"picked":"Noxious Fumes","floor":2.0},{"not_picked":["Deflect","Endless Agony"],"picked":"Caltrops","floor":3.0},{"not_picked":["Quick Slash","Crippling Poison","Concentrate"],"picked":"SKIP","floor":4.0},{"not_picked":["Cloak And Dagger","Backflip","Sucker Punch"],"picked":"SKIP","floor":5.0},{"not_picked":["Unload","Dash","Terror"],"picked":"SKIP","floor":6.0},{"not_picked":["Deadly Poison","Poisoned Stab"],"picked":"Backflip","floor":7.0},{"not_picked":["Flying Knee","All Out Attack","Outmaneuver"],"picked":"SKIP","floor":11.0},{"not_picked":["Distraction","All Out Attack"],"picked":"Heel Hook","floor":14.0},{"not_picked":["Phantasmal Killer","Tools of the Trade"],"picked":"Corpse Explosion","floor":16.0},{"not_picked":["Deflect+1","Infinite Blades"],"picked":"Calculated Gamble","floor":18.0},{"not_picked":["Blade Dance","Predator"],"picked":"Poisoned Stab","floor":19.0},{"not_picked":["Dodge and Roll","Cloak And Dagger"],"picked":"Expertise","floor":21}],"player_experience":309563,"relics_obtained":[{"floor":6.0,"key":"Pear"},{"floor":9.0,"key":"Bag of Preparation"}],"event_choices":[{"damage_healed":0.0,"max_hp_gain":0.0,"max_hp_loss":0.0,"gold_gain":0.0,"event_name":"Liars Game","player_choice":"Ignored","floor":12.0,"gold_loss":0.0,"damage_taken":0.0},{"damage_healed":0,"gold_gain":0,"player_choice":"Opened","damage_taken":0,"relics_obtained":["Boot"],"max_hp_gain":0,"max_hp_loss":0,"event_name":"The Mausoleum","floor":22,"gold_loss":0,"cards_obtained":["Writhe"]}],"is_beta":false,"boss_relics":[{"not_picked":["Tiny House","Coffee Dripper"],"picked":"SacredBark"}],"items_purged_floors":[20],"is_endless":false,"potions_floor_spawned":[1,4,5,6,19],"killed_by":"Gremlin Leader","ascension_level":4}}