{"host":"uonldg9uriwfhjjx","time":1610264016,"event":{"mods":["AchievementEnabler","BaseMod","Minty Spire (QoL Compilation)","Relic Stats"],"gold_per_floor":[116,134,209,359,374,399,413,413,413,413,413],"floor_reached":10,"playtime":204,"items_purged":[],"score":122,"play_id":"5c397eb7-8165-43c7-8baf-f433db4f6a88","local_time":"20210110023336","is_ascension_mode":true,"campfire_choices":[{"data":"Flex","floor":8,"key":"SMITH"}],"circlet_count":0,"master_deck":["AscendersBane","Strike_R","Strike_R","Strike_R","Strike_R","Strike_R","Defend_R","Defend_R","Defend_R","Defend_R","Bash","Flex+1","Pommel Strike","Doubt","Warcry","Cleave"],"relics":["Burning Blood","NeowsBlessing","Boot","Centennial Puzzle"],"acts_visited":["Exordium"],"potions_floor_usage":[6,7],"damage_taken":[{"damage":0,"enemies":"Jaw Worm","floor":1,"turns":1},{"damage":0,"enemies":"Small Slimes","floor":2,"turns":1},{"damage":0,"enemies":"Cultist","floor":5,"turns":1},{"damage":40,"enemies":"3 Sentries","floor":6,"turns":11},{"damage":18,"enemies":"Exordium Thugs","floor":7,"turns":3},{"damage":40,"enemies":"Lagavulin","floor":10,"turns":5}],"seed_played":"3139644181069900050","potions_obtained":[{"floor":1,"key":"SteroidPotion"},{"floor":6,"key":"DistilledChaos"}],"is_trial":false,"path_per_floor":["M","M","?","?","M","E","M","R","T","E"],"character_chosen":"IRONCLAD","items_purchased":[],"campfire_rested":0,"item_purchase_floors":[],"current_hp_per_floor":[74,75,64,64,70,36,24,24,24,0,0],"gold":413,"neow_bonus":"THREE_ENEMY_KILL","is_daily":false,"chose_seed":false,"campfire_upgraded":1,"win_rate":0.0,"timestamp":1610264016,"path_taken":["M","M","?","?","M","E","M","R","T","E"],"items_purchased_type":[],"build_version":"2020-12-22","purchased_purges":0,"victory":false,"max_hp_per_floor":[75,75,75,75,75,75,75,75,75,75,75],"relic_stats":{"Centennial Puzzle":[3],"counters":[6,22],"Boot":[0],"obtain_stats":[{"Centennial Puzzle":9,"NeowsBlessing":0,"Boot":6,"Burning Blood":0},{"Centennial Puzzle":5,"NeowsBlessing":0,"Boot":4,"Burning Blood":0},{"Centennial Puzzle":17,"NeowsBlessing":0,"Boot":14,"Burning Blood":0}],"Burning Blood":25},"card_choices":[{"not_picked":["Disarm","Wild Strike"],"picked":"Flex","floor":1},{"not_picked":["Sever Soul","Fire Breathing"],"picked":"Pommel Strike","floor":2},{"not_picked":["Reckless Charge","Clothesline"],"picked":"Warcry","floor":5},{"not_picked":["Blood for Blood","Thunderclap"],"picked":"Cleave","floor":6},{"not_picked":["Burning Pact","Wild Strike","Power Through"],"picked":"SKIP","floor":7}],"player_experience":763743,"relics_obtained":[{"floor":6,"key":"Boot"},{"floor":9,"key":"Centennial Puzzle"}],"event_choices":[{"damage_healed":0,"gold_gain":75,"player_choice":"Gather Gold","damage_taken":11,"max_hp_gain":0,"max_hp_loss":0,"event_name":"World of Goop","floor":3,"gold_loss":0},{"damage_healed":0,"gold_gain":150,"player_choice":"AGREE","damage_taken":0,"max_hp_gain":0,"max_hp_loss":0,"event_name":"Liars Game","floor":4,"gold_loss":0,"cards_obtained":["Doubt"]}],"is_beta":false,"boss_relics":[],"items_purged_floors":[],"is_endless":false,"potions_floor_spawned":[1,6],"killed_by":"Lagavulin","ascension_level":16}}