{"host":"jm9833yuloeli2yd","time":1610303632,"event":{"mods":["BaseMod","Better Altar","Better Match","Better Note","Better Sensory Stone","Better Skull","Better Third Choice","Better Vampires","BetterRewards","Colored Map","Colored Powertips","DeckTracker","Minty Spire (QoL Compilation)","Permanent Neow","Quick Restart","Slay-I","StSLib","SuperFastMode"],"gold_per_floor":[115,115,130,148,165,165,165,195,195,195,205,231,250,10,10,84,84,94,40,40,59,76,76,76,76],"floor_reached":24,"playtime":754,"items_purged":["Defend_B"],"score":616,"play_id":"2f18ad91-628b-49dd-a58f-fb25668d4d35","local_time":"20210110133352","is_ascension_mode":true,"campfire_choices":[{"data":"Ball Lightning","floor":6,"key":"SMITH"},{"data":"Double Energy","floor":10,"key":"SMITH"},{"floor":15,"key":"REST"},{"data":"Seek","floor":23,"key":"SMITH"}],"circlet_count":0,"master_deck":["AscendersBane","Zap","Dualcast","Core Surge","Capacitor","Melter+1","Ball Lightning+1","Recycle","Ball Lightning","Coolheaded","Dark Shackles","Double Energy+1","Auto Shields","Loop","BootSequence","Doom and Gloom","Seek+1","BootSequence","Cold Snap","Doom and Gloom","Sweeping Beam","Conserve Battery","Reprogram","Core Surge","Auto Shields","Shame","Glacier","Chaos+1"],"relics":["Cracked Core","Pocketwatch","Sundial","Bottled Lightning","Art of War","Runic Capacitor","Pandora\u0027s Box","Juzu Bracelet"],"acts_visited":["Exordium","TheCity"],"potions_floor_usage":[12,12],"damage_taken":[{"damage":11,"enemies":"Small Slimes","floor":1,"turns":3},{"damage":0,"enemies":"Cultist","floor":3,"turns":2},{"damage":12,"enemies":"2 Louse","floor":4,"turns":3},{"damage":6,"enemies":"2 Fungi Beasts","floor":5,"turns":2},{"damage":8,"enemies":"Gremlin Nob","floor":8,"turns":3},{"damage":9,"enemies":"Red Slaver","floor":11,"turns":2},{"damage":6,"enemies":"Lagavulin","floor":12,"turns":4},{"damage":1,"enemies":"Exordium Wildlife","floor":13,"turns":4},{"damage":22,"enemies":"Hexaghost","floor":16,"turns":8},{"damage":12,"enemies":"Shell Parasite","floor":18,"turns":5},{"damage":7,"enemies":"3 Byrds","floor":21,"turns":4},{"damage":11,"enemies":"Snake Plant","floor":22,"turns":5},{"damage":29,"enemies":"Book of Stabbing","floor":24,"turns":4}],"seed_played":"15229410020913601","potions_obtained":[{"floor":4,"key":"GamblersBrew"},{"floor":5,"key":"Block Potion"},{"floor":8,"key":"PowerPotion"}],"is_trial":false,"path_per_floor":["M","?","M","M","M","R","?","E","T","R","M","E","M","$","R","B",null,"M","$","?","M","M","R","E"],"character_chosen":"DEFECT","items_purchased":["Core Surge","Capacitor","Melter","Runic Capacitor","Doom and Gloom","SteroidPotion"],"campfire_rested":1,"item_purchase_floors":[0,0,0,14,14,19],"current_hp_per_floor":[46,46,46,34,28,28,28,20,20,20,11,5,4,4,25,3,54,42,42,42,35,24,24,0,0],"gold":76,"neow_bonus":"","is_daily":false,"chose_seed":false,"campfire_upgraded":3,"win_rate":0.0,"timestamp":1610303632,"path_taken":["M","?","?","M","M","R","?","E","T","R","M","E","?","$","R","BOSS","M","$","?","M","M","R","E"],"items_purchased_type":["Card","Card","Card","Relic","Card","Potion"],"build_version":"2020-12-22","purchased_purges":1,"victory":false,"max_hp_per_floor":[71,71,71,71,71,71,71,71,71,71,71,71,71,71,71,71,71,71,71,71,71,71,71,71,71],"card_choices":[{"not_picked":["White Noise","Coolheaded"],"picked":"Ball Lightning","floor":1},{"not_picked":["Sweeping Beam","Stack"],"picked":"Recycle","floor":3},{"not_picked":["Stack","Storm"],"picked":"Ball Lightning","floor":4},{"not_picked":["Conserve Battery","Sweeping Beam"],"picked":"Coolheaded","floor":5},{"not_picked":["Forethought","Impatience"],"picked":"Dark Shackles","floor":7},{"not_picked":["Meteor Strike","Sunder"],"picked":"Double Energy","floor":8},{"not_picked":["Melter","FTL"],"picked":"Auto Shields","floor":11},{"not_picked":["Compile Driver","Blizzard"],"picked":"Loop","floor":12},{"not_picked":["Sweeping Beam","Fusion"],"picked":"BootSequence","floor":13},{"not_picked":["Buffer","Meteor Strike"],"picked":"Seek","floor":16},{"not_picked":["Skim","Rip and Tear"],"picked":"Auto Shields","floor":18},{"not_picked":["Capacitor","Hello World"],"picked":"Glacier","floor":21},{"not_picked":["Go for the Eyes+1","Hologram"],"picked":"Chaos+1","floor":22}],"player_experience":1302969,"relics_obtained":[{"floor":8,"key":"Sundial"},{"floor":9,"key":"Bottled Lightning"},{"floor":12,"key":"Art of War"}],"event_choices":[{"damage_healed":0,"gold_gain":0,"player_choice":"Upgraded","damage_taken":0,"max_hp_gain":0,"max_hp_loss":0,"event_name":"Upgrade Shrine","floor":2,"gold_loss":0,"cards_upgraded":["Melter"]},{"damage_healed":0,"gold_gain":1,"player_choice":"1","damage_taken":0,"max_hp_gain":0,"max_hp_loss":0,"event_name":"betterStone:BetterStone","floor":7,"gold_loss":0},{"damage_healed":0,"gold_gain":0,"player_choice":"Stole Relic","damage_taken":0,"relics_obtained":["Juzu Bracelet"],"max_hp_gain":0,"max_hp_loss":0,"event_name":"Addict","floor":20,"gold_loss":0,"cards_obtained":["Shame"]}],"is_beta":false,"boss_relics":[{"not_picked":["Fusion Hammer","Philosopher\u0027s Stone"],"picked":"Pandora\u0027s Box"}],"items_purged_floors":[0],"is_endless":false,"potions_floor_spawned":[4,5,8,11],"killed_by":"Book of Stabbing","ascension_level":20}}