{"host":"mnljlkge2zm8bbif","time":1610299491,"event":{"mods":["Aspiration","BaseMod","Beaked The Cultist","Better Third Choice","BetterRewards","CCEM","Challenge The Spire","Displayed Cursed Tome","Gremlin Mod","Hubris","Minty Spire (QoL Compilation)","Relic Stats","Replay The Spire","Robot Space Explorer","Shop Mod","Spicy Shops","StSLib","The Marked"],"gold_per_floor":[114,114,114,18,18,45,45,79,79,9,9,39,57,57,57,155,155,175,27,45,45,45,45,171,191,237,270,270,270,285,225,225,420,420,434,450,725,39,50,50,98,98,98,98,132,145,145,158,158,158,158,158,14,44,64],"floor_reached":56,"playtime":5189,"items_purged":["Pain"],"score":1431,"play_id":"4253e26e-3e03-4013-af9e-ad680195080c","local_time":"20210110122451","is_ascension_mode":true,"campfire_choices":[{"data":"Masterful Stab","floor":7,"key":"SMITH"},{"floor":11,"key":"REST"},{"data":"A Thousand Cuts","floor":15,"key":"SMITH"},{"floor":23,"key":"REST"},{"floor":28,"key":"RECALL"},{"data":"Deflect","floor":32,"key":"SMITH"},{"data":"After Image","floor":40,"key":"SMITH"},{"floor":42,"key":"REST"},{"data":"Dagger Throw","floor":47,"key":"SMITH"},{"data":"Flying Knee","floor":49,"key":"SMITH"},{"floor":52,"key":"REST"}],"circlet_count":0,"master_deck":["Strike_G","Strike_G","Strike_G","Strike_G","Strike_G","Defend_G+1","Defend_G+1","Defend_G+1","Defend_G+1","Defend_G+1","Survivor+1","Neutralize","Masterful Stab+1","Dagger Throw+1","Footwork","Deflect+1","A Thousand Cuts+1","Secret Technique+1","Footwork","Bandage Up+1","After Image","Quick Slash","ReplayTheSpireMod:Speed Training+1","Dagger Throw+1","Flying Knee+1","Footwork","Bullet Time+1","Slice+1","Flying Knee+1","Regret","Grand Finale","Flying Knee+1","ReplayTheSpireMod:Speed Training+1","ReplayTheSpireMod:IOU","ReplayTheSpireMod:IOU","hubris:DuctTapeCard"],"relics":["Ring of the Snake","NeowsBlessing","hubris:Towel","hubris:Reverence","Matryoshka","ReplayFunnel","CCEMRelics:FestiveHat","Lizard Tail","CCEMRelics:JestersCrown","HoveringKite","Dream Catcher","hubris:Icosahedron","aspiration:Stabinomicon","Boot","Strawberry","Gambling Chip","hubris:GrandSneckoEye","aspiration:Nostalgia","Iron Core","War Paint","aspiration:ChemicalBlood","MealTicket","Paper Crane","Replay:Wax Seal","hubris:DuctTape","ReplayTheSpireMod:TigerMarble","Oddly Smooth Stone"],"acts_visited":["Exordium","TheCity","TheBeyond","TheEnding"],"potions_floor_usage":[12,16,18,20,27,33,39,45,46,50,50,50,50,50,50,50,50,54,54,54,55,55,55,55,55,55],"damage_taken":[{"damage":0,"enemies":"Jaw Worm","floor":1,"turns":1},{"damage":3,"enemies":"3 Sentries","floor":6,"turns":1},{"damage":1,"enemies":"Gremlin Nob","floor":8,"turns":1},{"damage":29,"enemies":"Lagavulin","floor":12,"turns":17},{"damage":4,"enemies":"Small Slimes","floor":13,"turns":4},{"damage":36,"enemies":"Hexaghost","floor":16,"turns":17},{"damage":24,"enemies":"Shell Parasite","floor":18,"turns":5},{"damage":0,"enemies":"Chosen","floor":20,"turns":6},{"damage":21,"enemies":"Book of Stabbing","floor":24,"turns":6},{"damage":18,"enemies":"Shelled Parasite and Fungi","floor":25,"turns":6},{"damage":3,"enemies":"Replay:Snechameleon","floor":27,"turns":7},{"damage":0,"enemies":"Centurion and Healer","floor":30,"turns":6},{"damage":16,"enemies":"Champ","floor":33,"turns":14},{"damage":33,"enemies":"3 Darklings","floor":35,"turns":3},{"damage":0,"enemies":"3 Shapes","floor":36,"turns":4},{"damage":5,"enemies":"Sphere and 2 Shapes","floor":39,"turns":4},{"damage":24,"enemies":"R_Hoarder","floor":41,"turns":8},{"damage":7,"enemies":"beaked:SuperParasite","floor":45,"turns":13},{"damage":0,"enemies":"Jaw Worm Horde","floor":46,"turns":5},{"damage":7,"enemies":"Writhing Mass","floor":48,"turns":6},{"damage":69,"enemies":"Replay:Hell Engine","floor":50,"turns":10},{"damage":66,"enemies":"Shield and Spear","floor":54,"turns":8},{"damage":103,"enemies":"The Heart","floor":55,"turns":10}],"seed_played":"7253145311714204161","potions_obtained":[{"floor":8,"key":"SmokeBomb"},{"floor":13,"key":"Fruit Juice"},{"floor":16,"key":"SneckoOil"},{"floor":18,"key":"Weak Potion"},{"floor":30,"key":"Fire Potion"},{"floor":35,"key":"CunningPotion"},{"floor":39,"key":"SpeedPotion"},{"floor":41,"key":"Strength Potion"},{"floor":46,"key":"Elixir"},{"floor":50,"key":"EntropicBrew"},{"floor":54,"key":"AttackPotion"},{"floor":54,"key":"LiquidBronze"}],"is_trial":false,"path_per_floor":["M","?","?","$","?","E","R","E","T","$","R","E","M","?","R","B",null,"M","$","M","?","?","R","E","M","T","E","R","?","M","?","R","B",null,"M","M","?","$","M","R","E","R","T","$","E","M","R","M","R","B",null,"R","$","E","B",null],"character_chosen":"THE_SILENT","items_purchased":["hubris:Reverence","Deflect","Dream Catcher","aspiration:Nostalgia","War Paint","aspiration:ChemicalBlood","Grand Finale","Replay:Wax Seal","hubris:DuctTape","ReplayTheSpireMod:TigerMarble"],"campfire_rested":4,"item_purchase_floors":[4,10,19,38,38,38,38,53,53,53],"current_hp_per_floor":[63,63,56,56,56,53,53,52,52,52,70,41,37,40,40,9,61,43,43,49,49,49,72,57,45,52,55,55,55,85,85,85,75,83,50,56,56,56,51,51,33,58,58,73,72,78,78,77,77,14,67,85,85,25,10],"gold":64,"neow_bonus":"THREE_ENEMY_KILL","is_daily":false,"chose_seed":false,"campfire_upgraded":6,"win_rate":0.0,"timestamp":1610299491,"path_taken":["M","?","?","$","?","E","R","E","T","?","R","E","?","?","R","BOSS","M","$","M","?","?","R","E","M","T","E","R","?","M","?","R","BOSS","M","M","?","$","?","R","E","R","T","?","E","M","R","M","R","BOSS","R","$","E","BOSS"],"items_purchased_type":["Relic","Card","Relic","Relic","Relic","Relic","Card","Relic","Relic","Relic"],"build_version":"2020-12-22","purchased_purges":1,"victory":true,"max_hp_per_floor":[70,70,70,70,70,70,70,70,70,70,70,70,70,73,73,78,78,78,78,78,78,78,78,78,78,85,85,85,85,85,85,85,85,85,85,85,85,85,85,85,85,85,85,85,85,85,85,85,85,85,85,85,85,85,85],"relic_stats":{"Lizard Tail":42,"Dream Catcher":3,"counters":[84,402],"Gambling Chip":[13],"HoveringKite":[62],"MealTicket":15,"War Paint":["Bullet Time","ReplayTheSpireMod:Speed Training"],"Boot":[56],"obtain_stats":[{"TwistedFunnel":0,"Replay:Accelerometer":10,"Calipers":0,"Vajra":23,"HoveringKite":17,"aspiration:Stabinomicon":24,"Whetstone":0,"Boot":9,"Old Coin":6,"Blood Vial":26,"Replay:Ringing Soul":41,"Lizard Tail":9,"DollysMirror":42,"Strawberry":26,"beaked:SacredDeck":17,"MealTicket":41,"Toxic Egg 2":4,"Replay:Wax Seal":53,"Ring of Hypnosis":4,"Happy Flower":0,"hubris:DuctTape":53,"aspiration:Nostalgia":0,"ReplayTheSpireMod:CursedCoin":5,"hubris:SphereOfDissonance":43,"Oddly Smooth Stone":54,"aspiration:SeaSaltIceCream":0,"Paper Crane":3,"War Paint":38,"hubris:Zylophone":10,"Replay:Baseball":3,"CCEMRelics:FestiveHat":9,"Onion Ring":9,"hubris:TenFootPole":24,"ReplayTheSpireMod:TigerMarble":53,"Mirror":29,"NlothsMask":24,"hubris:Reverence":4,"ReplayFunnel":8,"Regal Pillow":0,"Iron Core":38,"StoneCalendar":42,"Snake Skull":12,"Juzu Bracelet":0,"Bag of Preparation":7,"Replay:Multitool":6,"hubris:EmptyBottle":0,"Smiling Mask":31,"Pet Ghost":54,"Burning Blood":0,"Replay:Rubber Ducky":13,"Dream Catcher":0,"Replay:Bandana":20,"Matryoshka":6,"hubris:Icosahedron":21,"Gambling Chip":27,"Red Mask":19,"aspiration:FutureDiary":17,"CCEMRelics:PaperClip":0,"CCEMRelics:JestersCrown":12,"Ring of the Snake":0,"aspiration:ChemicalBlood":38,"Gremlin Food":9,"aspiration:VileToxins":5,"CCEMRelics:Barrel":7,"NeowsBlessing":0,"hubris:64BitClover":29,"PreservedInsect":9,"hubris:Towel":21,"Anchor":12,"hubris:Spice":0,"Ring of Fury":4,"ChewingGum":34,"hubris:BundleOfHerbs":10,"Snack Pack":9,"Durian":12,"hubris:GrandSneckoEye":34,"FossilizedHelix":38},{"TwistedFunnel":0,"Replay:Accelerometer":58,"Calipers":42,"Vajra":27,"HoveringKite":67,"aspiration:Stabinomicon":70,"Whetstone":16,"Boot":57,"Old Coin":20,"Blood Vial":12,"Replay:Ringing Soul":36,"Lizard Tail":64,"DollysMirror":36,"Strawberry":71,"beaked:SacredDeck":23,"MealTicket":78,"Toxic Egg 2":49,"Replay:Wax Seal":82,"Ring of Hypnosis":18,"Happy Flower":42,"hubris:DuctTape":82,"aspiration:Nostalgia":42,"ReplayTheSpireMod:CursedCoin":55,"hubris:SphereOfDissonance":36,"Oddly Smooth Stone":83,"aspiration:SeaSaltIceCream":42,"Paper Crane":18,"War Paint":76,"hubris:Zylophone":21,"Replay:Baseball":62,"CCEMRelics:FestiveHat":64,"Onion Ring":46,"hubris:TenFootPole":12,"ReplayTheSpireMod:TigerMarble":82,"Mirror":29,"NlothsMask":27,"hubris:Reverence":62,"ReplayFunnel":64,"Regal Pillow":0,"Iron Core":76,"StoneCalendar":36,"Snake Skull":21,"Juzu Bracelet":16,"Bag of Preparation":46,"Replay:Multitool":51,"hubris:EmptyBottle":0,"Smiling Mask":15,"Pet Ghost":41,"Burning Blood":42,"Replay:Rubber Ducky":60,"Dream Catcher":0,"Replay:Bandana":11,"Matryoshka":63,"hubris:Icosahedron":69,"Gambling Chip":72,"Red Mask":25,"aspiration:FutureDiary":9,"CCEMRelics:PaperClip":42,"CCEMRelics:JestersCrown":65,"Ring of the Snake":0,"aspiration:ChemicalBlood":76,"Gremlin Food":5,"aspiration:VileToxins":55,"CCEMRelics:Barrel":56,"NeowsBlessing":53,"hubris:64BitClover":13,"PreservedInsect":51,"hubris:Towel":11,"Anchor":21,"hubris:Spice":0,"Ring of Fury":18,"ChewingGum":31,"hubris:BundleOfHerbs":21,"Snack Pack":21,"Durian":21,"hubris:GrandSneckoEye":74,"FossilizedHelix":34},{"TwistedFunnel":0,"Replay:Accelerometer":218,"Calipers":156,"Vajra":88,"HoveringKite":281,"aspiration:Stabinomicon":298,"Whetstone":52,"Boot":214,"Old Coin":66,"Blood Vial":35,"Replay:Ringing Soul":126,"Lizard Tail":243,"DollysMirror":126,"Strawberry":304,"beaked:SacredDeck":81,"MealTicket":350,"Toxic Egg 2":179,"Replay:Wax Seal":384,"Ring of Hypnosis":61,"Happy Flower":156,"hubris:DuctTape":384,"aspiration:Nostalgia":156,"ReplayTheSpireMod:CursedCoin":210,"hubris:SphereOfDissonance":126,"Oddly Smooth Stone":392,"aspiration:SeaSaltIceCream":156,"Paper Crane":61,"War Paint":338,"hubris:Zylophone":69,"Replay:Baseball":241,"CCEMRelics:FestiveHat":243,"Onion Ring":168,"hubris:TenFootPole":35,"ReplayTheSpireMod:TigerMarble":384,"Mirror":96,"NlothsMask":88,"hubris:Reverence":241,"ReplayFunnel":243,"Regal Pillow":0,"Iron Core":338,"StoneCalendar":126,"Snake Skull":69,"Juzu Bracelet":52,"Bag of Preparation":168,"Replay:Multitool":199,"hubris:EmptyBottle":0,"Smiling Mask":46,"Pet Ghost":150,"Burning Blood":156,"Replay:Rubber Ducky":237,"Dream Catcher":0,"Replay:Bandana":31,"Matryoshka":242,"hubris:Icosahedron":292,"Gambling Chip":311,"Red Mask":84,"aspiration:FutureDiary":26,"CCEMRelics:PaperClip":156,"CCEMRelics:JestersCrown":260,"Ring of the Snake":0,"aspiration:ChemicalBlood":338,"Gremlin Food":10,"aspiration:VileToxins":210,"CCEMRelics:Barrel":211,"NeowsBlessing":208,"hubris:64BitClover":38,"PreservedInsect":199,"hubris:Towel":31,"Anchor":69,"hubris:Spice":0,"Ring of Fury":61,"ChewingGum":105,"hubris:BundleOfHerbs":69,"Snack Pack":69,"Durian":69,"hubris:GrandSneckoEye":331,"FossilizedHelix":114}],"Ring of the Snake":[168]},"card_choices":[{"not_picked":["Backflip","Slice"],"picked":"Masterful Stab","floor":1},{"not_picked":["Slice","Catalyst"],"picked":"Dagger Throw","floor":6},{"not_picked":["Leg Sweep","Draining Mist"],"picked":"Footwork","floor":8},{"not_picked":["hubris:Ssssneak+1","Replay:BasicMightCard+1"],"picked":"Jack Of All Trades+1","floor":12},{"not_picked":["aspiration:Lunge","Leg Sweep"],"picked":"A Thousand Cuts","floor":12},{"not_picked":["Forethought+1","Madness+1"],"picked":"Secret Technique+1","floor":13},{"not_picked":["Heel Hook","Backflip"],"picked":"Footwork","floor":13},{"not_picked":["Violence+1","PanicButton+1"],"picked":"Bandage Up+1","floor":16},{"not_picked":["Adrenaline","Corpse Explosion"],"picked":"After Image","floor":16},{"not_picked":["hubris:SlightOfHand","Backflip"],"picked":"Quick Slash","floor":18},{"not_picked":["Prepared","Caltrops"],"picked":"ReplayTheSpireMod:Speed Training","floor":20},{"not_picked":["Poisoned Stab","Deadly Poison"],"picked":"Dagger Throw+1","floor":23},{"not_picked":["Hidden Blade","Outmaneuver"],"picked":"Flying Knee","floor":24},{"not_picked":["Die Die Die","hubris:Counter","Bane"],"picked":"SKIP","floor":25},{"not_picked":["Slice","Quick Slash"],"picked":"After Image","floor":27},{"not_picked":["hubris:TrickCloak","Dagger Spray","Bane+1"],"picked":"SKIP","floor":30},{"not_picked":["ReplayTheSpireMod:From All Sides","Malaise"],"picked":"Bullet Time","floor":33},{"not_picked":["Setup+1","Crippling Poison"],"picked":"Slice+1","floor":35},{"not_picked":["Deadly Poison","Distraction+1"],"picked":"Flying Knee+1","floor":36},{"not_picked":["hubris:SlightOfHand+1","Dodge and Roll+1","Dagger Throw"],"picked":"SKIP","floor":39},{"not_picked":["Dodge and Roll+1","Bane","Backflip"],"picked":"SKIP","floor":41},{"not_picked":["ReplayTheSpireMod:GoodbyeWorld+1","Heavy Blade+1"],"picked":"Flying Knee+1","floor":42},{"not_picked":["Endless Agony","Defragment+1","Force Field"],"picked":"SKIP","floor":45},{"not_picked":["Sucker Punch","Dodge and Roll+1","Deflect+1"],"picked":"SKIP","floor":46},{"not_picked":["Calculated Gamble+1","Blade Dance","ReplayTheSpireMod:Repulse+1"],"picked":"SKIP","floor":48},{"not_picked":["Backflip","Fluid Movement"],"picked":"ReplayTheSpireMod:Speed Training+1","floor":52},{"not_picked":["Toxin Wave","All Out Attack+1","Leg Sweep"],"picked":"SKIP","floor":54}],"player_experience":442308,"relics_obtained":[{"floor":6,"key":"Matryoshka"},{"floor":8,"key":"ReplayFunnel"},{"floor":9,"key":"CCEMRelics:FestiveHat"},{"floor":9,"key":"Lizard Tail"},{"floor":12,"key":"CCEMRelics:JestersCrown"},{"floor":24,"key":"aspiration:Stabinomicon"},{"floor":26,"key":"Boot"},{"floor":26,"key":"Strawberry"},{"floor":27,"key":"Gambling Chip"},{"floor":41,"key":"MealTicket"},{"floor":45,"key":"Paper Crane"},{"floor":54,"key":"Oddly Smooth Stone"}],"event_choices":[{"damage_healed":0,"gold_gain":0,"player_choice":"Relic ","damage_taken":7,"max_hp_gain":0,"max_hp_loss":0,"event_name":"betterThird:BetterScrap","floor":3,"gold_loss":0,"cards_obtained":["hubris:StunningStrike"]},{"damage_healed":0,"gold_gain":0,"player_choice":"Read","damage_taken":0,"max_hp_gain":0,"max_hp_loss":0,"event_name":"The Library","floor":29,"gold_loss":0,"cards_obtained":["Footwork"]},{"damage_healed":0,"gold_gain":275,"player_choice":"Desecrate","damage_taken":0,"max_hp_gain":0,"max_hp_loss":0,"event_name":"Golden Shrine","floor":37,"gold_loss":0,"cards_obtained":["Regret"]}],"is_beta":false,"boss_relics":[{"not_picked":["hubris:BlackHole","SlaversCollar"],"picked":"HoveringKite"},{"not_picked":["CCEMRelics:TransientCore","ChewingGum"],"picked":"hubris:GrandSneckoEye"}],"items_purged_floors":[19],"is_endless":false,"potions_floor_spawned":[8,13,16,18,30,35,39,41,46,54],"ascension_level":7}}