{"host":"Ringo","time":1610289864,"event":{"mods":["BaseMod","Colored Map","Conspire","Dota2Spire","Minty Spire (QoL Compilation)","StSLib","[IsaacMod]ÒÔÈö¼âËþ","¡¾ÒÅÎï¿¨ÅÆ¡¿REMEMod"],"gold_per_floor":[113,128,128,139,139,164,195,229,229,229,293,313,31,63,63,137,137,183,233,233,253,253,308,323,358,358,387,451,484,512,105,105,208,208,220,232,276,296,314,344,408,437,437,492,522,577,295,332,332,362,392],"floor_reached":52,"playtime":1553,"items_purged":[],"score":3749,"play_id":"d2c3b1b0-5def-4bc3-bd16-63da4ddb352b","local_time":"20210110224424","daily_mods":["Draft","Vintage","Heirloom","Time Dilation","Flight","DeadlyEvents","Elite Swarm","Lethality","Binary"],"is_ascension_mode":true,"campfire_choices":[{"data":"Echo Form","floor":10,"key":"SMITH"},{"data":"Armaments","floor":15,"key":"SMITH"},{"data":"Warcry","floor":32,"key":"SMITH"},{"data":"Impervious+1","floor":49,"key":"SMITH"}],"circlet_count":0,"master_deck":["AscendersBane","Echo Form+1","Clash","Uppercut","Dropkick","Clothesline","Ghostly Armor","Cleave","Iron Wave","Warcry+1","Flex","Armaments","Uppercut","Thunderclap","Twin Strike","Shrug It Off","Armaments+1","Uppercut","Bludgeon","Armaments+1","REME_TwoStrings+1","Impervious+2"],"relics":["Burning Blood","Busted Crown","HushsDoor","REME_ComplimentaryCards","BFFS","Leech","Mercury Hourglass","Bottled Flame","conspire:TopHat","Toxic Egg 2","Vajra","Bronze Scales","Dota2Spire:HandOfMidas","White Beast Statue","Dota2Spire:EchoSabre","GuppysPaw","StrikeDummy","Akabeko","Philosopher\u0027s Stone","GuppysHead","InkBottle","Pear","MealTicket","Sundial","SharpPlug","Blood Vial","Tiny Chest","Happy Flower","Bag of Marbles","Anchor","Eternal Feather","CeramicFish","Membership Card","BookOfRevelations","Lizard Tail","Coffee Dripper","Damocles","Dota2Spire:ArcaneBoots","Nunchaku","Dota2Spire:Vanguard","TuHaoJin","REME_HourglassOfDeath","Shovel","Red Skull","Dota2Spire:DrumOfEndurance","PillsDrop","Dota2Spire:Desolator","Dota2Spire:HeartOfTarrasque","conspire:InfiniteJournal","Dota2Spire:BlackKingBar","Du-Vu Doll","Dota2Spire:MonkeyKingBar","Question Card","Ancient Tea Set","Molten Egg 2","Dota2Spire:EyeOfSkadi","HowToJump","Darkstone Periapt","Strawberry","Bottled Tornado","BookofShadows","Dota2Spire:OctarineCore"],"acts_visited":["Exordium","TheCity","TheBeyond"],"potions_floor_usage":[19,29,33,51,51],"damage_taken":[{"damage":0,"enemies":"Jaw Worm","floor":1,"turns":2},{"damage":0,"enemies":"2 Louse","floor":2,"turns":1},{"damage":0,"enemies":"Cultist","floor":4,"turns":1},{"damage":13,"enemies":"3 Sentries","floor":6,"turns":2},{"damage":0,"enemies":"Lagavulin","floor":7,"turns":3},{"damage":0,"enemies":"3 Sentries","floor":8,"turns":2},{"damage":0,"enemies":"Lagavulin","floor":11,"turns":2},{"damage":0,"enemies":"Red Slaver","floor":12,"turns":1},{"damage":0,"enemies":"Gremlin Nob","floor":14,"turns":1},{"damage":0,"enemies":"Slime Boss","floor":16,"turns":2},{"damage":0,"enemies":"2 Thieves","floor":18,"turns":1},{"damage":0,"enemies":"Hiden Room Battle","floor":19,"turns":2},{"damage":0,"enemies":"Shell Parasite","floor":21,"turns":1},{"damage":0,"enemies":"conspire:SneckoGhost","floor":23,"turns":2},{"damage":0,"enemies":"Chosen and Byrds","floor":24,"turns":2},{"damage":0,"enemies":"Slavers","floor":25,"turns":1},{"damage":0,"enemies":"Gremlin Leader","floor":27,"turns":1},{"damage":0,"enemies":"Slavers","floor":28,"turns":2},{"damage":0,"enemies":"Book of Stabbing","floor":29,"turns":2},{"damage":0,"enemies":"Gremlin Leader","floor":30,"turns":1},{"damage":0,"enemies":"Automaton","floor":33,"turns":5},{"damage":0,"enemies":"3 Shapes","floor":35,"turns":1},{"damage":0,"enemies":"Orb Walker","floor":36,"turns":2},{"damage":0,"enemies":"Spire Growth","floor":37,"turns":2},{"damage":0,"enemies":"Writhing Mass","floor":38,"turns":1},{"damage":0,"enemies":"Reptomancer","floor":40,"turns":1},{"damage":0,"enemies":"Giant Head","floor":41,"turns":4},{"damage":0,"enemies":"Nemesis","floor":42,"turns":3},{"damage":0,"enemies":"Reptomancer","floor":44,"turns":2},{"damage":0,"enemies":"Nemesis","floor":45,"turns":3},{"damage":0,"enemies":"Giant Head","floor":46,"turns":3},{"damage":0,"enemies":"Nemesis","floor":48,"turns":3},{"damage":0,"enemies":"Awakened One","floor":50,"turns":5},{"damage":0,"enemies":"Time Eater","floor":51,"turns":3}],"seed_played":"6217751190415675705","potions_obtained":[{"floor":1,"key":"SmokeBomb"},{"floor":8,"key":"FearPotion"},{"floor":19,"key":"EssenceOfSteel"},{"floor":21,"key":"Fire Potion"},{"floor":29,"key":"Block Potion"},{"floor":33,"key":"Weak Potion"},{"floor":42,"key":"CultistPotion"}],"is_trial":true,"path_per_floor":["M","M","?","M","?","E","E","E","T","R","E","M","$","E","R","B",null,"M","?","?","M","$","E","M","E","T","E","E","E","E","$","R","B",null,"M","M","M","M","?","E","E","E","T","E","E","E","$","E","R","B","B",null],"character_chosen":"IRONCLAD","items_purchased":["StrikeDummy","GuppysHead","Membership Card","BookOfRevelations","Lizard Tail","Damocles","Strawberry","Bottled Tornado","Armaments+1","REME_TwoStrings+1"],"campfire_rested":0,"item_purchase_floors":[13,17,31,31,31,34,47,47,47,47],"current_hp_per_floor":[75,75,75,75,57,52,60,67,67,67,74,60,60,60,60,60,50,50,52,49,55,60,60,60,60,60,60,60,60,60,60,60,60,50,50,50,50,50,50,50,58,58,58,58,63,63,70,70,70,70,43],"gold":392,"neow_bonus":"","is_daily":false,"chose_seed":false,"campfire_upgraded":4,"win_rate":0.0,"timestamp":1610289864,"path_taken":["M","M","?","M","?","E","E","E","T","R","E","?","$","E","R","BOSS","M","?","?","?","$","E","M","E","T","E","E","E","E","$","R","BOSS","M","M","M","M","?","E","E","E","T","E","E","E","$","E","R","BOSS","BOSS"],"items_purchased_type":["Relic","Relic","Relic","Relic","Relic","Relic","Relic","Relic","Card","Card"],"build_version":"2020-12-18","purchased_purges":0,"victory":true,"max_hp_per_floor":[75,75,75,75,75,75,75,75,75,75,75,60,60,60,60,60,50,50,60,60,60,60,60,60,60,60,60,60,60,60,60,60,60,50,50,50,50,50,50,50,58,58,58,58,63,63,70,70,70,70,70],"card_choices":[{"not_picked":["Body Slam","Blood for Blood"],"picked":"Clash","floor":0},{"not_picked":["Iron Wave","REME_Cut"],"picked":"Uppercut","floor":0},{"not_picked":["conspire:ExplosiveBarrier","Body Slam"],"picked":"Dropkick","floor":0},{"not_picked":["Warcry","Hemokinesis"],"picked":"Clothesline","floor":0},{"not_picked":["REME_SingleHolding","Burning Pact"],"picked":"Ghostly Armor","floor":0},{"not_picked":["Shockwave","Dual Wield"],"picked":"Cleave","floor":0},{"not_picked":["Clothesline","Fire Breathing"],"picked":"Iron Wave","floor":0},{"not_picked":["Havoc","Spot Weakness"],"picked":"Warcry","floor":0},{"not_picked":["Sentinel","Havoc"],"picked":"Flex","floor":0},{"not_picked":["Second Wind","Iron Wave"],"picked":"Armaments","floor":0},{"not_picked":["Seeing Red","Rage"],"picked":"Uppercut","floor":0},{"not_picked":["Metallicize","Dual Wield"],"picked":"Thunderclap","floor":0},{"not_picked":["Body Slam","Evolve"],"picked":"Twin Strike","floor":0},{"not_picked":["Perfected Strike","Combust"],"picked":"Shrug It Off","floor":0},{"not_picked":["Rupture","Intimidate"],"picked":"Armaments","floor":0},{"not_picked":["REME_Fury+1"],"picked":"SKIP","floor":45},{"not_picked":["Immolate+1"],"picked":"SKIP","floor":46},{"not_picked":[],"picked":"Impervious+1","floor":48}],"player_experience":513220,"relics_obtained":[{"floor":1,"key":"Mercury Hourglass"},{"floor":2,"key":"Bottled Flame"},{"floor":4,"key":"conspire:TopHat"},{"floor":6,"key":"Vajra"},{"floor":7,"key":"Bronze Scales"},{"floor":8,"key":"Dota2Spire:HandOfMidas"},{"floor":9,"key":"White Beast Statue"},{"floor":11,"key":"Dota2Spire:EchoSabre"},{"floor":12,"key":"GuppysPaw"},{"floor":14,"key":"Akabeko"},{"floor":18,"key":"InkBottle"},{"floor":19,"key":"Pear"},{"floor":19,"key":"MealTicket"},{"floor":21,"key":"Sundial"},{"floor":23,"key":"SharpPlug"},{"floor":24,"key":"Blood Vial"},{"floor":25,"key":"Tiny Chest"},{"floor":26,"key":"Happy Flower"},{"floor":27,"key":"Bag of Marbles"},{"floor":28,"key":"Anchor"},{"floor":29,"key":"Eternal Feather"},{"floor":30,"key":"CeramicFish"},{"floor":35,"key":"Dota2Spire:ArcaneBoots"},{"floor":35,"key":"Nunchaku"},{"floor":36,"key":"Dota2Spire:Vanguard"},{"floor":36,"key":"TuHaoJin"},{"floor":37,"key":"REME_HourglassOfDeath"},{"floor":37,"key":"Shovel"},{"floor":38,"key":"Red Skull"},{"floor":38,"key":"Dota2Spire:DrumOfEndurance"},{"floor":40,"key":"PillsDrop"},{"floor":40,"key":"Dota2Spire:Desolator"},{"floor":41,"key":"Dota2Spire:HeartOfTarrasque"},{"floor":41,"key":"conspire:InfiniteJournal"},{"floor":42,"key":"Dota2Spire:BlackKingBar"},{"floor":42,"key":"Du-Vu Doll"},{"floor":43,"key":"Dota2Spire:MonkeyKingBar"},{"floor":44,"key":"Question Card"},{"floor":44,"key":"Ancient Tea Set"},{"floor":45,"key":"Molten Egg 2"},{"floor":45,"key":"Dota2Spire:EyeOfSkadi"},{"floor":46,"key":"HowToJump"},{"floor":46,"key":"Darkstone Periapt"},{"floor":48,"key":"BookofShadows"},{"floor":48,"key":"Dota2Spire:OctarineCore"}],"event_choices":[{"damage_healed":0,"gold_gain":0,"player_choice":"Leave","damage_taken":0,"max_hp_gain":0,"max_hp_loss":0,"event_name":"The Cleric","floor":3,"gold_loss":0},{"damage_healed":0,"gold_gain":0,"player_choice":"Success","damage_taken":18,"relics_obtained":["Toxic Egg 2"],"max_hp_gain":0,"max_hp_loss":0,"event_name":"Scrap Ooze","floor":5,"gold_loss":0},{"damage_healed":0,"gold_gain":0,"player_choice":"Fight","damage_taken":0,"max_hp_gain":0,"max_hp_loss":0,"event_name":"HidenRoomEvent","floor":19,"gold_loss":0},{"damage_healed":0,"gold_gain":0,"player_choice":"Leave","damage_taken":0,"max_hp_gain":0,"max_hp_loss":0,"event_name":"conspire:Investor","floor":20,"gold_loss":0},{"damage_healed":0,"gold_gain":0,"player_choice":"2 cards matched","damage_taken":0,"max_hp_gain":0,"max_hp_loss":0,"event_name":"Match and Keep!","floor":39,"gold_loss":0,"cards_obtained":["Uppercut","Bludgeon"]}],"is_beta":true,"boss_relics":[{"not_picked":["conspire:SeveredTorchhead","Ectoplasm"],"picked":"Philosopher\u0027s Stone"},{"not_picked":[]},{"not_picked":["Fusion Hammer","conspire:SlowCooker"],"picked":"Coffee Dripper"},{"not_picked":[]}],"items_purged_floors":[],"is_endless":false,"potions_floor_spawned":[1,8,11,12,14,16,18,19,21,23,24,25,27,28,29,30,33,35,36,37,38,40,41,42,44,45,46,48],"ascension_level":20}}