{"host":"c6u7e77myxvw4d0m","time":1610268625,"event":{"mods":["AchievementEnabler","BaseMod","Bestiary","Colored Map","Colored Powertips","Minty Spire (QoL Compilation)","Rare Cards Sparkle","Relic Stats","everything is the same but u backflip on backflip"],"gold_per_floor":[109,109,127,0,18,47,47,80,104,104,137,150,163,182,182,285,285,302,212,228,228,240,271,271,271,271],"floor_reached":25,"playtime":2471,"items_purged":[],"score":415,"play_id":"729ce2b0-a742-4ef6-9c57-64e60dacc8f5","local_time":"20210110105025","is_ascension_mode":true,"campfire_choices":[{"data":"Noxious Fumes","floor":7.0,"key":"SMITH"},{"data":"Caltrops","floor":10.0,"key":"SMITH"},{"data":"Footwork","floor":15.0,"key":"SMITH"},{"floor":24,"key":"REST"}],"circlet_count":0,"master_deck":["AscendersBane","Strike_G","Strike_G","Strike_G","Defend_G","Defend_G","Defend_G","Defend_G","Defend_G","Survivor","Neutralize","Blur","Footwork+1","Caltrops+1","After Image","Noxious Fumes+1","Calculated Gamble","Deflect","Blur","Well Laid Plans","Malaise","Night Terror","Dodge and Roll+1","Acrobatics+1","Escape Plan","Tactician+1"],"relics":["Ring of the Snake","NeowsBlessing","Blood Vial","Bag of Preparation","Boot","Cursed Key","Akabeko"],"acts_visited":["Exordium","TheCity"],"potions_floor_usage":[25],"damage_taken":[{"damage":0.0,"enemies":"Cultist","floor":1.0,"turns":1.0},{"damage":0.0,"enemies":"Jaw Worm","floor":3.0,"turns":1.0},{"damage":0.0,"enemies":"2 Louse","floor":5.0,"turns":2.0},{"damage":22.0,"enemies":"3 Sentries","floor":6.0,"turns":14.0},{"damage":0.0,"enemies":"Lagavulin","floor":8.0,"turns":9.0},{"damage":4.0,"enemies":"3 Sentries","floor":11.0,"turns":7.0},{"damage":0.0,"enemies":"Large Slime","floor":12.0,"turns":8.0},{"damage":0.0,"enemies":"Looter","floor":13.0,"turns":4.0},{"damage":0.0,"enemies":"Blue Slaver","floor":14.0,"turns":5.0},{"damage":14.0,"enemies":"The Guardian","floor":16.0,"turns":12.0},{"damage":0.0,"enemies":"3 Byrds","floor":18.0,"turns":3.0},{"damage":12.0,"enemies":"2 Thieves","floor":19.0,"turns":5.0},{"damage":6.0,"enemies":"Centurion and Healer","floor":20.0,"turns":9.0},{"damage":47.0,"enemies":"Cultist and Chosen","floor":22.0,"turns":9.0},{"damage":2,"enemies":"Gremlin Leader","floor":23,"turns":11},{"damage":28,"enemies":"Book of Stabbing","floor":25,"turns":6}],"seed_played":"3351652747474196351","potions_obtained":[{"floor":1.0,"key":"Dexterity Potion"},{"floor":3.0,"key":"PowerPotion"},{"floor":6.0,"key":"Weak Potion"},{"floor":13.0,"key":"ColorlessPotion"},{"floor":16.0,"key":"GamblersBrew"},{"floor":20.0,"key":"DuplicationPotion"},{"floor":23,"key":"AttackPotion"}],"is_trial":false,"path_per_floor":["M","?","M","$","M","E","R","E","T","R","E","M","M","M","R","B",null,"M","M","M","?","M","E","R","E"],"character_chosen":"THE_SILENT","items_purchased":["Caltrops","Poison Potion"],"campfire_rested":1,"item_purchase_floors":[4,4],"current_hp_per_floor":[63,63,63,63,63,41,41,43,43,43,41,43,45,47,47,35,61,63,53,49,49,4,4,25,0,0],"gold":271,"neow_bonus":"THREE_ENEMY_KILL","is_daily":false,"chose_seed":false,"campfire_upgraded":3,"win_rate":0.0,"timestamp":1610268625,"path_taken":["M","?","M","$","?","E","R","E","T","R","E","M","M","M","R","BOSS","M","M","M","?","M","E","R","E"],"items_purchased_type":["Card","Potion"],"build_version":"2020-12-22","purchased_purges":0,"victory":false,"max_hp_per_floor":[70,70,70,70,70,70,70,70,70,70,70,70,70,70,70,70,70,70,70,70,70,70,70,70,70,70],"relic_stats":{"Blood Vial":24,"counters":[16,106],"Bag of Preparation":[22],"Boot":[46],"Cursed Key":0,"obtain_stats":[{"Blood Vial":6,"NeowsBlessing":0,"Bag of Preparation":8,"Boot":11,"Cursed Key":17,"Akabeko":23,"Ring of the Snake":0},{"Blood Vial":4,"NeowsBlessing":0,"Bag of Preparation":5,"Boot":6,"Cursed Key":10,"Akabeko":15,"Ring of the Snake":0},{"Blood Vial":18,"NeowsBlessing":0,"Bag of Preparation":27,"Boot":34,"Cursed Key":63,"Akabeko":100,"Ring of the Snake":0}],"Ring of the Snake":[32]},"card_choices":[{"not_picked":["Distraction","Expertise"],"picked":"Blur","floor":1.0},{"not_picked":["Acrobatics","Blade Dance"],"picked":"Footwork","floor":3.0},{"not_picked":["Bane","Outmaneuver"],"picked":"After Image","floor":5.0},{"not_picked":["Cloak And Dagger","Backflip"],"picked":"Noxious Fumes","floor":6.0},{"not_picked":["Quick Slash","Cloak And Dagger"],"picked":"Calculated Gamble","floor":8.0},{"not_picked":["Quick Slash","Setup"],"picked":"Deflect","floor":11.0},{"not_picked":["Eviscerate","Underhanded Strike"],"picked":"Blur","floor":12.0},{"not_picked":["Outmaneuver","Deflect"],"picked":"Well Laid Plans","floor":13.0},{"not_picked":["Dash","Prepared"],"picked":"Malaise","floor":14.0},{"not_picked":["Adrenaline","Bullet Time"],"picked":"Night Terror","floor":16.0},{"not_picked":["Masterful Stab","Sucker Punch","Quick Slash"],"picked":"SKIP","floor":18.0},{"not_picked":["Acrobatics","Bane+1"],"picked":"Dodge and Roll+1","floor":19.0},{"not_picked":["Well Laid Plans","Setup"],"picked":"Acrobatics+1","floor":20.0},{"not_picked":["Underhanded Strike","Dagger Spray"],"picked":"Escape Plan","floor":22.0},{"not_picked":["Sucker Punch","Predator"],"picked":"Tactician+1","floor":23}],"player_experience":312159,"relics_obtained":[{"floor":6.0,"key":"Blood Vial"},{"floor":8.0,"key":"Bag of Preparation"},{"floor":11.0,"key":"Boot"},{"floor":23,"key":"Akabeko"}],"event_choices":[{"cards_removed":["Strike_G"],"damage_healed":0.0,"max_hp_gain":0.0,"max_hp_loss":0.0,"gold_gain":0.0,"event_name":"Bonfire Elementals","player_choice":"Offered Basic","floor":2.0,"gold_loss":0.0,"damage_taken":0.0},{"cards_removed":["Strike_G"],"damage_healed":0.0,"max_hp_gain":0.0,"max_hp_loss":0.0,"gold_gain":0.0,"event_name":"Purifier","player_choice":"Purged","floor":21.0,"gold_loss":0.0,"damage_taken":0.0}],"is_beta":false,"boss_relics":[{"not_picked":["HoveringKite","Astrolabe"],"picked":"Cursed Key"}],"items_purged_floors":[],"is_endless":false,"potions_floor_spawned":[1,3,6,13,16,20,23],"killed_by":"Book of Stabbing","ascension_level":11}}