{"host":"mcdusr64esz012l0","time":1610299522,"event":{"mods":["BaseMod","Minty Spire (QoL Compilation)","Relic Stats"],"gold_per_floor":[119,130,146,199,218,218,241,241,241,261,290,290,15,50,50,126,126,139,156,71,71,71,98,98,113,136,136,136,136,136,171,171,259,259,270,270,270,290,299,299,299],"floor_reached":40,"playtime":3030,"items_purged":[],"score":860,"play_id":"6f297eeb-4295-445b-972f-10bce6c795fe","local_time":"20210110122522","is_ascension_mode":true,"campfire_choices":[{"data":"Wallop","floor":6,"key":"SMITH"},{"data":"EmptyFist","floor":8,"key":"SMITH"},{"data":"WheelKick","floor":15,"key":"SMITH"},{"data":"Omniscience","floor":24,"key":"SMITH"},{"data":"Tantrum","floor":27,"key":"SMITH"},{"data":"RitualDagger","floor":30,"key":"SMITH"},{"floor":32,"key":"REST"}],"circlet_count":0,"master_deck":["AscendersBane","Strike_P+1","Strike_P+1","Defend_P","Defend_P","Eruption","Vigilance","WheelKick+1","Wallop+1","EmptyFist+1","FearNoEvil","Swivel","FollowUp","Omniscience+1","Perseverance+1","Wireheading+1","DeceiveReality+1","JustLucky+1","Crescendo+1","Tantrum+1","Wireheading","RitualDagger+1","DeusExMachina","ThirdEye","Panache"],"relics":["PureWater","Anchor","Odd Mushroom","White Beast Statue","TeardropLocket","MawBank","Meat on the Bone","Whetstone","Astrolabe","The Courier","GoldenEye","Pen Nib","CeramicFish","Busted Crown"],"acts_visited":["Exordium","TheCity","TheBeyond"],"potions_floor_usage":[2,7,11,16,19,19,25,31,31,33,38,40],"damage_taken":[{"damage":0,"enemies":"Cultist","floor":1,"turns":3},{"damage":8,"enemies":"2 Louse","floor":2,"turns":3},{"damage":0,"enemies":"Small Slimes","floor":3,"turns":3},{"damage":7,"enemies":"3 Louse","floor":5,"turns":4},{"damage":0,"enemies":"The Mushroom Lair","floor":7,"turns":2},{"damage":0,"enemies":"Large Slime","floor":10,"turns":2},{"damage":2,"enemies":"3 Sentries","floor":11,"turns":4},{"damage":8,"enemies":"Gremlin Nob","floor":14,"turns":3},{"damage":22,"enemies":"Slime Boss","floor":16,"turns":7},{"damage":6,"enemies":"Shell Parasite","floor":18,"turns":4},{"damage":4,"enemies":"Chosen","floor":19,"turns":4},{"damage":11,"enemies":"Book of Stabbing","floor":23,"turns":4},{"damage":7,"enemies":"Shelled Parasite and Fungi","floor":25,"turns":5},{"damage":5,"enemies":"Slavers","floor":31,"turns":4},{"damage":59,"enemies":"Automaton","floor":33,"turns":12},{"damage":13,"enemies":"Orb Walker","floor":35,"turns":4},{"damage":0,"enemies":"3 Darklings","floor":38,"turns":3},{"damage":37,"enemies":"Nemesis","floor":40,"turns":9}],"seed_played":"-7019520020690943961","potions_obtained":[{"floor":0,"key":"Fruit Juice"},{"floor":0,"key":"AttackPotion"},{"floor":2,"key":"AttackPotion"},{"floor":7,"key":"PowerPotion"},{"floor":11,"key":"Block Potion"},{"floor":14,"key":"SpeedPotion"},{"floor":16,"key":"Swift Potion"},{"floor":19,"key":"DistilledChaos"},{"floor":23,"key":"AttackPotion"},{"floor":25,"key":"Block Potion"},{"floor":31,"key":"Regen Potion"},{"floor":33,"key":"Swift Potion"},{"floor":35,"key":"Ancient Potion"},{"floor":38,"key":"PowerPotion"}],"is_trial":false,"path_per_floor":["M","M","M","T","M","R","?","R","T","M","E","?","$","E","R","B",null,"M","M","?","?","?","E","R","M","T","R","?","?","R","E","R","B",null,"M","?","?","M","?","E"],"character_chosen":"WATCHER","items_purchased":["Meat on the Bone"],"campfire_rested":1,"item_purchase_floors":[13],"current_hp_per_floor":[61,58,58,58,51,51,51,51,51,51,49,49,49,41,41,31,63,57,53,53,53,53,42,42,47,47,47,41,41,41,48,69,36,64,51,51,51,51,41,4,4],"gold":299,"neow_bonus":"THREE_SMALL_POTIONS","is_daily":false,"chose_seed":false,"campfire_upgraded":6,"win_rate":0.0,"timestamp":1610299522,"path_taken":["M","M","M","?","?","R","?","R","T","M","E","?","$","E","R","BOSS","M","?","?","?","?","E","R","M","T","R","?","?","R","E","R","BOSS","M","?","?","?","?","E"],"items_purchased_type":["Relic"],"build_version":"2020-12-22","purchased_purges":0,"victory":false,"max_hp_per_floor":[68,73,73,73,73,73,73,73,73,73,73,73,73,73,73,73,73,73,73,73,73,73,73,73,73,73,73,73,73,73,73,73,73,73,73,69,69,69,69,69,69],"relic_stats":{"Busted Crown":10,"counters":[18,80],"Astrolabe":["Perseverance","Wireheading","DeceiveReality"],"CeramicFish":27,"Pen Nib":[7],"Whetstone":["Strike_P","Strike_P"],"MawBank":12,"GoldenEye":[55],"obtain_stats":[{"Astrolabe":17,"CeramicFish":31,"The Courier":20,"Pen Nib":26,"TeardropLocket":11,"Whetstone":14,"Odd Mushroom":7,"MawBank":12,"GoldenEye":23,"White Beast Statue":9,"Anchor":4,"Busted Crown":34,"PureWater":0,"Meat on the Bone":13},{"Astrolabe":9,"CeramicFish":14,"The Courier":11,"Pen Nib":13,"TeardropLocket":7,"Whetstone":8,"Odd Mushroom":5,"MawBank":7,"GoldenEye":12,"White Beast Statue":5,"Anchor":3,"Busted Crown":15,"PureWater":0,"Meat on the Bone":7},{"Astrolabe":31,"CeramicFish":52,"The Courier":39,"Pen Nib":48,"TeardropLocket":21,"Whetstone":24,"Odd Mushroom":15,"MawBank":21,"GoldenEye":43,"White Beast Statue":15,"Anchor":9,"Busted Crown":64,"PureWater":0,"Meat on the Bone":21}],"Meat on the Bone":48},"card_choices":[{"not_picked":["BowlingBash","EmptyBody"],"picked":"WheelKick","floor":1},{"not_picked":["ClearTheMind","Collect"],"picked":"Wallop","floor":2},{"not_picked":["Halt","FlyingSleeves"],"picked":"EmptyFist","floor":3},{"not_picked":["FlyingSleeves","Wish"],"picked":"FearNoEvil","floor":5},{"not_picked":["FlurryOfBlows","SignatureMove"],"picked":"Swivel","floor":7},{"not_picked":["ClearTheMind","ThirdEye"],"picked":"FollowUp","floor":10},{"not_picked":["FlurryOfBlows","SashWhip","Consecrate"],"picked":"SKIP","floor":11},{"not_picked":["ThirdEye","Consecrate","FlyingSleeves"],"picked":"SKIP","floor":14},{"not_picked":["Alpha","Judgement"],"picked":"Omniscience","floor":16},{"not_picked":["Nirvana","FlyingSleeves"],"picked":"JustLucky+1","floor":18},{"not_picked":["ClearTheMind","JustLucky"],"picked":"Crescendo+1","floor":19},{"not_picked":["PathToVictory","Crescendo"],"picked":"Wireheading","floor":23},{"not_picked":["ForeignInfluence","Prostrate","PathToVictory"],"picked":"SKIP","floor":25},{"not_picked":["BowlingBash","BattleHymn","WheelKick"],"picked":"SKIP","floor":31},{"not_picked":["ConjureBlade","MasterReality"],"picked":"DeusExMachina","floor":33},{"not_picked":["SashWhip"],"picked":"SKIP","floor":35},{"not_picked":[],"picked":"ThirdEye","floor":38},{"not_picked":[],"picked":"Panache","floor":39}],"player_experience":1043577,"relics_obtained":[{"floor":4,"key":"Anchor"},{"floor":7,"key":"Odd Mushroom"},{"floor":9,"key":"White Beast Statue"},{"floor":11,"key":"TeardropLocket"},{"floor":14,"key":"Whetstone"},{"floor":23,"key":"GoldenEye"},{"floor":26,"key":"Pen Nib"},{"floor":31,"key":"CeramicFish"}],"event_choices":[{"damage_healed":0,"gold_gain":0,"player_choice":"Fought Mushrooms","damage_taken":0,"max_hp_gain":0,"max_hp_loss":0,"event_name":"Mushrooms","floor":7,"gold_loss":0},{"damage_healed":0,"gold_gain":0,"player_choice":"Gave Potion","damage_taken":0,"relics_obtained":["MawBank"],"max_hp_gain":0,"max_hp_loss":0,"event_name":"WeMeetAgain","floor":12,"gold_loss":0},{"damage_healed":0,"gold_gain":0,"player_choice":"Obtained Relic","damage_taken":0,"relics_obtained":["The Courier"],"max_hp_gain":0,"max_hp_loss":0,"event_name":"Addict","floor":20,"gold_loss":85},{"cards_removed":["Defend_P"],"damage_healed":0,"gold_gain":0,"player_choice":"Elegance","damage_taken":0,"max_hp_gain":0,"max_hp_loss":0,"event_name":"Back to Basics","floor":21,"gold_loss":0},{"damage_healed":0,"gold_gain":0,"player_choice":"Read","damage_taken":0,"max_hp_gain":0,"max_hp_loss":0,"event_name":"The Library","floor":22,"gold_loss":0,"cards_obtained":["Tantrum"]},{"damage_healed":0,"gold_gain":0,"player_choice":"Joined the Cult","damage_taken":6,"max_hp_gain":0,"max_hp_loss":0,"event_name":"Nest","floor":28,"gold_loss":0,"cards_obtained":["RitualDagger"]},{"damage_healed":0,"gold_gain":0,"player_choice":"Ignored","damage_taken":0,"max_hp_gain":0,"max_hp_loss":0,"event_name":"The Mausoleum","floor":29,"gold_loss":0},{"damage_healed":0,"gold_gain":0,"player_choice":"Max HP","damage_taken":0,"max_hp_gain":0,"max_hp_loss":4,"event_name":"Winding Halls","floor":36,"gold_loss":0},{"damage_healed":0,"gold_gain":0,"player_choice":"Ignored","damage_taken":0,"max_hp_gain":0,"max_hp_loss":0,"event_name":"Tomb of Lord Red Mask","floor":37,"gold_loss":0},{"damage_healed":0,"gold_gain":0,"player_choice":"Memory 3","damage_taken":10,"max_hp_gain":0,"max_hp_loss":0,"event_name":"SensoryStone","floor":39,"gold_loss":0}],"is_beta":false,"boss_relics":[{"not_picked":["SacredBark","Calling Bell"],"picked":"Astrolabe"},{"not_picked":["Pandora\u0027s Box","Empty Cage"],"picked":"Busted Crown"}],"items_purged_floors":[],"is_endless":false,"potions_floor_spawned":[2,7,10,11,14,16,18,19,23,25,31,33,35,38],"killed_by":"Nemesis","ascension_level":20}}