{"host":"75t5dw8c2tyw3fa7","time":1610281562,"event":{"mods":["BaseMod","Minty Spire (QoL Compilation)","Replay The Spire","StSLib"],"gold_per_floor":[111,130,130,130,145,174,189,218,218,218,63,82,105,130,130,235,235,249,249,260,273,291,320,320,354,381,396,412,412,432,457,457,552,552,568,580,594,519,519,544,544,575,656,673,692,692,717,47,47,47,47,47,47,74,74],"floor_reached":56,"playtime":3312,"items_purged":["Defend_G"],"score":1790,"play_id":"00caf6b9-82e1-48f5-82b6-3fd79d7188c7","local_time":"20210110042602","is_ascension_mode":true,"campfire_choices":[{"floor":10,"key":"REST"},{"data":"Cloak And Dagger","floor":15,"key":"SMITH"},{"data":"Blade Dance","floor":24,"key":"SMITH"},{"data":"Backstab","floor":29,"key":"SMITH"},{"floor":32,"key":"DIG"},{"data":"Skewer","floor":41,"key":"SMITH"},{"floor":49,"key":"RECALL"},{"data":"Calculated Gamble","floor":52,"key":"SMITH"}],"circlet_count":0,"master_deck":["Strike_G","Strike_G","Strike_G","Strike_G","Defend_G","Defend_G","Defend_G","Defend_G","Survivor","Neutralize","CurseOfTheBell","Dagger Spray","Slice","Backflip","PiercingWail","Cloak And Dagger+1","Die Die Die","Quick Slash","Corpse Explosion","Caltrops+1","Cloak And Dagger+1","Flying Knee","Blade Dance+1","Hidden Blade+1","Slice","Footwork+1","Backstab+1","Dagger Throw+1","Draining Mist+1","Adrenaline","Quick Slash+1","Mayhem","Skewer+1","Pain","ReplayTheSpireMod:Scrap Shanks+1","Caltrops+1","Finisher","Calculated Gamble+1","PiercingWail"],"relics":["Calling Bell","Pen Nib","Shuriken","Mango","GremlinMask","Strawberry","Eternal Feather","Sundial","PreservedInsect","Snake Skull","Garlic","Philosopher\u0027s Stone","Unceasing Top","Art of War","Bag of Preparation","Anchor","ReplayTheSpireMod:Lightbulb","Replay:Grab Bag","Cursed Key","ChewingGum","Black Star","Frozen Egg 2","Pear","InkBottle","Mirror","White Beast Statue","Replay:Bottled Snecko","Ornamental Fan","Ginger","Nunchaku","Oddly Smooth Stone"],"acts_visited":["Exordium","TheCity","TheBeyond","TheEnding"],"potions_floor_usage":[6,16,23,25,30,50,55,55,55],"damage_taken":[{"damage":11,"enemies":"Cultist","floor":1,"turns":4},{"damage":0,"enemies":"Small Slimes","floor":2,"turns":4},{"damage":3,"enemies":"Jaw Worm","floor":5,"turns":4},{"damage":30,"enemies":"Lagavulin","floor":6,"turns":9},{"damage":5,"enemies":"Blue Slaver","floor":7,"turns":4},{"damage":23,"enemies":"Replay:BlueRogue","floor":8,"turns":8},{"damage":0,"enemies":"Red Slaver","floor":12,"turns":4},{"damage":18,"enemies":"Gremlin Nob","floor":14,"turns":3},{"damage":33,"enemies":"Slime Boss","floor":16,"turns":9},{"damage":16,"enemies":"Spheric Guardian","floor":18,"turns":4},{"damage":5,"enemies":"Shell Parasite","floor":20,"turns":4},{"damage":0,"enemies":"Chosen and Byrds","floor":21,"turns":4},{"damage":2,"enemies":"Centurion and Healer","floor":22,"turns":6},{"damage":11,"enemies":"Slavers","floor":23,"turns":3},{"damage":4,"enemies":"Replay:Snechameleon","floor":25,"turns":3},{"damage":1,"enemies":"Cultist and Chosen","floor":27,"turns":4},{"damage":2,"enemies":"Chosen and Byrds","floor":28,"turns":4},{"damage":4,"enemies":"Snecko","floor":30,"turns":3},{"damage":7,"enemies":"Book of Stabbing","floor":31,"turns":3},{"damage":58,"enemies":"Collector","floor":33,"turns":8},{"damage":0,"enemies":"3 Darklings","floor":35,"turns":4},{"damage":0,"enemies":"3 Shapes","floor":36,"turns":2},{"damage":0,"enemies":"Transient","floor":37,"turns":5},{"damage":0,"enemies":"Reptomancer","floor":40,"turns":3},{"damage":4,"enemies":"Giant Head","floor":42,"turns":5},{"damage":3,"enemies":"4 Shapes","floor":44,"turns":3},{"damage":16,"enemies":"Maw","floor":45,"turns":6},{"damage":3,"enemies":"R_Hoarder","floor":47,"turns":4},{"damage":76,"enemies":"Awakened One","floor":50,"turns":9},{"damage":4,"enemies":"Shield and Spear","floor":54,"turns":3},{"damage":30,"enemies":"The Heart","floor":55,"turns":6}],"seed_played":"-5547249322220544830","potions_obtained":[{"floor":2,"key":"Adrenaline Potion"},{"floor":12,"key":"SpeedPotion"},{"floor":14,"key":"Ancient Potion"},{"floor":21,"key":"BlessingOfTheForge"},{"floor":23,"key":"DistilledChaos"},{"floor":27,"key":"Poison Potion"},{"floor":28,"key":"DuplicationPotion"},{"floor":33,"key":"BlessingOfTheForge"},{"floor":36,"key":"LiquidMemories"},{"floor":54,"key":"Languid Potion"}],"is_trial":false,"path_per_floor":["M","M","?","$","M","E","M","E","T","R","$","M","T","E","R","B",null,"M","?","M","M","M","E","R","E","T","M","M","R","M","E","R","B",null,"M","M","M","$","?","E","R","E","T","M","M","?","E","$","R","B",null,"R","$","E","B",null],"character_chosen":"THE_SILENT","items_purchased":["PreservedInsect","Ornamental Fan","Ginger","Finisher","Calculated Gamble"],"campfire_rested":1,"item_purchase_floors":[11,48,48,48,48],"current_hp_per_floor":[66,66,66,66,63,40,35,12,12,48,48,48,48,30,42,9,71,55,55,50,50,48,37,52,48,48,47,45,63,59,52,70,12,71,71,71,71,71,71,81,99,95,95,92,76,76,73,73,94,18,80,101,101,97,67],"gold":74,"neow_bonus":"BOSS_RELIC","is_daily":false,"chose_seed":false,"campfire_upgraded":5,"win_rate":0.0,"timestamp":1610281562,"path_taken":["M","?","?","$","M","E","M","E","T","R","$","?","?","E","R","BOSS","M","?","?","M","M","E","R","E","T","M","M","R","M","E","R","BOSS","M","M","M","$","?","E","R","E","T","M","M","?","E","$","R","BOSS","R","$","E","BOSS"],"items_purchased_type":["Relic","Relic","Relic","Card","Card"],"build_version":"2020-12-22","purchased_purges":1,"victory":true,"max_hp_per_floor":[84,84,84,84,84,91,91,91,91,91,91,91,91,91,91,91,91,91,91,91,91,91,91,91,91,91,91,91,91,91,91,91,91,91,91,91,91,91,91,101,101,101,101,101,101,101,101,101,101,101,101,101,101,101,101],"card_choices":[{"not_picked":["Predator","Catalyst"],"picked":"Dagger Spray","floor":1},{"not_picked":["Deadly Poison","Masterful Stab"],"picked":"Slice","floor":2},{"not_picked":["Poisoned Stab","PiercingWail"],"picked":"Backflip","floor":5},{"not_picked":["Envenom","Dodge and Roll"],"picked":"PiercingWail","floor":6},{"not_picked":["Sucker Punch","Backflip"],"picked":"Cloak And Dagger","floor":7},{"not_picked":["Caltrops","Acrobatics"],"picked":"Die Die Die","floor":8},{"not_picked":["Prepared","Poisoned Stab"],"picked":"Quick Slash","floor":12},{"not_picked":["Dagger Throw","Night Terror","Choke"],"picked":"SKIP","floor":14},{"not_picked":["Grand Finale","Atom Bomb"],"picked":"Corpse Explosion","floor":16},{"not_picked":["Dagger Spray","Noxious Fumes"],"picked":"Caltrops+1","floor":18},{"not_picked":["Quick Slash","Dagger Spray"],"picked":"Flying Knee","floor":20},{"not_picked":["Distraction","Storm of Steel"],"picked":"Blade Dance","floor":21},{"not_picked":["Dagger Spray","Prepared"],"picked":"Hidden Blade+1","floor":22},{"not_picked":["Deadly Poison","Bullet Time"],"picked":"Slice","floor":23},{"not_picked":["Tactician+1","Expertise+1"],"picked":"Footwork+1","floor":25},{"not_picked":["Poisoned Stab","Slice"],"picked":"Backstab","floor":27},{"not_picked":["Acrobatics","Dodge and Roll"],"picked":"Dagger Throw+1","floor":28},{"not_picked":["Bane","PiercingWail","Fluid Movement"],"picked":"SKIP","floor":30},{"not_picked":["Setup","Flechettes"],"picked":"Draining Mist+1","floor":31},{"not_picked":["Atom Bomb","Night Terror"],"picked":"Adrenaline","floor":33},{"not_picked":["Endless Agony","Well Laid Plans","PiercingWail"],"picked":"SKIP","floor":35},{"not_picked":["Slice+1","Flying Knee"],"picked":"Quick Slash+1","floor":36},{"not_picked":["Deflect+1","Dodge and Roll","Slice"],"picked":"SKIP","floor":37},{"not_picked":["Purity","Swift Strike"],"picked":"Mayhem","floor":39},{"not_picked":["Dodge and Roll","Poisoned Stab+1"],"picked":"Skewer","floor":40},{"not_picked":["All Out Attack+1","Dodge and Roll","Sucker Punch"],"picked":"SKIP","floor":42},{"not_picked":["Escape Plan+1","ReplayTheSpireMod:Tripwire","Underhanded Strike+1"],"picked":"SKIP","floor":44},{"not_picked":["Dagger Spray+1","Dagger Throw"],"picked":"ReplayTheSpireMod:Scrap Shanks+1","floor":45},{"not_picked":["Quick Slash","Footwork+1"],"picked":"Caltrops+1","floor":47},{"not_picked":["Skewer+1","Bullet Time"],"picked":"PiercingWail","floor":54}],"player_experience":426902,"relics_obtained":[{"floor":0,"key":"Pen Nib"},{"floor":0,"key":"Shuriken"},{"floor":0,"key":"Mango"},{"floor":6,"key":"Strawberry"},{"floor":8,"key":"Eternal Feather"},{"floor":9,"key":"Sundial"},{"floor":13,"key":"Snake Skull"},{"floor":14,"key":"Garlic"},{"floor":23,"key":"Unceasing Top"},{"floor":25,"key":"Art of War"},{"floor":26,"key":"Bag of Preparation"},{"floor":31,"key":"Anchor"},{"floor":32,"key":"ReplayTheSpireMod:Lightbulb"},{"floor":40,"key":"Frozen Egg 2"},{"floor":40,"key":"Pear"},{"floor":42,"key":"InkBottle"},{"floor":42,"key":"Mirror"},{"floor":47,"key":"White Beast Statue"},{"floor":47,"key":"Replay:Bottled Snecko"},{"floor":54,"key":"Nunchaku"},{"floor":54,"key":"Oddly Smooth Stone"}],"event_choices":[{"damage_healed":0,"gold_gain":0,"player_choice":"Trade","damage_taken":0,"relics_obtained":["GremlinMask"],"max_hp_gain":0,"max_hp_loss":0,"event_name":"FaceTrader","floor":3,"gold_loss":0},{"damage_healed":0,"gold_gain":0,"player_choice":"Copied","damage_taken":0,"max_hp_gain":0,"max_hp_loss":0,"event_name":"Duplicator","floor":19,"gold_loss":0,"cards_obtained":["Cloak And Dagger"]},{"damage_healed":0,"gold_gain":0,"player_choice":"Memory 1","damage_taken":0,"max_hp_gain":0,"max_hp_loss":0,"event_name":"SensoryStone","floor":39,"gold_loss":0},{"cards_removed":["Strike_G"],"damage_healed":0,"gold_gain":0,"player_choice":"Removed Attack","damage_taken":0,"max_hp_gain":0,"max_hp_loss":0,"event_name":"Falling","floor":46,"gold_loss":0}],"is_beta":false,"boss_relics":[{"not_picked":["Snecko Scales","HoveringKite"],"picked":"Philosopher\u0027s Stone"},{"not_picked":["Velvet Choker","Sozu"],"picked":"Replay:Grab Bag"},{"not_picked":["Fusion Hammer","Runic Dome"],"picked":"Cursed Key"},{"not_picked":["Replay:Wanted Poster","Coffee Dripper"],"picked":"ChewingGum"},{"not_picked":["Runic Pyramid","Kintsugi"],"picked":"Black Star"}],"items_purged_floors":[38],"is_endless":false,"potions_floor_spawned":[2,12,14,21,23,27,28,33,36,42,44,45,54],"ascension_level":6}}