{"host":"ojme7g6xlqwffsso","time":1610284998,"event":{"mods":["Act Like it!","BaseMod","Downfall","Hermit","MarisaÅiñ∂âJÅ@ñÇóùçπÅj","Minty Spire (QoL Compilation)","Quick Restart","Replay The Spire","Shade Mod","Shop Mod","StSLib","The Alterego","The Bug Knight","The Cursed","The Hierophant","The Marked","The Mystic","The Necromancer","The Servant 0.9.4","Yuri Mod"],"gold_per_floor":[114,124,134,146,221,252,252,277,277,277,288,288,288],"floor_reached":12,"playtime":408,"items_purged":[],"score":90,"play_id":"2dcf6ae2-cb78-41f8-b7c6-53d8005cb786","local_time":"20210110222318","is_ascension_mode":false,"campfire_choices":[{"data":"yuri:GlitchedStrike","floor":7,"key":"SMITH"},{"floor":10,"key":"REST"}],"circlet_count":0,"master_deck":["yuri:yuriStrike","yuri:yuriStrike","yuri:yuriStrike","yuri:yuriStrike","yuri:yuriStrike","yuri:yuriDefend","yuri:yuriDefend","yuri:yuriDefend","yuri:yuriDefend","yuri:yuriDefend","yuri:Oolong","yuri:yuriStab","yuri:GlitchedStrike+1","yuri:yuriHeavyStrike","yuri:BookPurple","yuri:SeeingDouble","yuri:MultiDip","yuri:yuriQuickStrike"],"relics":["yuri:yuriKnife","Simple Rune","Oddly Smooth Stone","White Beast Statue"],"acts_visited":["Exordium"],"potions_floor_usage":[],"damage_taken":[{"damage":6.0,"enemies":"Cultist","floor":1.0,"turns":3.0},{"damage":6.0,"enemies":"2 Louse","floor":2.0,"turns":2.0},{"damage":9.0,"enemies":"Jaw Worm","floor":3.0,"turns":2.0},{"damage":10.0,"enemies":"Looter","floor":4.0,"turns":3.0},{"damage":20,"enemies":"Lagavulin","floor":6,"turns":5},{"damage":27,"enemies":"Gremlin Nob","floor":8,"turns":4},{"damage":35,"enemies":"Exordium Thugs","floor":11,"turns":4},{"damage":24,"enemies":"3 Sentries","floor":12,"turns":6}],"seed_played":"-6737161122715913770","potions_obtained":[{"floor":2.0,"key":"ColorlessPotion"},{"floor":4.0,"key":"SpeedPotion"},{"floor":11,"key":"CultistPotion"}],"is_trial":false,"path_per_floor":["M","M","M","M","?","E","R","E","T","R","M","E"],"character_chosen":"YURI","items_purchased":[],"campfire_rested":1,"item_purchase_floors":[],"current_hp_per_floor":[82,80,75,69,61,45,45,22,22,48,17,0,0],"gold":288,"neow_bonus":"TEN_PERCENT_HP_BONUS","is_daily":false,"chose_seed":false,"campfire_upgraded":1,"win_rate":0.0,"timestamp":1610284998,"path_taken":["M","M","?","M","?","E","R","E","T","R","M","E"],"items_purchased_type":[],"build_version":"2020-12-22","purchased_purges":0,"victory":false,"max_hp_per_floor":[88,88,88,88,88,88,88,88,88,88,88,88,88],"card_choices":[{"not_picked":["yuri:MPose","yuri:ChibiInvasion"],"picked":"yuri:GlitchedStrike","floor":1.0},{"not_picked":["yuri:CalmingAura","yuri:TPose"],"picked":"yuri:yuriHeavyStrike","floor":2.0},{"not_picked":["yuri:ThrowingKnives","yuri:BookBlue","yuri:UntestedCode"],"picked":"SKIP","floor":3.0},{"not_picked":["yuri:ThrowingKnives","yuri:Stare"],"picked":"yuri:BookPurple","floor":4.0},{"not_picked":["yuri:ThornRemove","yuri:yuriQuickStrike"],"picked":"yuri:SeeingDouble","floor":6},{"not_picked":["yuri:BookBlue","yuri:Stalk"],"picked":"yuri:MultiDip","floor":8},{"not_picked":["yuri:Spin","yuri:JumpScare"],"picked":"yuri:yuriQuickStrike","floor":11}],"player_experience":963283,"relics_obtained":[{"floor":6,"key":"Simple Rune"},{"floor":8,"key":"Oddly Smooth Stone"},{"floor":9,"key":"White Beast Statue"}],"event_choices":[{"damage_healed":0,"gold_gain":75,"player_choice":"Touch","damage_taken":8,"max_hp_gain":0,"max_hp_loss":0,"event_name":"FaceTrader","floor":5,"gold_loss":0}],"is_beta":false,"boss_relics":[],"items_purged_floors":[],"is_endless":false,"potions_floor_spawned":[2,4,11],"killed_by":"3 Sentries","ascension_level":0}}