{"host":"sian7qp8a9pc9xwd","time":1610270137,"event":{"mods":["BaseMod","Lobotomy","Minty Spire (QoL Compilation)","StSLib"],"gold_per_floor":[116,116,116,127,142,142,172,183,210,223,31,58,122,122,122,122,122],"floor_reached":16,"playtime":1288,"items_purged":[],"score":130,"play_id":"fd3164ba-0914-46da-a5e7-94ff1bf380ea","local_time":"20210110041537","is_ascension_mode":true,"campfire_choices":[{"data":"Neutralize","floor":6,"key":"SMITH"},{"floor":15,"key":"REST"}],"circlet_count":0,"master_deck":["Strike_G","Strike_G","Strike_G","Strike_G","Defend_G","Defend_G","Defend_G","Defend_G","Defend_G","Survivor","Neutralize+1","Deflect","Backflip","CherryBlossoms","Escape Plan","BeautyBeast","Footwork","OSAHOGD","Funeral","PiercingWail","Dash","VoidDream"],"relics":["Ring of the Snake","CogitoBucket","Lantern","Blood Vial","StoneCalendar","Omamori","HellTrain","Lee\u0027s Waffle","Odd Mushroom"],"acts_visited":["Exordium"],"potions_floor_usage":[7,7,8,8,10,10],"damage_taken":[{"damage":1,"enemies":"Small Slimes","floor":1,"turns":4},{"damage":0,"enemies":"Cultist","floor":4,"turns":5},{"damage":0,"enemies":"2 Louse","floor":5,"turns":3},{"damage":16,"enemies":"3 Sentries","floor":7,"turns":15},{"damage":1,"enemies":"Looter","floor":8,"turns":4},{"damage":26,"enemies":"3 Louse","floor":10,"turns":4},{"damage":49,"enemies":"The Mushroom Lair","floor":12,"turns":5},{"damage":67,"enemies":"Slime Boss","floor":16,"turns":5}],"seed_played":"-6984427691978410527","potions_obtained":[{"floor":1,"key":"DistilledChaos"},{"floor":4,"key":"Block Potion"},{"floor":7,"key":"EntropicBrew"}],"is_trial":false,"path_per_floor":["M","?","?","M","M","R","E","M","T","M","$","?","?","?","R","B"],"character_chosen":"THE_SILENT","items_purchased":["Lee\u0027s Waffle","Dash"],"campfire_rested":1,"item_purchase_floors":[11,11],"current_hp_per_floor":[62,59,59,61,63,63,49,50,50,28,77,30,30,30,53,0,0],"gold":122,"neow_bonus":"","is_daily":false,"chose_seed":false,"campfire_upgraded":1,"win_rate":0.0,"timestamp":1610270137,"path_taken":["M","?","?","?","M","R","E","?","T","M","$","?","?","?","R","BOSS"],"items_purchased_type":["Relic","Card"],"build_version":"2020-12-22","purchased_purges":0,"victory":false,"max_hp_per_floor":[70,70,70,70,70,70,70,70,70,70,77,77,77,77,77,77,77],"card_choices":[{"not_picked":["SpiderBud","Scorched","WallGazer"],"picked":"Singing Bowl","floor":1},{"not_picked":["Scorched","PunishingBird"],"picked":"FairyFestival","floor":1},{"not_picked":["Distraction","Endless Agony"],"picked":"Deflect","floor":1},{"not_picked":["CrumblingArmor","Murderer"],"picked":"MHz","floor":4},{"not_picked":["Bane","Setup"],"picked":"Backflip","floor":4},{"not_picked":["ShyLook","MeatLantern"],"picked":"CherryBlossoms","floor":5},{"not_picked":["Quick Slash","Bane"],"picked":"Escape Plan","floor":5},{"not_picked":["FairyFestival","MeatLantern"],"picked":"BeautyBeast","floor":7},{"not_picked":["Flying Knee","Dagger Spray"],"picked":"Footwork","floor":7},{"not_picked":["SpiderBud","WallGazer"],"picked":"OSAHOGD","floor":8},{"not_picked":["Concentrate","Poisoned Stab","Dagger Spray"],"picked":"SKIP","floor":8},{"not_picked":["LongBird","Murderer"],"picked":"Funeral","floor":10},{"not_picked":["All Out Attack","Cloak And Dagger"],"picked":"PiercingWail","floor":10},{"not_picked":["OldLady","ShyLook"],"picked":"VoidDream","floor":12}],"player_experience":651651,"relics_obtained":[{"floor":7,"key":"StoneCalendar"},{"floor":9,"key":"Omamori"},{"floor":12,"key":"Odd Mushroom"}],"event_choices":[{"damage_healed":0,"gold_gain":0,"player_choice":"Success","damage_taken":3,"relics_obtained":["Lantern"],"max_hp_gain":0,"max_hp_loss":0,"event_name":"Scrap Ooze","floor":2,"gold_loss":0},{"cards_removed":["FairyFestival"],"damage_healed":0,"gold_gain":0,"player_choice":"Gave Card","damage_taken":0,"relics_obtained":["Blood Vial"],"max_hp_gain":0,"max_hp_loss":0,"event_name":"WeMeetAgain","floor":3,"gold_loss":0},{"damage_healed":0,"gold_gain":0,"player_choice":"Fought Mushrooms","damage_taken":0,"max_hp_gain":0,"max_hp_loss":0,"event_name":"Mushrooms","floor":12,"gold_loss":0},{"damage_healed":0,"gold_gain":64,"player_choice":"Gained Gold","damage_taken":0,"max_hp_gain":0,"max_hp_loss":0,"event_name":"Golden Wing","floor":13,"gold_loss":0},{"damage_healed":0,"gold_gain":0,"player_choice":"Ignored","damage_taken":0,"max_hp_gain":0,"max_hp_loss":0,"event_name":"Golden Idol","floor":14,"gold_loss":0}],"is_beta":false,"boss_relics":[],"items_purged_floors":[],"is_endless":false,"potions_floor_spawned":[1,4,7],"killed_by":"Slime Boss","ascension_level":6}}