{"host":"2tgyrzvaa7l04o2e","time":1610307552,"event":{"mods":["BaseMod","Highlight Path","Minty Spire (QoL Compilation)","Permanent Neow","Relic Stats"],"gold_per_floor":[118,118,133,143,89,122,134,111,192,204,216,238,267,296,308,320,320],"floor_reached":16,"playtime":962,"items_purged":[],"score":158,"play_id":"27f72296-a158-4523-9a55-905d18bbed29","local_time":"20210110203912","is_ascension_mode":true,"campfire_choices":[{"data":"Zap","floor":7,"key":"SMITH"},{"data":"Hologram","floor":11,"key":"SMITH"},{"data":"Aggregate","floor":15,"key":"SMITH"}],"circlet_count":0,"master_deck":["AscendersBane","Strike_B","Defend_B","Defend_B","Defend_B","Zap+1","Dualcast","Recycle+1","Buffer+1","Seek+1","Conserve Battery","Meteor Strike","Sweeping Beam","Hologram+1","Skim","Cold Snap","Gash","Aggregate+1"],"relics":["Astrolabe","Pen Nib","MawBank","Meat on the Bone"],"acts_visited":["Exordium"],"potions_floor_usage":[13,14,14],"damage_taken":[{"damage":0,"enemies":"Jaw Worm","floor":1,"turns":3},{"damage":0,"enemies":"Cultist","floor":3,"turns":4},{"damage":0,"enemies":"Small Slimes","floor":4,"turns":5},{"damage":33,"enemies":"3 Sentries","floor":6,"turns":9},{"damage":0,"enemies":"Blue Slaver","floor":12,"turns":4},{"damage":0,"enemies":"Exordium Wildlife","floor":13,"turns":4},{"damage":0,"enemies":"Exordium Thugs","floor":14,"turns":3},{"damage":59,"enemies":"Hexaghost","floor":16,"turns":12}],"seed_played":"3547564919225162484","potions_obtained":[{"floor":1,"key":"GamblersBrew"},{"floor":6,"key":"Block Potion"},{"floor":12,"key":"Fire Potion"},{"floor":13,"key":"Fruit Juice"}],"is_trial":false,"path_per_floor":["M","?","M","M","$","E","R","?","T","?","R","M","M","M","R","B"],"character_chosen":"DEFECT","items_purchased":["Hologram"],"campfire_rested":0,"item_purchase_floors":[5],"current_hp_per_floor":[68,68,68,68,68,35,35,53,53,53,53,53,53,58,58,0,0],"gold":320,"neow_bonus":"BOSS_RELIC","is_daily":false,"chose_seed":false,"campfire_upgraded":3,"win_rate":0.0,"timestamp":1610307552,"path_taken":["M","?","M","?","$","E","R","?","T","?","R","M","M","M","R","BOSS"],"items_purchased_type":["Card"],"build_version":"2020-12-22","purchased_purges":0,"victory":false,"max_hp_per_floor":[75,75,75,75,75,75,75,75,75,75,75,75,75,80,80,80,80],"relic_stats":{"counters":[8,44],"Astrolabe":["Recycle","Buffer","Seek"],"Pen Nib":[5],"MawBank":120,"obtain_stats":[{"Astrolabe":0,"Pen Nib":2,"Cracked Core":0,"MawBank":6,"Meat on the Bone":9},{"Astrolabe":0,"Pen Nib":1,"Cracked Core":0,"MawBank":4,"Meat on the Bone":4},{"Astrolabe":0,"Pen Nib":3,"Cracked Core":0,"MawBank":21,"Meat on the Bone":21}],"Meat on the Bone":0},"card_choices":[{"not_picked":["Melter","Stack"],"picked":"Conserve Battery","floor":1},{"not_picked":["Beam Cell","Steam"],"picked":"Meteor Strike","floor":3},{"not_picked":["BootSequence","Leap"],"picked":"Sweeping Beam","floor":4},{"not_picked":["Steam","Chaos"],"picked":"Skim","floor":6},{"not_picked":["Beam Cell","Stack","Force Field"],"picked":"SKIP","floor":12},{"not_picked":["Stack","Hologram"],"picked":"Gash","floor":13},{"not_picked":["Sunder","Go for the Eyes"],"picked":"Aggregate","floor":14}],"player_experience":584633,"relics_obtained":[{"floor":6,"key":"MawBank"},{"floor":9,"key":"Meat on the Bone"}],"event_choices":[{"damage_healed":0,"gold_gain":0,"player_choice":"Gave Potion","damage_taken":0,"relics_obtained":["Pen Nib"],"max_hp_gain":0,"max_hp_loss":0,"event_name":"WeMeetAgain","floor":2,"gold_loss":0},{"damage_healed":18,"gold_gain":0,"player_choice":"Healed","damage_taken":0,"max_hp_gain":0,"max_hp_loss":0,"event_name":"The Cleric","floor":8,"gold_loss":35},{"damage_healed":0,"gold_gain":0,"cards_transformed":["Strike_B"],"player_choice":"Change","damage_taken":0,"max_hp_gain":0,"max_hp_loss":0,"event_name":"Living Wall","floor":10,"gold_loss":0,"cards_obtained":["Cold Snap"]}],"is_beta":false,"boss_relics":[],"items_purged_floors":[],"is_endless":false,"potions_floor_spawned":[1,6,12,13],"killed_by":"Hexaghost","ascension_level":11}}