{"host":"kh6fvhxn285ncg0o","time":1610271993,"event":{"mods":["Act Like it!","BaseMod","Colored Map","Friendly Minions","Keyboard Shortcuts","Minty Spire (QoL Compilation)","Quick Restart","Relic Stats","StSLib","SuperFastMode"],"gold_per_floor":[115,115,115,115,40,81,81,81,81,117,132,32,32,73,73,73,73],"floor_reached":16,"playtime":318,"items_purged":["Strike_R","Strike_R"],"score":328,"play_id":"3877d64d-1e6a-4a6f-adbe-4ba801483782","local_time":"20210110184633","is_ascension_mode":true,"campfire_choices":[{"data":"Bash","floor":7.0,"key":"SMITH"},{"data":"Dropkick","floor":15,"key":"SMITH"}],"circlet_count":0,"master_deck":["AscendersBane","Defend_R","Defend_R","Defend_R","Defend_R","Bash+1","Dark Embrace","Dropkick+1","Ghostly Armor","Shockwave"],"relics":["Burning Blood","NeowsBlessing","Vajra","Golden Idol","Juzu Bracelet","Toy Ornithopter","Bag of Marbles","Potion Belt"],"acts_visited":["Exordium"],"potions_floor_usage":[14],"damage_taken":[{"damage":0.0,"enemies":"Jaw Worm","floor":1.0,"turns":1.0},{"damage":0.0,"enemies":"Gremlin Nob","floor":6.0,"turns":1.0},{"damage":0.0,"enemies":"Lagavulin","floor":10.0,"turns":1.0},{"damage":0.0,"enemies":"Small Slimes","floor":11.0,"turns":3.0},{"damage":15,"enemies":"3 Sentries","floor":14,"turns":8},{"damage":66,"enemies":"Slime Boss","floor":16,"turns":6}],"seed_played":"2562321108809031729","potions_obtained":[{"floor":6.0,"key":"Ancient Potion"},{"floor":10.0,"key":"LiquidMemories"}],"is_trial":false,"path_per_floor":["M","?","?","?","$","E","R","?","T","E","M","$","?","E","R","B"],"character_chosen":"IRONCLAD","items_purchased":[],"campfire_rested":0,"item_purchase_floors":[],"current_hp_per_floor":[74,56,56,56,56,62,62,55,55,61,67,67,67,63,63,0,0],"gold":73,"neow_bonus":"THREE_ENEMY_KILL","is_daily":false,"chose_seed":false,"campfire_upgraded":2,"win_rate":0.0,"timestamp":1610271993,"path_taken":["M","?","?","?","$","E","R","?","T","E","M","$","?","E","R","BOSS"],"items_purchased_type":[],"build_version":"2020-12-22","purchased_purges":2,"victory":false,"max_hp_per_floor":[75,75,68,68,68,68,68,68,68,68,68,68,68,68,68,68,68],"relic_stats":{"counters":[6,20],"Golden Idol":26,"Juzu Bracelet":1,"obtain_stats":[{"Potion Belt":14,"NeowsBlessing":0,"Golden Idol":3,"Vajra":2,"Juzu Bracelet":6,"Bag of Marbles":10,"Burning Blood":0,"Toy Ornithopter":9},{"Potion Belt":5,"NeowsBlessing":0,"Golden Idol":1,"Vajra":1,"Juzu Bracelet":2,"Bag of Marbles":3,"Burning Blood":0,"Toy Ornithopter":2},{"Potion Belt":14,"NeowsBlessing":0,"Golden Idol":1,"Vajra":1,"Juzu Bracelet":2,"Bag of Marbles":3,"Burning Blood":0,"Toy Ornithopter":2}],"Burning Blood":30,"Toy Ornithopter":5},"card_choices":[{"not_picked":["Armaments","Metallicize"],"picked":"Dark Embrace","floor":1.0},{"not_picked":["Dual Wield","Twin Strike"],"picked":"Dropkick","floor":6.0},{"not_picked":["Sword Boomerang","Body Slam"],"picked":"Ghostly Armor","floor":10.0},{"not_picked":["Armaments","Intimidate"],"picked":"Shockwave","floor":14}],"player_experience":3408864,"relics_obtained":[{"floor":6.0,"key":"Juzu Bracelet"},{"floor":9.0,"key":"Toy Ornithopter"},{"floor":10.0,"key":"Bag of Marbles"},{"floor":14,"key":"Potion Belt"}],"event_choices":[{"damage_healed":0.0,"max_hp_gain":0.0,"max_hp_loss":0.0,"gold_gain":0.0,"event_name":"Scrap Ooze","player_choice":"Success","floor":2.0,"gold_loss":0.0,"damage_taken":18.0,"relics_obtained":["Vajra"]},{"damage_healed":0.0,"max_hp_gain":0.0,"max_hp_loss":7.0,"gold_gain":0.0,"event_name":"Golden Idol","player_choice":"Lose Max HP","floor":3.0,"gold_loss":0.0,"damage_taken":0.0,"relics_obtained":["Golden Idol"]},{"cards_removed":["Strike_R"],"damage_healed":0.0,"max_hp_gain":0.0,"max_hp_loss":0.0,"gold_gain":0.0,"event_name":"Purifier","player_choice":"Purged","floor":4.0,"gold_loss":0.0,"damage_taken":0.0},{"cards_removed":["Strike_R"],"damage_healed":0.0,"max_hp_gain":0.0,"max_hp_loss":0.0,"gold_gain":0.0,"event_name":"Golden Wing","player_choice":"Card Removal","floor":8.0,"gold_loss":0.0,"damage_taken":7.0},{"cards_removed":["Strike_R"],"damage_healed":0.0,"max_hp_gain":0.0,"max_hp_loss":0.0,"gold_gain":0.0,"event_name":"Living Wall","player_choice":"Forget","floor":13.0,"gold_loss":0.0,"damage_taken":0.0}],"is_beta":false,"boss_relics":[],"items_purged_floors":[5,12],"is_endless":false,"potions_floor_spawned":[6,10],"killed_by":"Slime Boss","ascension_level":20}}