{"host":"ji1fk25fd1ga4ji1","time":1610299950,"event":{"mods":["2.2 Compatiblity","BaseMod","Colored Map","DeckTracker","Minty Spire (QoL Compilation)","Permanent Neow","Quick Restart","StSLib","SuperFastMode"],"gold_per_floor":[16,34,44,58,74,74,74,105,130,150,150,170,170,199,199,301,301,315,326,13,23,35,35,35,35,35,47,79,89,89,89,89,187,187,206,226,244,264,10,41,41,55,55,0,0,25,39,89,89,89],"floor_reached":51,"playtime":1185,"items_purged":["Strike_R","Strike_R"],"score":829,"play_id":"f158c9ce-5a40-45a0-a0bb-0265694de45b","local_time":"20210111023230","is_ascension_mode":true,"campfire_choices":[{"data":"Rampage","floor":6.0,"key":"SMITH"},{"data":"Pommel Strike","floor":11.0,"key":"SMITH"},{"data":"Evolve","floor":13.0,"key":"SMITH"},{"data":"Shrug It Off","floor":15.0,"key":"SMITH"},{"floor":23.0,"key":"RECALL"},{"floor":30,"key":"REST"},{"floor":32,"key":"REST"},{"floor":41,"key":"REST"},{"floor":49,"key":"REST"}],"circlet_count":0,"master_deck":["Strike_R","Defend_R","Defend_R","Defend_R","Bash","Rampage+1","Thunderclap","Evolve+1","Pommel Strike+1","Shrug It Off+1","Double Tap","Disarm+1","Pommel Strike+1","Headbutt+1","Pommel Strike+1","Offering","True Grit+1","Pommel Strike+1"],"relics":["Burning Blood","Charon\u0027s Ashes","Omamori","Orichalcum","Fusion Hammer","Gremlin Horn","Ginger","Vajra","Cursed Key","White Beast Statue","Red Mask","Bottled Lightning","Gambling Chip"],"acts_visited":["Exordium","TheCity","TheBeyond"],"potions_floor_usage":[33,46,50,50,50],"damage_taken":[{"damage":8.0,"enemies":"Jaw Worm","floor":1.0,"turns":4.0},{"damage":7.0,"enemies":"Small Slimes","floor":2.0,"turns":4.0},{"damage":5.0,"enemies":"2 Louse","floor":3.0,"turns":2.0},{"damage":6.0,"enemies":"2 Fungi Beasts","floor":4.0,"turns":4.0},{"damage":14.0,"enemies":"3 Louse","floor":5.0,"turns":3.0},{"damage":27.0,"enemies":"Lagavulin","floor":8.0,"turns":5.0},{"damage":9.0,"enemies":"Blue Slaver","floor":10.0,"turns":4.0},{"damage":10.0,"enemies":"Lots of Slimes","floor":12.0,"turns":3.0},{"damage":25.0,"enemies":"Gremlin Nob","floor":14.0,"turns":4.0},{"damage":10.0,"enemies":"Hexaghost","floor":16.0,"turns":7.0},{"damage":14.0,"enemies":"2 Thieves","floor":18.0,"turns":4.0},{"damage":0.0,"enemies":"Spheric Guardian","floor":19.0,"turns":3.0},{"damage":4.0,"enemies":"Centurion and Healer","floor":21.0,"turns":6.0},{"damage":6.0,"enemies":"Snake Plant","floor":22.0,"turns":3.0},{"damage":1,"enemies":"Chosen and Byrds","floor":27,"turns":5},{"damage":12,"enemies":"Book of Stabbing","floor":28,"turns":5},{"damage":5,"enemies":"Centurion and Healer","floor":29,"turns":5},{"damage":74,"enemies":"Champ","floor":33,"turns":9},{"damage":9,"enemies":"Orb Walker","floor":35,"turns":3},{"damage":11,"enemies":"3 Darklings","floor":36,"turns":4},{"damage":8,"enemies":"Jaw Worm Horde","floor":37,"turns":3},{"damage":6,"enemies":"4 Shapes","floor":38,"turns":5},{"damage":33,"enemies":"Nemesis","floor":40,"turns":5},{"damage":14,"enemies":"Writhing Mass","floor":42,"turns":4},{"damage":8,"enemies":"Reptomancer","floor":46,"turns":3},{"damage":28,"enemies":"Transient","floor":47,"turns":5},{"damage":2,"enemies":"Mind Bloom Boss Battle","floor":48,"turns":8},{"damage":45,"enemies":"Awakened One","floor":50,"turns":8}],"seed_played":"6041428609020455775","potions_obtained":[{"floor":1.0,"key":"EntropicBrew"},{"floor":2.0,"key":"SkillPotion"},{"floor":3.0,"key":"LiquidBronze"},{"floor":16.0,"key":"Energy Potion"},{"floor":19.0,"key":"Block Potion"},{"floor":22.0,"key":"PowerPotion"},{"floor":33,"key":"Strength Potion"},{"floor":46,"key":"EssenceOfSteel"}],"is_trial":false,"path_per_floor":["M","M","M","M","M","R","?","E","T","M","R","M","R","E","R","B",null,"M","M","$","M","M","R","?","?","T","M","E","M","R","?","R","B",null,"M","M","M","M","$","E","R","M","T","?","?","E","M","?","R","B",null],"character_chosen":"IRONCLAD","items_purchased":["Gremlin Horn","Offering"],"campfire_rested":4,"item_purchase_floors":[20,39],"current_hp_per_floor":[78,77,78,78,70,70,75,54,54,51,51,47,47,28,28,24,85,77,83,83,85,85,85,69,90,90,90,84,85,90,90,90,22,90,87,82,80,80,80,53,80,72,72,72,72,70,48,52,79,40],"gold":89,"neow_bonus":"REMOVE_TWO","is_daily":false,"chose_seed":false,"campfire_upgraded":4,"win_rate":0.0,"timestamp":1610299950,"path_taken":["M","M","M","M","M","R","?","E","T","M","R","M","R","E","R","BOSS","M","M","$","M","M","R","?","?","T","M","E","M","R","?","R","BOSS","M","M","M","M","$","E","R","M","T","?","?","E","?","?","R","BOSS"],"items_purchased_type":["Relic","Card"],"build_version":"2020-12-22","purchased_purges":2,"victory":true,"max_hp_per_floor":[80,80,80,80,80,80,85,85,85,85,85,85,85,85,85,85,85,85,85,85,85,85,85,90,90,90,90,90,90,90,90,90,90,90,90,90,90,90,90,90,90,90,90,90,90,90,90,90,90,90],"card_choices":[{"not_picked":["Headbutt","Clash"],"picked":"Rampage","floor":1.0},{"not_picked":["Thunderclap","Havoc","Pummel"],"picked":"SKIP","floor":2.0},{"not_picked":["Havoc","Pummel"],"picked":"Thunderclap","floor":2.0},{"not_picked":["Rage","Armaments"],"picked":"Evolve","floor":3.0},{"not_picked":["Warcry","Twin Strike","Pummel"],"picked":"SKIP","floor":4.0},{"not_picked":["Wild Strike","Inflame"],"picked":"Pommel Strike","floor":5.0},{"not_picked":["Thunderclap","Heavy Blade"],"picked":"Shrug It Off","floor":8.0},{"not_picked":["Rupture","Shockwave","Clothesline"],"picked":"SKIP","floor":10.0},{"not_picked":["Clash","Evolve","Seeing Red"],"picked":"SKIP","floor":12.0},{"not_picked":["Thunderclap","Ghostly Armor","Second Wind"],"picked":"SKIP","floor":14.0},{"not_picked":["Barricade","Berserk"],"picked":"Double Tap","floor":16.0},{"not_picked":["Seeing Red+1","Rage","Sever Soul+1"],"picked":"SKIP","floor":18.0},{"not_picked":["Iron Wave","Anger+1"],"picked":"Disarm+1","floor":19.0},{"not_picked":["Havoc","Metallicize","Whirlwind"],"picked":"SKIP","floor":21.0},{"not_picked":["Fire Breathing+1","True Grit","Feel No Pain"],"picked":"SKIP","floor":22.0},{"not_picked":["Fire Breathing+1","True Grit","Feel No Pain"],"picked":"SKIP","floor":22.0},{"not_picked":["Immolate","Armaments"],"picked":"Pommel Strike+1","floor":27},{"not_picked":["Reckless Charge","Shrug It Off"],"picked":"Headbutt+1","floor":28},{"not_picked":["Thunderclap+1","Whirlwind"],"picked":"Pommel Strike+1","floor":29},{"not_picked":["Inflame","Twin Strike+1","Thunderclap"],"picked":"SKIP","floor":35},{"not_picked":["Inflame","Spot Weakness","Seeing Red+1"],"picked":"SKIP","floor":36},{"not_picked":["Sentinel","Havoc","Second Wind"],"picked":"SKIP","floor":37},{"not_picked":["Power Through+1","Body Slam","Blood for Blood"],"picked":"SKIP","floor":38},{"not_picked":["Pummel","Twin Strike"],"picked":"True Grit+1","floor":40},{"not_picked":["Anger+1","Burning Pact","Combust+1"],"picked":"SKIP","floor":42},{"not_picked":["Clothesline","Rampage","Hemokinesis+1"],"picked":"SKIP","floor":46},{"not_picked":["Clothesline","Rampage","Hemokinesis+1"],"picked":"SKIP","floor":46},{"not_picked":["Shockwave+1","Rage"],"picked":"Pommel Strike+1","floor":47}],"player_experience":468684,"relics_obtained":[{"floor":8.0,"key":"Charon\u0027s Ashes"},{"floor":9.0,"key":"Omamori"},{"floor":14.0,"key":"Orichalcum"},{"floor":26,"key":"Ginger"},{"floor":28,"key":"Vajra"},{"floor":40,"key":"White Beast Statue"},{"floor":46,"key":"Bottled Lightning"},{"floor":48,"key":"Gambling Chip"}],"event_choices":[{"damage_healed":0.0,"max_hp_gain":5.0,"max_hp_loss":0.0,"gold_gain":0.0,"event_name":"Big Fish","player_choice":"Donut","floor":7.0,"gold_loss":0.0,"damage_taken":0.0},{"damage_healed":0.0,"max_hp_gain":5.0,"max_hp_loss":0.0,"gold_gain":0.0,"event_name":"Forgotten Altar","player_choice":"Shed Blood","floor":24.0,"gold_loss":0.0,"damage_taken":21.0},{"damage_healed":30,"gold_gain":0,"player_choice":"Heal","damage_taken":0,"max_hp_gain":0,"max_hp_loss":0,"event_name":"The Library","floor":25,"gold_loss":0},{"damage_healed":0,"gold_gain":0,"player_choice":"Ignored","damage_taken":0,"max_hp_gain":0,"max_hp_loss":0,"event_name":"Ghosts","floor":31,"gold_loss":0},{"damage_healed":0,"gold_gain":0,"player_choice":"Paid","damage_taken":0,"relics_obtained":["Red Mask"],"max_hp_gain":0,"max_hp_loss":0,"event_name":"Tomb of Lord Red Mask","floor":44,"gold_loss":55},{"cards_removed":["Strike_R"],"damage_healed":0,"gold_gain":0,"player_choice":"Purged","damage_taken":0,"max_hp_gain":0,"max_hp_loss":0,"event_name":"Purifier","floor":45,"gold_loss":0},{"damage_healed":0,"gold_gain":0,"player_choice":"Fight","damage_taken":0,"max_hp_gain":0,"max_hp_loss":0,"event_name":"MindBloom","floor":48,"gold_loss":0}],"is_beta":false,"boss_relics":[{"not_picked":["Runic Dome","Snecko Eye"],"picked":"Fusion Hammer"},{"not_picked":["Astrolabe","Calling Bell"],"picked":"Cursed Key"}],"items_purged_floors":[20,39],"is_endless":false,"potions_floor_spawned":[1,2,3,16,19,22,27,33,35,40,42,46,47,48],"ascension_level":1}}