{"host":"Bilverbakes","time":1610255493,"event":{"mods":["2.2 Compatiblity","AchievementEnabler","BaseMod","Bestiary","Colored Map","Minty Spire (QoL Compilation)","Relic Stats","StSLib","ojb\u0027s Info Mod"],"gold_per_floor":[115,130,130,142,142,176,176,8,35,35,54,67,117,147,147,245,245,265,284,284,300,60,60,75,108,108,142,155,183,183,198,198,271,271,290,270,289,309,320,346,346,346,373,373,408,408,421,454,454,454,454],"floor_reached":50,"playtime":2685,"items_purged":["Pain"],"score":1254,"play_id":"3adf4b17-d312-4ad3-a240-87bcdf22cfc1","local_time":"20210109231133","is_ascension_mode":true,"campfire_choices":[{"data":"Whirlwind","floor":7.0,"key":"SMITH"},{"data":"Inflame","floor":10.0,"key":"SMITH"},{"data":"Bash","floor":15.0,"key":"SMITH"},{"data":"Uppercut","floor":23.0,"key":"SMITH"},{"data":"Immolate","floor":32.0,"key":"SMITH"},{"data":"Double Tap","floor":41.0,"key":"SMITH"},{"floor":49.0,"key":"RECALL"}],"circlet_count":0,"master_deck":["AscendersBane","Bash+1","Inflame+1","Whirlwind+1","Pummel","Thunderclap","Impervious","Offering","Reaper","Uppercut+1","Flame Barrier","Immolate+1","Impervious","Double Tap+1","Disarm","Flame Barrier","Ghostly Armor","Iron Wave","Carnage","Dropkick","Wild Strike","Enlightenment","Shockwave","Pommel Strike+1"],"relics":["Burning Blood","MealTicket","Toolbox","Toy Ornithopter","InkBottle","Snecko Eye","WarpedTongs","Bag of Preparation","War Paint","Mercury Hourglass","TungstenRod","Magic Flower","Pandora\u0027s Box","Ancient Tea Set","Peace Pipe","Omamori"],"acts_visited":["Exordium","TheCity","TheBeyond"],"potions_floor_usage":[50],"damage_taken":[{"damage":4.0,"enemies":"2 Louse","floor":1.0,"turns":4.0},{"damage":7.0,"enemies":"Jaw Worm","floor":2.0,"turns":3.0},{"damage":6.0,"enemies":"Cultist","floor":4.0,"turns":4.0},{"damage":23.0,"enemies":"3 Sentries","floor":6.0,"turns":3.0},{"damage":9.0,"enemies":"Exordium Wildlife","floor":11.0,"turns":4.0},{"damage":0.0,"enemies":"Red Slaver","floor":12.0,"turns":4.0},{"damage":35.0,"enemies":"Lagavulin","floor":14.0,"turns":8.0},{"damage":20.0,"enemies":"Slime Boss","floor":16.0,"turns":8.0},{"damage":29.0,"enemies":"Spheric Guardian","floor":18.0,"turns":5.0},{"damage":18.0,"enemies":"Shell Parasite","floor":19.0,"turns":4.0},{"damage":27.0,"enemies":"Snake Plant","floor":21.0,"turns":3.0},{"damage":6.0,"enemies":"3 Cultists","floor":24.0,"turns":3.0},{"damage":7.0,"enemies":"Gremlin Leader","floor":25.0,"turns":4.0},{"damage":6.0,"enemies":"Slavers","floor":27.0,"turns":2.0},{"damage":5.0,"enemies":"Centurion and Healer","floor":28.0,"turns":2.0},{"damage":19.0,"enemies":"Book of Stabbing","floor":29.0,"turns":4.0},{"damage":0.0,"enemies":"Shelled Parasite and Fungi","floor":31.0,"turns":2.0},{"damage":40.0,"enemies":"Collector","floor":33.0,"turns":6.0},{"damage":11.0,"enemies":"3 Darklings","floor":35.0,"turns":2.0},{"damage":0.0,"enemies":"3 Shapes","floor":37.0,"turns":1.0},{"damage":5.0,"enemies":"Spire Growth","floor":38.0,"turns":3.0},{"damage":6.0,"enemies":"Jaw Worm Horde","floor":39.0,"turns":2.0},{"damage":11.0,"enemies":"Reptomancer","floor":40.0,"turns":4.0},{"damage":37.0,"enemies":"Giant Head","floor":45.0,"turns":6.0},{"damage":0.0,"enemies":"Sphere and 2 Shapes","floor":47.0,"turns":1.0},{"damage":51.0,"enemies":"Nemesis","floor":48.0,"turns":8.0},{"damage":47,"enemies":"Donu and Deca","floor":50,"turns":7}],"seed_played":"6315899203273561984","potions_obtained":[{"floor":1.0,"key":"SkillPotion"},{"floor":4.0,"key":"PowerPotion"},{"floor":14.0,"key":"Weak Potion"},{"floor":21.0,"key":"PowerPotion"},{"floor":24.0,"key":"DistilledChaos"},{"floor":25.0,"key":"LiquidMemories"},{"floor":28.0,"key":"Ancient Potion"},{"floor":36.0,"key":"FearPotion"},{"floor":40.0,"key":"ElixirPotion"},{"floor":47.0,"key":"Explosive Potion"}],"is_trial":false,"path_per_floor":["M","M","?","M","?","E","R","$","T","R","M","M","?","E","R","B",null,"M","M","?","M","$","R","M","E","T","E","M","E","?","M","R","B",null,"M","?","M","M","M","E","R","?","T","?","E","?","M","E","R","B"],"character_chosen":"IRONCLAD","items_purchased":["Toolbox","Bag of Preparation"],"campfire_rested":0,"item_purchase_floors":[8,22],"current_hp_per_floor":[77,76,76,76,76,59,59,74,74,74,71,77,69,40,40,26,68,46,45,45,38,53,53,71,70,70,82,82,74,51,60,60,47,77,75,75,84,87,87,87,87,78,78,78,64,64,73,39,39,0,0],"gold":454,"neow_bonus":"TEN_PERCENT_HP_BONUS","is_daily":false,"chose_seed":false,"campfire_upgraded":6,"win_rate":0.0,"timestamp":1610255493,"path_taken":["M","M","?","M","?","E","R","$","T","R","?","M","?","E","R","BOSS","M","M","?","M","$","R","?","E","T","E","M","E","?","M","R","BOSS","M","?","M","?","M","E","R","?","T","?","E","?","M","E","R","BOSS"],"items_purchased_type":["Relic","Relic"],"build_version":"2020-12-18","purchased_purges":1,"victory":false,"max_hp_per_floor":[82,82,82,82,82,82,82,82,82,82,82,82,82,82,82,82,82,82,82,82,82,82,82,82,82,82,82,82,82,87,87,87,87,87,87,87,87,87,87,87,87,87,87,87,87,87,87,87,87,87,87],"relic_stats":{"counters":[27,106],"Magic Flower":[35],"Bag of Preparation":[32],"War Paint":["Defend_R","Defend_R"],"Burning Blood":162,"WarpedTongs":[57],"Mercury Hourglass":[180],"Peace Pipe":0,"Snecko Eye":[118,130,150,115],"MealTicket":30,"Pandora\u0027s Box":["Double Tap","Disarm","Flame Barrier","Ghostly Armor","Feed","Iron Wave","Carnage","Dropkick","Wild Strike"],"obtain_stats":[{"Magic Flower":29,"Bag of Preparation":22,"Omamori":48,"War Paint":25,"Ancient Tea Set":40,"Burning Blood":0,"WarpedTongs":20,"Mercury Hourglass":26,"Peace Pipe":45,"Toolbox":8,"Snecko Eye":17,"MealTicket":6,"Pandora\u0027s Box":34,"Toy Ornithopter":9,"InkBottle":14,"TungstenRod":27},{"Magic Flower":16,"Bag of Preparation":11,"Omamori":26,"War Paint":13,"Ancient Tea Set":23,"Burning Blood":0,"WarpedTongs":10,"Mercury Hourglass":13,"Peace Pipe":24,"Toolbox":4,"Snecko Eye":8,"MealTicket":4,"Pandora\u0027s Box":18,"Toy Ornithopter":4,"InkBottle":7,"TungstenRod":14},{"Magic Flower":65,"Bag of Preparation":50,"Omamori":99,"War Paint":57,"Ancient Tea Set":85,"Burning Blood":0,"WarpedTongs":47,"Mercury Hourglass":57,"Peace Pipe":91,"Toolbox":14,"Snecko Eye":38,"MealTicket":14,"Pandora\u0027s Box":73,"Toy Ornithopter":14,"InkBottle":30,"TungstenRod":59}],"Toy Ornithopter":31,"InkBottle":[28],"TungstenRod":33},"card_choices":[{"not_picked":["Dropkick","Iron Wave"],"picked":"Inflame","floor":1.0},{"not_picked":["Wild Strike","Anger"],"picked":"Whirlwind","floor":2.0},{"not_picked":["Warcry","Inflame"],"picked":"Pummel","floor":4.0},{"not_picked":["Reckless Charge","Warcry"],"picked":"Thunderclap","floor":6.0},{"not_picked":["Iron Wave","Flex"],"picked":"Impervious","floor":11.0},{"not_picked":["Dropkick","Clothesline","Flex"],"picked":"SKIP","floor":12.0},{"not_picked":["Flex","Headbutt"],"picked":"Offering","floor":14.0},{"not_picked":["Juggernaut","Corruption"],"picked":"Reaper","floor":16.0},{"not_picked":["Havoc","Sentinel","Iron Wave"],"picked":"SKIP","floor":18.0},{"not_picked":["Searing Blow","Rupture","True Grit"],"picked":"SKIP","floor":19.0},{"not_picked":["Inflame","Thunderclap+1"],"picked":"Uppercut","floor":21.0},{"not_picked":["Cleave","Flex","Infernal Blade"],"picked":"SKIP","floor":24.0},{"not_picked":["Clash+1","Havoc"],"picked":"Flame Barrier","floor":25.0},{"not_picked":["Heavy Blade","Anger"],"picked":"Immolate","floor":27.0},{"not_picked":["Rupture","Thunderclap","Pummel"],"picked":"SKIP","floor":28.0},{"not_picked":["Flex","Rampage","Sword Boomerang+1"],"picked":"SKIP","floor":29.0},{"not_picked":["Cleave","Intimidate","Headbutt"],"picked":"SKIP","floor":31.0},{"not_picked":["Berserk","Feed"],"picked":"Impervious","floor":33.0},{"not_picked":["Clothesline","Body Slam","Flex+1"],"picked":"SKIP","floor":35.0},{"not_picked":["Flex+1","Spot Weakness","Twin Strike"],"picked":"SKIP","floor":37.0},{"not_picked":["Flex+1","Warcry","Battle Trance"],"picked":"SKIP","floor":38.0},{"not_picked":["Havoc","Body Slam+1","True Grit"],"picked":"SKIP","floor":39.0},{"not_picked":["Cleave","Twin Strike+1","Sever Soul"],"picked":"SKIP","floor":40.0},{"not_picked":["Discovery","Chrysalis"],"picked":"Enlightenment","floor":42.0},{"not_picked":["Pummel","Body Slam"],"picked":"Shockwave","floor":45.0},{"not_picked":["Fire Breathing","Body Slam","Dropkick"],"picked":"SKIP","floor":47.0},{"not_picked":["Flex+1","Rupture"],"picked":"Pommel Strike+1","floor":48.0}],"player_experience":655195,"relics_obtained":[{"floor":6.0,"key":"MealTicket"},{"floor":9.0,"key":"Toy Ornithopter"},{"floor":14.0,"key":"InkBottle"},{"floor":25.0,"key":"War Paint"},{"floor":26.0,"key":"Mercury Hourglass"},{"floor":27.0,"key":"TungstenRod"},{"floor":29.0,"key":"Magic Flower"},{"floor":40.0,"key":"Ancient Tea Set"},{"floor":45.0,"key":"Peace Pipe"},{"floor":48.0,"key":"Omamori"}],"event_choices":[{"damage_healed":0.0,"max_hp_gain":0.0,"max_hp_loss":0.0,"gold_gain":0.0,"event_name":"Scrap Ooze","player_choice":"Fled","floor":3.0,"gold_loss":0.0,"damage_taken":0.0},{"damage_healed":0.0,"max_hp_gain":0.0,"max_hp_loss":0.0,"gold_gain":0.0,"event_name":"Match and Keep!","player_choice":"0 cards matched","floor":5.0,"gold_loss":0.0,"damage_taken":0.0,"cards_obtained":[]},{"damage_healed":0.0,"max_hp_gain":0.0,"max_hp_loss":0.0,"gold_gain":50.0,"event_name":"FaceTrader","player_choice":"Touch","floor":13.0,"gold_loss":0.0,"damage_taken":8.0},{"damage_healed":0.0,"max_hp_gain":0.0,"max_hp_loss":0.0,"gold_gain":0.0,"event_name":"Accursed Blacksmith","player_choice":"Rummage","floor":20.0,"gold_loss":0.0,"damage_taken":0.0,"relics_obtained":["WarpedTongs"],"cards_obtained":["Pain"]},{"damage_healed":0.0,"max_hp_gain":5.0,"max_hp_loss":0.0,"gold_gain":0.0,"event_name":"Forgotten Altar","player_choice":"Shed Blood","floor":30.0,"gold_loss":0.0,"damage_taken":29.0},{"damage_healed":0.0,"max_hp_gain":0.0,"max_hp_loss":0.0,"gold_gain":0.0,"event_name":"The Woman in Blue","player_choice":"Bought 1 Potion","floor":36.0,"gold_loss":0.0,"damage_taken":0.0},{"damage_healed":0.0,"max_hp_gain":0.0,"max_hp_loss":0.0,"gold_gain":0.0,"event_name":"SensoryStone","player_choice":"Memory 3","floor":42.0,"gold_loss":0.0,"damage_taken":10.0},{"cards_removed":["Feed"],"damage_healed":0.0,"max_hp_gain":0.0,"max_hp_loss":0.0,"gold_gain":0.0,"event_name":"Falling","player_choice":"Removed Attack","floor":44.0,"gold_loss":0.0,"damage_taken":0.0},{"damage_healed":0.0,"max_hp_gain":0.0,"max_hp_loss":0.0,"gold_gain":0.0,"event_name":"Tomb of Lord Red Mask","player_choice":"Ignored","floor":46.0,"gold_loss":0.0,"damage_taken":0.0}],"is_beta":true,"boss_relics":[{"not_picked":["Runic Pyramid","Sozu"],"picked":"Snecko Eye"},{"not_picked":["Calling Bell","Astrolabe"],"picked":"Pandora\u0027s Box"}],"items_purged_floors":[22],"is_endless":false,"potions_floor_spawned":[1,4,14,16,21,24,25,28,37,40,47],"killed_by":"Donu and Deca","ascension_level":20}}