{"host":"svwqvw2il1zfkkg0","time":1610263973,"event":{"mods":["AchievementEnabler","BaseMod","BetterRewards","Colored Map","Colored Powertips","Custom Start","Downfall","GifTheSpireLib","Highlight Path","Hubris","Infinite Spire","Minty Spire (QoL Compilation)","Quick Restart","Replay The Spire","Shop Mod","StSLib","SuperFastMode"],"gold_per_floor":[211,33,47,47,59,59,24,55,79,79,113,131,158,174,174,272,272,289,289,64,79,95,120,138,155,229,261,261,261,275,288,288,288,288],"floor_reached":33,"playtime":968,"items_purged":[],"score":334,"play_id":"98fe1995-5289-430f-8242-7d681ba83962","local_time":"20210109233253","is_ascension_mode":false,"campfire_choices":[{"data":"All Out Attack","floor":6,"key":"SMITH"},{"data":"Blade Dance","floor":10,"key":"SMITH"},{"floor":15,"key":"REST"},{"floor":28,"key":"REST"},{"floor":32,"key":"REST"}],"circlet_count":0,"master_deck":["Strike_G","Strike_G","Strike_G","Strike_G","Strike_G","Defend_G","Defend_G","Defend_G","Defend_G","Defend_G","Survivor","Neutralize","Blade Dance+1","Finisher","All Out Attack+1","Accuracy","hubris:Counter","Dagger Spray","Dagger Spray","Prepared","Prepared","After Image","Backstab","Choke","Cloak And Dagger+1","Unload","Backstab"],"relics":["Ring of the Snake","infinitespire:Joker Card","Ancient Tea Set","Iron Hammer","Du-Vu Doll","Black Star","Membership Card","Blue Doll","hubris:DeckOfHolding","ReplayTheSpireMod:TigerMarble","infinitespire:Broken Mirror","Juzu Bracelet","Dream Catcher"],"acts_visited":["Exordium","TheCity"],"potions_floor_usage":[11,12,18,18,22,22,23,23,25,25,27],"damage_taken":[{"damage":3,"enemies":"Jaw Worm","floor":1,"turns":3},{"damage":2,"enemies":"2 Louse","floor":3,"turns":2},{"damage":0,"enemies":"Cultist","floor":5,"turns":3},{"damage":12,"enemies":"3 Sentries","floor":8,"turns":4},{"damage":6,"enemies":"Gremlin Nob","floor":11,"turns":3},{"damage":7,"enemies":"Gremlin Gang","floor":12,"turns":2},{"damage":0,"enemies":"Replay:BlueRogue","floor":13,"turns":1},{"damage":0,"enemies":"Looter","floor":14,"turns":2},{"damage":11,"enemies":"Slime Boss","floor":16,"turns":5},{"damage":2,"enemies":"Chosen","floor":18,"turns":3},{"damage":0,"enemies":"3 Byrds","floor":21,"turns":3},{"damage":5,"enemies":"Centurion and Healer","floor":22,"turns":6},{"damage":15,"enemies":"Replay:Snechameleon","floor":23,"turns":4},{"damage":5,"enemies":"Snake Plant","floor":24,"turns":2},{"damage":9,"enemies":"Shelled Parasite and Fungi","floor":25,"turns":3},{"damage":14,"enemies":"Slavers","floor":27,"turns":4},{"damage":7,"enemies":"3 Cultists","floor":30,"turns":4},{"damage":0,"enemies":"Chosen and Byrds","floor":31,"turns":4},{"damage":81,"enemies":"Collector","floor":33,"turns":6}],"seed_played":"-2108953438216390609","potions_obtained":[{"floor":5,"key":"LiquidBronze"},{"floor":8,"key":"Fire Potion"},{"floor":13,"key":"SteroidPotion"},{"floor":16,"key":"DuplicationPotion"},{"floor":18,"key":"EssenceOfSteel"},{"floor":19,"key":"infinitespire:BlackPotion"},{"floor":19,"key":"GhostInAJar"},{"floor":22,"key":"champ:CounterPotion"},{"floor":23,"key":"Adrenaline Potion"},{"floor":24,"key":"SpeedPotion"}],"is_trial":false,"path_per_floor":["M","$","M","$","M","R","?","E","T","R","E","M","E","M","R","B",null,"M","?","$","M","M","E","M","M","T","E","R","$","M","M","R","B"],"character_chosen":"THE_SILENT","items_purchased":["Finisher","All Out Attack","Accuracy","Membership Card","Blue Doll"],"campfire_rested":3,"item_purchase_floors":[2,2,2,20,20],"current_hp_per_floor":[67,67,65,65,65,65,70,58,58,58,52,45,45,45,66,55,70,68,68,68,68,63,48,43,34,34,20,41,41,34,34,55,0,0],"gold":288,"neow_bonus":"HUNDRED_GOLD","is_daily":false,"chose_seed":false,"campfire_upgraded":2,"win_rate":0.0,"timestamp":1610263973,"path_taken":["M","$","M","$","M","R","?","E","T","R","E","M","E","M","R","BOSS","M","?","$","M","M","E","M","M","T","E","R","?","M","M","R","BOSS"],"items_purchased_type":["Card","Card","Card","Relic","Relic"],"build_version":"2020-12-22","purchased_purges":0,"victory":false,"max_hp_per_floor":[70,70,70,70,70,70,70,70,70,70,70,70,70,70,70,70,70,70,70,70,70,70,70,70,70,70,70,70,70,70,70,70,70,70],"card_choices":[{"not_picked":["Tactician","Prepared"],"picked":"Blade Dance","floor":1},{"not_picked":["Setup","Flechettes"],"picked":"hubris:Counter","floor":3},{"not_picked":["Well Laid Plans","Blur"],"picked":"Dagger Spray","floor":5},{"not_picked":["hubris:TrickCloak","Hidden Blade"],"picked":"Dagger Spray","floor":8},{"not_picked":["Outmaneuver","Flechettes","Expertise"],"picked":"SKIP","floor":11},{"not_picked":["ReplayTheSpireMod:Scrap Shanks","Deflect"],"picked":"Prepared","floor":12},{"not_picked":["Poisoned Stab","Distraction"],"picked":"Prepared","floor":13},{"not_picked":["Bouncing Flask","Replay:Poison Smokescreen","Night Terror"],"picked":"SKIP","floor":14},{"not_picked":["Phantasmal Killer","Burst"],"picked":"After Image","floor":16},{"not_picked":["Terror","Outmaneuver"],"picked":"Backstab","floor":18},{"not_picked":["Slice","ReplayTheSpireMod:Tripwire"],"picked":"Choke","floor":21},{"not_picked":["Crippling Poison","ReplayTheSpireMod:The Works+1","Deadly Poison"],"picked":"SKIP","floor":22},{"not_picked":["hubris:SlightOfHand","Calculated Gamble+1"],"picked":"Cloak And Dagger+1","floor":23},{"not_picked":["Underhanded Strike","Hidden Blade","Replay:Poison Smokescreen"],"picked":"SKIP","floor":24},{"not_picked":["Dagger Throw","Poisoned Stab+1"],"picked":"Unload","floor":25},{"not_picked":["Acrobatics","Poisoned Stab","Deadly Poison"],"picked":"SKIP","floor":27},{"not_picked":["Dodge and Roll","Well Laid Plans"],"picked":"Backstab","floor":30},{"not_picked":["Night Terror","Infinite Blades","Backstab"],"picked":"SKIP","floor":31}],"player_experience":469497,"relics_obtained":[{"floor":8,"key":"infinitespire:Joker Card"},{"floor":9,"key":"Ancient Tea Set"},{"floor":11,"key":"Iron Hammer"},{"floor":13,"key":"Du-Vu Doll"},{"floor":23,"key":"hubris:DeckOfHolding"},{"floor":23,"key":"ReplayTheSpireMod:TigerMarble"},{"floor":26,"key":"infinitespire:Broken Mirror"},{"floor":27,"key":"Juzu Bracelet"},{"floor":27,"key":"Dream Catcher"}],"event_choices":[{"damage_healed":17,"gold_gain":0,"player_choice":"Healed","damage_taken":0,"max_hp_gain":0,"max_hp_loss":0,"event_name":"The Cleric","floor":7,"gold_loss":35},{"damage_healed":0,"gold_gain":0,"player_choice":"Got Potions","damage_taken":0,"max_hp_gain":0,"max_hp_loss":0,"event_name":"Lab","floor":19,"gold_loss":0}],"is_beta":false,"boss_relics":[{"not_picked":["Painkiller Herb","Ring of the Serpent"],"picked":"Black Star"}],"items_purged_floors":[],"is_endless":false,"potions_floor_spawned":[5,8,13,16,18,22,23,24],"killed_by":"Collector","ascension_level":0}}