{"host":"os7ajuuouznx3pj7","time":1610308000,"event":{"mods":["AchievementEnabler","BaseMod","Bestiary","Block Reminder","Colored Map","Colored Powertips","Keyboard Shortcuts","Minty Spire (QoL Compilation)","Quick Restart","Relic Sorter","Relic Stats","SuperFastMode"],"gold_per_floor":[109,109,126,145,145,145,168,93,93,113,37,37,56,71,71,202,202],"floor_reached":16,"playtime":2188,"items_purged":["Strike_P"],"score":144,"play_id":"e05fbb45-4ae7-4d8e-90da-03f448c4e466","local_time":"20210110174640","is_ascension_mode":false,"campfire_choices":[{"data":"Eruption","floor":6.0,"key":"SMITH"},{"data":"Conclude","floor":12,"key":"SMITH"},{"data":"Adaptation","floor":15,"key":"SMITH"}],"circlet_count":0,"master_deck":["Strike_P","Strike_P","Defend_P","Defend_P","Eruption+1","Vigilance","FearNoEvil+1","Evaluate+1","Omniscience+1","ClearTheMind","Adaptation+1","Tantrum","Conclude+1","Perseverance","ReachHeaven","Evaluate","DevaForm"],"relics":["Astrolabe","Sundial","Golden Idol","Letter Opener"],"acts_visited":["Exordium"],"potions_floor_usage":[16],"damage_taken":[{"damage":0.0,"enemies":"Cultist","floor":1.0,"turns":3.0},{"damage":0.0,"enemies":"Small Slimes","floor":3.0,"turns":2.0},{"damage":0.0,"enemies":"Jaw Worm","floor":4.0,"turns":3.0},{"damage":15,"enemies":"Gremlin Gang","floor":7,"turns":3},{"damage":0,"enemies":"Looter","floor":10,"turns":2},{"damage":0,"enemies":"2 Fungi Beasts","floor":13,"turns":2},{"damage":0,"enemies":"Large Slime","floor":14,"turns":2},{"damage":44,"enemies":"The Guardian","floor":16,"turns":6}],"seed_played":"-7489131194519880722","potions_obtained":[{"floor":7,"key":"Fire Potion"},{"floor":10,"key":"StancePotion"},{"floor":13,"key":"ColorlessPotion"},{"floor":14,"key":"GamblersBrew"},{"floor":16,"key":"Dexterity Potion"}],"is_trial":false,"path_per_floor":["M","T","M","M","?","R","M","$","T","M","$","R","M","M","R","B"],"character_chosen":"WATCHER","items_purchased":["ReachHeaven"],"campfire_rested":0,"item_purchase_floors":[11],"current_hp_per_floor":[72,72,72,72,67,67,52,52,52,52,52,52,52,52,52,8,8],"gold":202,"neow_bonus":"BOSS_RELIC","is_daily":false,"chose_seed":false,"campfire_upgraded":3,"win_rate":0.0,"timestamp":1610308000,"path_taken":["M","?","M","M","?","R","M","?","T","M","$","R","M","?","R","BOSS"],"items_purchased_type":["Card"],"build_version":"2020-12-22","purchased_purges":1,"victory":false,"max_hp_per_floor":[72,72,72,72,67,67,67,67,67,67,67,67,67,67,67,67,67],"relic_stats":{"counters":[8,23],"Sundial":[2],"Golden Idol":42,"Astrolabe":["FearNoEvil","Evaluate","Omniscience"],"Letter Opener":[10],"obtain_stats":[{"Sundial":2,"Golden Idol":5,"Astrolabe":0,"Letter Opener":9,"PureWater":0},{"Sundial":1,"Golden Idol":3,"Astrolabe":0,"Letter Opener":4,"PureWater":0},{"Sundial":3,"Golden Idol":8,"Astrolabe":0,"Letter Opener":11,"PureWater":0}]},"card_choices":[{"not_picked":["Protect","CrushJoints"],"picked":"ClearTheMind","floor":1.0},{"not_picked":["FlyingSleeves","CutThroughFate"],"picked":"Adaptation","floor":3.0},{"not_picked":["Halt","EmptyFist"],"picked":"Tantrum","floor":4.0},{"not_picked":["FlyingSleeves","SandsOfTime"],"picked":"Conclude","floor":7},{"not_picked":["WaveOfTheHand","EmptyBody"],"picked":"Perseverance","floor":10},{"not_picked":["WreathOfFlame","Wallop"],"picked":"Evaluate","floor":13},{"not_picked":["Halt","ForeignInfluence","EmptyFist"],"picked":"SKIP","floor":14},{"not_picked":["Devotion","DeusExMachina"],"picked":"DevaForm","floor":16}],"player_experience":917679,"relics_obtained":[{"floor":2.0,"key":"Sundial"},{"floor":9,"key":"Letter Opener"}],"event_choices":[{"damage_healed":0.0,"max_hp_gain":0.0,"max_hp_loss":5.0,"gold_gain":0.0,"event_name":"Golden Idol","player_choice":"Lose Max HP","floor":5.0,"gold_loss":0.0,"damage_taken":0.0,"relics_obtained":["Golden Idol"]}],"is_beta":false,"boss_relics":[],"items_purged_floors":[8],"is_endless":false,"potions_floor_spawned":[7,10,13,14,16],"killed_by":"The Guardian","ascension_level":0}}