{"host":"Krakhan","time":1610308804,"event":{"mods":["AchievementEnabler","BaseMod","Colored Map","Colored Powertips","Faster Ascension Climbing","Highlight Path","Minty Spire (QoL Compilation)","Rare Cards Sparkle","Relic Stats","StSLib"],"gold_per_floor":[111,129,129,79,4,4,24,24,48,61,77,100,100,113,113,113,113],"floor_reached":16,"playtime":389,"items_purged":["Strike_R"],"score":92,"play_id":"3ce99eb2-1dff-469a-89eb-283eb0d46dd9","local_time":"20210110150004","is_ascension_mode":false,"campfire_choices":[{"data":"Bash","floor":6,"key":"SMITH"},{"floor":13,"key":"REST"},{"data":"Armaments","floor":15,"key":"SMITH"}],"circlet_count":0,"master_deck":["Strike_R","Strike_R","Strike_R","Strike_R","Defend_R","Defend_R","Bash+1","Evolve","True Grit","Armaments+1"],"relics":["Burning Blood","Potion Belt","Odd Mushroom"],"acts_visited":["Exordium"],"potions_floor_usage":[12,14,16],"damage_taken":[{"damage":7,"enemies":"2 Louse","floor":1,"turns":3},{"damage":2,"enemies":"Small Slimes","floor":2,"turns":3},{"damage":6,"enemies":"Cultist","floor":7,"turns":3},{"damage":24,"enemies":"Exordium Thugs","floor":10,"turns":5},{"damage":13,"enemies":"Looter","floor":11,"turns":3},{"damage":51,"enemies":"The Mushroom Lair","floor":12,"turns":7},{"damage":6,"enemies":"2 Fungi Beasts","floor":14,"turns":3},{"damage":44,"enemies":"The Guardian","floor":16,"turns":11}],"seed_played":"7524964935888241034","potions_obtained":[{"floor":1,"key":"Block Potion"},{"floor":7,"key":"FearPotion"},{"floor":12,"key":"Explosive Potion"}],"is_trial":false,"path_per_floor":["M","M","?","?","$","R","M","$","T","M","M","?","R","M","R","B"],"character_chosen":"IRONCLAD","items_purchased":[],"campfire_rested":1,"item_purchase_floors":[],"current_hp_per_floor":[79,80,85,85,85,85,85,85,85,67,60,15,40,40,40,0,0],"gold":113,"neow_bonus":"TRANSFORM_CARD","is_daily":false,"chose_seed":false,"campfire_upgraded":2,"win_rate":0.0,"timestamp":1610308804,"path_taken":["M","M","?","?","$","R","M","$","T","M","M","?","R","M","R","BOSS"],"items_purchased_type":[],"build_version":"2020-12-18","purchased_purges":1,"victory":false,"max_hp_per_floor":[80,80,85,85,85,85,85,85,85,85,85,85,85,85,85,85,85],"relic_stats":{"counters":[8,38],"obtain_stats":[{"Potion Belt":9,"Odd Mushroom":12,"Burning Blood":0},{"Potion Belt":3,"Odd Mushroom":6,"Burning Blood":0},{"Potion Belt":9,"Odd Mushroom":24,"Burning Blood":0}],"Burning Blood":39},"card_choices":[{"not_picked":["Dark Embrace","Clash","Anger"],"picked":"SKIP","floor":1},{"not_picked":["Twin Strike","Thunderclap","Clash"],"picked":"SKIP","floor":2},{"not_picked":["Body Slam","Clash","Fire Breathing"],"picked":"SKIP","floor":7},{"not_picked":["Cleave","Pommel Strike"],"picked":"True Grit","floor":10},{"not_picked":["Pommel Strike","Berserk","Flex"],"picked":"SKIP","floor":11},{"not_picked":["Sword Boomerang","Evolve"],"picked":"Armaments","floor":14}],"player_experience":1299670,"relics_obtained":[{"floor":9,"key":"Potion Belt"},{"floor":12,"key":"Odd Mushroom"}],"event_choices":[{"damage_healed":0,"gold_gain":0,"player_choice":"Donut","damage_taken":0,"max_hp_gain":5,"max_hp_loss":0,"event_name":"Big Fish","floor":3,"gold_loss":0},{"cards_removed":["Defend_R"],"damage_healed":0,"gold_gain":0,"player_choice":"Card Removal","damage_taken":0,"max_hp_gain":0,"max_hp_loss":0,"event_name":"The Cleric","floor":4,"gold_loss":50},{"damage_healed":0,"gold_gain":0,"player_choice":"Fought Mushrooms","damage_taken":0,"max_hp_gain":0,"max_hp_loss":0,"event_name":"Mushrooms","floor":12,"gold_loss":0}],"is_beta":true,"boss_relics":[],"items_purged_floors":[5],"is_endless":false,"potions_floor_spawned":[1,7,12],"killed_by":"The Guardian","ascension_level":0}}