{"host":"0cnf9zf1gia27zti","time":1610244751,"event":{"mods":["BaseMod","Better Third Choice","BetterRewards","Card Forge","ChefMod","Colored Map","Colored Powertips","Conspire","Downfall","Googly Eyes","Infinite Spire","Minty Spire (QoL Compilation)","Practice Mode","Quick Restart","Replay The Spire","Shade Mod","Spicy Shops","StSLib","The Marked"],"gold_per_floor":[141,291,321,91,121,121,199,199,199,280,100,202,202,238,238,451,451,502,559,559,598,646,727,727,823,823,877,979,147,237,276,276,498,498,528,19,157,190,232,322,406,493,540,540,590,686,13,43,43,268,505,505,548,579,632,683,25,110,110,152,152,152,522,147,242,294,294,519,519,567,616,722,782,364,466,501,593,593,686,860,901,1013,1065,1269,1513,1513,1569,1600,1855,1923,1981,2070,2113,2145,2170,2061,2098,2137,1648,1696,1696,1929,2140,2140,2140,1673,1756,1935],"floor_reached":109,"playtime":36084,"items_purged":["Doubt"],"score":8152,"play_id":"28e63af5-76a1-4b9c-b5c8-23baf6de0a92","local_time":"20210110021231","daily_mods":["SealedDeck","Colorless Cards","Heirloom","downfall:Lament","DeadlyEvents","Elite Swarm","Midas"],"is_ascension_mode":true,"campfire_choices":[{"floor":6,"key":"REST"},{"floor":8,"key":"REST"},{"floor":15,"key":"REST"},{"floor":32,"key":"REST"},{"floor":44,"key":"REST"},{"floor":49,"key":"DIG"},{"floor":62,"key":"REST"},{"floor":105,"key":"DIG"}],"circlet_count":0,"master_deck":["AscendersBane","Go for the Eyes+1","conspire:Banana+1","Beam Cell+1","Bandage Up+1","Gash+1","Gash+1","Steam+1","Leap+1","Steam+1","Conserve Battery+1","Ball Lightning+1","Steam+1","Self Repair+1","ReplayTheSpireMod:Private Reserves+1","Seek+1","ReplayTheSpireMod:Private Reserves+1","infinitespire:Starlight+1","Replay:SS_hec_2+1","Gash+1","Necronomicurse","The Bomb+1","expansioncontent:DashGenerateEvil+1","ReplayTheSpireMod:Brewmster+1","Go for the Eyes+1","Panache+1","Secret Weapon+1","Bandage Up+1","Meteor Strike+1","Beam Cell+1","All For One+1","Seek+1","Echo Form+1","Mayhem+1","Conserve Battery+1","Reprogram+1","Sweeping Beam+1","Meteor Strike+1","Thinking Ahead+1","Seek+1","Sweeping Beam+1","infinitespire:Fortify+1","All For One+1","Violence+1","Mayhem+1","Gash+1","Bandage Up+1","Discovery+1","Echo Form+1","ReplayTheSpireMod:Brewmster+1","Bandage Up+1","Gash+1","Meteor Strike+1","Conserve Battery+1","Gash+1","Reinforced Body+1","Panache+1","Thinking Ahead+1","CurseOfTheBell","Meteor Strike+1","Master of Strategy+1"],"relics":["Cracked Core","Hammer of Thor","Seething Fire","Anvil of the Gods","NeowsBlessing","Ring of Chaos","Mango","sneckomod:BlankCard","Replay:Bottled Eggs","Oddly Smooth Stone","Durian","ReplayTheSpireMod:CursedCoin","conspire:DecoderRing","Ring of Chaos","Necronomicon","Du-Vu Doll","conspire:IceCreamScoop","Singing Bowl","Centennial Puzzle","champ:DeflectingBracers","Replay:Wax Seal","Replay:Baseball","Replay:Ringing Soul","conspire:SpecialSausage","Unceasing Top","Pen Nib","conspire:GiftBox","Boot","Mirror","ReplayTheSpireMod:Lightbulb","infinitespire:Satchel","Ice Cream","Potion Belt","Happy Flower","ClockworkSouvenir","MealTicket","sneckomod:SneckoTalon","NeowsBlessing","Ring of Chaos","Akabeko","Prayer Wheel","infinitespire:Joker Card","White Beast Statue","Prayer Wheel","Prayer Wheel","Old Coin","infinitespire:Lucky Rock","Replay:Bandana","Busted Crown","Anchor","Sundial","Membership Card","Vajra","Replay:Multitool","Ancient Tea Set","Prayer Wheel","Gambling Chip","Whetstone","Nunchaku","Replay:Bottled Steam","Black Star","Prayer Wheel","Chameleon Ring","infinitespire:Golems Mask","War Paint","Lantern","Prayer Wheel","Prayer Wheel","infinitespire:CursedDice","Bird Faced Urn","Calling Bell","Dream Catcher","Mercury Hourglass","Replay:Kaleidoscope","Ornamental Fan","DollysMirror","ReplayTheSpireMod:Shallot","Omamori","Torii","Bottled Tornado","infinitespire:BottledMercury"],"acts_visited":["Exordium","TheCity","TheBeyond","Exordium","TheCity","TheBeyond","TheEnding"],"potions_floor_usage":[12,18,19,25,30,31,33,33,33,33,35,35,37,37,37,37,40,40,40,40,40,41,42,42,42,42,42,46,46,46,46,48,50,50,50,50,50,51,51,51,51,51,55,55,56,58,58,58,58,63,66,68,68,68,70,70,75,75,75,77,82,82,83,85,85,87,88,90,93,93,94,97,102,102,102,103,103,107,107,108,108,108,108,108,108,108,108],"damage_taken":[{"damage":0,"enemies":"Small Slimes","floor":1,"turns":1},{"damage":0,"enemies":"conspire:RoseBush","floor":3,"turns":1},{"damage":0,"enemies":"2 Louse","floor":5,"turns":2},{"damage":42,"enemies":"Gremlin Nob","floor":7,"turns":6},{"damage":22,"enemies":"3 Sentries","floor":10,"turns":10},{"damage":26,"enemies":"Gremlin Nob","floor":12,"turns":5},{"damage":0,"enemies":"Blue Slaver","floor":14,"turns":2},{"damage":0,"enemies":"Slime Boss","floor":16,"turns":11},{"damage":0,"enemies":"Chosen","floor":18,"turns":6},{"damage":0,"enemies":"conspire:FuzzyDice","floor":19,"turns":7},{"damage":0,"enemies":"3 Cultists","floor":21,"turns":5},{"damage":0,"enemies":"conspire:HollyBat","floor":22,"turns":6},{"damage":26,"enemies":"Slavers","floor":23,"turns":7},{"damage":16,"enemies":"Book of Stabbing","floor":25,"turns":6},{"damage":7,"enemies":"Gremlin Leader","floor":28,"turns":5},{"damage":0,"enemies":"Nightmare","floor":30,"turns":6},{"damage":10,"enemies":"Centurion and Healer","floor":31,"turns":5},{"damage":33,"enemies":"conspire:MysteriousRune","floor":33,"turns":6},{"damage":1,"enemies":"3 Shapes","floor":35,"turns":3},{"damage":39,"enemies":"2 Orb Walkers","floor":37,"turns":4},{"damage":15,"enemies":"Orb Walker","floor":38,"turns":3},{"damage":1,"enemies":"4 Shapes","floor":39,"turns":4},{"damage":10,"enemies":"Nemesis","floor":40,"turns":6},{"damage":2,"enemies":"Giant Head","floor":41,"turns":5},{"damage":0,"enemies":"R_Hoarder","floor":42,"turns":4},{"damage":0,"enemies":"Nemesis","floor":46,"turns":5},{"damage":0,"enemies":"Sphere and 2 Shapes","floor":48,"turns":2},{"damage":76,"enemies":"conspire:OrnateMirror","floor":50,"turns":6},{"damage":0,"enemies":"Donu and Deca","floor":51,"turns":6},{"damage":0,"enemies":"Jaw Worm","floor":53,"turns":1},{"damage":0,"enemies":"Cultist","floor":54,"turns":1},{"damage":0,"enemies":"2 Louse","floor":55,"turns":2},{"damage":0,"enemies":"Gremlin Gang","floor":56,"turns":2},{"damage":0,"enemies":"Lagavulin","floor":58,"turns":3},{"damage":0,"enemies":"Red Slaver","floor":60,"turns":1},{"damage":0,"enemies":"Gremlin Nob","floor":63,"turns":1},{"damage":0,"enemies":"Replay:BlueRogue","floor":65,"turns":2},{"damage":24,"enemies":"Large Slime","floor":66,"turns":2},{"damage":0,"enemies":"The Guardian","floor":68,"turns":3},{"damage":0,"enemies":"3 Byrds","floor":70,"turns":1},{"damage":0,"enemies":"Gremlin Leader","floor":72,"turns":2},{"damage":0,"enemies":"2 Thieves","floor":73,"turns":1},{"damage":21,"enemies":"Book of Stabbing","floor":75,"turns":3},{"damage":0,"enemies":"Snecko","floor":76,"turns":2},{"damage":0,"enemies":"conspire:Head Lice","floor":77,"turns":3},{"damage":0,"enemies":"Gremlin Leader","floor":79,"turns":2},{"damage":0,"enemies":"Centurion and Healer","floor":81,"turns":1},{"damage":0,"enemies":"Slavers","floor":82,"turns":2},{"damage":0,"enemies":"Sentry and Sphere","floor":83,"turns":1},{"damage":0,"enemies":"Automaton","floor":85,"turns":2},{"damage":0,"enemies":"3 Darklings","floor":87,"turns":2},{"damage":47,"enemies":"3 Shapes","floor":88,"turns":2},{"damage":0,"enemies":"Jaw Worm Horde","floor":90,"turns":2},{"damage":0,"enemies":"Maw","floor":91,"turns":2},{"damage":0,"enemies":"R_Hoarder","floor":92,"turns":2},{"damage":0,"enemies":"Spire Growth","floor":93,"turns":1},{"damage":18,"enemies":"4 Shapes","floor":94,"turns":3},{"damage":0,"enemies":"3 Darklings","floor":97,"turns":2},{"damage":0,"enemies":"Sphere and 2 Shapes","floor":98,"turns":2},{"damage":0,"enemies":"Jaw Worm Horde","floor":100,"turns":1},{"damage":18,"enemies":"Awakened One","floor":102,"turns":4},{"damage":57,"enemies":"Time Eater","floor":103,"turns":4},{"damage":0,"enemies":"Shield and Spear","floor":107,"turns":3},{"damage":48,"enemies":"The Heart","floor":108,"turns":6}],"seed_played":"-1362594735336440194","potions_obtained":[{"floor":7,"key":"Weak Potion"},{"floor":16,"key":"ColorlessPotion"},{"floor":18,"key":"Explosive Potion"},{"floor":23,"key":"SkillPotion"},{"floor":25,"key":"SpeedPotion"},{"floor":40,"key":"BlessingOfTheForge"},{"floor":42,"key":"Toxic Potion"},{"floor":48,"key":"EssenceOfSteel"},{"floor":50,"key":"Venom Potion"},{"floor":51,"key":"Slimebound:ThreeZeroPotion"},{"floor":53,"key":"Ancient Potion"},{"floor":58,"key":"Reflective Coating"},{"floor":63,"key":"champ:CounterPotion"},{"floor":65,"key":"Strength Potion"},{"floor":66,"key":"Milkshake"},{"floor":68,"key":"Reflective Coating"},{"floor":70,"key":"FocusPotion"},{"floor":72,"key":"Ancient Potion"},{"floor":73,"key":"champ:CounterPotion"},{"floor":75,"key":"Dexterity Potion"},{"floor":76,"key":"Doom Potion"},{"floor":77,"key":"Cursed Concoction"},{"floor":79,"key":"PowerPotion"},{"floor":82,"key":"Swift Potion"},{"floor":83,"key":"LiquidMemories"},{"floor":85,"key":"Weak Potion"},{"floor":87,"key":"Weak Potion"},{"floor":88,"key":"ColorlessPotion"},{"floor":93,"key":"Elixir"},{"floor":94,"key":"Fire Potion"},{"floor":97,"key":"FocusPotion"},{"floor":98,"key":"Milkshake"},{"floor":100,"key":"Swift Potion"},{"floor":101,"key":"Guardian:BlockOnCardUsePotion"},{"floor":102,"key":"Weak Potion"},{"floor":103,"key":"Adrenaline Potion"},{"floor":107,"key":"LiquidBronze"}],"is_trial":true,"path_per_floor":["M","?","M","$","M","R","E","R","T","E","$","E","?","M","R","B",null,"M","M","?","M","M","E","$","E","T","T","E","$","NM","M","R","B",null,"M","$","?","M","M","E","E","E","T","R","?","E","$","M","R_BF","B","B",null,"M","M","M","M","$","E","?","M","T","R","E","$","E","M","R_BF","B",null,"M","T","E","M","$","E","M","E","T","E","R","M","E","M","R_BF","B",null,"M","M","?","M","M","E","M","M","T","$","M","M","$","M","R","B","B",null,"R","$","E","B",null],"character_chosen":"DEFECT","items_purchased":["Self Repair+1","sneckomod:BlankCard","ReplayTheSpireMod:Private Reserves","ReplayTheSpireMod:CursedCoin","ReplayTheSpireMod:Brewmster","Replay:Wax Seal","Replay:Baseball","Go for the Eyes","Unceasing Top","Pen Nib","Mayhem","Potion Belt","Happy Flower","ClockworkSouvenir","Meteor Strike","ReplayTheSpireMod:Fabricate Wheel","Akabeko","Thinking Ahead","Mayhem","infinitespire:Lucky Rock","Membership Card","Vajra","Replay:Multitool","Lantern","Gash+1","Prayer Wheel","infinitespire:CursedDice","Bird Faced Urn","DollysMirror","ReplayTheSpireMod:Shallot","Omamori","Torii"],"campfire_rested":6,"item_purchase_floors":[4,4,11,11,29,29,29,29,36,36,47,47,47,47,57,57,57,57,64,64,74,74,74,96,96,99,99,99,106,106,106,106],"current_hp_per_floor":[78,78,78,78,87,87,57,83,83,94,94,86,63,79,98,100,100,102,104,83,106,108,110,110,112,112,112,114,114,119,123,123,110,124,128,128,105,106,146,151,156,161,161,161,161,165,168,172,172,124,180,180,183,186,189,193,196,199,199,204,204,204,207,210,212,195,219,223,223,236,236,239,247,247,252,265,267,267,271,271,280,282,292,292,298,298,310,287,293,308,357,359,372,386,386,389,408,422,422,439,439,443,422,445,445,454,457,458],"gold":1935,"neow_bonus":"","is_daily":false,"chose_seed":false,"campfire_upgraded":0,"win_rate":0.0,"timestamp":1610244751,"path_taken":["M","?","M","$","M","R","E","R","T","E","$","E","?","M","R","BOSS","M","M","?","M","M","E","$","E","T","?","E","$","NM","M","R","BOSS","M","$","?","M","?","E","?","E","T","R","?","E","$","M","R_BF","BOSS","BOSS","M","?","M","M","$","E","?","M","T","R","E","$","E","M","R_BF","BOSS","M","?","?","M","$","E","M","E","T","E","R","M","E","?","R_BF","BOSS","M","M","?","M","M","E","M","M","T","$","M","M","$","M","R","BOSS","BOSS","R","$","E","BOSS"],"items_purchased_type":["Card","Relic","Card","Relic","Card","Relic","Relic","Card","Relic","Relic","Card","Relic","Relic","Relic","Card","Card","Relic","Card","Card","Relic","Relic","Relic","Relic","Relic","Card","Relic","Relic","Relic","Relic","Relic","Relic","Relic"],"build_version":"2020-12-22","purchased_purges":1,"victory":true,"max_hp_per_floor":[85,85,85,85,87,87,89,89,89,96,96,98,98,98,98,100,100,102,104,104,106,108,110,110,112,112,112,114,114,119,123,123,128,128,133,133,138,142,146,151,156,161,161,161,161,165,168,172,172,176,180,180,183,186,189,193,196,199,199,204,204,204,207,210,212,219,219,223,223,236,236,239,247,247,252,265,267,267,271,271,280,282,292,292,298,298,310,322,328,343,357,359,372,386,386,389,408,422,422,439,439,445,448,451,451,454,457,461],"card_choices":[{"not_picked":["Purity","Heatsinks"],"picked":"Ball Lightning","floor":1},{"not_picked":["Turbo","ReplaySolidLightProjector"],"picked":"Steam","floor":3},{"not_picked":["Replay:Parry","Beam Cell"],"picked":"ReplayTheSpireMod:Private Reserves","floor":5},{"not_picked":["Creative AI","Secret Technique"],"picked":"Seek","floor":7},{"not_picked":["expansioncontent:Corrupt","Mirror Shield","Crow Ritual"],"picked":"SKIP","floor":10},{"not_picked":["ReplayUltimateDefense","expansioncontent:DashGenerateEvil","Thunder Strike"],"picked":"SKIP","floor":12},{"not_picked":["ReplayTheSpireMod:Haul","ReplayTheSpireMod:??????????????????????"],"picked":"infinitespire:Starlight","floor":13},{"not_picked":["Conserve Battery","Stack"],"picked":"Replay:SS_hec_2","floor":14},{"not_picked":["Rebound","Leap","ReplayGash"],"picked":"SKIP","floor":18},{"not_picked":["expansioncontent:BronzeBeam","ReplayGash"],"picked":"Gash","floor":19},{"not_picked":["Cold Snap","Rebound","Coolheaded"],"picked":"SKIP","floor":21},{"not_picked":["Barrage","Rebound","Steam"],"picked":"SKIP","floor":22},{"not_picked":["Magnetism","Metamorphosis"],"picked":"The Bomb","floor":23},{"not_picked":["Core Surge","Midas Touch","Thunder Strike"],"picked":"SKIP","floor":25},{"not_picked":["ReplayTheSpireMod:Omega Cannon","Rainbow"],"picked":"expansioncontent:DashGenerateEvil","floor":28},{"not_picked":["Core Surge","Buffer"],"picked":"Panache","floor":30},{"not_picked":["Coolheaded+1","Steam","Genetic Algorithm"],"picked":"Singing Bowl","floor":31},{"not_picked":["Mirror Shield","Biased Cognition"],"picked":"Secret Weapon","floor":33},{"not_picked":["Redo","Replay:Sssssssssshield"],"picked":"Bandage Up+1","floor":35},{"not_picked":["Thinking Ahead","ReplayUltimateDefense"],"picked":"Meteor Strike","floor":37},{"not_picked":["Replay:Sssssssssstrike+1","Panic Button"],"picked":"Beam Cell","floor":37},{"not_picked":["expansioncontent:PrepareCrush","BasicCrystalCard","Coolheaded"],"picked":"Singing Bowl","floor":38},{"not_picked":["Hello World+1","Coolheaded","Barrage"],"picked":"Singing Bowl","floor":39},{"not_picked":["Biased Cognition","Metamorphosis"],"picked":"All For One","floor":40},{"not_picked":["Hyperbeam","ReplayUltimateDefense"],"picked":"Seek","floor":41},{"not_picked":["Hyperbeam","Metamorphosis"],"picked":"Echo Form","floor":42},{"not_picked":["Creative AI","Hyperbeam","Magnetism"],"picked":"Singing Bowl","floor":46},{"not_picked":["Stack+1","Panic Button","Hello World+1"],"picked":"Singing Bowl","floor":48},{"not_picked":["Thunder Strike","Poisoned Strike","Electrodynamics"],"picked":"Singing Bowl","floor":50},{"not_picked":["Seek","Transmutation","Buffer"],"picked":"Singing Bowl","floor":51},{"not_picked":["Rebound","Heatsinks"],"picked":"Conserve Battery","floor":53},{"not_picked":["Conserve Battery","Time Bomb"],"picked":"Reprogram","floor":54},{"not_picked":["Go for the Eyes","Cold Snap"],"picked":"Sweeping Beam","floor":55},{"not_picked":["Redo","Barrage","Darkness"],"picked":"Singing Bowl","floor":56},{"not_picked":["expansioncontent:DashGenerateEvil","Creative AI"],"picked":"ReplayTheSpireMod:Fabricate Wheel","floor":58},{"not_picked":["Storm","Barrage","expansioncontent:YouAreMine"],"picked":"Singing Bowl","floor":60},{"not_picked":["Discovery","Survey Options"],"picked":"Sweeping Beam","floor":60},{"not_picked":["ReplayTheSpireMod:Book of Names","infinitespire:Menacing"],"picked":"infinitespire:Fortify","floor":60},{"not_picked":["Biased Cognition","Sadistic Nature"],"picked":"Violence","floor":63},{"not_picked":["Transmutation","Chrysalis","ReplayRNGCard"],"picked":"Singing Bowl","floor":65},{"not_picked":["Rebound","Hologram","Turbo"],"picked":"Singing Bowl","floor":66},{"not_picked":["Cold Snap","ReplayTheSpireMod:Reroute Power"],"picked":"Gash","floor":66},{"not_picked":["Stack","Replay:SS_forest_2","Redo"],"picked":"Singing Bowl","floor":66},{"not_picked":["Ball Lightning","Streamline"],"picked":"Bandage Up","floor":66},{"not_picked":["Magnetism","Secret Technique","ReplayUltimateDefense"],"picked":"Singing Bowl","floor":68},{"not_picked":[],"picked":"Discovery","floor":70},{"not_picked":["Steam"],"picked":"Singing Bowl","floor":70},{"not_picked":["expansioncontent:CaCaw"],"picked":"Singing Bowl","floor":70},{"not_picked":["Ball Lightning"],"picked":"Singing Bowl","floor":70},{"not_picked":[],"picked":"Echo Form","floor":72},{"not_picked":["Barrage"],"picked":"Singing Bowl","floor":73},{"not_picked":["Sunder+1"],"picked":"Singing Bowl","floor":73},{"not_picked":["BasicCrystalCard"],"picked":"Singing Bowl","floor":73},{"not_picked":["Go for the Eyes"],"picked":"Singing Bowl","floor":73},{"not_picked":[],"picked":"ReplayTheSpireMod:Brewmster","floor":75},{"not_picked":["Panic Button"],"picked":"Singing Bowl","floor":76},{"not_picked":["Leap"],"picked":"Singing Bowl","floor":76},{"not_picked":["expansioncontent:HyperBeam"],"picked":"Singing Bowl","floor":76},{"not_picked":["Steam"],"picked":"Singing Bowl","floor":76},{"not_picked":["Cold Snap"],"picked":"Singing Bowl","floor":76},{"not_picked":["Creative AI"],"picked":"Singing Bowl","floor":77},{"not_picked":["Transmutation"],"picked":"Singing Bowl","floor":79},{"not_picked":[],"picked":"Bandage Up","floor":81},{"not_picked":["Streamline"],"picked":"Singing Bowl","floor":81},{"not_picked":[],"picked":"Gash","floor":81},{"not_picked":["Specialist"],"picked":"Singing Bowl","floor":81},{"not_picked":["ReplayTheSpireMod:GoodbyeWorld"],"picked":"Singing Bowl","floor":81},{"not_picked":["expansioncontent:Corrupt"],"picked":"Singing Bowl","floor":82},{"not_picked":["Steam"],"picked":"Singing Bowl","floor":83},{"not_picked":["Rebound"],"picked":"Singing Bowl","floor":83},{"not_picked":["Barrage"],"picked":"Singing Bowl","floor":83},{"not_picked":["Turbo"],"picked":"Singing Bowl","floor":83},{"not_picked":["BasicCrystalCard"],"picked":"Singing Bowl","floor":83},{"not_picked":["Buffer"],"picked":"Singing Bowl","floor":85},{"not_picked":["Ball Lightning"],"picked":"Singing Bowl","floor":87},{"not_picked":["expansioncontent:Chronoboost"],"picked":"Singing Bowl","floor":87},{"not_picked":["ReplayTheSpireMod:Reroute Power"],"picked":"Singing Bowl","floor":87},{"not_picked":["Steam"],"picked":"Singing Bowl","floor":87},{"not_picked":["Replay:Sssssssssstrike"],"picked":"Singing Bowl","floor":87},{"not_picked":["expansioncontent:YouAreMine"],"picked":"Singing Bowl","floor":88},{"not_picked":["Coolheaded"],"picked":"Singing Bowl","floor":88},{"not_picked":["Rebound+1"],"picked":"Singing Bowl","floor":88},{"not_picked":["expansioncontent:FaceSlap"],"picked":"Singing Bowl","floor":88},{"not_picked":["Steam Power"],"picked":"Singing Bowl","floor":88},{"not_picked":["Go for the Eyes"],"picked":"Singing Bowl","floor":89},{"not_picked":["BasicCrystalCard"],"picked":"Singing Bowl","floor":89},{"not_picked":["Replay:SS_hec_1"],"picked":"Singing Bowl","floor":89},{"not_picked":["Streamline"],"picked":"Singing Bowl","floor":90},{"not_picked":["Coolheaded"],"picked":"Singing Bowl","floor":90},{"not_picked":["Replay:Parry"],"picked":"Singing Bowl","floor":90},{"not_picked":["ReplayTheSpireMod:Calculation Training+1"],"picked":"Singing Bowl","floor":90},{"not_picked":["Cold Snap"],"picked":"Singing Bowl","floor":90},{"not_picked":["Specialist+1"],"picked":"Singing Bowl","floor":90},{"not_picked":["Hologram"],"picked":"Singing Bowl","floor":91},{"not_picked":["expansioncontent:BronzeBeam"],"picked":"Singing Bowl","floor":91},{"not_picked":["BasicCrystalCard"],"picked":"Singing Bowl","floor":91},{"not_picked":["Steam"],"picked":"Singing Bowl","floor":91},{"not_picked":["ReplayTheSpireMod:Calculation Training"],"picked":"Singing Bowl","floor":91},{"not_picked":["Rebound"],"picked":"Singing Bowl","floor":91},{"not_picked":["Biased Cognition"],"picked":"Singing Bowl","floor":92},{"not_picked":["Replay:SS_forest_2+1"],"picked":"Singing Bowl","floor":93},{"not_picked":["Impatience+1"],"picked":"Singing Bowl","floor":93},{"not_picked":["Replay:Parry"],"picked":"Singing Bowl","floor":93},{"not_picked":["Conserve Battery+1"],"picked":"Singing Bowl","floor":93},{"not_picked":["Tempest"],"picked":"Singing Bowl","floor":93},{"not_picked":[],"picked":"Conserve Battery+1","floor":93},{"not_picked":["Conserve Battery"],"picked":"Singing Bowl","floor":94},{"not_picked":["Hologram"],"picked":"Singing Bowl","floor":94},{"not_picked":["Redo+1"],"picked":"Singing Bowl","floor":94},{"not_picked":["Panic Button"],"picked":"Singing Bowl","floor":94},{"not_picked":["Go for the Eyes"],"picked":"Singing Bowl","floor":94},{"not_picked":["Undo+1"],"picked":"Singing Bowl","floor":94},{"not_picked":["Compile Driver"],"picked":"Singing Bowl","floor":97},{"not_picked":["Sadistic Nature"],"picked":"Singing Bowl","floor":97},{"not_picked":["Replay:SS_forest_5+1"],"picked":"Singing Bowl","floor":97},{"not_picked":[],"picked":"Reinforced Body+1","floor":97},{"not_picked":["expansioncontent:FaceSlap+1"],"picked":"Singing Bowl","floor":97},{"not_picked":["Cold Snap"],"picked":"Singing Bowl","floor":97},{"not_picked":["Conserve Battery"],"picked":"Singing Bowl","floor":97},{"not_picked":["Panic Button"],"picked":"Singing Bowl","floor":98},{"not_picked":["Compile Driver+1"],"picked":"Singing Bowl","floor":98},{"not_picked":["Melter"],"picked":"Singing Bowl","floor":98},{"not_picked":["conspire:Rain+1"],"picked":"Singing Bowl","floor":98},{"not_picked":["Go for the Eyes"],"picked":"Singing Bowl","floor":98},{"not_picked":["Hologram"],"picked":"Singing Bowl","floor":98},{"not_picked":["ReplayTheSpireMod:Calculation Training"],"picked":"Singing Bowl","floor":98},{"not_picked":[],"picked":"Panache","floor":100},{"not_picked":["Coolheaded"],"picked":"Singing Bowl","floor":100},{"not_picked":["Replay:SS_forest_6"],"picked":"Singing Bowl","floor":100},{"not_picked":["Madness"],"picked":"Singing Bowl","floor":100},{"not_picked":["Barrage"],"picked":"Singing Bowl","floor":100},{"not_picked":["Turbo"],"picked":"Singing Bowl","floor":100},{"not_picked":["expansioncontent:Hexaburn"],"picked":"Singing Bowl","floor":100},{"not_picked":["Go for the Eyes"],"picked":"Singing Bowl","floor":100},{"not_picked":["Core Surge"],"picked":"Singing Bowl","floor":102},{"not_picked":[],"picked":"Thinking Ahead","floor":103},{"not_picked":[],"picked":"Master of Strategy","floor":107},{"not_picked":["Buffer"],"picked":"Singing Bowl","floor":108}],"player_experience":3114083,"relics_obtained":[{"floor":7,"key":"Replay:Bottled Eggs"},{"floor":9,"key":"Oddly Smooth Stone"},{"floor":10,"key":"Durian"},{"floor":12,"key":"conspire:DecoderRing"},{"floor":20,"key":"Necronomicon"},{"floor":23,"key":"Du-Vu Doll"},{"floor":25,"key":"conspire:IceCreamScoop"},{"floor":26,"key":"Singing Bowl"},{"floor":27,"key":"Centennial Puzzle"},{"floor":28,"key":"champ:DeflectingBracers"},{"floor":30,"key":"Replay:Ringing Soul"},{"floor":37,"key":"conspire:GiftBox"},{"floor":40,"key":"Boot"},{"floor":41,"key":"Mirror"},{"floor":42,"key":"ReplayTheSpireMod:Lightbulb"},{"floor":43,"key":"infinitespire:Satchel"},{"floor":46,"key":"Ice Cream"},{"floor":49,"key":"MealTicket"},{"floor":58,"key":"infinitespire:Joker Card"},{"floor":61,"key":"White Beast Statue"},{"floor":63,"key":"Old Coin"},{"floor":65,"key":"Replay:Bandana"},{"floor":71,"key":"Anchor"},{"floor":72,"key":"Sundial"},{"floor":75,"key":"Ancient Tea Set"},{"floor":77,"key":"Gambling Chip"},{"floor":78,"key":"Whetstone"},{"floor":79,"key":"Nunchaku"},{"floor":82,"key":"Replay:Bottled Steam"},{"floor":92,"key":"Chameleon Ring"},{"floor":92,"key":"infinitespire:Golems Mask"},{"floor":95,"key":"War Paint"},{"floor":104,"key":"Dream Catcher"},{"floor":104,"key":"Mercury Hourglass"},{"floor":104,"key":"Replay:Kaleidoscope"},{"floor":105,"key":"Ornamental Fan"},{"floor":107,"key":"Bottled Tornado"},{"floor":107,"key":"infinitespire:BottledMercury"}],"event_choices":[{"damage_healed":0,"gold_gain":150,"player_choice":"AGREE","damage_taken":141,"max_hp_gain":0,"max_hp_loss":0,"event_name":"betterThird:BetterSerpent","floor":2,"gold_loss":0},{"damage_healed":0,"gold_gain":0,"player_choice":"Obtained Book","damage_taken":21,"max_hp_gain":0,"max_hp_loss":0,"event_name":"Cursed Tome","floor":20,"gold_loss":0},{"damage_healed":0,"gold_gain":0,"player_choice":"Fight","damage_taken":0,"max_hp_gain":0,"max_hp_loss":0,"event_name":"Mysterious Sphere","floor":37,"gold_loss":0},{"damage_healed":0,"gold_gain":50,"player_choice":"Pray","damage_taken":0,"max_hp_gain":0,"max_hp_loss":0,"event_name":"Golden Shrine","floor":45,"gold_loss":0},{"damage_healed":0,"gold_gain":0,"player_choice":"Ignored","damage_taken":0,"max_hp_gain":0,"max_hp_loss":0,"event_name":"Transmorgrifier","floor":59,"gold_loss":0}],"is_beta":false,"boss_relics":[{"not_picked":["Inserter","Astrolabe"],"picked":"Ring of Chaos"},{"not_picked":["Tiny House","Painkiller Herb"],"picked":"conspire:SpecialSausage"},{"not_picked":["Busted Crown","Replay:Bronze Core"],"picked":"sneckomod:SneckoTalon"},{"not_picked":["conspire:RunicOctahedron","Runic Dome"],"picked":"Busted Crown"},{"not_picked":["Replay:Bronze Core","Velvet Choker"],"picked":"Black Star"},{"not_picked":["Cursed Key","Honey Jar"],"picked":"Calling Bell"}],"items_purged_floors":[11],"is_endless":true,"potions_floor_spawned":[7,16,18,23,25,40,41,42,48,50,51,53,55,58,63,65,66,68,70,72,73,75,76,77,79,81,82,83,85,87,88,90,91,92,93,94,97,98,100,102,103,107,108],"ascension_level":20}}