{"host":"q9hwjkbjmh6bz9mm","time":1610238514,"event":{"mods":["2.2 Compatiblity","Act Like it!","Aspiration","BaseMod","Better Match","Better Third Choice","BetterRewards","Conspire","DNKmod","Dark Map","Exacting","Friendly Minions","GifTheSpireLib","GungeonMod","Halation","Hubris","KinomotoSakuraMod(????)","Luminous","Minty Spire (QoL Compilation)","MostiFishMod","Quarter Circle Forward PUNCH!","Replay The Spire","Robot Space Explorer","Small Relic Pack","StSLib","Td1madao Mod","The Alterego","The Animator","The Bladedancer","The Blue Laboratory","The Exalted","The Marked","The Saiyan","The Wild Card","Waifu the Spire","Yakumo Yukari mod","???Mod??????Boss","??????REMEMod"],"gold_per_floor":[1014,1014,1026,1038,1071,1106,1106,1120,1120,1120,1137,1137,1167,1167,1167,1270,1270,1285,1384,1384,1410,1365,1365],"floor_reached":23,"playtime":1239,"items_purged":[],"score":449,"play_id":"7abc6898-64bb-4ad9-bbf2-475672835654","local_time":"20210109162834","is_ascension_mode":false,"campfire_choices":[{"data":"Saiyan:MajinSeal","floor":12,"key":"SMITH"},{"data":"Saiyan:UltraInstinct","floor":12,"key":"SMITH"},{"floor":15,"key":"DIG"}],"circlet_count":0,"master_deck":["Saiyan:SAIYA_Strike","Saiyan:SAIYA_Strike","Saiyan:SAIYA_Strike","Saiyan:SAIYA_Strike","Saiyan:SAIYA_Defend","Saiyan:SAIYA_Defend","Saiyan:SAIYA_Defend","Saiyan:SAIYA_Defend","Saiyan:EnergyBlast","Saiyan:KaioKen","Saiyan:RuthlessBlow","MostiFishMod:GrandStart","Saiyan:DragonRadar","Saiyan:DoubleMasenko","Saiyan:PowerPole","Saiyan:PowerPole","Saiyan:TurtleShell","Saiyan:Quickening","Saiyan:TheBomb","Saiyan:Makankosappo","Swift Strike","Saiyan:FingerParry","Saiyan:SpiritSword","Saiyan:Furor","Saiyan:UltraInstinct+1","Saiyan:KameHameHa","Saiyan:MeteorDash","Saiyan:ExpandingShockwave","Saiyan:UltraInstinct+1","Saiyan:BigBangAttack","Saiyan:MajinSeal+1","Saiyan:Flurry","Injury","Saiyan:SuperSaiyanThree","Saiyan:KiExplosion+1"],"relics":["SaiyanSoul","SaiyanHeart","DaveBox","REME_ComplimentaryCards","SynthV:MejaisSoulstealer","Medical Kit","hubris:Teleporter","Replay:Arrowhead","qcfpunch:Unceasing_Flame","SynthV:TestCard","halation:Trompette","DemoMod:OrangeGuonStone","conspire:Flyswatter","Tiny Chest","Calipers","Toxic Egg 2","qcfpunch:Wrestler\u0027s_Cloak","SacredBark"],"acts_visited":["Exordium","TheCity"],"potions_floor_usage":[5],"damage_taken":[{"damage":0,"enemies":"conspire:RoseBush","floor":1,"turns":3},{"damage":0,"enemies":"Cultist","floor":3,"turns":1},{"damage":0,"enemies":"Small Slimes","floor":4,"turns":1},{"damage":3,"enemies":"conspire:2 RoseBushes","floor":5,"turns":1},{"damage":0,"enemies":"Replay:BlueRogue","floor":6,"turns":3},{"damage":0,"enemies":"2 Fungi Beasts","floor":8,"turns":1},{"damage":0,"enemies":"Large Slime","floor":11,"turns":3},{"damage":0,"enemies":"Gremlin Nob","floor":13,"turns":2},{"damage":0,"enemies":"The Guardian","floor":16,"turns":5},{"damage":0,"enemies":"3 Byrds","floor":18,"turns":3},{"damage":16,"enemies":"2 Thieves","floor":23,"turns":3}],"seed_played":"-5235979636373510132","potions_obtained":[{"floor":3,"key":"Fire Potion"},{"floor":6,"key":"blueLaboratory:BottleOfRum"},{"floor":8,"key":"DemoMod:LeadSkinPotion"},{"floor":11,"key":"Strength Potion"}],"is_trial":false,"path_per_floor":["M","?","M","M","M","E","?","M","T","T","M","R","E","?","R","B",null,"M","?","?","T","M"],"character_chosen":"SAIYAJIN","items_purchased":["Saiyan:DragonRadar","Saiyan:DoubleMasenko","Saiyan:PowerPole","Saiyan:TurtleShell","Saiyan:Quickening","Medical Kit","Saiyan:TheBomb","Saiyan:Makankosappo","Swift Strike","Saiyan:FingerParry","Saiyan:SpiritSword"],"campfire_rested":0,"item_purchase_floors":[0,0,0,0,0,0,0,0,0,0,0],"current_hp_per_floor":[103,103,103,103,100,103,103,104,104,104,105,105,106,106,106,107,110,111,111,111,111,96,96],"gold":1365,"neow_bonus":"","is_daily":false,"chose_seed":false,"campfire_upgraded":2,"win_rate":0.0,"timestamp":1610238514,"path_taken":["M","?","?","M","M","E","?","M","T","?","M","R","E","?","R","BOSS","M","?","?","?","?"],"items_purchased_type":["Card","Card","Card","Card","Card","Relic","Card","Card","Card","Card","Card"],"build_version":"2020-12-22","purchased_purges":0,"victory":false,"max_hp_per_floor":[103,103,103,103,103,106,106,107,107,107,108,108,109,109,109,110,110,111,111,111,111,112,112],"card_choices":[{"not_picked":["Saiyan:BurningSoul","Saiyan:Overexert"],"picked":"Saiyan:Furor","floor":1},{"not_picked":["Saiyan:BigBangAttack","Saiyan:Fly","Saiyan:MeteorDash","Saiyan:PlotArmor"],"picked":"Saiyan:UltraInstinct","floor":3},{"not_picked":["Saiyan:Expend","Saiyan:Pacing","Saiyan:Scouter","Saiyan:BackAttack"],"picked":"Saiyan:KameHameHa","floor":4},{"not_picked":["Saiyan:DoubleMasenko","Saiyan:WarmUp","Saiyan:PowerUp","Saiyan:DragonFist"],"picked":"Saiyan:MeteorDash","floor":5},{"not_picked":["Saiyan:ThirstForFight","Saiyan:AugmentedBlast","Saiyan:MeteorDash","Saiyan:DragonFist"],"picked":"Saiyan:ExpandingShockwave","floor":6},{"not_picked":["Saiyan:DoubleMasenko","Saiyan:BurningSoul","Saiyan:FinalFlash","Saiyan:GhostAttack"],"picked":"Saiyan:UltraInstinct","floor":6},{"not_picked":["Saiyan:Quickening","Saiyan:Flurry","Saiyan:ConcussiveBlow","Saiyan:TurtleShell"],"picked":"Saiyan:BigBangAttack","floor":8},{"not_picked":["Saiyan:Planning","Saiyan:PlotArmor","Saiyan:BigBangAttack","Saiyan:ExpandingShockwave"],"picked":"Saiyan:MajinSeal","floor":11},{"not_picked":["Saiyan:DoubleMasenko","Saiyan:TurtleShell","Saiyan:MeteorDash","Saiyan:KameHameHa"],"picked":"Saiyan:Flurry","floor":13},{"not_picked":["Saiyan:MajinSeal","Saiyan:GenkiDama","Saiyan:SolarFlare+1","Saiyan:MindBoom+1"],"picked":"Saiyan:SuperSaiyanThree","floor":16},{"not_picked":["Saiyan:FingerParry+1","Saiyan:Honing+1","Saiyan:SpiritSword","Saiyan:Furor"],"picked":"Saiyan:KiExplosion+1","floor":18}],"player_experience":970725,"relics_obtained":[{"floor":1,"key":"SynthV:TestCard"},{"floor":6,"key":"halation:Trompette"},{"floor":9,"key":"DemoMod:OrangeGuonStone"},{"floor":10,"key":"conspire:Flyswatter"},{"floor":13,"key":"Tiny Chest"},{"floor":13,"key":"Calipers"},{"floor":15,"key":"qcfpunch:Wrestler\u0027s_Cloak"}],"event_choices":[{"damage_healed":0,"gold_gain":0,"player_choice":"Full Heal","damage_taken":0,"max_hp_gain":0,"max_hp_loss":0,"event_name":"Wheel of Change","floor":2,"gold_loss":0},{"damage_healed":0,"gold_gain":0,"player_choice":"Grow","damage_taken":0,"max_hp_gain":0,"max_hp_loss":0,"event_name":"Living Wall","floor":7,"gold_loss":0,"cards_upgraded":["Saiyan:UltraInstinct"]},{"damage_healed":0,"gold_gain":99,"player_choice":"Steal","damage_taken":0,"max_hp_gain":0,"max_hp_loss":0,"event_name":"betterThird:BetterNest","floor":19,"gold_loss":0}],"is_beta":false,"boss_relics":[{"not_picked":["Runic Pyramid","Empty Cage"],"picked":"SacredBark"}],"items_purged_floors":[],"is_endless":false,"potions_floor_spawned":[3,6,8,11,16,18],"killed_by":"2 Thieves","ascension_level":0}}