{"host":"jm9833yuloeli2yd","time":1610304152,"event":{"mods":["BaseMod","Better Altar","Better Match","Better Note","Better Sensory Stone","Better Skull","Better Third Choice","Better Vampires","BetterRewards","Colored Map","Colored Powertips","DeckTracker","Minty Spire (QoL Compilation)","Permanent Neow","Quick Restart","Slay-I","StSLib","SuperFastMode"],"gold_per_floor":[112,112,127,16,30,30,61,61,61,93,93,118,31,46,46,123,123,139,151,66,66,66],"floor_reached":21,"playtime":518,"items_purged":[],"score":694,"play_id":"7e03df4d-9652-4eab-97d2-377c71fd01b9","local_time":"20210110134232","is_ascension_mode":true,"campfire_choices":[{"data":"Doom and Gloom","floor":6,"key":"SMITH"},{"data":"Sweeping Beam","floor":8,"key":"SMITH"},{"data":"Defragment","floor":15,"key":"SMITH"}],"circlet_count":0,"master_deck":["AscendersBane","Strike_B","Strike_B","Strike_B","Strike_B","Defend_B","Defend_B","Defend_B","Defend_B","Zap","Dualcast","Sweeping Beam+1","Auto Shields","Coolheaded","Swift Strike","Gash","Doom and Gloom+1","Coolheaded+1","Turbo+1","Biased Cognition","Defragment+1","Genetic Algorithm+1","Multi-Cast+1","Gash+1","Hologram+1"],"relics":["Cracked Core","FossilizedHelix","Toxic Egg 2","Sundial","Bottled Lightning","Singing Bowl","Inserter","HornCleat"],"acts_visited":["Exordium","TheCity"],"potions_floor_usage":[7,10,16],"damage_taken":[{"damage":0,"enemies":"Jaw Worm","floor":1,"turns":3},{"damage":0,"enemies":"Small Slimes","floor":3,"turns":2},{"damage":0,"enemies":"Cultist","floor":5,"turns":3},{"damage":5,"enemies":"3 Sentries","floor":7,"turns":6},{"damage":0,"enemies":"Gremlin Nob","floor":10,"turns":3},{"damage":0,"enemies":"Lagavulin","floor":12,"turns":6},{"damage":0,"enemies":"2 Fungi Beasts","floor":14,"turns":3},{"damage":47,"enemies":"Hexaghost","floor":16,"turns":11},{"damage":43,"enemies":"3 Byrds","floor":18,"turns":6},{"damage":11,"enemies":"2 Thieves","floor":19,"turns":4},{"damage":22,"enemies":"Chosen and Byrds","floor":21,"turns":6}],"seed_played":"3981223914822360662","potions_obtained":[{"floor":3,"key":"Fire Potion"},{"floor":7,"key":"Strength Potion"},{"floor":11,"key":"Regen Potion"}],"is_trial":false,"path_per_floor":["M","?","M","$","M","R","E","R","T","E","?","E","$","M","R","B",null,"M","M","?","M"],"character_chosen":"DEFECT","items_purchased":["Sweeping Beam","Auto Shields","AttackPotion","Gash","Defragment"],"campfire_rested":0,"item_purchase_floors":[0,0,4,4,13],"current_hp_per_floor":[64,64,64,64,64,64,59,59,59,59,59,59,59,59,59,27,60,17,6,6,0,0],"gold":66,"neow_bonus":"","is_daily":false,"chose_seed":false,"campfire_upgraded":3,"win_rate":0.0,"timestamp":1610304152,"path_taken":["M","?","?","$","M","R","E","R","T","E","?","E","$","?","R","BOSS","M","M","?","M"],"items_purchased_type":["Card","Card","Potion","Card","Card"],"build_version":"2020-12-22","purchased_purges":0,"victory":false,"max_hp_per_floor":[71,71,71,71,71,71,71,71,71,71,71,71,71,71,71,71,71,71,71,71,71,71],"card_choices":[{"not_picked":["Streamline","Rebound"],"picked":"Coolheaded","floor":1},{"not_picked":["Purity","Dark Shackles"],"picked":"Swift Strike","floor":2},{"not_picked":["Blizzard","Darkness","Stack"],"picked":"SKIP","floor":3},{"not_picked":["Auto Shields","Redo"],"picked":"Doom and Gloom","floor":5},{"not_picked":["Ball Lightning","Melter"],"picked":"Coolheaded+1","floor":7},{"not_picked":["Redo+1","Cold Snap"],"picked":"Turbo+1","floor":10},{"not_picked":["Redo+1","Turbo+1"],"picked":"Biased Cognition","floor":12},{"not_picked":["Sweeping Beam","Auto Shields+1"],"picked":"Genetic Algorithm+1","floor":14},{"not_picked":["Creative AI","Machine Learning"],"picked":"Multi-Cast+1","floor":16},{"not_picked":["Leap+1","Capacitor"],"picked":"Gash+1","floor":18},{"not_picked":["Turbo+1","Cold Snap+1"],"picked":"Hologram+1","floor":19}],"player_experience":1302969,"relics_obtained":[{"floor":7,"key":"Toxic Egg 2"},{"floor":9,"key":"Sundial"},{"floor":10,"key":"Bottled Lightning"},{"floor":12,"key":"Singing Bowl"}],"event_choices":[{"damage_healed":0,"gold_gain":1,"player_choice":"1","damage_taken":0,"max_hp_gain":0,"max_hp_loss":0,"event_name":"betterStone:BetterStone","floor":2,"gold_loss":0},{"damage_healed":0,"gold_gain":0,"player_choice":"Got Potions","damage_taken":0,"max_hp_gain":0,"max_hp_loss":0,"event_name":"Lab","floor":11,"gold_loss":0},{"damage_healed":0,"gold_gain":0,"player_choice":"Obtained Relic","damage_taken":0,"relics_obtained":["HornCleat"],"max_hp_gain":0,"max_hp_loss":0,"event_name":"Addict","floor":20,"gold_loss":85}],"is_beta":false,"boss_relics":[{"not_picked":["Empty Cage","Coffee Dripper"],"picked":"Inserter"}],"items_purged_floors":[],"is_endless":false,"potions_floor_spawned":[3,7,14],"killed_by":"Chosen and Byrds","ascension_level":20}}