{"host":"bxdue9bkfm2khp2x","time":1610270106,"event":{"mods":["ATMod(阿瑾Mod)","Aspiration","BaseMod","Better Vampires","Challenge The Spire","Colored Map","Colored Powertips","Conspire","Decade(王小明)","Dota2Spire","Downfall","Highlight Path","Minty Spire (QoL Compilation)","MostiFishMod","Remilia（蕾米莉亚）","Replay The Spire","RumiaBox-露米娅的神秘盒子","Ryuuou龙王","Spicy Shops","StSLib","Td1madao Mod","The Alterego","The Bug Knight","The Cursed","The Servant 0.9.4","WarShipGirlsR/战舰少女R mod","noobMod","vexMod","【功能Mod】混沌之环修复补丁","【遗物卡牌】REMEMod","篝火指南"],"gold_per_floor":[684,220,331,449,563,563,563,269,385,500,610,610,89,89,208,325,443,563],"floor_reached":19,"playtime":1504,"items_purged":["alterego_mod:Defend","alterego_mod:Strike","alterego_mod:Impale","alterego_mod:Strike","alterego_mod:Defend","alterego_mod:Strike"],"score":4010,"play_id":"ee36b079-e30f-4129-8527-8013dfa50956","local_time":"20210110171506","daily_mods":["challengethespire:Silver Difficulty","challengethespire:Boss Rush","Uncertain Future"],"is_ascension_mode":true,"campfire_choices":[{"data":"alterego_mod:BigMeatyClaws","floor":7,"key":"SMITH"},{"data":"alterego_mod:BrynhildrsRune","floor":14,"key":"SMITH"}],"circlet_count":0,"master_deck":["AscendersBane","alterego_mod:Strike+1","alterego_mod:Defend+1","alterego_mod:Defend+1","alterego_mod:BigMeatyClaws+1","alterego_mod:BrynhildrsRune+1","TheCursedMod:CircleOfAbyss+1","AT_ShadowStep+1","alterego_mod:IndependentAction+1","alterego_mod:BigMeatyClaws+1","alterego_mod:Undulate+1","alterego_mod:Exercise+1","alterego_mod:Nekomimi+1","alterego_mod:DiscoLights+1","alterego_mod:DiscoLights+1","alterego_mod:Strike+1","alterego_mod:SakuraLabyrinth+1","alterego_mod:DiscoLights+1"],"relics":["alterego_mod:MasochisticConstitution","The Courier","Molten Egg 2","Toxic Egg 2","Frozen Egg 2","DaveBox","REME_ComplimentaryCards","ice","AT_ATBox","PatriotShield","Medical Kit","DollysMirror","Boot","Regal Pillow","Bird Faced Urn","Centennial Puzzle","Dota2Spire:RefresherOrb","AT_ImmortalShieldbow","ArrowTower","Vajra","REME_LowDesire","AT_BellDemon","AT_ChloranthyRing","AT_SunfireAegis","Lantern","War Paint","Simple Rune","AT_RedTearstoneRing","Dota2Spire:ArcaneBoots","ZombieArmy"],"acts_visited":["Exordium"],"potions_floor_usage":[],"damage_taken":[{"damage":0,"enemies":"Hexaghost","floor":3,"turns":5},{"damage":0,"enemies":"Slime Boss","floor":4,"turns":5},{"damage":0,"enemies":"The Guardian","floor":5,"turns":6},{"damage":0,"enemies":"Champ","floor":9,"turns":6},{"damage":0,"enemies":"Automaton","floor":10,"turns":6},{"damage":0,"enemies":"Collector","floor":11,"turns":5},{"damage":0,"enemies":"Time Eater","floor":15,"turns":8},{"damage":2,"enemies":"Awakened One","floor":16,"turns":5},{"damage":0,"enemies":"Donu and Deca","floor":17,"turns":5},{"damage":23,"enemies":"The Heart","floor":18,"turns":4}],"seed_played":"9971367423258184","potions_obtained":[{"floor":3,"key":"PowerPotion"},{"floor":9,"key":"Fire Potion"},{"floor":16,"key":"Dexterity Potion"}],"is_trial":true,"path_per_floor":["$","$","M","M","M","T","R","$","M","M","M","T","$","R","M","M","M","M",null],"character_chosen":"The_Alterego","items_purchased":["Medical Kit","alterego_mod:IndependentAction+1","DollysMirror","Boot","alterego_mod:DiscoLights+1","AT_ImmortalShieldbow","AT_SunfireAegis","Lantern","War Paint"],"campfire_rested":0,"item_purchase_floors":[1,1,2,2,8,8,13,13,13],"current_hp_per_floor":[63,63,63,63,63,63,63,63,67,70,70,70,70,70,70,71,71,55],"gold":563,"neow_bonus":"","is_daily":false,"chose_seed":false,"campfire_upgraded":2,"win_rate":0.0,"timestamp":1610270106,"path_taken":["$","$","M","M","M","T","R","$","M","M","M","T","$","R","M","M","M","M"],"items_purchased_type":["Relic","Card","Relic","Relic","Card","Relic","Relic","Relic","Relic"],"build_version":"2020-12-22","purchased_purges":6,"victory":true,"max_hp_per_floor":[70,70,70,70,70,70,70,70,70,70,70,70,70,70,70,71,71,72],"card_choices":[],"player_experience":1251743,"relics_obtained":[{"floor":3,"key":"Regal Pillow"},{"floor":4,"key":"Bird Faced Urn"},{"floor":5,"key":"Centennial Puzzle"},{"floor":10,"key":"ArrowTower"},{"floor":11,"key":"Vajra"},{"floor":12,"key":"AT_BellDemon"},{"floor":12,"key":"AT_ChloranthyRing"},{"floor":15,"key":"Simple Rune"},{"floor":16,"key":"AT_RedTearstoneRing"},{"floor":17,"key":"Dota2Spire:ArcaneBoots"},{"floor":18,"key":"ZombieArmy"}],"event_choices":[],"is_beta":false,"boss_relics":[{"not_picked":["Pantograph","Painkiller Herb"],"picked":"Dota2Spire:RefresherOrb"},{"not_picked":["Snecko Eye","AddBug"],"picked":"REME_LowDesire"}],"items_purged_floors":[1,1,2,2,8,13],"is_endless":false,"potions_floor_spawned":[3,9,16],"ascension_level":10}}