{"host":"hjw1ay65n7jm40lc","time":1610297466,"event":{"mods":["AchievementEnabler","BaseMod","Block Reminder","Colored Map","Colored Powertips","Curses Come First","Downfall","Googly Eyes","Hermit","Highlight Path","Minty Spire (QoL Compilation)","Quick Restart","Relic Stats","StSLib"],"gold_per_floor":[99,117,136,153,167,198,198,208,208,108,124,155,55,82,99,203,203,203,217,230,75,75,75,75,106,15,15,40,60,60,92,112,211,211,211,263,23,38,52,52,76,111,111,138,138,166,192,220,238,238],"floor_reached":51,"playtime":45090,"items_purged":["champ:Strike","champ:Strike"],"score":934,"play_id":"f675b39d-3e47-452f-8b57-260f69df9e67","local_time":"20210110115106","is_ascension_mode":true,"campfire_choices":[{"floor":1.0,"key":"RECALL"},{"data":"champ:Taunt","floor":10.0,"key":"SMITH"},{"floor":13.0,"key":"REST"},{"data":"champ:StanceDance","floor":18.0,"key":"SMITH"},{"data":"champ:ShieldWall","floor":23.0,"key":"SMITH"},{"data":"champ:BerserkerStyle","floor":27.0,"key":"SMITH"},{"data":"champ:CalledShot","floor":30.0,"key":"SMITH"},{"data":"champ:SwordSigil","floor":35.0,"key":"SMITH"},{"data":"champ:DancingMaster","floor":40.0,"key":"SMITH"},{"data":"champ:ArenaPreparation","floor":43.0,"key":"SMITH"},{"data":"champ:ShieldSigil","floor":45.0,"key":"SMITH"}],"circlet_count":0,"master_deck":["champ:Defend","champ:Defend","champ:Defend","champ:Defend","champ:Execute","champ:Taunt+1","champ:TornadoPunch","champ:CalledShot+1","champ:Backstep","champ:FlashCut","champ:FanOfKnives","champ:DefensiveShout","champ:SteelEdge","champ:Circumvent","champ:StanceDance+1","champ:GladiatorForm","champ:FalseCounter","champ:SwordSigil+1","champ:ShieldWall+1","champ:RisingSlash","champ:BerserkerStyle+1","champ:SwordSigil+1","champ:LastStand","champ:DefensiveStyle","champ:ShieldSigil+1","champ:DancingMaster+1","champ:ArenaPreparation+1","champ:SwordSigil+1"],"relics":["SlaversCollar","TungstenRod","Dead Branch","downfall:HeartBlessingRed","WingedGreaves","downfall:HeartBlessingGreen","Gremlin Horn","Philosopher\u0027s Stone","Shuriken","Du-Vu Doll","Bottled Flame","Akabeko","Coffee Dripper","Prayer Wheel","HandDrill","Regal Pillow","MealTicket","The Courier","Pen Nib","Ancient Tea Set","Molten Egg 2"],"acts_visited":["Exordium","TheCity","TheBeyond"],"potions_floor_usage":[49,50,50,50],"damage_taken":[{"damage":32.0,"enemies":"Small Slimes","floor":2.0,"turns":6.0},{"damage":5.0,"enemies":"Cultist","floor":3.0,"turns":4.0},{"damage":12.0,"enemies":"Jaw Worm","floor":4.0,"turns":7.0},{"damage":13.0,"enemies":"Exordium Thugs","floor":5.0,"turns":7.0},{"damage":13.0,"enemies":"3 Sentries","floor":6.0,"turns":7.0},{"damage":0.0,"enemies":"3 Louse","floor":8.0,"turns":3.0},{"damage":0.0,"enemies":"2 Fungi Beasts","floor":11.0,"turns":4.0},{"damage":25.0,"enemies":"Gremlin Nob","floor":12.0,"turns":4.0},{"damage":5.0,"enemies":"Lagavulin","floor":14.0,"turns":7.0},{"damage":0.0,"enemies":"Large Slime","floor":15.0,"turns":6.0},{"damage":21.0,"enemies":"downfall:Defect","floor":16.0,"turns":12.0},{"damage":17.0,"enemies":"Shell Parasite","floor":19.0,"turns":7.0},{"damage":4.0,"enemies":"Spheric Guardian","floor":20.0,"turns":4.0},{"damage":36.0,"enemies":"downfall:FleeingMerchant","floor":21.0,"turns":4.0},{"damage":18.0,"enemies":"Gremlin Leader","floor":25.0,"turns":6.0},{"damage":4.0,"enemies":"downfall:FleeingMerchant","floor":26.0,"turns":4.0},{"damage":77.0,"enemies":"Slavers","floor":28.0,"turns":3.0},{"damage":6.0,"enemies":"3 Cultists","floor":29.0,"turns":4.0},{"damage":40.0,"enemies":"Book of Stabbing","floor":31.0,"turns":4.0},{"damage":42.0,"enemies":"Centurion and Healer","floor":32.0,"turns":4.0},{"damage":110.0,"enemies":"downfall:Watcher","floor":33.0,"turns":7.0},{"damage":40.0,"enemies":"2 Orb Walkers","floor":36.0,"turns":5.0},{"damage":19.0,"enemies":"downfall:FleeingMerchant","floor":37.0,"turns":4.0},{"damage":59.0,"enemies":"3 Darklings","floor":38.0,"turns":5.0},{"damage":45.0,"enemies":"downfall:FleeingMerchant","floor":39.0,"turns":4.0},{"damage":68.0,"enemies":"Reptomancer","floor":42.0,"turns":5.0},{"damage":128.0,"enemies":"Giant Head","floor":44.0,"turns":7.0},{"damage":48.0,"enemies":"Reptomancer","floor":46.0,"turns":3.0},{"damage":66.0,"enemies":"Nemesis","floor":48.0,"turns":5.0},{"damage":58,"enemies":"3 Shapes","floor":49,"turns":3},{"damage":199,"enemies":"ArchetypeAct3BlockNewAge","floor":50,"turns":7}],"seed_played":"-7759506827311700767","potions_obtained":[{"floor":3.0,"key":"Ancient Potion"},{"floor":11.0,"key":"Weak Potion"},{"floor":12.0,"key":"sneckomod:MuddlingPotion"},{"floor":14.0,"key":"Weak Potion"},{"floor":16.0,"key":"Fire Potion"},{"floor":25.0,"key":"EntropicBrew"},{"floor":33.0,"key":"Energy Potion"},{"floor":44.0,"key":"FairyPotion"},{"floor":46.0,"key":"SkillPotion"}],"is_trial":false,"path_per_floor":["R","M","M","M","M","E","T","M","?","R","M","E","R","E","M","B",null,"R","M","M","$","?","R","T","E","$","R","E","M","R","E","M","B",null,"R","?","$","M","$","R","T","E","R","E","R","E","T","E","M","B",null],"character_chosen":"THE_CHAMP","items_purchased":["champ:ShieldWall","champ:RisingSlash","champ:BerserkerStyle","HandDrill","champ:DancingMaster","champ:ArenaPreparation"],"campfire_rested":1,"item_purchase_floors":[21,21,26,37,39,39],"current_hp_per_floor":[90,68,68,59,49,41,41,41,41,41,41,24,51,46,46,45,90,90,79,81,88,88,88,88,90,90,90,62,56,56,47,54,55,90,90,67,70,70,77,77,77,75,75,90,90,90,90,80,71,30],"gold":238,"neow_bonus":"BOSS_RELIC","is_daily":false,"chose_seed":false,"campfire_upgraded":9,"win_rate":0.0,"timestamp":1610297466,"path_taken":["R","M","M","M","M","E","T","M","?","R","M","E","R","E","M","BOSS","R","M","M","$","?","R","T","E","?","R","E","M","R","E","M","BOSS","R","?","$","M","$","R","T","E","R","E","R","E","?","E","M","BOSS"],"items_purchased_type":["Card","Card","Card","Relic","Card","Card"],"build_version":"2020-12-22","purchased_purges":2,"victory":true,"max_hp_per_floor":[90,90,90,90,90,90,90,90,90,90,90,90,90,90,90,90,90,90,90,90,90,90,90,90,90,90,90,90,90,90,90,90,90,90,90,90,90,90,90,90,90,90,90,90,90,90,90,90,90,90],"relic_stats":{"Regal Pillow":0,"Gremlin Horn":[25,25],"counters":[31,162],"Shuriken":[29],"Dead Branch":[63],"Prayer Wheel":2,"MealTicket":0,"Pen Nib":[3],"HandDrill":[8],"obtain_stats":[{"Regal Pillow":41,"downfall:HeartBlessingRed":10,"Gremlin Horn":14,"Dead Branch":7,"champ:ChampionCrown":0,"downfall:HeartBlessingGreen":13,"The Courier":44,"Pen Nib":46,"Ancient Tea Set":47,"Akabeko":31,"Du-Vu Doll":25,"SlaversCollar":0,"Bottled Flame":28,"Shuriken":24,"Philosopher\u0027s Stone":17,"Prayer Wheel":36,"MealTicket":42,"Molten Egg 2":48,"WingedGreaves":12,"Coffee Dripper":34,"HandDrill":37,"TungstenRod":6},{"Regal Pillow":25,"downfall:HeartBlessingRed":6,"Gremlin Horn":9,"Dead Branch":5,"champ:ChampionCrown":0,"downfall:HeartBlessingGreen":8,"The Courier":27,"Pen Nib":28,"Ancient Tea Set":28,"Akabeko":19,"Du-Vu Doll":15,"SlaversCollar":0,"Bottled Flame":17,"Shuriken":14,"Philosopher\u0027s Stone":11,"Prayer Wheel":22,"MealTicket":26,"Molten Egg 2":29,"WingedGreaves":8,"Coffee Dripper":21,"HandDrill":23,"TungstenRod":5},{"Regal Pillow":132,"downfall:HeartBlessingRed":34,"Gremlin Horn":49,"Dead Branch":31,"champ:ChampionCrown":0,"downfall:HeartBlessingGreen":42,"The Courier":144,"Pen Nib":147,"Ancient Tea Set":147,"Akabeko":103,"Du-Vu Doll":88,"SlaversCollar":0,"Bottled Flame":95,"Shuriken":82,"Philosopher\u0027s Stone":67,"Prayer Wheel":119,"MealTicket":137,"Molten Egg 2":152,"WingedGreaves":42,"Coffee Dripper":114,"HandDrill":123,"TungstenRod":31}],"TungstenRod":185},"card_choices":[{"not_picked":["champ:EnGarde","champ:IronFortress"],"picked":"champ:TornadoPunch","floor":2.0},{"not_picked":["champ:EnGarde","champ:RapidStrikes"],"picked":"champ:CalledShot","floor":3.0},{"not_picked":["champ:PreciseThrust","champ:Haymaker"],"picked":"champ:Backstep","floor":4.0},{"not_picked":["champ:SwordSigil","champ:RecklessLeap"],"picked":"champ:FlashCut","floor":5.0},{"not_picked":["champ:RageSigil","champ:FlashCut"],"picked":"champ:FanOfKnives","floor":6.0},{"not_picked":["champ:RapidStrikes","champ:EnGarde","champ:BringItOn"],"picked":"SKIP","floor":8.0},{"not_picked":["champ:Lariat","champ:FanOfKnives"],"picked":"champ:DefensiveShout","floor":11.0},{"not_picked":["champ:CalledShot","champ:FancyFootwork"],"picked":"champ:SteelEdge","floor":12.0},{"not_picked":["champ:EnGarde","champ:ShieldSigil"],"picked":"champ:Circumvent","floor":14.0},{"not_picked":["champ:GutPunch","champ:EnragedBash"],"picked":"champ:StanceDance","floor":15.0},{"not_picked":["champ:StrikeOfGenius","champ:EnchantSword"],"picked":"champ:GladiatorForm","floor":16.0},{"not_picked":["champ:BringItOn+1","champ:PerfectedStrike"],"picked":"champ:FalseCounter","floor":19.0},{"not_picked":["champ:Circumvent","champ:ShieldSlam"],"picked":"champ:SwordSigil+1","floor":20.0},{"not_picked":["champ:Encircle","champ:AdrenalArmor","champ:EnchantCrown"],"picked":"SKIP","floor":21.0},{"not_picked":["champ:IronFortress","champ:FancyFootwork","champ:GutPunch+1"],"picked":"SKIP","floor":25.0},{"not_picked":["champ:TornadoPunch","champ:Backstep","champ:DefensiveShout+1"],"picked":"SKIP","floor":26.0},{"not_picked":["champ:Backstep","champ:FanOfKnives","champ:CrownThrow"],"picked":"SKIP","floor":28.0},{"not_picked":["champ:Circumvent","champ:AdrenalArmor","champ:ViciousMockery"],"picked":"SKIP","floor":29.0},{"not_picked":["champ:Circumvent+1","champ:CrookedStrike"],"picked":"champ:SwordSigil","floor":31.0},{"not_picked":["champ:SwordThrow","champ:FocusedBerserking","champ:Haymaker+1"],"picked":"SKIP","floor":32.0},{"not_picked":["champ:Devastate","champ:EnchantSword"],"picked":"champ:LastStand","floor":33.0},{"not_picked":["champ:PreciseThrust+1","champ:FlashCut+1"],"picked":"champ:DefensiveStyle","floor":36.0},{"not_picked":["champ:Shatter+1","champ:GutPunch","champ:Circumvent"],"picked":"SKIP","floor":37.0},{"not_picked":["champ:TornadoPunch+1","champ:RapidStrikes+1"],"picked":"champ:ShieldSigil","floor":38.0},{"not_picked":["champ:DefensiveShout","champ:GutPunch","champ:FocusedBerserking+1"],"picked":"SKIP","floor":38.0},{"not_picked":["champ:RecklessLeap","champ:RisingSlash","champ:EndlessRage+1"],"picked":"SKIP","floor":39.0},{"not_picked":["champ:AdrenalArmor","champ:Shatter","champ:GutPunch+1"],"picked":"SKIP","floor":42.0},{"not_picked":["champ:IronFortress","champ:TornadoPunch","champ:FanOfKnives"],"picked":"SKIP","floor":44.0},{"not_picked":["champ:BerserkersShout+1","champ:IronFortress","champ:StrikeOfGenius"],"picked":"SKIP","floor":46.0},{"not_picked":["champ:BladeFlurry+1","champ:SkillfulDodge+1","champ:ViciousMockery"],"picked":"SKIP","floor":48.0},{"not_picked":["champ:Parry+1","champ:CrownThrow+1"],"picked":"champ:SwordSigil+1","floor":49},{"not_picked":["champ:FocusedBerserking","champ:Backstep+1","champ:SkillfulDodge+1"],"picked":"SKIP","floor":49}],"player_experience":811536,"relics_obtained":[{"floor":6.0,"key":"TungstenRod"},{"floor":7.0,"key":"Dead Branch"},{"floor":12.0,"key":"WingedGreaves"},{"floor":14.0,"key":"Gremlin Horn"},{"floor":24.0,"key":"Shuriken"},{"floor":25.0,"key":"Du-Vu Doll"},{"floor":28.0,"key":"Bottled Flame"},{"floor":31.0,"key":"Akabeko"},{"floor":36.0,"key":"Prayer Wheel"},{"floor":41.0,"key":"Regal Pillow"},{"floor":42.0,"key":"MealTicket"},{"floor":44.0,"key":"The Courier"},{"floor":46.0,"key":"Pen Nib"},{"floor":47.0,"key":"Ancient Tea Set"},{"floor":48.0,"key":"Molten Egg 2"}],"event_choices":[{"cards_removed":["champ:Strike"],"damage_healed":0.0,"max_hp_gain":0.0,"max_hp_loss":0.0,"gold_gain":0.0,"event_name":"The Cleric","player_choice":"Card Removal","floor":9.0,"gold_loss":0.0,"damage_taken":0.0},{"damage_healed":0.0,"max_hp_gain":0.0,"max_hp_loss":0.0,"gold_gain":0.0,"event_name":"Mysterious Sphere","player_choice":"Fight","floor":36.0,"gold_loss":0.0,"damage_taken":0.0}],"is_beta":false,"boss_relics":[{"not_picked":["Astrolabe","Runic Dome"],"picked":"Philosopher\u0027s Stone"},{"not_picked":["SacredBark","Fusion Hammer"],"picked":"Coffee Dripper"}],"items_purged_floors":[37,39],"is_endless":false,"potions_floor_spawned":[3,11,12,14,16,20,25,29,33,44,46],"ascension_level":1}}