{"host":"02uosbn8hju1jzqf","time":1610241171,"event":{"mods":["Act Like it!","BaseMod","Colored Powertips","Defective Defect","GifTheSpireLib","Koishi","Marisa????????","Minty Spire (QoL Compilation)","Reimu??????","Remilia??????","StSLib","The Awakened One except there are too many feathers","The Bug Knight","The Servant 0.9.4","Yakumo Yukari mod","everything is the same but u backflip on backflip","??????REMEMod"],"gold_per_floor":[114,69,79,99,174,174,186,186,186,186,205,205,209,82,82,184,184,195,210,410,87,104,426,283,316,316,331,159,170,182,194,194,296,296,310,329,345,359,409,409,437,437,437,449,498,512,545,560,560,558,558,558,80,102,99],"floor_reached":56,"playtime":6768,"items_purged":["Poor:ReiMu","Koishi:BasicStrike","Koishi:BasicStrike","Koishi:BasicStrike","Koishi:BasicDefend"],"score":1278,"play_id":"f76b55ef-468f-4f60-87da-a490da99d0cd","local_time":"20210109171251","is_ascension_mode":false,"campfire_choices":[{"data":"PrayRite:ReiMu","floor":6,"key":"SMITH"},{"data":"Koishi:HauntingSlash","floor":8,"key":"SMITH"},{"data":"Koishi:MassHysteria","floor":15,"key":"SMITH"},{"data":"Koishi:ImGoingToCallYouNow","floor":32,"key":"SMITH"},{"floor":40,"key":"RECALL"},{"data":"Koishi:Ego","floor":42,"key":"SMITH"},{"data":"Koishi:Possession","floor":49,"key":"SMITH"},{"data":"REME_Flogging","floor":52,"key":"SMITH"}],"circlet_count":0,"master_deck":["Koishi:BasicStrike+1","Koishi:BasicDefend+1","Koishi:BasicDefend","Koishi:BasicDefend","Koishi:Provoke","Koishi:HauntingSlash+1","PrayRite:ReiMu+1","Koishi:Prune","Koishi:StingingMind","Koishi:ApparitionsStalkTheNight","Koishi:StrangeCloudFist","Koishi:DreadfulBlow","Koishi:MassHysteria+1","Koishi:EmbersOfLove","Koishi:SubterraneanRose","Koishi:ImGoingToCallYouNow+1","Koishi:Whimsy","Koishi:PhilosophyOfTheDespised","Koishi:VengefulSpirit","REME_Flogging+1","Koishi:ParalyzingFear+1","Koishi:JumpScare","Koishi:FreudianInstinct","Koishi:DNAsFlaw","Koishi:SprinkleStarAndHeart","Koishi:EmbryosDream+1","Koishi:SpiritedAway","Koishi:SubconsciousSweep+1","Koishi:Possession+1","Koishi:HeartfeltFancy","Koishi:PerfectMindControl","Koishi:IdleWhim","Koishi:SprinkleStarAndHeart+1","Koishi:Ego+1","Koishi:Prune+1","Koishi:UnconsciousUprising","Koishi:FreudianInstinct+1","Koishi:GhostParty","REME_BuildACard","Koishi:Whimsy+1"],"relics":["Koishi:ImaginaryFriend","REME_ComplimentaryCards","Matryoshka","YidongShenshe:ReiMu","Bag of Marbles","Runic Pyramid","Membership Card","Old Coin","PreservedInsect","Happy Flower","HornCleat","OrangePellets","Koishi:ColorfulDays","FossilizedHelix","Omamori","RuthlessExorcism:ReiMu","CatCart","Kunai","HollowMod:StagPassRelic","Koishi:EchoesOfADeadGirl","Nunchaku"],"acts_visited":["Exordium","TheCity","TheBeyond","TheEnding"],"potions_floor_usage":[16,25,25,30,55],"damage_taken":[{"damage":6,"enemies":"Cultist","floor":1,"turns":3},{"damage":0,"enemies":"Jaw Worm","floor":3,"turns":3},{"damage":7,"enemies":"2 Louse","floor":4,"turns":2},{"damage":1,"enemies":"Exordium Thugs","floor":7,"turns":6},{"damage":8,"enemies":"Looter","floor":11,"turns":3},{"damage":6,"enemies":"HollowMod:MossKnight","floor":13,"turns":6},{"damage":20,"enemies":"Hexaghost","floor":16,"turns":10},{"damage":3,"enemies":"3 Byrds","floor":18,"turns":4},{"damage":20,"enemies":"Spheric Guardian","floor":19,"turns":5},{"damage":2,"enemies":"Centurion and Healer","floor":22,"turns":4},{"damage":25,"enemies":"Gremlin Leader","floor":23,"turns":6},{"damage":25,"enemies":"Slavers","floor":25,"turns":5},{"damage":1,"enemies":"Chosen and Byrds","floor":27,"turns":4},{"damage":9,"enemies":"Shelled Parasite and Fungi","floor":29,"turns":4},{"damage":0,"enemies":"Snake Plant","floor":30,"turns":3},{"damage":5,"enemies":"Chosen and Byrds","floor":31,"turns":5},{"damage":13,"enemies":"Champ","floor":33,"turns":10},{"damage":6,"enemies":"Orb Walker","floor":35,"turns":5},{"damage":16,"enemies":"3 Shapes","floor":36,"turns":7},{"damage":5,"enemies":"Spire Growth","floor":37,"turns":6},{"damage":5,"enemies":"Transient","floor":38,"turns":5},{"damage":1,"enemies":"Mind Bloom Boss Battle","floor":39,"turns":5},{"damage":0,"enemies":"HollowMod:StalkingDevout","floor":41,"turns":8},{"damage":11,"enemies":"3 Darklings","floor":44,"turns":7},{"damage":0,"enemies":"Orin","floor":45,"turns":9},{"damage":0,"enemies":"Spire Growth","floor":46,"turns":5},{"damage":0,"enemies":"Giant Head","floor":47,"turns":6},{"damage":0,"enemies":"Transient","floor":48,"turns":5},{"damage":25,"enemies":"Donu and Deca","floor":50,"turns":8},{"damage":10,"enemies":"Shield and Spear","floor":54,"turns":6},{"damage":70,"enemies":"The Heart","floor":55,"turns":12}],"seed_played":"2197297422083617468","potions_obtained":[{"floor":1,"key":"Regen Potion"},{"floor":4,"key":"BlessingOfTheForge"},{"floor":7,"key":"GrandPatriotsElixir:ReiMu"},{"floor":11,"key":"GamblersBrew"},{"floor":19,"key":"Fire Potion"},{"floor":23,"key":"LiquidMemories"},{"floor":30,"key":"Fruit Juice"},{"floor":33,"key":"AttackPotion"},{"floor":35,"key":"Ancient Potion"},{"floor":36,"key":"Strength Potion"},{"floor":39,"key":"GrandPatriotsElixir:ReiMu"},{"floor":47,"key":"SpeedPotion"}],"is_trial":false,"path_per_floor":["M","$","M","M","?","R","M","R","T","?","M","?","E","$","R","B",null,"M","M","?","$","M","E","$","E","T","M","$","M","M","M","R","B",null,"M","M","M","M","?","R","E","R","T","M","?","M","E","M","R","B",null,"R","$","E","B",null],"character_chosen":"KOISHI","items_purchased":["Koishi:StingingMind","Koishi:SubterraneanRose","Membership Card","Koishi:VengefulSpirit","REME_Flogging","Koishi:FreudianInstinct","Koishi:DNAsFlaw","OrangePellets","Koishi:SpiritedAway","HollowMod:StagPassRelic","Koishi:GhostParty","REME_BuildACard","Koishi:EchoesOfADeadGirl"],"campfire_rested":0,"item_purchase_floors":[2,14,21,21,21,24,24,28,28,53,53,53,53],"current_hp_per_floor":[61,61,66,59,48,48,52,52,52,39,32,32,36,36,36,21,66,66,58,58,58,66,57,57,56,56,66,66,66,71,71,71,59,71,71,71,71,71,70,70,71,71,71,71,71,71,71,71,71,64,71,71,71,71,30],"gold":99,"neow_bonus":"TEN_PERCENT_HP_BONUS","is_daily":false,"chose_seed":false,"campfire_upgraded":7,"win_rate":0.0,"timestamp":1610241171,"path_taken":["M","$","M","?","?","R","M","R","T","?","M","?","E","$","R","BOSS","M","M","?","$","M","E","?","E","T","M","$","M","M","M","R","BOSS","M","M","M","M","?","R","E","R","T","M","?","M","E","M","R","BOSS","R","$","E","BOSS"],"items_purchased_type":["Card","Card","Relic","Card","Card","Card","Card","Relic","Card","Relic","Card","Card","Relic"],"build_version":"2020-12-22","purchased_purges":5,"victory":true,"max_hp_per_floor":[66,66,66,66,66,66,66,66,66,66,66,66,66,66,66,66,66,66,66,66,66,66,66,66,66,66,66,66,66,71,71,71,71,71,71,71,71,71,71,71,71,71,71,71,71,71,71,71,71,71,71,71,71,71,71],"card_choices":[{"not_picked":["Koishi:RorschachInDanmaku","Koishi:ReflexRadar"],"picked":"Koishi:Prune","floor":1},{"not_picked":["Koishi:MindNumbingTerror","Koishi:DNAsFlaw"],"picked":"Koishi:ApparitionsStalkTheNight","floor":3},{"not_picked":["Koishi:PhilosophyOfTheDespised","Koishi:SpiritedAway"],"picked":"Koishi:StrangeCloudFist","floor":4},{"not_picked":["Koishi:ParalyzingFear","Koishi:Catatonia"],"picked":"Koishi:DreadfulBlow","floor":7},{"not_picked":["Koishi:FleetingPhantom","Koishi:UnansweredLove"],"picked":"Koishi:MassHysteria","floor":11},{"not_picked":["Koishi:HeartfeltFancy","Koishi:DNAsFlaw"],"picked":"Koishi:EmbersOfLove","floor":13},{"not_picked":["Koishi:RollingInRichesHeart","Koishi:Heartbroken"],"picked":"Koishi:ImGoingToCallYouNow","floor":16},{"not_picked":["Koishi:ParalyzingFear+1","Koishi:GeneticsOfTheUnconscious"],"picked":"Koishi:Whimsy","floor":18},{"not_picked":["Koishi:PhantomStrike","Koishi:UnansweredLove+1"],"picked":"Koishi:PhilosophyOfTheDespised","floor":19},{"not_picked":["Koishi:FidgetySnatcher","Koishi:StrangeCloudFist+1"],"picked":"Koishi:ParalyzingFear+1","floor":22},{"not_picked":["Koishi:Prune","Koishi:StingingMind"],"picked":"Koishi:JumpScare","floor":23},{"not_picked":["Koishi:SpiritedAway+1","Koishi:ReflexRadar"],"picked":"Koishi:SprinkleStarAndHeart","floor":25},{"not_picked":["Koishi:Jaunt","Koishi:JumpScare"],"picked":"Koishi:EmbryosDream+1","floor":27},{"not_picked":["Koishi:PhantomBarrier","Koishi:ReflexRadar+1"],"picked":"Koishi:SubconsciousSweep+1","floor":29},{"not_picked":["Koishi:SubconsciousSweep+1","Koishi:PhilosophyOfTheDespised+1"],"picked":"Koishi:Possession","floor":30},{"not_picked":["Koishi:BloodcurdlingScream","Koishi:StingingMind+1"],"picked":"Koishi:HeartfeltFancy","floor":31},{"not_picked":["Koishi:FormlessExistence","Koishi:Heartbroken"],"picked":"Koishi:PerfectMindControl","floor":33},{"not_picked":["Koishi:LastRemote+1","Koishi:HeartfeltFancy","Koishi:StrangeCloudFist+1"],"picked":"SKIP","floor":35},{"not_picked":["Koishi:BloodcurdlingScream+1","Koishi:SubterraneanRose+1"],"picked":"Koishi:IdleWhim","floor":36},{"not_picked":["Koishi:ParalyzingFear","Koishi:JumpScare+1"],"picked":"Koishi:SprinkleStarAndHeart+1","floor":37},{"not_picked":["Koishi:UnconsciousUprising","Koishi:StingingMind+1","Koishi:FleetingPhantom+1"],"picked":"SKIP","floor":38},{"not_picked":["Koishi:StingingMind","Koishi:FleetingPhantom"],"picked":"Koishi:Ego","floor":41},{"not_picked":["Koishi:SprinkleStarAndHeart+1","Koishi:RacingHeart","Koishi:StrangeCloudFist"],"picked":"SKIP","floor":44},{"not_picked":["Koishi:SubterraneanRose+1","Koishi:ReflexRadar"],"picked":"Koishi:Prune+1","floor":46},{"not_picked":["Koishi:DanmakuParanoia+1","Koishi:ApparitionsStalkTheNight+1"],"picked":"Koishi:UnconsciousUprising","floor":47},{"not_picked":["Koishi:UnconsciousUprising+1","Koishi:RacingHeart"],"picked":"Koishi:FreudianInstinct+1","floor":48},{"not_picked":["Koishi:MindStellarRelief","Koishi:EmbryosDream+1"],"picked":"Koishi:Whimsy+1","floor":54}],"player_experience":133162,"relics_obtained":[{"floor":9,"key":"Matryoshka"},{"floor":13,"key":"Bag of Marbles"},{"floor":23,"key":"Old Coin"},{"floor":25,"key":"PreservedInsect"},{"floor":26,"key":"Happy Flower"},{"floor":26,"key":"HornCleat"},{"floor":39,"key":"FossilizedHelix"},{"floor":41,"key":"Omamori"},{"floor":43,"key":"RuthlessExorcism:ReiMu"},{"floor":45,"key":"CatCart"},{"floor":47,"key":"Kunai"},{"floor":54,"key":"Nunchaku"}],"event_choices":[{"damage_healed":0,"gold_gain":75,"player_choice":"Gather Gold","damage_taken":11,"max_hp_gain":0,"max_hp_loss":0,"event_name":"World of Goop","floor":5,"gold_loss":0},{"damage_healed":0,"gold_gain":0,"player_choice":"Entered Light","damage_taken":13,"max_hp_gain":0,"max_hp_loss":0,"event_name":"Shining Light","floor":10,"gold_loss":0,"cards_upgraded":["Koishi:BasicDefend","Koishi:BasicStrike"]},{"damage_healed":0,"gold_gain":0,"player_choice":"Take Tiny Shrine away","damage_taken":0,"relics_obtained":["YidongShenshe:ReiMu"],"max_hp_gain":0,"max_hp_loss":0,"event_name":"yidonshenshe","floor":12,"gold_loss":0,"cards_obtained":["Poor:ReiMu"]},{"damage_healed":0,"gold_gain":250,"player_choice":"Bet on Owner","damage_taken":0,"max_hp_gain":0,"max_hp_loss":0,"event_name":"The Joust","floor":20,"gold_loss":50},{"damage_healed":0,"gold_gain":0,"player_choice":"Fight","damage_taken":0,"max_hp_gain":0,"max_hp_loss":0,"event_name":"MindBloom","floor":39,"gold_loss":0},{"damage_healed":0,"gold_gain":0,"player_choice":"Fight","damage_taken":0,"max_hp_gain":0,"max_hp_loss":0,"event_name":"OrinTheCat","floor":45,"gold_loss":0}],"is_beta":false,"boss_relics":[{"not_picked":["Pandora\u0027s Box","Tiny House"],"picked":"Runic Pyramid"},{"not_picked":["Empty Cage","SlaversCollar"],"picked":"Koishi:ColorfulDays"}],"items_purged_floors":[14,21,24,28,53],"is_endless":false,"potions_floor_spawned":[1,4,7,11,19,23,30,33,35,36,39,47],"ascension_level":0}}