{"host":"oehe2dxjvdgux73m","time":1610294432,"event":{"mods":["AchievementEnabler","BaseMod","Colored Map","Colored Powertips","DeckTracker","Keyboard Shortcuts","Minty Spire (QoL Compilation)","Permanent Neow","Quick Restart","StSLib","SuperFastMode"],"gold_per_floor":[113,113,131,144,28,53,53,84,109,137,147,147,161,195,195,290,290,303,323,323,336,349,349,363,395,445,41,41,58,90,106,106,206,256,266,13,63,81,81,101,112,147,167,167,192,192,207,59,89,89,89],"floor_reached":52,"playtime":2412,"items_purged":["Defend_G","Strike_G"],"score":1064,"play_id":"7fc511e9-4cc3-441c-b4cc-4f9f55267384","local_time":"20210111010032","is_ascension_mode":true,"campfire_choices":[{"data":"Wraith Form v2","floor":7.0,"key":"SMITH"},{"floor":12.0,"key":"REST"},{"floor":15.0,"key":"REST"},{"data":"Tactician","floor":23.0,"key":"SMITH"},{"data":"Adrenaline","floor":28.0,"key":"SMITH"},{"floor":32.0,"key":"REST"},{"floor":50.0,"key":"REST"}],"circlet_count":0,"master_deck":["Strike_G","Strike_G","Strike_G","Defend_G","Defend_G","Defend_G","Defend_G","Survivor","Neutralize+1","Dramatic Entrance","Deadly Poison","Endless Agony","Blade Dance","Crippling Poison","Backflip","Wraith Form v2+1","Blade Dance","Reflex","Finisher","Backflip","Adrenaline+1","Cloak And Dagger+1","PiercingWail+1","Tactician+1","Escape Plan+1","Footwork+1","Panache","Accuracy","Finisher","Acrobatics","Backflip+1","Choke"],"relics":["Ring of the Snake","Centennial Puzzle","Omamori","Bronze Scales","Strawberry","Sozu","Boot","Kunai","Art of War","Happy Flower","Oddly Smooth Stone","Tiny House","MealTicket","Calipers","Shovel","Blood Vial","Pocketwatch","Lantern","Bag of Marbles"],"acts_visited":["Exordium","TheCity","TheBeyond"],"potions_floor_usage":[],"damage_taken":[{"damage":4.0,"enemies":"2 Louse","floor":1.0,"turns":3.0},{"damage":1.0,"enemies":"Cultist","floor":3.0,"turns":4.0},{"damage":0.0,"enemies":"Jaw Worm","floor":4.0,"turns":2.0},{"damage":32.0,"enemies":"Gremlin Nob","floor":6.0,"turns":5.0},{"damage":17.0,"enemies":"Lagavulin","floor":8.0,"turns":7.0},{"damage":9.0,"enemies":"3 Sentries","floor":10.0,"turns":6.0},{"damage":1.0,"enemies":"Red Slaver","floor":11.0,"turns":3.0},{"damage":7.0,"enemies":"Large Slime","floor":13.0,"turns":4.0},{"damage":2.0,"enemies":"Gremlin Nob","floor":14.0,"turns":4.0},{"damage":23.0,"enemies":"Slime Boss","floor":16.0,"turns":7.0},{"damage":2.0,"enemies":"Shell Parasite","floor":18.0,"turns":4.0},{"damage":2.0,"enemies":"Chosen","floor":19.0,"turns":3.0},{"damage":6.0,"enemies":"Centurion and Healer","floor":21.0,"turns":5.0},{"damage":0.0,"enemies":"Shelled Parasite and Fungi","floor":22.0,"turns":2.0},{"damage":3.0,"enemies":"Snake Plant","floor":24.0,"turns":3.0},{"damage":12.0,"enemies":"Gremlin Leader","floor":25.0,"turns":6.0},{"damage":2.0,"enemies":"Centurion and Healer","floor":29.0,"turns":2.0},{"damage":1.0,"enemies":"Slavers","floor":30.0,"turns":5.0},{"damage":18.0,"enemies":"Snecko","floor":31.0,"turns":3.0},{"damage":18.0,"enemies":"Automaton","floor":33.0,"turns":4.0},{"damage":4.0,"enemies":"3 Darklings","floor":35.0,"turns":2.0},{"damage":0.0,"enemies":"Mind Bloom Boss Battle","floor":37.0,"turns":4.0},{"damage":0.0,"enemies":"Orb Walker","floor":38.0,"turns":2.0},{"damage":1.0,"enemies":"Writhing Mass","floor":40.0,"turns":4.0},{"damage":0.0,"enemies":"Maw","floor":41.0,"turns":6.0},{"damage":28.0,"enemies":"Giant Head","floor":42.0,"turns":10.0},{"damage":5.0,"enemies":"Sphere and 2 Shapes","floor":43.0,"turns":4.0},{"damage":1.0,"enemies":"Nemesis","floor":45.0,"turns":5.0},{"damage":15.0,"enemies":"Jaw Worm Horde","floor":47.0,"turns":3.0},{"damage":0.0,"enemies":"Reptomancer","floor":49.0,"turns":6.0},{"damage":42,"enemies":"Donu and Deca","floor":51,"turns":11}],"seed_played":"-4504747468373062311","potions_obtained":[{"floor":1.0,"key":"PowerPotion"},{"floor":3.0,"key":"Fruit Juice"},{"floor":6.0,"key":"LiquidBronze"},{"floor":11.0,"key":"GamblersBrew"},{"floor":16.0,"key":"PowerPotion"}],"is_trial":false,"path_per_floor":["M","?","M","M","$","E","R","E","T","E","M","R","M","E","R","B",null,"M","M","?","M","M","R","M","E","T","$","R","M","E","M","R","B",null,"M","$","?","M","?","M","M","E","M","T","E","?","M","$","E","R","B",null],"character_chosen":"THE_SILENT","items_purchased":["Backflip","Wraith Form v2","Happy Flower","Panache","MealTicket","Lantern"],"campfire_rested":4,"item_purchase_floors":[5,5,27,27,36,48],"current_hp_per_floor":[66,66,65,65,65,33,33,21,21,12,11,33,26,31,55,32,70,68,66,66,60,60,60,57,45,45,45,45,43,42,24,48,30,74,70,70,70,70,70,69,69,41,36,36,37,37,24,39,41,67,27],"gold":89,"neow_bonus":"RANDOM_COLORLESS","is_daily":false,"chose_seed":false,"campfire_upgraded":3,"win_rate":0.0,"timestamp":1610294432,"path_taken":["M","?","M","M","$","E","R","E","T","E","?","R","M","E","R","BOSS","M","M","?","?","M","R","M","E","T","$","R","M","E","M","R","BOSS","M","$","?","M","?","?","M","E","M","T","E","?","M","$","E","R","BOSS"],"items_purchased_type":["Card","Card","Relic","Card","Relic","Relic"],"build_version":"2020-12-22","purchased_purges":2,"victory":true,"max_hp_per_floor":[70,70,70,70,70,70,70,75,75,75,75,75,75,82,82,82,82,82,82,82,82,82,82,82,82,82,82,82,82,82,82,82,82,87,87,87,87,87,87,87,87,87,87,87,87,87,87,87,87,87,87],"card_choices":[{"not_picked":["Discovery","Dark Shackles"],"picked":"Dramatic Entrance","floor":0.0},{"not_picked":["Caltrops","Dagger Throw"],"picked":"Deadly Poison","floor":1.0},{"not_picked":["Bane","Quick Slash"],"picked":"Blade Dance","floor":3.0},{"not_picked":["Acrobatics","Eviscerate"],"picked":"Crippling Poison","floor":4.0},{"not_picked":["Crippling Poison","Quick Slash"],"picked":"Blade Dance","floor":6.0},{"not_picked":["Bouncing Flask","Poisoned Stab"],"picked":"Reflex","floor":8.0},{"not_picked":["Corpse Explosion","Storm of Steel"],"picked":"Finisher","floor":10.0},{"not_picked":["Dodge and Roll","Slice","Poisoned Stab"],"picked":"SKIP","floor":11.0},{"not_picked":["Outmaneuver","Finisher","Quick Slash"],"picked":"SKIP","floor":13.0},{"not_picked":["Predator","Underhanded Strike"],"picked":"Backflip","floor":14.0},{"not_picked":["Malaise","Envenom"],"picked":"Adrenaline","floor":16.0},{"not_picked":["Calculated Gamble+1","Blade Dance"],"picked":"Cloak And Dagger+1","floor":18.0},{"not_picked":["Blade Dance+1","Terror"],"picked":"PiercingWail+1","floor":19.0},{"not_picked":["Blade Dance","Backflip"],"picked":"Tactician","floor":21.0},{"not_picked":["Bane","Poisoned Stab"],"picked":"Escape Plan+1","floor":22.0},{"not_picked":["Quick Slash","Bane","Concentrate"],"picked":"SKIP","floor":24.0},{"not_picked":["Slice","Night Terror"],"picked":"Footwork+1","floor":25.0},{"not_picked":["Blade Dance","Accuracy","Dagger Spray"],"picked":"SKIP","floor":29.0},{"not_picked":["Blade Dance","Dagger Spray"],"picked":"Accuracy","floor":29.0},{"not_picked":["Accuracy","Cloak And Dagger"],"picked":"Finisher","floor":30.0},{"not_picked":["Glass Knife","Crippling Poison+1","PiercingWail"],"picked":"SKIP","floor":31.0},{"not_picked":["PiercingWail","Sucker Punch+1"],"picked":"Acrobatics","floor":34.0},{"not_picked":["Blade Dance","Deadly Poison+1","Cloak And Dagger"],"picked":"SKIP","floor":35.0},{"not_picked":["Quick Slash+1","Dash+1"],"picked":"Backflip+1","floor":37.0},{"not_picked":["Deadly Poison","Cloak And Dagger","Dagger Spray+1"],"picked":"SKIP","floor":38.0},{"not_picked":["Heel Hook+1","Underhanded Strike","Bouncing Flask+1"],"picked":"SKIP","floor":40.0},{"not_picked":["Dash+1","Leg Sweep+1","Quick Slash"],"picked":"SKIP","floor":41.0},{"not_picked":["Eviscerate","Bullet Time"],"picked":"Choke","floor":42.0},{"not_picked":["Bane","Noxious Fumes+1","Backflip+1"],"picked":"SKIP","floor":43.0},{"not_picked":["Setup","Deadly Poison+1","Underhanded Strike+1"],"picked":"SKIP","floor":45.0},{"not_picked":["Poisoned Stab+1","PiercingWail+1","Quick Slash+1"],"picked":"SKIP","floor":47.0},{"not_picked":["Underhanded Strike+1","Distraction+1","Skewer+1"],"picked":"SKIP","floor":49.0},{"not_picked":["Underhanded Strike+1","Distraction+1","Skewer+1"],"picked":"SKIP","floor":49.0}],"player_experience":82746,"relics_obtained":[{"floor":6.0,"key":"Centennial Puzzle"},{"floor":8.0,"key":"Omamori"},{"floor":9.0,"key":"Bronze Scales"},{"floor":14.0,"key":"Strawberry"},{"floor":25.0,"key":"Kunai"},{"floor":26.0,"key":"Art of War"},{"floor":30.0,"key":"Oddly Smooth Stone"},{"floor":37.0,"key":"Calipers"},{"floor":42.0,"key":"Shovel"},{"floor":44.0,"key":"Blood Vial"},{"floor":45.0,"key":"Pocketwatch"},{"floor":49.0,"key":"Bag of Marbles"}],"event_choices":[{"damage_healed":0.0,"max_hp_gain":0.0,"max_hp_loss":0.0,"gold_gain":0.0,"cards_transformed":["Strike_G"],"event_name":"Transmorgrifier","player_choice":"Transformed","floor":2.0,"gold_loss":0.0,"damage_taken":0.0,"cards_obtained":["Endless Agony"]},{"damage_healed":0.0,"max_hp_gain":0.0,"max_hp_loss":0.0,"gold_gain":0.0,"event_name":"WeMeetAgain","player_choice":"Gave Potion","floor":20.0,"gold_loss":0.0,"damage_taken":0.0,"relics_obtained":["Boot"]},{"damage_healed":0.0,"max_hp_gain":0.0,"max_hp_loss":0.0,"gold_gain":0.0,"event_name":"MindBloom","player_choice":"Fight","floor":37.0,"gold_loss":0.0,"damage_taken":0.0},{"damage_healed":0.0,"max_hp_gain":0.0,"max_hp_loss":0.0,"gold_gain":0.0,"event_name":"Lab","player_choice":"Got Potions","floor":39.0,"gold_loss":0.0,"damage_taken":0.0},{"damage_healed":0.0,"max_hp_gain":0.0,"max_hp_loss":0.0,"gold_gain":0.0,"event_name":"The Moai Head","player_choice":"Ignored","floor":46.0,"gold_loss":0.0,"damage_taken":0.0}],"is_beta":false,"boss_relics":[{"not_picked":["Ring of the Serpent","HoveringKite"],"picked":"Sozu"},{"not_picked":["Velvet Choker","Snecko Eye"],"picked":"Tiny House"}],"items_purged_floors":[27,36],"is_endless":false,"potions_floor_spawned":[1,3,6,11,14,16,18,21,22,35,38,45,47],"ascension_level":5}}