{"host":"qzpuxnheibnu7155","time":1610254083,"event":{"mods":["Act Like it!","BaseMod","Displayed Cursed Tome","Minty Spire (QoL Compilation)","MostiFishMod","Pale of the Ancients","Remilia（蕾米莉亚）","RumiaBox-露米娅的神秘盒子","StSLib","TestMod","Waifu the Spire","【功能Mod】Neow奖励","【遗物卡牌】REMEMod","没有小屋子和绿帽子啦"],"gold_per_floor":[18,18,418,432,40,69,119,150,150,161,161,172,172,186,186,263,263,281,296,296,315,63,63,63,92,92,92,92,92],"floor_reached":28,"playtime":2359,"items_purged":["Strike_RM","Defend_RM"],"score":717,"play_id":"0d330aa2-4e0f-4604-b0fc-2fa607e2eb53","local_time":"20210110124803","is_ascension_mode":true,"campfire_choices":[{"floor":13,"key":"RECALL"},{"data":"MastersStateliness","floor":15,"key":"SMITH"},{"data":"ScarletMeister","floor":23,"key":"SMITH"},{"data":"MastersStateliness","floor":27,"key":"SMITH"}],"circlet_count":0,"master_deck":["AscendersBane","Strike_RM","Strike_RM","RedMoon","ScarletShoot","Skim","UnstableMagic","Ultimatum","MastersStateliness+1","ScarletDream","VampireFantasy","EternalNight","UnderTheZenith","ScarletMeister+1","FitfulNightmare","FitfulNightmare+1","MastersStateliness","DiffusionOfMisfortune","MastersStateliness","MastersStateliness","TransientEternity","MastersStateliness+1","EternalNight+1"],"relics":["ScarletHat","DaveBox","REME_ComplimentaryCards","GreenFoldingFan","testmod-TurbochargingSystem","SynthV:TestCard","Civilization","Mummified Hand","MealTicket","GodSword5","JellyFishMachine","Baka2","FaceOfCleric","Vajra","Bottled Flame"],"acts_visited":["Exordium","TheCity"],"potions_floor_usage":[6],"damage_taken":[{"damage":6.0,"enemies":"Small Slimes","floor":1.0,"turns":3.0},{"damage":2.0,"enemies":"2 Louse","floor":4.0,"turns":2.0},{"damage":34,"enemies":"Gremlin Nob","floor":6,"turns":4},{"damage":18,"enemies":"Lagavulin","floor":8,"turns":5},{"damage":6,"enemies":"Cultist","floor":10,"turns":3},{"damage":20,"enemies":"2 Fungi Beasts","floor":12,"turns":10},{"damage":2,"enemies":"Lots of Slimes","floor":14,"turns":1},{"damage":10,"enemies":"Hexaghost","floor":16,"turns":5},{"damage":4,"enemies":"Spheric Guardian","floor":18,"turns":2},{"damage":6,"enemies":"Shell Parasite","floor":19,"turns":3},{"damage":6,"enemies":"Snake Plant","floor":21,"turns":3},{"damage":2,"enemies":"REME_1_Revenger","floor":25,"turns":2},{"damage":2,"enemies":"Gremlin Leader","floor":28,"turns":1}],"seed_played":"-1366367739420498673","potions_obtained":[{"floor":1.0,"key":"Strength Potion"},{"floor":8,"key":"Weak Potion"},{"floor":16,"key":"DestinyDice"},{"floor":19,"key":"DestinyDice"}],"is_trial":false,"path_per_floor":["M","?","?","M","$","E","?","E","T","M","?","M","R","M","R","B",null,"M","M","?","M","$","R","?","E","T","R","E"],"character_chosen":"REMILIA","items_purchased":["Civilization","TransientEternity"],"campfire_rested":0,"item_purchase_floors":[5,22],"current_hp_per_floor":[69,69,69,70,70,53,53,59,59,68,68,65,65,87,87,102,102,114,127,127,141,141,141,141,2,2,2,0,0],"gold":92,"neow_bonus":"REMOVE_TWO","is_daily":false,"chose_seed":false,"campfire_upgraded":3,"win_rate":0.0,"timestamp":1610254083,"path_taken":["M","?","?","M","$","E","?","E","T","?","?","?","R","M","R","BOSS","M","M","?","M","?","R","?","E","T","R","E"],"items_purchased_type":["Relic","Card"],"build_version":"2020-12-22","purchased_purges":2,"victory":false,"max_hp_per_floor":[70,70,70,70,70,71,71,73,73,76,76,81,81,91,91,102,102,114,127,127,141,141,141,141,157,157,157,157,157],"card_choices":[{"not_picked":["RedRainbow","StarOfDavid"],"picked":"UnstableMagic","floor":1.0},{"not_picked":["StarOfDavid","BombardNight","RedRainbow","BlasphemousPunishment"],"picked":"Ultimatum","floor":4.0},{"not_picked":["MillenniumVampire","VampirishNight","BadLadyScramble","Ultimatum"],"picked":"MastersStateliness","floor":6},{"not_picked":["ChaoticDestiny","EmergencyRegeneration","BadLadyScramble","DiffusionOfMisfortune"],"picked":"Maim","floor":6},{"not_picked":["ScarletImprint","RedMagic","ScarletNetherworld","Ultimatum","VampireClaw"],"picked":"SKIP","floor":8},{"not_picked":["EmergencyRegeneration","BlasphemousPunishment","VampireKiss","ScarletImprint"],"picked":"ScarletDream","floor":10},{"not_picked":["EmergencyRegeneration","ScarletImprint","NightLord","Stigmanizer","UnderTheZenith"],"picked":"SKIP","floor":10},{"not_picked":["ChainGang","ForbiddenFruit","Stigmanizer","VampirishNight"],"picked":"EternalNight","floor":12},{"not_picked":["ReincarnationDial","NightLord","Stigmanizer","ScarletNetherworld","BlasphemousPunishment"],"picked":"SKIP","floor":12},{"not_picked":["EmergencyRegeneration","BloodAndWine","ScarletImprint","AfternoonTea"],"picked":"UnderTheZenith","floor":14},{"not_picked":["KillingBlow","BloodRain","CeilingFear","BatForm"],"picked":"ScarletMeister","floor":16},{"not_picked":["CharismaGuard+1","VampireSweep+1","GlobalNightmare","BloodyTrap"],"picked":"FitfulNightmare","floor":18},{"not_picked":["FavorOfDestiny","DiffusionOfMisfortune","ScarletDevil","NightLord"],"picked":"MastersStateliness","floor":19},{"not_picked":["RedMagic","EternalNight","NightLord","BlasphemousPunishment"],"picked":"DiffusionOfMisfortune","floor":19},{"not_picked":["VampireFantasy","VampirishNight","GlobalNightmare","VampireKiss"],"picked":"MastersStateliness","floor":21},{"not_picked":["StarOfDavid","GlobalNightmare","Stigmanizer+1","ScarletDevilSign"],"picked":"MastersStateliness","floor":25},{"not_picked":["Stigmanizer","EmergencyRegeneration","KillingBlow","BloodHunter"],"picked":"EternalNight+1","floor":25}],"player_experience":568854,"relics_obtained":[{"floor":1.0,"key":"SynthV:TestCard"},{"floor":1.0,"key":"Baka"},{"floor":6,"key":"Mummified Hand"},{"floor":8,"key":"MealTicket"},{"floor":12,"key":"GodSword5"},{"floor":21,"key":"Baka2"},{"floor":25,"key":"Vajra"},{"floor":26,"key":"Bottled Flame"}],"event_choices":[{"cards_removed":["Defend_RM"],"damage_healed":0.0,"max_hp_gain":0.0,"max_hp_loss":0.0,"gold_gain":0.0,"event_name":"Living Wall","player_choice":"Forget","floor":2.0,"gold_loss":0.0,"damage_taken":0.0},{"damage_healed":0.0,"max_hp_gain":0.0,"max_hp_loss":0.0,"gold_gain":400.0,"event_name":"恩洛斯的盘子","player_choice":"Sell","floor":3.0,"relics_lost":["testmod-TestBox"],"gold_loss":0.0,"damage_taken":0.0},{"damage_healed":0,"gold_gain":50,"player_choice":"Pray","damage_taken":0,"max_hp_gain":0,"max_hp_loss":0,"event_name":"Golden Shrine","floor":7,"gold_loss":0},{"damage_healed":0,"gold_gain":0,"cards_transformed":["Strike_RM"],"player_choice":"Transformed","damage_taken":0,"max_hp_gain":0,"max_hp_loss":0,"event_name":"Transmorgrifier","floor":11,"gold_loss":0,"cards_obtained":["VampireFantasy"]},{"damage_healed":0,"gold_gain":0,"player_choice":"Read","damage_taken":0,"max_hp_gain":0,"max_hp_loss":0,"event_name":"The Library","floor":20,"gold_loss":0,"cards_obtained":["MastersStateliness"]},{"damage_healed":0,"gold_gain":0,"player_choice":"Trade","damage_taken":0,"relics_obtained":["FaceOfCleric"],"max_hp_gain":0,"max_hp_loss":0,"event_name":"FaceTrader","floor":24,"gold_loss":0}],"is_beta":false,"boss_relics":[{"not_picked":["AddBug","Fusion Hammer"],"picked":"JellyFishMachine"}],"items_purged_floors":[5,22],"is_endless":false,"potions_floor_spawned":[1,8,16,18,19],"killed_by":"Gremlin Leader","ascension_level":20}}