{"host":"idhn3x725u206pbu","time":1610277660,"event":{"mods":["AchievementEnabler","BaseMod","Beaked The Cultist","Bestiary","Better Altar","Better Match","Better Note","Better Sensory Stone","Better Skull","Better Third Choice","BetterRewards","Clockwork Mod","Colored Map","Downfall","Energized Spire","Gremlin Mod","Hubris","Infinite Spire","Marisa£®ÏF”Í°°ƒß¿Ì…≥£©","Minty Spire (QoL Compilation)","Permanent Neow","Quick Restart","Relic Stats","Replay The Spire","SIMod","Spicy Shops","StSLib","The Construct","The Cursed","The Exalted","The Gatherer","The Jungle","The Necromancer","The Senshi","UnlockEverythingMod","°æ“≈ŒÔø®≈∆°øREMEMod"],"gold_per_floor":[543,543,543,553,760,760,775,775,775,789,804,818,818,818,818,917,917,842,842,483,503,70,97,97,129,152,167,167,184,59,77,77,177,177,195,215,265,344,363,398,414,414,483,510,525,558,572,572,572,572,572,572,207,232,232,232],"floor_reached":55,"playtime":6627,"items_purged":["beaked:Strike_Y","beaked:Strike_Y","beaked:Strike_Y","beaked:Strike_Y","beaked:Defend_Y","beaked:Defend_Y"],"score":1162,"play_id":"4fdd9efd-7fe4-45ad-8e00-23e32112e864","local_time":"20210110192100","is_ascension_mode":false,"campfire_choices":[{"data":"beaked:SurvivalInstinct","floor":6.0,"key":"SMITH"},{"data":"ReplayTheSpireMod:Wings of Steel","floor":8.0,"key":"SMITH"},{"data":"beaked:MachineSpirit","floor":13.0,"key":"SMITH"},{"data":"beaked:Ceremony","floor":15.0,"key":"SMITH"},{"floor":24.0,"key":"REST"},{"floor":32.0,"key":"RECALL"},{"floor":42.0,"key":"REST"},{"floor":49.0,"key":"REST"},{"floor":52,"key":"REST"}],"circlet_count":0,"master_deck":["beaked:Strike_Y","beaked:Strike_Y+1","beaked:Defend_Y","beaked:Defend_Y","beaked:Ceremony+1","beaked:Ceremony","beaked:Ceremony","ReplayTheSpireMod:Uncanny Aura","beaked:SurvivalInstinct+1","beaked:Tweet","beaked:Cower","beaked:Struggle","ReplayTheSpireMod:Wings of Steel+1","beaked:WarriorEssence+1","beaked:MachineSpirit+1","beaked:VolatileMisfortune","beaked:Daydream+1","beaked:Insight","Replay:SS_hec_2","ReplayTheSpireMod:Owlgaze","beaked:SacrificialDive","beaked:BloodRitual+1","infinitespire:Starlight","beaked:Evade","beaked:MachineEssence+1","beaked:VigorBurst+1","beaked:DigDeep+1","beaked:BraceForImpact+1","beaked:MachineSpirit","beaked:FakeOut","beaked:Daydream+1","beaked:Insight+1","beaked:AwakenedForm+1"],"relics":["beaked:MendingPlumage","REME_ComplimentaryCards","hubris:Towel","Omamori","ReplayTheSpireMod:Ring of Collecting","Ring of Panic","Fusion Hammer","Orichalcum","Pear","infinitespire:Lucky Rock","theSenshi:SailorFukuRelic","infinitespire:FocusingShard","Black Star","Ice Cream","hubris:DeckOfHolding","Frozen Egg 2","Lantern","ReplayTheSpireMod:Ring of Exchange","Ornamental Fan","hubris:TenFootPole","beaked:ThroatLozenge","hubris:Potato","hubris:MysteriousPyramids","Whetstone","infinitespire:CheckeredPen"],"acts_visited":["Exordium","TheCity","TheBeyond","TheEnding"],"potions_floor_usage":[55],"damage_taken":[{"damage":10.0,"enemies":"Jaw Worm","floor":1.0,"turns":5.0},{"damage":5.0,"enemies":"Small Slimes","floor":4.0,"turns":4.0},{"damage":12.0,"enemies":"Cultist","floor":7.0,"turns":4.0},{"damage":2.0,"enemies":"Large Slime","floor":10.0,"turns":6.0},{"damage":15.0,"enemies":"3 Louse","floor":11.0,"turns":5.0},{"damage":20.0,"enemies":"Looter","floor":12.0,"turns":4.0},{"damage":43.0,"enemies":"Slime Boss","floor":16.0,"turns":8.0},{"damage":40.0,"enemies":"2 Thieves","floor":18.0,"turns":5.0},{"damage":11.0,"enemies":"3 Byrds","floor":21.0,"turns":9.0},{"damage":64.0,"enemies":"REME_1_Revenger","floor":23.0,"turns":8.0},{"damage":0.0,"enemies":"Replay:Snechameleon","floor":25.0,"turns":9.0},{"damage":31.0,"enemies":"Centurion and Healer","floor":27.0,"turns":7.0},{"damage":32.0,"enemies":"Snake Plant","floor":29.0,"turns":5.0},{"damage":18.0,"enemies":"Shelled Parasite and Fungi","floor":31.0,"turns":7.0},{"damage":47.0,"enemies":"hubris:MusketHawk","floor":33.0,"turns":7.0},{"damage":20.0,"enemies":"3 Shapes","floor":35.0,"turns":6.0},{"damage":41.0,"enemies":"Orb Walker","floor":36.0,"turns":6.0},{"damage":62.0,"enemies":"Mind Bloom Boss Battle","floor":37.0,"turns":9.0},{"damage":42.0,"enemies":"Maw","floor":39.0,"turns":7.0},{"damage":38.0,"enemies":"R_Hoarder","floor":40.0,"turns":11.0},{"damage":74.0,"enemies":"4 Shapes","floor":41.0,"turns":6.0},{"damage":24.0,"enemies":"Giant Head","floor":44.0,"turns":11.0},{"damage":62.0,"enemies":"Jaw Worm Horde","floor":45.0,"turns":7.0},{"damage":85.0,"enemies":"Nemesis","floor":46.0,"turns":9.0},{"damage":44.0,"enemies":"Sphere and 2 Shapes","floor":47.0,"turns":7.0},{"damage":27.0,"enemies":"hubris:GrandSnecko","floor":50.0,"turns":9.0},{"damage":0,"enemies":"hubris:Merchant","floor":53,"turns":1},{"damage":48,"enemies":"Shield and Spear","floor":54,"turns":10},{"damage":110,"enemies":"The Heart","floor":55,"turns":5}],"seed_played":"5650189889826890648","potions_obtained":[{"floor":7.0,"key":"Dexterity Potion"},{"floor":10.0,"key":"Dexterity Potion"},{"floor":16.0,"key":"Strength Potion"},{"floor":21.0,"key":"champ:CounterPotion"},{"floor":27.0,"key":"champ:CounterPotion"},{"floor":33.0,"key":"Strength Potion"},{"floor":35.0,"key":"Ancient Potion"},{"floor":40.0,"key":"AttackPotion"},{"floor":45.0,"key":"FairyPotion"},{"floor":47.0,"key":"Adrenaline Potion"}],"is_trial":false,"path_per_floor":["M","?","?","M","?","R","M","R","T","M","M","M","R","?","R","B",null,"M","?","$","M","$","E","R","E","T","M","AVR","M","$","M","R","B",null,"M","M","?","T","M","E","M","R","T","E","M","E","M","?","R","B",null,"R","$","E","B"],"character_chosen":"BEAKED_THE_CULTIST","items_purchased":["beaked:SurvivalInstinct","beaked:Insight","Orichalcum","Replay:SS_hec_2","Pear","ReplayTheSpireMod:Owlgaze","beaked:Insight+1"],"campfire_rested":4,"item_purchase_floors":[0,20,20,20,22,22,53],"current_hp_per_floor":[47,47,47,50,30,30,28,28,28,41,40,31,31,31,31,31,50,26,26,26,50,60,18,36,59,59,52,52,52,52,60,60,52,60,60,45,63,63,58,64,39,59,59,67,67,63,67,67,67,65,67,67,67,67,0,0],"gold":232,"neow_bonus":"","is_daily":false,"chose_seed":false,"campfire_upgraded":4,"win_rate":0.0,"timestamp":1610277660,"path_taken":["M","?","?","M","?","R","M","R","T","M","?","M","R","?","R","BOSS","M","?","$","M","$","E","R","E","T","M","AVR","M","?","?","R","BOSS","M","M","?","?","M","E","M","R","T","E","?","E","M","?","R","BOSS","R","$","E","BOSS"],"items_purchased_type":["Card","Card","Relic","Card","Relic","Card","Card"],"build_version":"2020-12-22","purchased_purges":6,"victory":false,"max_hp_per_floor":[50,50,50,50,50,50,50,50,50,50,50,50,50,50,50,50,50,50,50,50,50,60,60,60,60,60,60,60,60,60,60,60,60,60,60,60,65,65,65,67,67,67,67,67,67,67,67,67,67,67,67,67,67,67,67,67],"relic_stats":{"counters":[53,317],"Ornamental Fan":[4],"Black Star":4,"Whetstone":["beaked:WarriorEssence","beaked:Strike_Y"],"Orichalcum":[540],"obtain_stats":[{"Ice Cream":37,"ReplayTheSpireMod:Ring of Exchange":43,"Lantern":40,"Tiny House":17,"Vajra":11,"hubris:SlimyHat":5,"Whetstone":54,"hubris:MysteriousPyramids":46,"Burning Blood":0,"hubris:Icosahedron":4,"Pantograph":9,"energizedSpire:TabascoSauce":38,"hubris:DeckOfHolding":38,"Fusion Hammer":17,"Kunai":45,"Replay:Bottled Eggs":14,"Replay:Wax Seal":21,"Ring of Panic":14,"theSenshi:SailorFukuRelic":25,"Runic Cube":36,"Potion Belt":23,"beaked:ThroatLozenge":44,"Pear":22,"Happy Flower":6,"Self Forming Clay":19,"Replay:WaspNest":26,"infinitespire:FocusingShard":28,"Omamori":9,"infinitespire:Lucky Rock":23,"infinitespire:CheckeredPen":54,"hubris:Towel":3,"Orichalcum":20,"Frozen Egg 2":40,"Ornamental Fan":43,"ReplayTheSpireMod:Ring of Collecting":14,"hubris:BundleOfHerbs":47,"Black Star":34,"hubris:TenFootPole":44,"beaked:MendingPlumage":0,"infinitespire:PuzzleCube":31,"hubris:Potato":46,"REME_ComplimentaryCards":0},{"Ice Cream":42,"ReplayTheSpireMod:Ring of Exchange":45,"Lantern":44,"Tiny House":8,"Vajra":5,"hubris:SlimyHat":2,"Whetstone":52,"hubris:MysteriousPyramids":48,"Burning Blood":0,"hubris:Icosahedron":2,"Pantograph":4,"energizedSpire:TabascoSauce":17,"hubris:DeckOfHolding":42,"Fusion Hammer":31,"Kunai":19,"Replay:Bottled Eggs":7,"Replay:Wax Seal":10,"Ring of Panic":30,"theSenshi:SailorFukuRelic":35,"Runic Cube":16,"Potion Belt":11,"beaked:ThroatLozenge":46,"Pear":33,"Happy Flower":3,"Self Forming Clay":9,"Replay:WaspNest":11,"infinitespire:FocusingShard":36,"Omamori":27,"infinitespire:Lucky Rock":34,"infinitespire:CheckeredPen":52,"hubris:Towel":25,"Orichalcum":32,"Frozen Egg 2":44,"Ornamental Fan":45,"ReplayTheSpireMod:Ring of Collecting":30,"hubris:BundleOfHerbs":20,"Black Star":39,"hubris:TenFootPole":46,"beaked:MendingPlumage":0,"infinitespire:PuzzleCube":13,"hubris:Potato":48,"REME_ComplimentaryCards":0},{"Ice Cream":234,"ReplayTheSpireMod:Ring of Exchange":258,"Lantern":252,"Tiny House":38,"Vajra":19,"hubris:SlimyHat":6,"Whetstone":312,"hubris:MysteriousPyramids":285,"Burning Blood":0,"hubris:Icosahedron":6,"Pantograph":14,"energizedSpire:TabascoSauce":91,"hubris:DeckOfHolding":234,"Fusion Hammer":156,"Kunai":97,"Replay:Bottled Eggs":28,"Replay:Wax Seal":50,"Ring of Panic":148,"theSenshi:SailorFukuRelic":187,"Runic Cube":88,"Potion Belt":59,"beaked:ThroatLozenge":269,"Pear":170,"Happy Flower":11,"Self Forming Clay":41,"Replay:WaspNest":59,"infinitespire:FocusingShard":194,"Omamori":133,"infinitespire:Lucky Rock":178,"infinitespire:CheckeredPen":312,"hubris:Towel":125,"Orichalcum":161,"Frozen Egg 2":252,"Ornamental Fan":258,"ReplayTheSpireMod:Ring of Collecting":148,"hubris:BundleOfHerbs":101,"Black Star":213,"hubris:TenFootPole":269,"beaked:MendingPlumage":0,"infinitespire:PuzzleCube":68,"hubris:Potato":285,"REME_ComplimentaryCards":0}]},"card_choices":[{"not_picked":["beaked:Molting","beaked:Resilience"],"picked":"beaked:Tweet","floor":1.0},{"not_picked":["beaked:RitualOfBody","beaked:BloodRitual"],"picked":"beaked:Cower","floor":4.0},{"not_picked":["beaked:Daydream","beaked:Resilience"],"picked":"beaked:Struggle","floor":5.0},{"not_picked":["beaked:WarriorSpirit","beaked:BraceForImpact"],"picked":"ReplayTheSpireMod:Wings of Steel","floor":7.0},{"not_picked":["beaked:BarbedWire","beaked:SurvivalInstinct"],"picked":"beaked:WarriorEssence","floor":10.0},{"not_picked":["beaked:WindBringer","beaked:Flinch"],"picked":"beaked:MachineSpirit","floor":11.0},{"not_picked":["beaked:HuntressEssence","beaked:Brace","beaked:FeelMyPain"],"picked":"SKIP","floor":12.0},{"not_picked":["beaked:KnowThyFoe","beaked:CheekyTricks"],"picked":"beaked:VolatileMisfortune","floor":16.0},{"not_picked":["beaked:Foresight","beaked:WarriorEssence"],"picked":"beaked:Daydream+1","floor":18.0},{"not_picked":["beaked:SurvivalInstinct","beaked:Negation","beaked:Insight"],"picked":"SKIP","floor":21.0},{"not_picked":["beaked:Cower","beaked:FeelMyPain+1"],"picked":"beaked:SacrificialDive","floor":23.0},{"not_picked":["beaked:Hexing+1","beaked:Cower"],"picked":"beaked:BloodRitual+1","floor":25.0},{"not_picked":["beaked:SurvivalInstinct","beaked:CrazyRituals+1","beaked:Tweet+1"],"picked":"SKIP","floor":27.0},{"not_picked":["beaked:Overexert","beaked:MimicHuntress"],"picked":"beaked:Evade","floor":29.0},{"not_picked":["beaked:Devastation","ReplayTheSpireMod:Wings of Steel+1","beaked:DigDeep"],"picked":"SKIP","floor":31.0},{"not_picked":["beaked:ScreechingChant","beaked:Sacrifice"],"picked":"beaked:MachineEssence","floor":33.0},{"not_picked":["beaked:Replenish+1","ReplayTheSpireMod:Wings of Steel","beaked:Recite"],"picked":"SKIP","floor":35.0},{"not_picked":["beaked:BarbedWire+1","beaked:DigDeep","beaked:Tweet+1"],"picked":"SKIP","floor":36.0},{"not_picked":["beaked:DigDeeper+1","beaked:CursingBlood+1"],"picked":"beaked:VigorBurst+1","floor":37.0},{"not_picked":["beaked:RuinSticks+1","beaked:FeelMyPain","beaked:BounceBack+1"],"picked":"SKIP","floor":39.0},{"not_picked":["beaked:Foresight+1","beaked:Daydream"],"picked":"beaked:DigDeep+1","floor":40.0},{"not_picked":["ReplayTheSpireMod:Prepare the Ceremony+1","beaked:HuntressEssence+1"],"picked":"beaked:BraceForImpact+1","floor":41.0},{"not_picked":["beaked:KnowThyFoe","beaked:DesperateSwing"],"picked":"beaked:MachineSpirit","floor":44.0},{"not_picked":["beaked:Evade+1","beaked:Insight+1","beaked:Resilience+1"],"picked":"SKIP","floor":45.0},{"not_picked":["beaked:VigorBurst+1","beaked:FeelMyPain+1"],"picked":"beaked:FakeOut","floor":46.0},{"not_picked":["beaked:FeelMyPain+1","beaked:StunningBlow"],"picked":"beaked:Daydream+1","floor":47.0},{"not_picked":["beaked:FeelMyPain","beaked:DigDeep+1"],"picked":"beaked:AwakenedForm+1","floor":54}],"player_experience":127627,"relics_obtained":[{"floor":9.0,"key":"Omamori"},{"floor":14.0,"key":"ReplayTheSpireMod:Ring of Collecting"},{"floor":14.0,"key":"Ring of Panic"},{"floor":23.0,"key":"infinitespire:Lucky Rock"},{"floor":25.0,"key":"theSenshi:SailorFukuRelic"},{"floor":37.0,"key":"Ice Cream"},{"floor":38.0,"key":"hubris:DeckOfHolding"},{"floor":40.0,"key":"Frozen Egg 2"},{"floor":40.0,"key":"Lantern"},{"floor":43.0,"key":"ReplayTheSpireMod:Ring of Exchange"},{"floor":43.0,"key":"Ornamental Fan"},{"floor":44.0,"key":"hubris:TenFootPole"},{"floor":44.0,"key":"beaked:ThroatLozenge"},{"floor":46.0,"key":"hubris:Potato"},{"floor":46.0,"key":"hubris:MysteriousPyramids"},{"floor":54,"key":"Whetstone"},{"floor":54,"key":"infinitespire:CheckeredPen"}],"event_choices":[{"damage_healed":47.0,"max_hp_gain":0.0,"max_hp_loss":50.0,"gold_gain":0.0,"event_name":"betterThird:BetterShining","player_choice":"Embrace Burn","floor":2.0,"gold_loss":0.0,"damage_taken":0.0},{"cards_removed":["Burn"],"damage_healed":0.0,"max_hp_gain":0.0,"max_hp_loss":0.0,"gold_gain":0.0,"event_name":"Wheel of Change","player_choice":"Card Removal","floor":19.0,"gold_loss":0.0,"damage_taken":0.0},{"damage_healed":0.0,"max_hp_gain":0.0,"max_hp_loss":0.0,"gold_gain":0.0,"event_name":"MindBloom","player_choice":"Fight","floor":37.0,"gold_loss":0.0,"damage_taken":0.0}],"is_beta":false,"boss_relics":[{"not_picked":["hubris:HollowSoul","Calling Bell"],"picked":"Fusion Hammer"},{"not_picked":["hubris:Backtick","Bromod:ArcaneGrace"],"picked":"Black Star"}],"items_purged_floors":[20,22,28,30,53,53],"is_endless":false,"potions_floor_spawned":[7,10,16,21,27,33,35,40,45,47,54],"killed_by":"The Heart","ascension_level":0}}