{"host":"qfskrnw3pl1q86j0","time":1610286988,"event":{"mods":["BaseMod","Block Reminder","Hermit","Marisa????????","Minty Spire (QoL Compilation)","Quick Restart","Random Character Button","Relic Stats","StSLib","The Poker Player","slay the spire mod where everything is the same but ironclad has a cowboy hat"],"gold_per_floor":[119,119,129,144,144,175,175,203,230,155,169,169,169,179,179,280,280,300,300,316,333,352,352,366,401,427,439,439,439,457,470,470,575,575,592,348,367,379,390,390,401,401,474,493,493,493,511,525,525,525],"floor_reached":51,"playtime":1477,"items_purged":["Strike_R","Defend_R"],"score":737,"play_id":"33d26a04-57cb-4df8-a705-a0f928f6db78","local_time":"20210110145628","is_ascension_mode":false,"campfire_choices":[{"data":"Cleave","floor":7,"key":"SMITH"},{"data":"Headbutt","floor":12,"key":"SMITH"},{"data":"Spot Weakness","floor":15,"key":"SMITH"},{"data":"Bludgeon","floor":23,"key":"SMITH"},{"data":"Spot Weakness","floor":28,"key":"SMITH"},{"data":"Strike_R","floor":32,"key":"SMITH"},{"data":"Whirlwind","floor":40,"key":"SMITH"},{"data":"Defend_R","floor":42,"key":"SMITH"},{"data":"Defend_R","floor":46,"key":"SMITH"},{"floor":49,"key":"REST"}],"circlet_count":0,"master_deck":["Strike_R+1","Strike_R+1","Strike_R+1","Defend_R+1","Defend_R+1","Defend_R+1","Bash+1","Sword Boomerang+1","Battle Trance+1","Cleave+1","Headbutt+1","Spot Weakness+1","Bludgeon+1","Pommel Strike+1","Shrug It Off+1","Flame Barrier+1","Spot Weakness+1","Heavy Blade+1","Whirlwind+1","Shrug It Off+1","Entrench+1"],"relics":["Black Blood","Pen Nib","Whetstone","PreservedInsect","Sozu","Enchiridion","War Paint","MealTicket","DollysMirror","Pantograph"],"acts_visited":["Exordium","TheCity","TheBeyond"],"potions_floor_usage":[6,16,50],"damage_taken":[{"damage":8,"enemies":"Jaw Worm","floor":1,"turns":4},{"damage":0,"enemies":"2 Louse","floor":3,"turns":2},{"damage":1,"enemies":"Cultist","floor":4,"turns":3},{"damage":20,"enemies":"Lagavulin","floor":6,"turns":6},{"damage":30,"enemies":"3 Sentries","floor":8,"turns":8},{"damage":0,"enemies":"2 Fungi Beasts","floor":11,"turns":2},{"damage":9,"enemies":"Exordium Thugs","floor":14,"turns":3},{"damage":31,"enemies":"The Guardian","floor":16,"turns":6},{"damage":2,"enemies":"Shell Parasite","floor":18,"turns":3},{"damage":5,"enemies":"2 Thieves","floor":20,"turns":2},{"damage":6,"enemies":"Snake Plant","floor":21,"turns":3},{"damage":18,"enemies":"Shelled Parasite and Fungi","floor":22,"turns":3},{"damage":20,"enemies":"Sentry and Sphere","floor":24,"turns":5},{"damage":0,"enemies":"Gremlin Leader","floor":25,"turns":2},{"damage":2,"enemies":"Cultist and Chosen","floor":27,"turns":3},{"damage":0,"enemies":"Snake Plant","floor":30,"turns":1},{"damage":3,"enemies":"3 Cultists","floor":31,"turns":4},{"damage":39,"enemies":"Automaton","floor":33,"turns":8},{"damage":10,"enemies":"Orb Walker","floor":35,"turns":3},{"damage":7,"enemies":"3 Shapes","floor":37,"turns":4},{"damage":6,"enemies":"Transient","floor":38,"turns":5},{"damage":39,"enemies":"4 Shapes","floor":39,"turns":4},{"damage":0,"enemies":"Sphere and 2 Shapes","floor":41,"turns":2},{"damage":0,"enemies":"Jaw Worm Horde","floor":44,"turns":2},{"damage":5,"enemies":"4 Shapes","floor":47,"turns":6},{"damage":3,"enemies":"Sphere and 2 Shapes","floor":48,"turns":4},{"damage":49,"enemies":"Time Eater","floor":50,"turns":7}],"seed_played":"6291308996306852913","potions_obtained":[{"floor":3,"key":"PowerPotion"},{"floor":4,"key":"BloodPotion"},{"floor":8,"key":"Dexterity Potion"},{"floor":11,"key":"AttackPotion"}],"is_trial":false,"path_per_floor":["M","?","M","M","?","E","R","E","T","$","M","R","?","M","R","B",null,"M","?","M","M","M","R","M","E","T","M","R","?","M","M","R","B",null,"M","$","M","M","M","R","M","R","T","M","?","R","M","M","R","B",null],"character_chosen":"IRONCLAD","items_purchased":["DollysMirror"],"campfire_rested":1,"item_purchase_floors":[36],"current_hp_per_floor":[78,78,80,80,80,66,66,42,42,42,48,48,48,45,45,20,80,80,64,65,65,53,53,39,45,45,49,49,49,55,58,58,25,80,80,80,80,80,53,53,65,65,65,77,77,77,80,80,80,43],"gold":525,"neow_bonus":"REMOVE_CARD","is_daily":false,"chose_seed":false,"campfire_upgraded":9,"win_rate":0.0,"timestamp":1610286988,"path_taken":["M","?","M","M","?","E","R","E","T","$","M","R","?","M","R","BOSS","M","?","M","M","M","R","M","E","T","M","R","?","?","M","R","BOSS","M","$","M","M","M","R","M","R","T","?","?","R","M","M","R","BOSS"],"items_purchased_type":["Relic"],"build_version":"2020-12-22","purchased_purges":2,"victory":true,"max_hp_per_floor":[80,80,80,80,80,80,80,80,80,80,80,80,80,80,80,80,80,80,80,80,80,80,80,80,80,80,80,80,80,80,80,80,80,80,80,80,80,80,80,80,80,80,80,80,80,80,80,80,80,80],"relic_stats":{"Sozu":9,"counters":[27,105],"Pantograph":0,"Black Blood":177,"MealTicket":0,"Pen Nib":[13],"PreservedInsect":45,"Whetstone":["Strike_R","Strike_R"],"War Paint":["Defend_R","Battle Trance"],"obtain_stats":[{"Sozu":17,"DollysMirror":36,"Pantograph":43,"Enchiridion":19,"Black Blood":34,"MealTicket":26,"Pen Nib":6,"PreservedInsect":9,"Whetstone":8,"War Paint":25,"Burning Blood":0},{"Sozu":8,"DollysMirror":19,"Pantograph":23,"Enchiridion":9,"Black Blood":18,"MealTicket":14,"Pen Nib":4,"PreservedInsect":5,"Whetstone":5,"War Paint":14,"Burning Blood":0},{"Sozu":34,"DollysMirror":71,"Pantograph":86,"Enchiridion":37,"Black Blood":68,"MealTicket":52,"Pen Nib":15,"PreservedInsect":23,"Whetstone":23,"War Paint":52,"Burning Blood":0}]},"card_choices":[{"not_picked":["Havoc","Wild Strike"],"picked":"Sword Boomerang","floor":1},{"not_picked":["Intimidate","Wild Strike"],"picked":"Battle Trance","floor":3},{"not_picked":["Heavy Blade","Warcry","Dual Wield"],"picked":"SKIP","floor":4},{"not_picked":["Wild Strike","Battle Trance"],"picked":"Cleave","floor":6},{"not_picked":["Intimidate","Limit Break","Searing Blow"],"picked":"SKIP","floor":8},{"not_picked":["Evolve","Battle Trance"],"picked":"Headbutt","floor":11},{"not_picked":["Burning Pact","Body Slam"],"picked":"Spot Weakness","floor":14},{"not_picked":["Demon Form","Exhume"],"picked":"Bludgeon","floor":16},{"not_picked":["Clothesline+1","Feel No Pain","Warcry"],"picked":"SKIP","floor":18},{"not_picked":["Clash","Reckless Charge","Perfected Strike"],"picked":"SKIP","floor":20},{"not_picked":["True Grit","Cleave"],"picked":"Pommel Strike+1","floor":21},{"not_picked":["Infernal Blade","Pommel Strike+1"],"picked":"Shrug It Off+1","floor":22},{"not_picked":["Clash","Bludgeon"],"picked":"Flame Barrier+1","floor":24},{"not_picked":["Armaments","Uppercut"],"picked":"Spot Weakness","floor":25},{"not_picked":["Dropkick+1","Headbutt"],"picked":"Heavy Blade+1","floor":27},{"not_picked":["Anger","Metallicize","Clash"],"picked":"SKIP","floor":30},{"not_picked":["Warcry+1","Clash","Twin Strike+1"],"picked":"SKIP","floor":31},{"not_picked":["Cleave+1","Clothesline"],"picked":"Whirlwind","floor":35},{"not_picked":["Evolve+1","Uppercut+1","Iron Wave+1"],"picked":"SKIP","floor":37},{"not_picked":["Immolate","Clash+1","True Grit"],"picked":"SKIP","floor":38},{"not_picked":["Cleave+1","Wild Strike+1","Thunderclap+1"],"picked":"SKIP","floor":39},{"not_picked":["Cleave","Sever Soul","Warcry+1"],"picked":"SKIP","floor":41},{"not_picked":["Carnage+1","Wild Strike+1","Anger"],"picked":"SKIP","floor":44},{"not_picked":["Rage","True Grit","Headbutt+1"],"picked":"SKIP","floor":47},{"not_picked":["Power Through","Entrench+1","Warcry"],"picked":"SKIP","floor":48},{"not_picked":["Power Through","Warcry"],"picked":"Entrench+1","floor":48}],"player_experience":946521,"relics_obtained":[{"floor":6,"key":"Pen Nib"},{"floor":8,"key":"Whetstone"},{"floor":9,"key":"PreservedInsect"},{"floor":19,"key":"Enchiridion"},{"floor":25,"key":"War Paint"},{"floor":26,"key":"MealTicket"},{"floor":43,"key":"Pantograph"}],"event_choices":[{"damage_healed":0,"gold_gain":0,"player_choice":"Grow","damage_taken":0,"max_hp_gain":0,"max_hp_loss":0,"event_name":"Living Wall","floor":2,"gold_loss":0,"cards_upgraded":["Bash"]},{"damage_healed":0,"gold_gain":0,"player_choice":"Ignored","damage_taken":0,"max_hp_gain":0,"max_hp_loss":0,"event_name":"Liars Game","floor":5,"gold_loss":0},{"damage_healed":0,"gold_gain":0,"player_choice":"Upgraded","damage_taken":0,"max_hp_gain":0,"max_hp_loss":0,"event_name":"Upgrade Shrine","floor":13,"gold_loss":0,"cards_upgraded":["Sword Boomerang"]},{"damage_healed":0,"gold_gain":0,"player_choice":"Obtained Book","damage_taken":16,"max_hp_gain":0,"max_hp_loss":0,"event_name":"Cursed Tome","floor":19,"gold_loss":0},{"damage_healed":0,"gold_gain":0,"player_choice":"Ignored","damage_taken":0,"max_hp_gain":0,"max_hp_loss":0,"event_name":"N\u0027loth","floor":29,"gold_loss":0},{"damage_healed":0,"gold_gain":0,"player_choice":"Memory 1","damage_taken":0,"max_hp_gain":0,"max_hp_loss":0,"event_name":"SensoryStone","floor":45,"gold_loss":0}],"is_beta":false,"boss_relics":[{"not_picked":["Busted Crown","Snecko Eye"],"picked":"Sozu"},{"not_picked":["Tiny House","Calling Bell"],"picked":"Black Blood"}],"items_purged_floors":[10,36],"is_endless":false,"potions_floor_spawned":[3,4,8,11,22,24,25,27,30,35,38,39,47],"ascension_level":0}}