{"host":"15dd7v8o90xso62x","time":1610316230,"event":{"mods":["BaseMod","Minty Spire (QoL Compilation)","Quick Restart","StSLib","SuperFastMode"],"gold_per_floor":[119,119,119,3,3,37,37,72,141,156,156,156,174,210,210,309,309,334,128,128,28,44,44,83,83,107,107,123,123,159,179,179,278,278,293,306,186,207,221,261,261,261,284,18,56,56,79,93,93,93,93,93,93,93,136,136],"floor_reached":57,"playtime":2540,"items_purged":["Strike_G","Strike_G","Strike_G","Predator","Dagger Spray+1"],"score":3232,"play_id":"d4834a24-58fb-4e16-bab0-dab6ced2847b","local_time":"20210111070350","is_ascension_mode":true,"campfire_choices":[{"data":"Dagger Spray","floor":7.0,"key":"SMITH"},{"floor":12.0,"key":"REST"},{"data":"Calculated Gamble","floor":15.0,"key":"SMITH"},{"data":"Acrobatics","floor":23.0,"key":"SMITH"},{"data":"Acrobatics","floor":25.0,"key":"SMITH"},{"data":"Reflex","floor":29,"key":"SMITH"},{"data":"Tactician","floor":32,"key":"SMITH"},{"data":"Phantasmal Killer","floor":41,"key":"SMITH"},{"floor":46,"key":"RECALL"},{"data":"Night Terror","floor":49,"key":"SMITH"},{"data":"Grand Finale","floor":53,"key":"SMITH"}],"circlet_count":0,"master_deck":["AscendersBane","Survivor","Neutralize+1","Calculated Gamble+1","Terror","Reflex+1","Acrobatics+1","Footwork","Grand Finale+1","Venomology","Acrobatics+1","Adrenaline","Backflip+1","Tactician+1","Adrenaline","Night Terror+1","Reflex","Escape Plan","Acrobatics","Phantasmal Killer+1"],"relics":["Ring of the Snake","Golden Idol","Regal Pillow","Du-Vu Doll","Vajra","The Courier","Whetstone","HoveringKite","Pantograph","Ancient Tea Set","Nloth\u0027s Gift","Omamori","Pandora\u0027s Box","Singing Bowl","Medical Kit","Strawberry","Oddly Smooth Stone"],"acts_visited":["Exordium","TheCity","TheBeyond","TheEnding"],"potions_floor_usage":[28,30,30,31,35,35,36,39,39,45,47,48,50,51,56],"damage_taken":[{"damage":0.0,"enemies":"Jaw Worm","floor":1.0,"turns":1.0},{"damage":0.0,"enemies":"Lagavulin","floor":6.0,"turns":1.0},{"damage":0.0,"enemies":"3 Sentries","floor":8.0,"turns":2.0},{"damage":0.0,"enemies":"2 Louse","floor":10.0,"turns":1.0},{"damage":1.0,"enemies":"Cultist","floor":13.0,"turns":3.0},{"damage":17.0,"enemies":"Lagavulin","floor":14.0,"turns":5.0},{"damage":22.0,"enemies":"Hexaghost","floor":16.0,"turns":11.0},{"damage":15.0,"enemies":"Spheric Guardian","floor":18.0,"turns":5.0},{"damage":2.0,"enemies":"2 Thieves","floor":22.0,"turns":3.0},{"damage":0.0,"enemies":"Slavers","floor":24.0,"turns":1.0},{"damage":4,"enemies":"Snake Plant","floor":28,"turns":4},{"damage":0,"enemies":"Book of Stabbing","floor":30,"turns":2},{"damage":2,"enemies":"Snecko","floor":31,"turns":4},{"damage":2,"enemies":"Champ","floor":33,"turns":6},{"damage":1,"enemies":"3 Shapes","floor":35,"turns":1},{"damage":0,"enemies":"Orb Walker","floor":36,"turns":1},{"damage":0,"enemies":"Jaw Worm Horde","floor":38,"turns":1},{"damage":0,"enemies":"Transient","floor":39,"turns":6},{"damage":0,"enemies":"Giant Head","floor":40,"turns":2},{"damage":0,"enemies":"Nemesis","floor":45,"turns":1},{"damage":0,"enemies":"3 Darklings","floor":47,"turns":1},{"damage":0,"enemies":"Spire Growth","floor":48,"turns":1},{"damage":1,"enemies":"Time Eater","floor":50,"turns":3},{"damage":0,"enemies":"Awakened One","floor":51,"turns":2},{"damage":0,"enemies":"Shield and Spear","floor":55,"turns":1},{"damage":40,"enemies":"The Heart","floor":56,"turns":4}],"seed_played":"1804140425985735280","potions_obtained":[{"floor":6.0,"key":"Weak Potion"},{"floor":8.0,"key":"FearPotion"},{"floor":13.0,"key":"CunningPotion"},{"floor":16.0,"key":"Energy Potion"},{"floor":22.0,"key":"Block Potion"},{"floor":24.0,"key":"LiquidBronze"},{"floor":28,"key":"Strength Potion"},{"floor":35,"key":"AttackPotion"},{"floor":36,"key":"Energy Potion"}],"is_trial":false,"path_per_floor":["M","?","?","$","T","E","R","E","T","M","?","R","M","E","R","B",null,"M","$","?","$","M","R","E","R","T","?","M","R","E","M","R","B",null,"M","M","$","M","M","E","R","?","T","$","E","R","M","M","R","B","B",null,"R","$","E","B",null],"character_chosen":"THE_SILENT","items_purchased":["Calculated Gamble","Adrenaline","Medical Kit"],"campfire_rested":1,"item_purchase_floors":[4,19,44],"current_hp_per_floor":[59,36,16,16,16,16,16,16,16,16,16,50,49,32,32,10,52,37,37,37,37,35,35,35,35,35,35,31,31,31,29,29,52,63,62,62,62,62,62,64,64,64,64,64,73,73,75,77,77,80,81,81,81,81,83,43],"gold":136,"neow_bonus":"THREE_ENEMY_KILL","is_daily":false,"chose_seed":false,"campfire_upgraded":9,"win_rate":0.0,"timestamp":1610316230,"path_taken":["M","?","?","?","?","E","R","E","T","M","?","R","M","E","R","BOSS","M","$","?","$","M","R","E","R","T","?","M","R","E","M","R","BOSS","M","M","$","?","M","E","R","?","T","$","E","R","M","M","R","BOSS","BOSS","R","$","E","BOSS"],"items_purchased_type":["Card","Card","Relic"],"build_version":"2020-12-22","purchased_purges":5,"victory":true,"max_hp_per_floor":[66,66,66,66,66,66,66,66,66,66,66,66,66,66,66,66,66,66,66,66,66,66,66,66,66,66,66,66,66,66,66,66,66,66,66,66,66,66,66,68,68,68,68,68,77,77,79,81,81,81,81,81,81,81,83,83],"card_choices":[{"not_picked":["Underhanded Strike","PiercingWail"],"picked":"Dagger Spray","floor":1.0},{"not_picked":["Prepared","Quick Slash"],"picked":"Terror","floor":6.0},{"not_picked":["Backflip","Masterful Stab"],"picked":"Reflex","floor":8.0},{"not_picked":["Footwork","Riddle With Holes"],"picked":"Acrobatics","floor":10.0},{"not_picked":["Poisoned Stab","Distraction"],"picked":"Footwork","floor":13.0},{"not_picked":["PiercingWail","Flying Knee"],"picked":"Grand Finale","floor":14.0},{"not_picked":["A Thousand Cuts","Die Die Die"],"picked":"Venomology","floor":16.0},{"not_picked":["Bane","Dagger Spray"],"picked":"Acrobatics","floor":18.0},{"not_picked":["Dagger Throw","Quick Slash+1"],"picked":"Backflip+1","floor":22.0},{"not_picked":["Quick Slash","Doppelganger","Expertise"],"picked":"SKIP","floor":24.0},{"not_picked":["Slice","Deadly Poison","A Thousand Cuts"],"picked":"SKIP","floor":28},{"not_picked":["A Thousand Cuts","Flying Knee"],"picked":"Tactician","floor":30},{"not_picked":["Envenom","Poisoned Stab","Dodge and Roll"],"picked":"SKIP","floor":31},{"not_picked":["Dagger Throw","Footwork","Expertise"],"picked":"SKIP","floor":35},{"not_picked":["Infinite Blades","Setup+1","Footwork+1"],"picked":"SKIP","floor":36},{"not_picked":["Underhanded Strike","Catalyst","Infinite Blades"],"picked":"SKIP","floor":38},{"not_picked":["Reflex","Dodge and Roll+1","Envenom"],"picked":"SKIP","floor":39},{"not_picked":["Prepared","Accuracy","Tools of the Trade"],"picked":"Singing Bowl","floor":40},{"not_picked":["Quick Slash","Backstab","Masterful Stab"],"picked":"Singing Bowl","floor":45},{"not_picked":["Terror+1","Eviscerate","Expertise"],"picked":"Singing Bowl","floor":47},{"not_picked":["Infinite Blades+1","Acrobatics","PiercingWail"],"picked":"Singing Bowl","floor":48},{"not_picked":["Die Die Die","Riddle With Holes","Calculated Gamble+1"],"picked":"Singing Bowl","floor":55}],"player_experience":1019510,"relics_obtained":[{"floor":5.0,"key":"Regal Pillow"},{"floor":6.0,"key":"Du-Vu Doll"},{"floor":8.0,"key":"Vajra"},{"floor":9.0,"key":"The Courier"},{"floor":14.0,"key":"Whetstone"},{"floor":24.0,"key":"Pantograph"},{"floor":26.0,"key":"Ancient Tea Set"},{"floor":30,"key":"Omamori"},{"floor":40,"key":"Singing Bowl"},{"floor":45,"key":"Strawberry"},{"floor":55,"key":"Oddly Smooth Stone"}],"event_choices":[{"damage_healed":0.0,"max_hp_gain":0.0,"max_hp_loss":0.0,"gold_gain":0.0,"event_name":"Golden Idol","player_choice":"Take Damage","floor":2.0,"gold_loss":0.0,"damage_taken":23.0,"relics_obtained":["Golden Idol"]},{"damage_healed":0.0,"max_hp_gain":0.0,"max_hp_loss":0.0,"gold_gain":0.0,"event_name":"Shining Light","player_choice":"Entered Light","floor":3.0,"gold_loss":0.0,"damage_taken":20.0,"cards_upgraded":["Defend_G","Defend_G"]},{"damage_healed":0.0,"max_hp_gain":0.0,"max_hp_loss":0.0,"gold_gain":0.0,"event_name":"Match and Keep!","player_choice":"0 cards matched","floor":11.0,"gold_loss":0.0,"damage_taken":0.0,"cards_obtained":[]},{"damage_healed":0.0,"max_hp_gain":0.0,"max_hp_loss":0.0,"gold_gain":0.0,"event_name":"The Mausoleum","player_choice":"Ignored","floor":20.0,"gold_loss":0.0,"damage_taken":0.0},{"damage_healed":0.0,"max_hp_gain":0.0,"max_hp_loss":0.0,"gold_gain":0.0,"event_name":"N\u0027loth","player_choice":"Traded Relic","floor":27.0,"relics_lost":["NeowsBlessing"],"gold_loss":0.0,"damage_taken":0.0,"relics_obtained":["Nloth\u0027s Gift"]},{"damage_healed":0,"gold_gain":0,"player_choice":"Ignored","damage_taken":0,"max_hp_gain":0,"max_hp_loss":0,"event_name":"Tomb of Lord Red Mask","floor":42,"gold_loss":0}],"is_beta":false,"boss_relics":[{"not_picked":["Astrolabe","SlaversCollar"],"picked":"HoveringKite"},{"not_picked":["Fusion Hammer","Calling Bell"],"picked":"Pandora\u0027s Box"}],"items_purged_floors":[4,19,21,37,44],"is_endless":false,"potions_floor_spawned":[6,8,13,16,22,24,28,35,36,40,48],"ascension_level":20}}