{"host":"t5h83eruwt5lxl3o","time":1610260231,"event":{"mods":["AchievementEnabler","Act Like it!","BaseMod","CapriCore","Colored Map","DeckTracker","Hermit","Highlight Path","Koishi","Marisa£¨Ùöéë¡¡Øª×âÞÞ£©","Minty Spire (QoL Compilation)","Permanent Neow","Quick Restart","StSLib","SuperFastMode","The Cursed","The Immortal","everything is the same but u backflip on backflip"],"gold_per_floor":[113,131,145,145,163,163,197,197,220,145,2,2,21,41,41,130,130,153,176,200,200,46,79,79,98,98,98,98,0,33,51,51,51,51],"floor_reached":33,"playtime":2041,"items_purged":["Strike_G"],"score":502,"play_id":"70a229d8-8e5b-4ce9-9537-f8a87536b448","local_time":"20210110153031","is_ascension_mode":true,"campfire_choices":[{"data":"Neutralize","floor":6.0,"key":"SMITH"},{"floor":8.0,"key":"REST"},{"data":"Glass Knife","floor":15.0,"key":"SMITH"},{"data":"Acrobatics","floor":24.0,"key":"SMITH"},{"floor":27.0,"key":"REST"},{"data":"Adrenaline","floor":32.0,"key":"SMITH"}],"circlet_count":0,"master_deck":["AscendersBane","Strike_G","Strike_G","Defend_G","Defend_G","Defend_G","Defend_G","Survivor","Neutralize+1","Tools of the Trade","Poisoned Stab","PiercingWail","Backstab","Blur","Dagger Throw","Tactician","Masterful Stab","Glass Knife+1","Unload","Dagger Spray","Footwork","Acrobatics+1","Adrenaline+1","Skewer","Endless Agony+1","Prepared+1","Acrobatics+1","Distraction+1"],"relics":["Ring of the Snake","Bloody Idol","Omamori","Dream Catcher","Happy Flower","Bag of Preparation","Philosopher\u0027s Stone","Letter Opener","Toxic Egg 2","StrikeDummy"],"acts_visited":["Exordium","TheCity"],"potions_floor_usage":[],"damage_taken":[{"damage":0.0,"enemies":"Cultist","floor":1.0,"turns":3.0},{"damage":1.0,"enemies":"Jaw Worm","floor":2.0,"turns":3.0},{"damage":0.0,"enemies":"2 Louse","floor":3.0,"turns":3.0},{"damage":0.0,"enemies":"Looter","floor":5.0,"turns":4.0},{"damage":17.0,"enemies":"Lagavulin","floor":7.0,"turns":5.0},{"damage":2.0,"enemies":"3 Louse","floor":13.0,"turns":3.0},{"damage":0.0,"enemies":"2 Fungi Beasts","floor":14.0,"turns":3.0},{"damage":30.0,"enemies":"The Guardian","floor":16.0,"turns":15.0},{"damage":0.0,"enemies":"Spheric Guardian","floor":18.0,"turns":1.0},{"damage":2.0,"enemies":"2 Thieves","floor":19.0,"turns":3.0},{"damage":9.0,"enemies":"3 Cultists","floor":20.0,"turns":5.0},{"damage":7.0,"enemies":"Gremlin Leader","floor":23.0,"turns":7.0},{"damage":8.0,"enemies":"Centurion and Healer","floor":25.0,"turns":4.0},{"damage":1.0,"enemies":"Book of Stabbing","floor":30.0,"turns":5.0},{"damage":1.0,"enemies":"Snake Plant","floor":31.0,"turns":4.0},{"damage":64,"enemies":"Automaton","floor":33,"turns":6}],"seed_played":"-3242807472412945862","potions_obtained":[{"floor":2.0,"key":"LiquidMemories"},{"floor":3.0,"key":"ColorlessPotion"},{"floor":14.0,"key":"DuplicationPotion"},{"floor":16.0,"key":"ColorlessPotion"},{"floor":18.0,"key":"CunningPotion"},{"floor":25.0,"key":"SpeedPotion"},{"floor":30.0,"key":"EssenceOfSteel"}],"is_trial":false,"path_per_floor":["M","M","M","?","M","R","E","R","T","?","$","?","M","M","R","B",null,"M","M","M","?","$","E","R","M","T","R","?","$","E","M","R","B"],"character_chosen":"THE_SILENT","items_purchased":["Happy Flower","Adrenaline","Acrobatics+1"],"campfire_rested":2,"item_purchase_floors":[11,22,29],"current_hp_per_floor":[59,58,58,37,37,37,20,38,38,38,38,38,36,36,36,6,47,47,45,36,48,48,41,41,33,33,51,51,51,55,59,59,0,0],"gold":51,"neow_bonus":"TRANSFORM_TWO_CARDS","is_daily":false,"chose_seed":false,"campfire_upgraded":4,"win_rate":0.0,"timestamp":1610260231,"path_taken":["M","?","M","?","M","R","E","R","T","?","$","?","M","M","R","BOSS","M","M","M","?","$","E","R","M","T","R","?","$","E","M","R","BOSS"],"items_purchased_type":["Relic","Card","Card"],"build_version":"2020-12-22","purchased_purges":1,"victory":false,"max_hp_per_floor":[60,60,60,60,60,60,60,60,60,60,60,60,60,60,60,60,60,60,60,60,60,60,60,60,60,60,60,60,60,60,60,60,60,60],"card_choices":[{"not_picked":["Slice","Infinite Blades"],"picked":"PiercingWail","floor":1.0},{"not_picked":["Bane","Heel Hook"],"picked":"Backstab","floor":2.0},{"not_picked":["Finisher","Cloak And Dagger"],"picked":"Blur","floor":3.0},{"not_picked":["Cloak And Dagger","Backflip"],"picked":"Dagger Throw","floor":5.0},{"not_picked":["Dagger Throw","Deflect"],"picked":"Tactician","floor":7.0},{"not_picked":["Blade Dance","Bane"],"picked":"Masterful Stab","floor":13.0},{"not_picked":["Underhanded Strike","Crippling Poison"],"picked":"Glass Knife","floor":14.0},{"not_picked":["Glass Knife","Envenom"],"picked":"Unload","floor":16.0},{"not_picked":["Prepared","Poisoned Stab"],"picked":"Dagger Spray","floor":18.0},{"not_picked":["Poisoned Stab","PiercingWail"],"picked":"Footwork","floor":19.0},{"not_picked":["Blur+1","Calculated Gamble"],"picked":"Acrobatics","floor":20.0},{"not_picked":["Infinite Blades","Wraith Form v2"],"picked":"Skewer","floor":23.0},{"not_picked":["Distraction+1","Setup"],"picked":"Endless Agony+1","floor":25.0},{"not_picked":["Blade Dance+1","Slice"],"picked":"Prepared+1","floor":27.0},{"not_picked":["Catalyst+1","Dash"],"picked":"Distraction+1","floor":30.0},{"not_picked":["Distraction+1","All Out Attack","Blade Dance+1"],"picked":"SKIP","floor":31.0}],"player_experience":654696,"relics_obtained":[{"floor":7.0,"key":"Omamori"},{"floor":9.0,"key":"Dream Catcher"},{"floor":23.0,"key":"Letter Opener"},{"floor":26.0,"key":"Toxic Egg 2"},{"floor":30.0,"key":"StrikeDummy"}],"event_choices":[{"damage_healed":0.0,"max_hp_gain":0.0,"max_hp_loss":0.0,"gold_gain":0.0,"event_name":"Golden Idol","player_choice":"Take Damage","floor":4.0,"gold_loss":0.0,"damage_taken":21.0,"relics_obtained":["Golden Idol"]},{"cards_removed":["Strike_G"],"damage_healed":0.0,"max_hp_gain":0.0,"max_hp_loss":0.0,"gold_gain":0.0,"event_name":"The Cleric","player_choice":"Card Removal","floor":10.0,"gold_loss":75.0,"damage_taken":0.0},{"damage_healed":0.0,"max_hp_gain":0.0,"max_hp_loss":0.0,"gold_gain":0.0,"event_name":"Big Fish","player_choice":"Box","floor":12.0,"gold_loss":0.0,"damage_taken":0.0,"relics_obtained":["Bag of Preparation"],"cards_obtained":["Regret"]},{"damage_healed":12.0,"max_hp_gain":0.0,"max_hp_loss":0.0,"gold_gain":0.0,"event_name":"The Library","player_choice":"Heal","floor":21.0,"gold_loss":0.0,"damage_taken":0.0},{"damage_healed":0.0,"max_hp_gain":0.0,"max_hp_loss":0.0,"gold_gain":0.0,"event_name":"Forgotten Altar","player_choice":"Gave Idol","floor":28.0,"relics_lost":["Golden Idol"],"gold_loss":0.0,"damage_taken":0.0,"relics_obtained":["Bloody Idol"]}],"is_beta":false,"boss_relics":[{"not_picked":["WristBlade","Astrolabe"],"picked":"Philosopher\u0027s Stone"}],"items_purged_floors":[29],"is_endless":false,"potions_floor_spawned":[2,3,14,16,18,25,30],"killed_by":"Automaton","ascension_level":15}}