{"host":"sv0b252yhyqedn0i","time":1610285382,"event":{"mods":["BaseMod","Colored Map","DeckTracker","MarisaÅiñ∂âJÅ@ñÇóùçπÅj","Minty Spire (QoL Compilation)","StSLib"],"gold_per_floor":[114,114,114,132,307,338,357,357,381,405,140,174,174,192,192,192,192],"floor_reached":16,"playtime":519,"items_purged":["Doubt"],"score":198,"play_id":"a80407e9-ef2f-410b-98c1-0033d36f14ec","local_time":"20210110222942","is_ascension_mode":true,"campfire_choices":[{"data":"DeepEcoloBomb","floor":8,"key":"SMITH"},{"data":"CasketOfStar","floor":13,"key":"SMITH"},{"data":"DarkMatter","floor":15,"key":"SMITH"}],"circlet_count":0,"master_deck":["Strike_MRS","Strike_MRS","Strike_MRS","Strike_MRS","Defend_MRS","Defend_MRS","Defend_MRS","MasterSpark","UpSweep","DarkSpark+1","NonDirectionalLaser","DeepEcoloBomb+1","AlicesGift","Trip","BigCrunch","CasketOfStar+1","DarkMatter+1"],"relics":["MiniHakkero","NeowsBlessing","Lantern","Juzu Bracelet","MealTicket","Membership Card","Bag of Preparation"],"acts_visited":["Exordium"],"potions_floor_usage":[],"damage_taken":[{"damage":0.0,"enemies":"2 Louse","floor":1.0,"turns":1.0},{"damage":0,"enemies":"Jaw Worm","floor":4,"turns":1},{"damage":0,"enemies":"3 Sentries","floor":6,"turns":2},{"damage":0,"enemies":"Small Slimes","floor":7,"turns":3},{"damage":0,"enemies":"Gremlin Nob","floor":12,"turns":2},{"damage":6,"enemies":"2 Fungi Beasts","floor":14,"turns":2},{"damage":0,"enemies":"Slime Boss","floor":16,"turns":2}],"seed_played":"8241292781843757214","potions_obtained":[{"floor":12,"key":"SteroidPotion"},{"floor":14,"key":"Dexterity Potion"}],"is_trial":false,"path_per_floor":["M","?","?","M","?","E","M","R","T","T","$","E","R","M","R","B"],"character_chosen":"MARISA","items_purchased":["Membership Card","Trip","BigCrunch"],"campfire_rested":0,"item_purchase_floors":[11,11,11],"current_hp_per_floor":[75,68,68,68,68,68,68,68,68,68,75,75,75,69,69,69,69],"gold":192,"neow_bonus":"THREE_ENEMY_KILL","is_daily":false,"chose_seed":false,"campfire_upgraded":3,"win_rate":0.0,"timestamp":1610285382,"path_taken":["M","?","?","M","?","E","?","R","T","?","$","E","R","M","R","BOSS"],"items_purchased_type":["Relic","Card","Card"],"build_version":"2020-12-22","purchased_purges":1,"victory":false,"max_hp_per_floor":[75,75,75,75,75,75,75,75,75,75,75,75,75,75,75,75,75],"card_choices":[{"not_picked":["PowerUp","UnstableBomb"],"picked":"DarkSpark","floor":1.0},{"not_picked":["GrandCross","IllusionStar"],"picked":"NonDirectionalLaser","floor":4},{"not_picked":["MilkyWay","RefractionSpark"],"picked":"DeepEcoloBomb","floor":6},{"not_picked":["SporeBomb","DC"],"picked":"AlicesGift","floor":7},{"not_picked":["ShootingEcho","DC"],"picked":"CasketOfStar","floor":12},{"not_picked":["AlicesGift","EnergyRecoil"],"picked":"DarkMatter","floor":14}],"player_experience":489494,"relics_obtained":[{"floor":6,"key":"Lantern"},{"floor":9,"key":"Juzu Bracelet"},{"floor":10,"key":"MealTicket"},{"floor":12,"key":"Bag of Preparation"}],"event_choices":[{"cards_removed":["Defend_MRS"],"damage_healed":0.0,"max_hp_gain":0.0,"max_hp_loss":0.0,"gold_gain":0.0,"event_name":"Golden Wing","player_choice":"Card Removal","floor":2.0,"gold_loss":0.0,"damage_taken":7.0},{"damage_healed":0,"gold_gain":0,"player_choice":"Grow","damage_taken":0,"max_hp_gain":0,"max_hp_loss":0,"event_name":"Living Wall","floor":3,"gold_loss":0,"cards_upgraded":["DarkSpark"]},{"damage_healed":0,"gold_gain":175,"player_choice":"AGREE","damage_taken":0,"max_hp_gain":0,"max_hp_loss":0,"event_name":"Liars Game","floor":5,"gold_loss":0,"cards_obtained":["Doubt"]}],"is_beta":false,"boss_relics":[],"items_purged_floors":[11],"is_endless":false,"potions_floor_spawned":[12,14],"killed_by":"Slime Boss","ascension_level":5}}