{"host":"kpyoctgc7jne3jiy","time":1610305881,"event":{"mods":["AchievementEnabler","BaseMod","Minty Spire (QoL Compilation)","Relic Stats"],"gold_per_floor":[116,132,132,143,153,178,5,38,120,120,195,208,241,261,261,357,357,367,367,381,401,414,441,453,465,477,515,547,105,105,105,105,218,227,241,250,272,79,100,100,125,125,150,191,191,225,225,241,241,241,241],"floor_reached":50,"playtime":2715,"items_purged":[],"score":781,"play_id":"a262f88b-5943-4b9e-b419-727f63836436","local_time":"20210110201121","is_ascension_mode":true,"campfire_choices":[{"data":"Dagger Spray","floor":10,"key":"SMITH"},{"floor":15,"key":"REST"},{"data":"Wraith Form v2","floor":24,"key":"SMITH"},{"floor":30,"key":"REST"},{"floor":32,"key":"REST"},{"data":"Adrenaline","floor":40,"key":"SMITH"},{"floor":42,"key":"REST"},{"data":"Deadly Poison","floor":45,"key":"SMITH"},{"data":"Acrobatics","floor":47,"key":"SMITH"},{"data":"Deadly Poison","floor":49,"key":"SMITH"}],"circlet_count":0,"master_deck":["Defend_G+1","Defend_G+1","Defend_G+1","Defend_G+1","Survivor","Neutralize","Dagger Spray+1","Underhanded Strike","Setup","Quick Slash","Escape Plan","Dark Shackles","Escape Plan","Deflect+1","Deadly Poison+1","Wraith Form v2+1","Backflip+1","Bite+1","Bite+1","Bite+1","Bite+1","Bite+1","Sucker Punch+1","Setup+1","Dagger Spray+1","Acrobatics+1","Predator+1","Adrenaline+1","Mind Blast+1","Glass Knife+1","CurseOfTheBell","Secret Weapon","Dagger Spray+1","Deadly Poison+1","Flying Knee+1","Bane+1","Glass Knife+1"],"relics":["Busted Crown","Lantern","The Specimen","Molten Egg 2","War Paint","SlaversCollar","MawBank","WingedGreaves","Tiny Chest","CeramicFish","Calling Bell","Oddly Smooth Stone","Darkstone Periapt","Bird Faced Urn","ClockworkSouvenir","Orichalcum","Potion Belt","Regal Pillow","The Courier"],"acts_visited":["Exordium","TheCity","TheBeyond"],"potions_floor_usage":[8,14,14,23,23,23,39,39,46,46,46,46,46,50],"damage_taken":[{"damage":2,"enemies":"Small Slimes","floor":1,"turns":5},{"damage":0,"enemies":"Jaw Worm","floor":2,"turns":5},{"damage":0,"enemies":"2 Louse","floor":4,"turns":2},{"damage":7,"enemies":"Gremlin Gang","floor":5,"turns":5},{"damage":31,"enemies":"Gremlin Nob","floor":6,"turns":5},{"damage":2,"enemies":"Lagavulin","floor":8,"turns":6},{"damage":0,"enemies":"Exordium Wildlife","floor":12,"turns":2},{"damage":15,"enemies":"3 Sentries","floor":13,"turns":6},{"damage":0,"enemies":"3 Louse","floor":14,"turns":4},{"damage":23,"enemies":"The Guardian","floor":16,"turns":16},{"damage":2,"enemies":"Chosen","floor":18,"turns":6},{"damage":2,"enemies":"3 Byrds","floor":20,"turns":6},{"damage":10,"enemies":"Centurion and Healer","floor":21,"turns":9},{"damage":11,"enemies":"Snecko","floor":22,"turns":9},{"damage":16,"enemies":"Book of Stabbing","floor":23,"turns":5},{"damage":45,"enemies":"Slavers","floor":27,"turns":8},{"damage":21,"enemies":"Shelled Parasite and Fungi","floor":28,"turns":7},{"damage":21,"enemies":"Collector","floor":33,"turns":11},{"damage":16,"enemies":"Orb Walker","floor":35,"turns":3},{"damage":0,"enemies":"3 Shapes","floor":37,"turns":3},{"damage":25,"enemies":"Transient","floor":39,"turns":5},{"damage":0,"enemies":"Reptomancer","floor":44,"turns":6},{"damage":4,"enemies":"Giant Head","floor":46,"turns":9},{"damage":9,"enemies":"Spire Growth","floor":48,"turns":4},{"damage":65,"enemies":"Awakened One","floor":50,"turns":7}],"seed_played":"-8821130216327587322","potions_obtained":[{"floor":2,"key":"FearPotion"},{"floor":5,"key":"LiquidMemories"},{"floor":13,"key":"Dexterity Potion"},{"floor":16,"key":"Fire Potion"},{"floor":21,"key":"CunningPotion"},{"floor":22,"key":"SkillPotion"},{"floor":23,"key":"Fire Potion"},{"floor":28,"key":"GamblersBrew"},{"floor":35,"key":"SkillPotion"},{"floor":37,"key":"EntropicBrew"},{"floor":39,"key":"Strength Potion"}],"is_trial":false,"path_per_floor":["M","M","?","M","M","E","$","E","T","R","?","M","E","M","R","B",null,"M","?","M","M","M","E","R","?","T","E","M","$","R","?","R","B",null,"M","?","M","$","M","R","T","R","T","E","R","E","R","M","R","B"],"character_chosen":"THE_SILENT","items_purchased":["Quick Slash","Escape Plan","Dark Shackles","Predator+1","Adrenaline","Mind Blast+1","CeramicFish","ClockworkSouvenir","Deadly Poison"],"campfire_rested":4,"item_purchase_floors":[7,7,7,29,29,29,29,38,38],"current_hp_per_floor":[68,68,73,73,66,35,35,33,33,33,22,22,7,7,29,6,58,56,52,52,52,52,42,42,42,42,18,21,21,36,36,51,49,51,39,39,45,45,32,32,32,47,47,52,52,52,52,43,43,0,0],"gold":241,"neow_bonus":"BOSS_RELIC","is_daily":false,"chose_seed":false,"campfire_upgraded":6,"win_rate":0.0,"timestamp":1610305881,"path_taken":["M","M","?","M","M","E","$","E","T","R","?","M","E","M","R","BOSS","M","?","M","M","M","E","R","?","T","E","?","$","R","?","R","BOSS","M","?","M","$","M","R","?","R","T","E","R","E","R","M","R","BOSS"],"items_purchased_type":["Card","Card","Card","Card","Card","Card","Relic","Relic","Card"],"build_version":"2020-12-22","purchased_purges":0,"victory":false,"max_hp_per_floor":[70,70,75,75,75,75,75,75,75,75,75,75,75,75,75,75,75,75,52,52,52,52,52,52,52,52,52,52,52,52,52,52,52,52,52,52,52,52,52,52,52,52,52,52,52,52,52,52,52,52,52],"relic_stats":{"Darkstone Periapt":0,"Regal Pillow":0,"Busted Crown":52,"counters":[25,154],"CeramicFish":72,"Bird Faced Urn":[1],"Tiny Chest":1,"War Paint":["Defend_G","Deflect"],"Orichalcum":[48],"MawBank":72,"obtain_stats":[{"Darkstone Periapt":34,"Potion Belt":43,"Lantern":6,"Regal Pillow":44,"The Specimen":8,"CeramicFish":29,"Oddly Smooth Stone":34,"The Courier":46,"War Paint":13,"Orichalcum":41,"MawBank":23,"ClockworkSouvenir":38,"Calling Bell":34,"SlaversCollar":17,"Busted Crown":0,"Bird Faced Urn":34,"Molten Egg 2":9,"Tiny Chest":27,"WingedGreaves":26,"Ring of the Snake":0},{"Darkstone Periapt":18,"Potion Belt":21,"Lantern":5,"Regal Pillow":22,"The Specimen":6,"CeramicFish":17,"Oddly Smooth Stone":18,"The Courier":23,"War Paint":8,"Orichalcum":21,"MawBank":15,"ClockworkSouvenir":20,"Calling Bell":18,"SlaversCollar":10,"Busted Crown":0,"Bird Faced Urn":18,"Molten Egg 2":6,"Tiny Chest":16,"WingedGreaves":15,"Ring of the Snake":0},{"Darkstone Periapt":117,"Potion Belt":128,"Lantern":22,"Regal Pillow":134,"The Specimen":28,"CeramicFish":106,"Oddly Smooth Stone":117,"The Courier":143,"War Paint":36,"Orichalcum":128,"MawBank":91,"ClockworkSouvenir":123,"Calling Bell":117,"SlaversCollar":56,"Busted Crown":0,"Bird Faced Urn":117,"Molten Egg 2":28,"Tiny Chest":99,"WingedGreaves":91,"Ring of the Snake":0}]},"card_choices":[{"not_picked":[],"picked":"Dagger Spray","floor":1},{"not_picked":["Slice"],"picked":"SKIP","floor":2},{"not_picked":[],"picked":"Underhanded Strike","floor":4},{"not_picked":[],"picked":"Setup","floor":5},{"not_picked":["Flechettes"],"picked":"SKIP","floor":6},{"not_picked":[],"picked":"Escape Plan","floor":8},{"not_picked":[],"picked":"Deflect","floor":12},{"not_picked":["Tactician"],"picked":"SKIP","floor":13},{"not_picked":[],"picked":"Deadly Poison","floor":14},{"not_picked":[],"picked":"Wraith Form v2","floor":16},{"not_picked":[],"picked":"Backflip+1","floor":18},{"not_picked":[],"picked":"Sucker Punch+1","floor":20},{"not_picked":["Prepared"],"picked":"SKIP","floor":21},{"not_picked":[],"picked":"Setup+1","floor":22},{"not_picked":["Prepared"],"picked":"SKIP","floor":23},{"not_picked":[],"picked":"Acrobatics","floor":27},{"not_picked":["Sucker Punch+1"],"picked":"SKIP","floor":28},{"not_picked":[],"picked":"Glass Knife+1","floor":33},{"not_picked":["Escape Plan"],"picked":"SKIP","floor":35},{"not_picked":[],"picked":"Secret Weapon","floor":36},{"not_picked":[],"picked":"Dagger Spray+1","floor":37},{"not_picked":[],"picked":"Flying Knee+1","floor":39},{"not_picked":[],"picked":"Bane+1","floor":44},{"not_picked":[],"picked":"Glass Knife+1","floor":46},{"not_picked":["Blade Dance+1"],"picked":"SKIP","floor":48}],"player_experience":289294,"relics_obtained":[{"floor":6,"key":"Lantern"},{"floor":8,"key":"The Specimen"},{"floor":9,"key":"Molten Egg 2"},{"floor":13,"key":"War Paint"},{"floor":23,"key":"MawBank"},{"floor":26,"key":"WingedGreaves"},{"floor":27,"key":"Tiny Chest"},{"floor":34,"key":"Oddly Smooth Stone"},{"floor":34,"key":"Darkstone Periapt"},{"floor":34,"key":"Bird Faced Urn"},{"floor":41,"key":"Orichalcum"},{"floor":43,"key":"Potion Belt"},{"floor":44,"key":"Regal Pillow"},{"floor":46,"key":"The Courier"}],"event_choices":[{"damage_healed":0,"gold_gain":0,"player_choice":"Donut","damage_taken":0,"max_hp_gain":5,"max_hp_loss":0,"event_name":"Big Fish","floor":3,"gold_loss":0},{"damage_healed":0,"gold_gain":75,"player_choice":"Gather Gold","damage_taken":11,"max_hp_gain":0,"max_hp_loss":0,"event_name":"World of Goop","floor":11,"gold_loss":0},{"damage_healed":0,"gold_gain":0,"player_choice":"Became a vampire","damage_taken":0,"max_hp_gain":0,"max_hp_loss":23,"event_name":"Vampires","floor":19,"gold_loss":0,"cards_obtained":["Bite","Bite","Bite","Bite","Bite"]},{"damage_healed":0,"gold_gain":0,"cards_transformed":["Defend_G"],"player_choice":"Transformed","damage_taken":0,"max_hp_gain":0,"max_hp_loss":0,"event_name":"Transmorgrifier","floor":25,"gold_loss":0,"cards_obtained":["Dagger Spray"]},{"damage_healed":0,"gold_gain":0,"player_choice":"Simplicity","damage_taken":0,"max_hp_gain":0,"max_hp_loss":0,"event_name":"Back to Basics","floor":31,"gold_loss":0,"cards_upgraded":["Defend_G","Defend_G","Defend_G"]},{"damage_healed":0,"gold_gain":0,"player_choice":"Memory 1","damage_taken":0,"max_hp_gain":0,"max_hp_loss":0,"event_name":"SensoryStone","floor":36,"gold_loss":0}],"is_beta":false,"boss_relics":[{"not_picked":["Philosopher\u0027s Stone","Ectoplasm"],"picked":"SlaversCollar"},{"not_picked":["Runic Pyramid","Velvet Choker"],"picked":"Calling Bell"}],"items_purged_floors":[],"is_endless":false,"potions_floor_spawned":[2,5,13,16,21,22,23,28,35,37,39],"killed_by":"Awakened One","ascension_level":5}}