{"host":"y36bp6mnm73x3iob","time":1610304170,"event":{"mods":["2.2 Compatiblity","Aspiration","BaseMod","Downfall","GifTheSpireLib","Hermit","Hubris","Marisa????????","Minty Spire (QoL Compilation)","Replay The Spire","Retaliation","StSLib","Stuff the Spire","The Cursed","The Disciple","The Servant 0.9.4"],"gold_per_floor":[111,111,111,131,147,147,14,14,41,41,41,41,61,61,93,93,93,190,190,200,470,490,7,17,17,17,17],"floor_reached":26,"playtime":1292,"items_purged":[],"score":249,"play_id":"90958e30-6fa1-422b-acba-927215f18afb","local_time":"20210110204250","is_ascension_mode":true,"campfire_choices":[{"data":"Limit Break","floor":6,"key":"SMITH"},{"data":"Armaments","floor":8,"key":"SMITH"},{"data":"Armaments","floor":10,"key":"SMITH"},{"data":"Feed","floor":25,"key":"SMITH"}],"circlet_count":0,"master_deck":["Strike_R","Strike_R","Strike_R","Strike_R","Defend_R","Defend_R","Defend_R","Defend_R","Bash","champ:Execute","Limit Break+1","DDmod:BurningFumesPowerCard","Massacre","Flame Barrier","Armaments+1","Armaments+1","ReplayTheSpireMod:Strike From Hell","Flex","Searing Blow","Injury","DDmod:SpikedSkill+1","Feed+1","DDmod:RapidStrikeAttack","Replay:Sssssssssshield+1","Intimidate+1","DDmod:EasePowerCard","Armaments+1","Armaments+1","Flex+1","Burning Pact+1","Armaments+1","Flex+1","expansioncontent:DecasProtection+1","Battle Trance+1"],"relics":["Burning Blood","DDmod:BarbedSlagRelic","StuffTheSpire:Experiment12","Toxic Egg 2","Vajra","Coffee Dripper","Orrery","Blood Vial"],"acts_visited":["TheCity"],"potions_floor_usage":[18,24,24,26],"damage_taken":[{"damage":17,"enemies":"Jaw Worm","floor":1,"turns":3},{"damage":11,"enemies":"Cultist","floor":4,"turns":3},{"damage":16,"enemies":"Small Slimes","floor":5,"turns":4},{"damage":17,"enemies":"3 Louse","floor":13,"turns":4},{"damage":26,"enemies":"Gremlin Nob","floor":15,"turns":5},{"damage":51,"enemies":"The Guardian","floor":18,"turns":11},{"damage":37,"enemies":"Spheric Guardian","floor":20,"turns":6},{"damage":19,"enemies":"3 Byrds","floor":22,"turns":5},{"damage":16,"enemies":"Snecko","floor":24,"turns":5},{"damage":22,"enemies":"Sentry and Sphere","floor":26,"turns":3}],"seed_played":"7613776789216263291","potions_obtained":[{"floor":4,"key":"Dexterity Potion"},{"floor":5,"key":"DuplicationPotion"},{"floor":15,"key":"Toxic Potion"},{"floor":20,"key":"LifebloodPotion"},{"floor":24,"key":"Block Potion"}],"is_trial":false,"path_per_floor":["M","?","?","M","M","R","$","R","T","R","PTL","PTL","M","?","E","?","R","B",null,"M","?","M","$","M","R","M"],"character_chosen":"IRONCLAD","items_purchased":["Armaments","ReplayTheSpireMod:Strike From Hell","Flex","DDmod:EasePowerCard","Orrery","Flex+1","expansioncontent:DecasProtection+1","Blood Vial"],"campfire_rested":0,"item_purchase_floors":[7,7,7,23,23,23,23,23],"current_hp_per_floor":[74,74,74,74,69,69,69,69,69,69,69,69,63,63,43,43,69,29,80,54,21,16,16,15,15,0,0],"gold":17,"neow_bonus":"THREE_RARE_CARDS","is_daily":false,"chose_seed":false,"campfire_upgraded":4,"win_rate":0.0,"timestamp":1610304170,"path_taken":["M","?","?","?","M","R","$","R","T","R","PTL","PTL","M","?","E","?","R","BOSS","M","?","M","?","M","R","?"],"items_purchased_type":["Card","Card","Card","Card","Relic","Card","Card","Relic"],"build_version":"2020-12-22","purchased_purges":0,"victory":false,"max_hp_per_floor":[80,80,80,80,80,80,80,80,80,80,80,80,80,80,80,80,80,80,80,80,80,83,83,83,83,83,83],"card_choices":[{"not_picked":["Brutality","Hemogenesis"],"picked":"Limit Break","floor":0},{"not_picked":["Anger","Rampage"],"picked":"DDmod:BurningFumesPowerCard","floor":1},{"not_picked":["Heavy Blade","StuffTheSpire:RockThrow"],"picked":"Massacre","floor":4},{"not_picked":["Fire Breathing","Cleave"],"picked":"Flame Barrier","floor":5},{"not_picked":["ReplayTheSpireMod:Strike From Hell","Dropkick"],"picked":"Searing Blow","floor":13},{"not_picked":["Abandon+1","StuffTheSpire:Pyroclast"],"picked":"DDmod:SpikedSkill+1","floor":15},{"not_picked":["Fiend Fire","StuffTheSpire:TitanForm"],"picked":"Feed","floor":18},{"not_picked":["Metallicize","StuffTheSpire:RagingBull+1"],"picked":"DDmod:RapidStrikeAttack","floor":20},{"not_picked":["Power Through+1","StuffTheSpire:RockThrow"],"picked":"Intimidate+1","floor":22},{"not_picked":["Replay:Undeath\u0027s Touch","Clash"],"picked":"Armaments+1","floor":23},{"not_picked":["ReplayTheSpireMod:Limb From Limb+1","Intimidate+1"],"picked":"Armaments+1","floor":23},{"not_picked":["Cleave+1","Wild Strike"],"picked":"Flex+1","floor":23},{"not_picked":["Havoc+1","Cleave"],"picked":"Burning Pact+1","floor":23},{"not_picked":["DDmod:PokeAttack","Sword Boomerang"],"picked":"Armaments+1","floor":23},{"not_picked":["ReplayTheSpireMod:LeadingStrike","Cleave"],"picked":"Battle Trance+1","floor":24}],"player_experience":458989,"relics_obtained":[{"floor":9,"key":"StuffTheSpire:Experiment12"},{"floor":15,"key":"Vajra"}],"event_choices":[{"cards_removed":["sneckomod:SnekBite"],"damage_healed":0,"gold_gain":0,"player_choice":"Purged","damage_taken":0,"max_hp_gain":0,"max_hp_loss":0,"event_name":"Purifier","floor":3,"gold_loss":0},{"damage_healed":26,"gold_gain":0,"player_choice":"Banana","damage_taken":0,"max_hp_gain":0,"max_hp_loss":0,"event_name":"Big Fish","floor":17,"gold_loss":0},{"damage_healed":0,"gold_gain":270,"player_choice":"GOLD GOLD GOLD CARD ","damage_taken":33,"max_hp_gain":0,"max_hp_loss":0,"event_name":"Knowing Skull","floor":21,"potions_obtained":[],"gold_loss":0,"cards_obtained":["Replay:Sssssssssshield"]}],"is_beta":false,"boss_relics":[{"not_picked":["StuffTheSpire:Kangaroo","Runic Pyramid"],"picked":"Coffee Dripper"}],"items_purged_floors":[],"is_endless":false,"potions_floor_spawned":[4,5,15,20,24],"killed_by":"Sentry and Sphere","ascension_level":2}}