{"host":"bq4pt811tk9yrmjl","time":1610309351,"event":{"mods":["AchievementEnabler","BaseMod","Colored Map","Colored Powertips","Defuse TimeMaze Blight","Hermit","Minty Spire (QoL Compilation)","StSLib","SuperFastMode"],"gold_per_floor":[114,177,3,22,22,49,49,64,64,78,92,92,92,122,122,225,225,244,244,244,244,260,260,105,118,118,118,131,131,157,157,157,262,262,276,290,290,38,56,87,87,103,103,103,117,117,135,161,161,161,161],"floor_reached":50,"playtime":1220,"items_purged":[],"score":553,"play_id":"a48dbcac-528e-4689-a944-c9a8ba2a809b","local_time":"20210110180911","is_ascension_mode":true,"campfire_choices":[{"data":"hermit:Maintenance","floor":7.0,"key":"SMITH"},{"data":"hermit:FullyLoaded","floor":12.0,"key":"SMITH"},{"data":"hermit:Brawl","floor":15.0,"key":"SMITH"},{"floor":23,"key":"RECALL"},{"data":"hermit:Maintenance","floor":29,"key":"SMITH"},{"data":"hermit:ShadowCloak","floor":32,"key":"SMITH"},{"floor":41,"key":"REST"},{"floor":44,"key":"REST"},{"floor":46,"key":"REST"},{"floor":49,"key":"REST"}],"circlet_count":0,"master_deck":["hermit:Strike_Hermit","hermit:Strike_Hermit","hermit:Strike_Hermit","hermit:Strike_Hermit","hermit:Defend_Hermit","hermit:Defend_Hermit","hermit:Defend_Hermit","hermit:Defend_Hermit","hermit:Snapshot","hermit:Covet","hermit:ShadowCloak+1","hermit:Maintenance+1","hermit:Shortfuse","hermit:FullyLoaded+1","hermit:FlashPowder+1","hermit:Brawl+1","hermit:RoundhouseKick","hermit:Maintenance+1","hermit:Vantage+1","hermit:Maintenance+1","hermit:BodyArmor+1","hermit:BlackWind"],"relics":["hermit:Momento","NeowsBlessing","Bottled Lightning","Boot","Busted Crown","Ice Cream","Vajra","Ornamental Fan","hermit:Spyglass","Empty Cage","Anchor","CeramicFish","Pantograph"],"acts_visited":["Exordium","TheCity","TheBeyond"],"potions_floor_usage":[25,28,30,38,42,47,50],"damage_taken":[{"damage":0.0,"enemies":"2 Louse","floor":1.0,"turns":1.0},{"damage":0.0,"enemies":"Jaw Worm","floor":4.0,"turns":1.0},{"damage":0.0,"enemies":"3 Sentries","floor":6.0,"turns":1.0},{"damage":2.0,"enemies":"Cultist","floor":8.0,"turns":4.0},{"damage":4.0,"enemies":"Blue Slaver","floor":10.0,"turns":4.0},{"damage":0.0,"enemies":"3 Louse","floor":11.0,"turns":2.0},{"damage":5.0,"enemies":"Lagavulin","floor":14.0,"turns":6.0},{"damage":7.0,"enemies":"The Guardian","floor":16.0,"turns":10.0},{"damage":16.0,"enemies":"Spheric Guardian","floor":18.0,"turns":5.0},{"damage":7,"enemies":"Shell Parasite","floor":22,"turns":5},{"damage":6,"enemies":"Snecko","floor":25,"turns":4},{"damage":3,"enemies":"Centurion and Healer","floor":28,"turns":6},{"damage":27,"enemies":"Gremlin Leader","floor":30,"turns":5},{"damage":3,"enemies":"Champ","floor":33,"turns":11},{"damage":13,"enemies":"3 Shapes","floor":35,"turns":6},{"damage":4,"enemies":"Orb Walker","floor":36,"turns":4},{"damage":15,"enemies":"Writhing Mass","floor":39,"turns":7},{"damage":24,"enemies":"Nemesis","floor":40,"turns":9},{"damage":22,"enemies":"Transient","floor":42,"turns":5},{"damage":32,"enemies":"3 Darklings","floor":45,"turns":9},{"damage":56,"enemies":"Sphere and 2 Shapes","floor":47,"turns":6},{"damage":0,"enemies":"Writhing Mass","floor":48,"turns":8},{"damage":75,"enemies":"Time Eater","floor":50,"turns":9}],"seed_played":"6921198828095485190","potions_obtained":[{"floor":1.0,"key":"Fire Potion"},{"floor":4.0,"key":"BlessingOfTheForge"},{"floor":11.0,"key":"BlessingOfTheForge"},{"floor":16.0,"key":"GamblersBrew"},{"floor":22,"key":"EntropicBrew"},{"floor":35,"key":"AttackPotion"},{"floor":39,"key":"SpeedPotion"},{"floor":45,"key":"PowerPotion"},{"floor":48,"key":"Dexterity Potion"}],"is_trial":false,"path_per_floor":["M","?","$","M","$","E","R","M","T","M","M","R","?","E","R","B",null,"M","?","?","?","M","R","$","M","T","?","M","R","E","?","R","B",null,"M","M","?","$","M","E","R","M","T","R","M","R","M","M","R","B"],"character_chosen":"HERMIT","items_purchased":["hermit:Maintenance","FairyPotion","Vajra","Anchor","Fruit Juice"],"campfire_rested":4,"item_purchase_floors":[3,3,24,38,38],"current_hp_per_floor":[75,75,75,75,75,75,75,73,73,69,69,69,69,64,64,57,75,59,59,59,75,68,68,68,62,62,62,59,59,32,75,75,72,75,62,58,58,63,48,24,48,26,26,50,18,42,18,18,42,0,0],"gold":161,"neow_bonus":"THREE_ENEMY_KILL","is_daily":false,"chose_seed":false,"campfire_upgraded":5,"win_rate":0.0,"timestamp":1610309351,"path_taken":["M","?","$","M","$","E","R","M","T","M","M","R","?","E","R","BOSS","M","?","?","?","M","R","?","?","T","?","M","R","E","?","R","BOSS","M","?","?","$","M","E","R","M","T","R","M","R","M","M","R","BOSS"],"items_purchased_type":["Card","Potion","Relic","Relic","Potion"],"build_version":"2020-12-22","purchased_purges":0,"victory":false,"max_hp_per_floor":[75,75,75,75,75,75,75,75,75,75,75,75,75,75,75,75,75,75,75,75,75,75,75,75,75,75,75,75,75,75,75,75,75,75,75,75,75,80,80,80,80,80,80,80,80,80,80,80,80,80,80],"card_choices":[{"not_picked":["hermit:Grudge","hermit:Snipe"],"picked":"hermit:ShadowCloak","floor":1.0},{"not_picked":["hermit:PistolWhip","hermit:Ricochet"],"picked":"hermit:Shortfuse","floor":4.0},{"not_picked":["hermit:Ricochet","hermit:Quickdraw"],"picked":"hermit:FullyLoaded","floor":6.0},{"not_picked":["hermit:SprayPray","hermit:Vantage"],"picked":"hermit:FlashPowder","floor":8.0},{"not_picked":["hermit:Headshot","hermit:Vantage"],"picked":"hermit:Glare","floor":10.0},{"not_picked":["hermit:Vantage","hermit:Glare"],"picked":"hermit:Brawl","floor":11.0},{"not_picked":["hermit:Reprieve","hermit:Snipe","hermit:BodyArmor"],"picked":"SKIP","floor":14.0},{"not_picked":["hermit:DeadOrAlive","hermit:FatalDesire"],"picked":"hermit:RoundhouseKick","floor":16.0},{"not_picked":["hermit:TrackingShot"],"picked":"SKIP","floor":18.0},{"not_picked":[],"picked":"hermit:ItchyTrigger+1","floor":22},{"not_picked":[],"picked":"hermit:Maintenance","floor":25},{"not_picked":["hermit:Ricochet"],"picked":"SKIP","floor":28},{"not_picked":["hermit:ItchyTrigger"],"picked":"SKIP","floor":30},{"not_picked":[],"picked":"hermit:Vantage+1","floor":35},{"not_picked":["hermit:Feint"],"picked":"SKIP","floor":36},{"not_picked":[],"picked":"hermit:BodyArmor+1","floor":39},{"not_picked":["hermit:Shortfuse"],"picked":"SKIP","floor":40},{"not_picked":["hermit:Manifest+1"],"picked":"SKIP","floor":42},{"not_picked":["hermit:ItchyTrigger"],"picked":"SKIP","floor":45},{"not_picked":["hermit:Snipe"],"picked":"SKIP","floor":47},{"not_picked":[],"picked":"hermit:BlackWind","floor":48}],"player_experience":149398,"relics_obtained":[{"floor":6.0,"key":"Bottled Lightning"},{"floor":14.0,"key":"Boot"},{"floor":26,"key":"Ornamental Fan"},{"floor":30,"key":"hermit:Spyglass"},{"floor":40,"key":"CeramicFish"},{"floor":43,"key":"Pantograph"}],"event_choices":[{"damage_healed":0.0,"max_hp_gain":0.0,"max_hp_loss":0.0,"gold_gain":63.0,"event_name":"Golden Wing","player_choice":"Gained Gold","floor":2.0,"gold_loss":0.0,"damage_taken":0.0},{"damage_healed":0.0,"max_hp_gain":0.0,"max_hp_loss":0.0,"gold_gain":0.0,"event_name":"Upgrade Shrine","player_choice":"Upgraded","floor":13.0,"gold_loss":0.0,"damage_taken":0.0,"cards_upgraded":["hermit:FlashPowder"]},{"damage_healed":0.0,"max_hp_gain":0.0,"max_hp_loss":0.0,"gold_gain":0.0,"event_name":"Ghosts","player_choice":"Ignored","floor":19.0,"gold_loss":0.0,"damage_taken":0.0},{"damage_healed":0.0,"max_hp_gain":0.0,"max_hp_loss":0.0,"gold_gain":0.0,"event_name":"The Mausoleum","player_choice":"Opened","floor":20.0,"gold_loss":0.0,"damage_taken":0.0,"relics_obtained":["Ice Cream"]},{"damage_healed":25,"gold_gain":0,"player_choice":"Heal","damage_taken":0,"max_hp_gain":0,"max_hp_loss":0,"event_name":"The Library","floor":21,"gold_loss":0},{"damage_healed":0,"gold_gain":0,"player_choice":"Ignored","damage_taken":0,"max_hp_gain":0,"max_hp_loss":0,"event_name":"Vampires","floor":27,"gold_loss":0},{"damage_healed":43,"gold_gain":0,"player_choice":"Full Heal","damage_taken":0,"max_hp_gain":0,"max_hp_loss":0,"event_name":"Wheel of Change","floor":31,"gold_loss":0},{"damage_healed":0,"gold_gain":0,"player_choice":"Copied","damage_taken":0,"max_hp_gain":0,"max_hp_loss":0,"event_name":"Duplicator","floor":37,"gold_loss":0,"cards_obtained":["hermit:Maintenance"]}],"is_beta":false,"boss_relics":[{"not_picked":["hermit:DentedPlate","Fusion Hammer"],"picked":"Busted Crown"},{"not_picked":["Runic Pyramid","Snecko Eye"],"picked":"Empty Cage"}],"items_purged_floors":[],"is_endless":false,"potions_floor_spawned":[1,4,11,16,22,25,35,39,45,48],"killed_by":"Time Eater","ascension_level":1}}