{"host":"4328iixd8pca51w5","time":1610265616,"event":{"mods":["2.2 Compatiblity","BaseMod","CapriCore","KOR Keyword Fix","Minty Spire (QoL Compilation)","StSLib","The Immortal"],"gold_per_floor":[112,126,142,62,12,12,12,46,46,221,241,274,274,274,274,374,374,392,412,117,136,136,136,163,163,211,225,235,250,263,8,8,106,106,123,123,38,51,68,103,103,117,117,67,92,92,1,12,12,12],"floor_reached":51,"playtime":4694,"items_purged":["Doubt","MokouMod:Strike","Pain","MokouMod:Strike","MokouMod:EnchantingBambooForest+1"],"score":824,"play_id":"bb285a3e-fec2-466f-ba04-09dffbcddf52","local_time":"20210110170016","is_ascension_mode":true,"campfire_choices":[{"data":"MokouMod:SearingShot","floor":6.0,"key":"SMITH"},{"data":"MokouMod:RisingSunBarrier","floor":13.0,"key":"SMITH"},{"data":"MokouMod:BurningDraft","floor":15.0,"key":"SMITH"},{"data":"MokouMod:ResonanceReactor","floor":23.0,"key":"SMITH"},{"data":"MokouMod:SacredFire","floor":25.0,"key":"SMITH"},{"floor":32.0,"key":"REST"},{"data":"MokouMod:RisingSunBarrier","floor":41,"key":"SMITH"},{"data":"MokouMod:FusionFlare","floor":46,"key":"SMITH"},{"floor":49,"key":"REST"}],"circlet_count":0,"master_deck":["MokouMod:Strike","MokouMod:Defend+1","MokouMod:HeatSpark","MokouMod:Overheat+1","MokouMod:SearingShot+1","MokouMod:BurningDraft+1","MokouMod:Combust","MokouMod:RisingSunBarrier+1","MokouMod:Overheat","MokouMod:IndiscriminateIgnition","MokouMod:HeatSpark","MokouMod:SacredFire+1","MokouMod:BurningDraft+1","MokouMod:Burn+1","MokouMod:ScorchingColumn","MokouMod:ScorchingColumn","MokouMod:ResonanceReactor+1","MokouMod:CrimsonFlare+1","MokouMod:IndiscriminateIgnition+1","MokouMod:Fireball","MokouMod:FlareStarter","MokouMod:SpontaneousHumanCombustion","MokouMod:HeatFactory+1","MokouMod:FlamingFireTalons+1","MokouMod:Firecracker+1","MokouMod:RisingSunBarrier+1","MokouMod:Stoke+1","MokouMod:Singe+1","MokouMod:PhoenixFeathers+1","MokouMod:FusionFlare+1","MokouMod:Overheat+1","MokouMod:Afterburner","MokouMod:RisingSunBarrier","MokouMod:FlickeringFlame+1"],"relics":["MokouMod:PhoenixFeather","Bronze Scales","War Paint","Mercury Hourglass","Prayer Wheel","Busted Crown","Membership Card","Bag of Preparation","Art of War","Smiling Mask","Pear","Chemical X","Astrolabe","WarpedTongs","Regal Pillow","Du-Vu Doll","Boot"],"acts_visited":["Exordium","TheCity","TheBeyond"],"potions_floor_usage":[48,50,50],"damage_taken":[{"damage":2.0,"enemies":"2 Louse","floor":1.0,"turns":3.0},{"damage":9.0,"enemies":"Jaw Worm","floor":2.0,"turns":4.0},{"damage":0.0,"enemies":"Small Slimes","floor":3.0,"turns":2.0},{"damage":32.0,"enemies":"Gremlin Nob","floor":8.0,"turns":4.0},{"damage":2.0,"enemies":"Gremlin Gang","floor":11.0,"turns":3.0},{"damage":7.0,"enemies":"3 Sentries","floor":12.0,"turns":4.0},{"damage":15.0,"enemies":"The Guardian","floor":16.0,"turns":12.0},{"damage":0.0,"enemies":"3 Byrds","floor":18.0,"turns":2.0},{"damage":0.0,"enemies":"2 Thieves","floor":19.0,"turns":3.0},{"damage":18.0,"enemies":"Snecko","floor":21.0,"turns":3.0},{"damage":21.0,"enemies":"Slavers","floor":24.0,"turns":5.0},{"damage":11.0,"enemies":"Shelled Parasite and Fungi","floor":27.0,"turns":3.0},{"damage":7.0,"enemies":"Cultist and Chosen","floor":28.0,"turns":6.0},{"damage":9.0,"enemies":"Centurion and Healer","floor":29.0,"turns":3.0},{"damage":4.0,"enemies":"Shelled Parasite and Fungi","floor":30.0,"turns":2.0},{"damage":30.0,"enemies":"Collector","floor":33.0,"turns":8.0},{"damage":6.0,"enemies":"3 Shapes","floor":35.0,"turns":2.0},{"damage":5.0,"enemies":"3 Darklings","floor":38.0,"turns":1.0},{"damage":24.0,"enemies":"Jaw Worm Horde","floor":39.0,"turns":3.0},{"damage":16,"enemies":"Nemesis","floor":40,"turns":7},{"damage":0,"enemies":"Transient","floor":42,"turns":5},{"damage":9,"enemies":"Giant Head","floor":45,"turns":8},{"damage":3,"enemies":"Sphere and 2 Shapes","floor":48,"turns":3},{"damage":30,"enemies":"Donu and Deca","floor":50,"turns":9}],"seed_played":"-6646625208307222088","potions_obtained":[{"floor":2.0,"key":"Strength Potion"},{"floor":3.0,"key":"FairyPotion"},{"floor":16.0,"key":"FearPotion"},{"floor":21.0,"key":"PowerPotion"},{"floor":29.0,"key":"GamblersBrew"},{"floor":30.0,"key":"EssenceOfSteel"},{"floor":38.0,"key":"AttackPotion"},{"floor":40,"key":"SkillPotion"},{"floor":48,"key":"LiquidBronze"}],"is_trial":false,"path_per_floor":["M","M","M","$","?","R","?","E","T","?","M","E","R","?","R","B",null,"M","M","$","M","?","R","E","R","T","M","M","M","M","$","R","B",null,"M","?","$","M","M","E","R","M","T","$","E","R","$","M","R","B",null],"character_chosen":"MKU","items_purchased":["MokouMod:RisingSunBarrier","Membership Card","MokouMod:ResonanceReactor","Bag of Preparation","Pear","Chemical X","MokouMod:RisingSunBarrier","MokouMod:RisingSunBarrier"],"campfire_rested":2,"item_purchase_floors":[4,20,20,20,31,31,37,47],"current_hp_per_floor":[73,64,64,64,64,64,61,29,29,29,27,20,20,20,20,5,75,75,75,75,57,57,57,36,36,36,25,18,9,5,15,40,10,85,79,79,79,74,50,34,34,34,34,34,25,25,25,22,62,32],"gold":12,"neow_bonus":"TRANSFORM_CARD","is_daily":false,"chose_seed":false,"campfire_upgraded":7,"win_rate":0.0,"timestamp":1610265616,"path_taken":["M","M","M","$","?","R","?","E","T","?","?","E","R","?","R","BOSS","M","?","$","M","?","R","E","R","T","?","?","M","M","$","R","BOSS","M","?","$","M","?","E","R","M","T","$","E","R","?","M","R","BOSS"],"items_purchased_type":["Card","Relic","Card","Relic","Relic","Relic","Card","Card"],"build_version":"2020-12-22","purchased_purges":5,"victory":true,"max_hp_per_floor":[75,75,75,75,75,75,75,75,75,75,75,75,75,75,75,75,75,75,75,75,75,75,75,75,75,75,75,75,75,75,85,85,85,85,85,85,85,85,85,85,85,85,85,85,85,85,85,85,85,85],"card_choices":[{"not_picked":["MokouMod:ScorchingColumn","MokouMod:TemporalFireSeal"],"picked":"MokouMod:SearingShot","floor":1.0},{"not_picked":["MokouMod:Trailblazer","MokouMod:CrimsonArmoury"],"picked":"MokouMod:BurningDraft","floor":2.0},{"not_picked":["MokouMod:InfernalWave","MokouMod:Burn"],"picked":"MokouMod:Combust","floor":3.0},{"not_picked":["MokouMod:FlareStarter","MokouMod:Trailblazer"],"picked":"MokouMod:Overheat","floor":8.0},{"not_picked":["MokouMod:ThermalPressure","MokouMod:RoaringFlare"],"picked":"MokouMod:IndiscriminateIgnition","floor":11.0},{"not_picked":["MokouMod:Overheat","MokouMod:FusionFlare","MokouMod:Firecracker"],"picked":"SKIP","floor":12.0},{"not_picked":["MokouMod:ProfanedFlare","MokouMod:Rekindle"],"picked":"MokouMod:SacredFire","floor":16.0},{"not_picked":[],"picked":"MokouMod:BurningDraft+1","floor":18.0},{"not_picked":[],"picked":"MokouMod:Burn+1","floor":18.0},{"not_picked":[],"picked":"MokouMod:ScorchingColumn","floor":19.0},{"not_picked":[],"picked":"MokouMod:ScorchingColumn","floor":19.0},{"not_picked":["MokouMod:CrimsonArmoury"],"picked":"SKIP","floor":21.0},{"not_picked":["MokouMod:SearingShot"],"picked":"SKIP","floor":21.0},{"not_picked":[],"picked":"MokouMod:CrimsonFlare+1","floor":24.0},{"not_picked":[],"picked":"MokouMod:IndiscriminateIgnition+1","floor":27.0},{"not_picked":["MokouMod:IcarusDive"],"picked":"SKIP","floor":27.0},{"not_picked":["MokouMod:Combust"],"picked":"SKIP","floor":28.0},{"not_picked":["MokouMod:DanceofFlames"],"picked":"SKIP","floor":28.0},{"not_picked":[],"picked":"MokouMod:Fireball","floor":29.0},{"not_picked":["MokouMod:FlamingFireTalons"],"picked":"SKIP","floor":29.0},{"not_picked":[],"picked":"MokouMod:FlareStarter","floor":30.0},{"not_picked":["MokouMod:IndiscriminateIgnition"],"picked":"SKIP","floor":30.0},{"not_picked":[],"picked":"MokouMod:SpontaneousHumanCombustion","floor":33.0},{"not_picked":[],"picked":"MokouMod:Firecracker+1","floor":35.0},{"not_picked":["MokouMod:IllusoryBattlefield"],"picked":"SKIP","floor":35.0},{"not_picked":[],"picked":"MokouMod:Stoke+1","floor":38.0},{"not_picked":[],"picked":"MokouMod:Singe+1","floor":38.0},{"not_picked":[],"picked":"MokouMod:PhoenixFeathers+1","floor":39.0},{"not_picked":[],"picked":"MokouMod:FusionFlare","floor":39.0},{"not_picked":[],"picked":"MokouMod:Overheat+1","floor":40},{"not_picked":[],"picked":"MokouMod:Afterburner","floor":42},{"not_picked":["MokouMod:IcarusDive"],"picked":"SKIP","floor":42},{"not_picked":["MokouMod:TemporalFireSeal"],"picked":"SKIP","floor":45},{"not_picked":[],"picked":"MokouMod:FlickeringFlame+1","floor":48},{"not_picked":["MokouMod:Afterburner"],"picked":"SKIP","floor":48}],"player_experience":188783,"relics_obtained":[{"floor":8.0,"key":"War Paint"},{"floor":9.0,"key":"Mercury Hourglass"},{"floor":12.0,"key":"Prayer Wheel"},{"floor":24.0,"key":"Art of War"},{"floor":26.0,"key":"Smiling Mask"},{"floor":40,"key":"Regal Pillow"},{"floor":43,"key":"Du-Vu Doll"},{"floor":45,"key":"Boot"}],"event_choices":[{"cards_removed":["MokouMod:Defend"],"damage_healed":0.0,"max_hp_gain":0.0,"max_hp_loss":0.0,"gold_gain":0.0,"event_name":"The Cleric","player_choice":"Card Removal","floor":5.0,"gold_loss":50.0,"damage_taken":0.0},{"damage_healed":0.0,"max_hp_gain":0.0,"max_hp_loss":0.0,"gold_gain":0.0,"event_name":"Scrap Ooze","player_choice":"Success","floor":7.0,"gold_loss":0.0,"damage_taken":3.0,"relics_obtained":["Bronze Scales"]},{"damage_healed":0.0,"max_hp_gain":0.0,"max_hp_loss":0.0,"gold_gain":175.0,"event_name":"Liars Game","player_choice":"AGREE","floor":10.0,"gold_loss":0.0,"damage_taken":0.0,"cards_obtained":["Doubt"]},{"damage_healed":0.0,"max_hp_gain":0.0,"max_hp_loss":0.0,"gold_gain":0.0,"event_name":"Match and Keep!","player_choice":"1 cards matched","floor":14.0,"gold_loss":0.0,"damage_taken":0.0,"cards_obtained":["MokouMod:HeatSpark"]},{"damage_healed":0.0,"max_hp_gain":0.0,"max_hp_loss":0.0,"gold_gain":0.0,"event_name":"N\u0027loth","player_choice":"Ignored","floor":22.0,"gold_loss":0.0,"damage_taken":0.0},{"damage_healed":0.0,"max_hp_gain":0.0,"max_hp_loss":0.0,"gold_gain":0.0,"event_name":"Accursed Blacksmith","player_choice":"Rummage","floor":36.0,"gold_loss":0.0,"damage_taken":0.0,"relics_obtained":["WarpedTongs"],"cards_obtained":["Pain"]}],"is_beta":false,"boss_relics":[{"not_picked":["Ectoplasm","Philosopher\u0027s Stone"],"picked":"Busted Crown"},{"not_picked":["Runic Dome","Velvet Choker"],"picked":"Astrolabe"}],"items_purged_floors":[20,31,37,44,47],"is_endless":false,"potions_floor_spawned":[2,3,16,21,29,30,38,40,42,48],"ascension_level":4}}