{"host":"9inlmzyzdhcrisrs","time":1610240806,"event":{"mods":["AchievementEnabler","BaseMod","BetterRewards","Challenge The Spire","Colored Map","Colored Powertips","Conspire","Dota2Spire","Downfall","GungeonMod","Highlight Path","Infinite Spire","Mimic Mod","Minty Spire (QoL Compilation)","MostiFishMod","Permanent Neow","Quick Restart","Remove Card Discount Mod","Replay The Spire","Shop Mod","Spicy Shops","StSLib","SuperFastMode","The Jungle","Transform Curses","Unceasing Turn Reminder","vexMod"],"gold_per_floor":[189,189,189,17,32,42,90,90,40,40,40,78,3,24,39,135,135,60,118,4,45,93,93,186,286,286,286,318,318,344,425,459,487,487,487],"floor_reached":33,"playtime":1236,"items_purged":[],"score":265,"play_id":"8398d47e-7d56-425e-8805-17063e00cbdc","local_time":"20210110090646","is_ascension_mode":false,"campfire_choices":[{"floor":8.0,"key":"RECALL"},{"data":"Guardian:TimeBomb","floor":11.0,"key":"SMITH"},{"data":"ReplayTheSpireMod:Necrogeddon","floor":13.0,"key":"SMITH"},{"floor":18.0,"key":"DIG"},{"data":"RitualDagger","floor":26.0,"key":"SMITH"},{"data":"Guardian:CrystalBeam","floor":29.0,"key":"SMITH"}],"circlet_count":0,"master_deck":["Guardian:Strike_Guardian+1","Guardian:Strike_Guardian+1","Guardian:Strike_Guardian","Guardian:Strike_Guardian","Guardian:Defend_Guardian+1","Guardian:Defend_Guardian+1","Guardian:Defend_Guardian","Guardian:Defend_Guardian+1","Guardian:CurlUp+1","Guardian:TwinSlam","Guardian:GuardianWhirl","Guardian:PrimingBeam+1","ReplayTheSpireMod:Necrogeddon+1","Guardian:TimeBomb+1","Guardian:VentSteam+1","conspire:SpireCoStock+1","Guardian:ExploitGems+1","Guardian:PiercingHide+1","Guardian:HyperBeam_Guardian+1","Guardian:CrystalBeam+1","Guardian:ChargeCore+1","Pain","Guardian:SphericShield+1","Guardian:Incinerate+1","Guardian:MultiBeam+1","RitualDagger+1","Guardian:PrismaticBeam","Guardian:SpikerProtocol+1","Guardian:DonusPower+1","Guardian:Gem_Green","Guardian:DecasProtection"],"relics":["Guardian:ModeShifter","DaveBox","downfall:HeartsMalice","DSteel32","Centennial Puzzle","downfall:HeartBlessingRed","FeatherPendant","downfall:HeartBlessingBlue","Replay:Bandana","Incense Burner","DemoMod:OrangeGuonStone","Matryoshka"],"acts_visited":["Exordium","TheCity"],"potions_floor_usage":[33],"damage_taken":[{"damage":0.0,"enemies":"2 Louse","floor":2.0,"turns":1.0},{"damage":0.0,"enemies":"Small Slimes","floor":3.0,"turns":1.0},{"damage":0.0,"enemies":"downfall:FleeingMerchant","floor":4.0,"turns":1.0},{"damage":1.0,"enemies":"Cultist","floor":5.0,"turns":4.0},{"damage":14.0,"enemies":"Lots of Slimes","floor":6.0,"turns":4.0},{"damage":7.0,"enemies":"Replay:BlueRogue","floor":12.0,"turns":6.0},{"damage":8.0,"enemies":"Exordium Wildlife","floor":14.0,"turns":3.0},{"damage":0.0,"enemies":"2 Fungi Beasts","floor":15.0,"turns":4.0},{"damage":31.0,"enemies":"downfall:Silent","floor":16.0,"turns":6.0},{"damage":5.0,"enemies":"3 Byrds","floor":19.0,"turns":3.0},{"damage":0.0,"enemies":"downfall:FleeingMerchant","floor":20.0,"turns":4.0},{"damage":9.0,"enemies":"Snake Plant","floor":21.0,"turns":3.0},{"damage":12.0,"enemies":"conspire:HollyBat","floor":22.0,"turns":6.0},{"damage":0.0,"enemies":"Chosen and Byrds","floor":24.0,"turns":4.0},{"damage":13.0,"enemies":"Chosen and Byrds","floor":28.0,"turns":3.0},{"damage":0.0,"enemies":"Snecko","floor":30.0,"turns":4.0},{"damage":27.0,"enemies":"Book of Stabbing","floor":31.0,"turns":5.0},{"damage":0.0,"enemies":"Snake Plant","floor":32.0,"turns":3.0},{"damage":20,"enemies":"downfall:Ironclad","floor":33,"turns":4}],"seed_played":"-5019402990120878890","potions_obtained":[{"floor":5.0,"key":"Adrenaline Potion"},{"floor":6.0,"key":"Energy Potion"},{"floor":12.0,"key":"Dexterity Potion"},{"floor":16.0,"key":"hexamod:EctoCoolerPotion"},{"floor":19.0,"key":"Milkshake"},{"floor":22.0,"key":"Adrenaline Potion"}],"is_trial":false,"path_per_floor":["R_BF","M","M","$","M","M","T","R","?","?","R","E","R","M","M","B",null,"R_BF","M","$","M","M","?","MIM","?","R","?","M","R","M","E","M","B"],"character_chosen":"GUARDIAN","items_purchased":["ReplayTheSpireMod:Necrogeddon","Incense Burner","Guardian:SphericShield"],"campfire_rested":0,"item_purchase_floors":[4,20,20],"current_hp_per_floor":[80,80,80,80,79,65,65,65,65,65,65,58,58,50,50,19,80,90,85,85,76,64,58,58,58,58,58,45,45,45,18,18,0,0,0],"gold":487,"neow_bonus":"THREE_ENEMY_KILL","is_daily":false,"chose_seed":false,"campfire_upgraded":4,"win_rate":0.0,"timestamp":1610240806,"path_taken":["R_BF","M","M","$","M","M","T","R","?","?","R","E","R","?","M","BOSS","R_BF","M","?","M","M","?","MIM","?","R","?","M","R","?","E","M","BOSS"],"items_purchased_type":["Card","Relic","Card"],"build_version":"2020-12-22","purchased_purges":0,"victory":false,"max_hp_per_floor":[80,80,80,80,80,80,80,80,80,80,80,80,80,80,80,80,80,90,90,90,90,90,90,90,90,90,90,90,90,90,90,90,90,90,90],"card_choices":[{"not_picked":["Guardian:ShieldSpikes","Guardian:Harden"],"picked":"Guardian:Gem_Fragmented","floor":2.0},{"not_picked":["Guardian:Recover","Guardian:Planning"],"picked":"Guardian:GuardianWhirl","floor":3.0},{"not_picked":["Guardian:Repulse","Guardian:Planning"],"picked":"Guardian:PrimingBeam","floor":4.0},{"not_picked":["Guardian:BronzeArmor","Guardian:Planning"],"picked":"Guardian:TimeBomb","floor":5.0},{"not_picked":["Guardian:Repulse","Guardian:Clone"],"picked":"Guardian:VentSteam","floor":6.0},{"not_picked":["Guardian:TimeCapacitor","Guardian:Reroute"],"picked":"Guardian:ExploitGems","floor":12.0},{"not_picked":["Guardian:TemporalShield","Guardian:Repulse"],"picked":"Guardian:PiercingHide","floor":14.0},{"not_picked":["Guardian:TimeBomb","Guardian:DonusPower"],"picked":"Guardian:Gem_Purple","floor":15.0},{"not_picked":["Guardian:Gem_Orange","Guardian:Gem_Synthetic"],"picked":"Guardian:HyperBeam_Guardian","floor":16.0},{"not_picked":["Guardian:PrimingBeam","Guardian:TemporalStrike"],"picked":"Guardian:CrystalBeam","floor":19.0},{"not_picked":["Guardian:Reroute","Guardian:ShieldCharger"],"picked":"Guardian:ChargeCore","floor":20.0},{"not_picked":["Guardian:Reroute","Guardian:Repulse"],"picked":"Guardian:Incinerate+1","floor":21.0},{"not_picked":["Guardian:RollAttack+1","Guardian:ShieldCharger"],"picked":"Guardian:MultiBeam+1","floor":22.0},{"not_picked":["Guardian:Planning","Guardian:RollAttack"],"picked":"Guardian:PrismaticBeam","floor":24.0},{"not_picked":["Guardian:WalkerClaw","Guardian:RefractedBeam+1"],"picked":"Guardian:SpikerProtocol+1","floor":28.0},{"not_picked":["Guardian:RollAttack","Guardian:CrystalBeam+1"],"picked":"Guardian:DonusPower","floor":30.0},{"not_picked":["Guardian:StasisField","Guardian:ExploitGems"],"picked":"Guardian:Gem_Green","floor":31.0},{"not_picked":["Guardian:VentSteam","Guardian:RefractedBeam"],"picked":"Guardian:DecasProtection","floor":32.0}],"player_experience":19764,"relics_obtained":[{"floor":12.0,"key":"Centennial Puzzle"},{"floor":18.0,"key":"Replay:Bandana"},{"floor":24.0,"key":"DemoMod:OrangeGuonStone"},{"floor":31.0,"key":"Matryoshka"}],"event_choices":[{"damage_healed":0.0,"max_hp_gain":0.0,"max_hp_loss":0.0,"gold_gain":0.0,"event_name":"conspire:Investor","player_choice":"Invest 1","floor":9.0,"gold_loss":0.0,"damage_taken":0.0},{"damage_healed":0.0,"max_hp_gain":0.0,"max_hp_loss":0.0,"gold_gain":0.0,"event_name":"NoteForYourself","player_choice":"Ignored","floor":10.0,"gold_loss":0.0,"damage_taken":0.0}],"is_beta":false,"boss_relics":[{"not_picked":["EE1DDrone","BloodWine"],"picked":"FeatherPendant"}],"items_purged_floors":[],"is_endless":false,"potions_floor_spawned":[5,6,12,16,19,22],"killed_by":"downfall:Ironclad","ascension_level":0}}