{"host":"b1nkw8hni90dsvue","time":1610254275,"event":{"mods":["Aspiration","BaseMod","Downfall","Grow up Mod","Jedi Mod","Koishi","LagranYue(拉格朗・月)","Marisa（F雨　魔理沙）","Minty Spire (QoL Compilation)","Prisma Mod","Quick Restart","READ ME - Guardian Mod","Remilia（蕾米莉亚）","Replay The Spire","RumiaBox-露米娅的神秘盒子","StSLib","TestMod","The Bug Knight","The Cursed","The Gatherer","The Saiyan","The Servant 0.9.4","Youmu（魂魄妖梦）","[IsaacMod]以撒尖塔"],"gold_per_floor":[112,112,108,108,132,166,166,175,175,202,213,213,226,239,275,374,374,386,416,432,477,488,488,520,520,591,640,640,656,667,679,747,841,864,881,881,580,629,639,633,658,658,658,664,664,664],"floor_reached":45,"playtime":3189,"items_purged":["Koishi:BasicStrike","Koishi:BasicDefend","Koishi:BasicStrike","Koishi:BasicDefend","Koishi:BasicDefend","Koishi:BasicStrike","Koishi:BasicDefend","Koishi:BasicStrike","BettingIsNotGood","Koishi:DreadfulBlow","Koishi:RacingHeart","Koishi:Whimsy"],"score":592,"play_id":"7338740f-0356-4dd9-bf04-ac2928cd2a4a","local_time":"20210110125115","is_ascension_mode":false,"campfire_choices":[{"floor":7.0,"key":"RECALL"},{"data":"Koishi:Ego","floor":23.0,"key":"SMITH"},{"data":"Koishi:ReleaseOfTheId","floor":25.0,"key":"SMITH"}],"circlet_count":3,"master_deck":["Koishi:Provoke+1","Koishi:HauntingSlash","Conserve Battery","Koishi:LastRemote","Koishi:ReleaseOfTheId+1","Koishi:SubterraneanRose","Koishi:UnseenTerror","Koishi:Ego+1","Koishi:DNAsFlaw","Koishi:SubconsciousSweep","Koishi:Whimsy","Koishi:BloodcurdlingScream","Koishi:LastRemote","Koishi:Heartbroken","Koishi:FreudianInstinct+1","jedi:forcepull","Koishi:Whimsy+1","Koishi:StingingMind+1"],"relics":["Koishi:ImaginaryFriend","Circlet","HushsDoor","m_SpellCore","aspiration:HummingbirdHeart","Meat on the Bone","MagicDraw4","GodSword1","jedi:hotpepper","Replay:Rubber Ducky","PokeGo","SalivaCoin","Quantum Egg","ReplayFunnel"],"acts_visited":[],"potions_floor_usage":[],"damage_taken":[{"damage":1.0,"enemies":"Small Slimes","floor":1.0,"turns":2.0},{"damage":3.0,"enemies":"conspire:RoseBush","floor":5.0,"turns":3.0},{"damage":10.0,"enemies":"Lagavulin","floor":6.0,"turns":16.0},{"damage":0.0,"enemies":"2 Louse","floor":8.0,"turns":2.0},{"damage":5.0,"enemies":"2 Fungi Beasts","floor":10.0,"turns":7.0},{"damage":4.0,"enemies":"Exordium Wildlife","floor":11.0,"turns":4.0},{"damage":0.0,"enemies":"Exordium Thugs","floor":13.0,"turns":3.0},{"damage":0.0,"enemies":"2 Fungi Beasts","floor":14.0,"turns":2.0},{"damage":33.0,"enemies":"Fading Forest","floor":16.0,"turns":11.0},{"damage":0.0,"enemies":"3 Byrds","floor":18.0,"turns":3.0},{"damage":0.0,"enemies":"Shell Parasite","floor":19.0,"turns":2.0},{"damage":0.0,"enemies":"conspire:HollyBat","floor":20.0,"turns":6.0},{"damage":0.0,"enemies":"Snake Plant","floor":22.0,"turns":3.0},{"damage":0.0,"enemies":"Book of Stabbing","floor":24.0,"turns":4.0},{"damage":0.0,"enemies":"Hiden Room Battle","floor":27.0,"turns":3.0},{"damage":0.0,"enemies":"Snecko","floor":29.0,"turns":2.0},{"damage":0.0,"enemies":"Shelled Parasite and Fungi","floor":30.0,"turns":1.0},{"damage":0.0,"enemies":"3 Cultists","floor":31.0,"turns":2.0},{"damage":2.0,"enemies":"conspire:MysteriousRune","floor":33.0,"turns":6.0},{"damage":0.0,"enemies":"Orb Walker","floor":35.0,"turns":1.0},{"damage":0.0,"enemies":"Hiden Room Battle","floor":38.0,"turns":1.0},{"damage":0.0,"enemies":"3 Darklings","floor":39.0,"turns":2.0},{"damage":0.0,"enemies":"HollowMod:StalkingDevout","floor":41.0,"turns":3.0},{"damage":0,"enemies":"Maw","floor":45,"turns":1}],"seed_played":"-3061454193175491782","potions_obtained":[{"floor":8.0,"key":"Reflective Coating"},{"floor":10.0,"key":"Adrenaline Potion"},{"floor":14.0,"key":"FairyPotion"},{"floor":16.0,"key":"Reflective Coating"},{"floor":18.0,"key":"conspire:TimeTravelPotion"},{"floor":19.0,"key":"SkillPotion"},{"floor":27.0,"key":"Milkshake"},{"floor":29.0,"key":"Energy Potion"},{"floor":30.0,"key":"Dexterity Potion"},{"floor":31.0,"key":"SmokeBomb"},{"floor":41.0,"key":"Dexterity Potion"}],"is_trial":false,"path_per_floor":["M","?","$","?","M","E","R","M","T","M","M","T","M","M","R","B",null,"M","M","M","$","M","R","E","R","T","?","?","M","M","M","R","B",null,"M","?","$","?","M","R","E","?","T","?","M"],"character_chosen":"KOISHI","items_purchased":["MerchantsRug","Koishi:FreudianInstinct","RealStoneCalender"],"campfire_rested":0,"item_purchase_floors":[15,34,37],"current_hp_per_floor":[80,95,105,115,125,137,147,158,168,176,184,194,206,217,230,218,260,273,295,315,327,344,354,373,383,394,405,415,438,456,474,486,512,392,411,421,431,447,469,479,502,512,522,518,518,518],"gold":664,"neow_bonus":"NOSTALGIA","is_daily":false,"chose_seed":false,"campfire_upgraded":2,"win_rate":0.0,"timestamp":1610254275,"path_taken":["M","?","$","?","?","E","R","M","T","M","M","?","M","M","R","BOSS","M","M","?","$","?","R","E","R","T","?","?","?","M","?","R","BOSS","M","?","$","?","M","R","E","?","T","?","M"],"items_purchased_type":["Undefined","Card","Undefined"],"build_version":"2020-12-22","purchased_purges":12,"victory":false,"max_hp_per_floor":[81,96,106,116,128,139,149,160,170,182,193,203,215,226,239,250,260,273,295,315,327,344,354,373,383,394,411,421,438,456,474,486,512,392,411,421,431,450,469,479,502,512,522,533,533,533],"card_choices":[{"not_picked":[],"picked":"BettingIsNotGood","floor":0.0},{"not_picked":["Koishi:StingingMind","Replay:Spark Circuitry"],"picked":"Conserve Battery","floor":1.0},{"not_picked":["Replay:Spark Circuitry","KiyohimeMod:EatSoul"],"picked":"Koishi:LastRemote","floor":5.0},{"not_picked":["Koishi:PhantomStrike","KiyohimeMod:FirstPremonition"],"picked":"Koishi:ReleaseOfTheId","floor":6.0},{"not_picked":["Go for the Eyes","Koishi:HeartfeltFancy"],"picked":"Koishi:SubterraneanRose","floor":8.0},{"not_picked":["KiyohimeMod:BeElegant","KiyohimeMod:Grimoire"],"picked":"Koishi:UnseenTerror","floor":10.0},{"not_picked":["KiyohimeMod:RedBlackKey","KiyohimeMod:EatSoul"],"picked":"Koishi:Ego","floor":11.0},{"not_picked":["Steam Power","Koishi:TremblingHands"],"picked":"Koishi:RacingHeart","floor":13.0},{"not_picked":["Loop","Beam Cell"],"picked":"Koishi:DreadfulBlow","floor":14.0},{"not_picked":["KiyohimeMod:AVerseOfBurningLoveStory","Koishi:MentalBreakdown"],"picked":"Koishi:DNAsFlaw","floor":16.0},{"not_picked":["Koishi:PhantomStrike+1","KiyohimeMod:GreenBlackKey+1"],"picked":"Koishi:SubconsciousSweep","floor":18.0},{"not_picked":["Koishi:TremblingHands","Koishi:SuperEgo"],"picked":"Koishi:Whimsy","floor":19.0},{"not_picked":["Koishi:SubconsciousSweep","Koishi:UnconsciousUprising+1"],"picked":"Koishi:Whimsy","floor":20.0},{"not_picked":["KiyohimeMod:RedBlackKey","Koishi:HeartfeltFancy","Koishi:Prune"],"picked":"SKIP","floor":22.0},{"not_picked":["Koishi:MassHysteria+1","Koishi:RacingHeart","Koishi:UnseenTerror"],"picked":"SKIP","floor":24.0},{"not_picked":["Koishi:Whimsy","Koishi:PredatoryInstincts"],"picked":"Koishi:BloodcurdlingScream","floor":27.0},{"not_picked":["Koishi:IdleWhim","Koishi:EmbryosDream","Koishi:StrangeCloudFist"],"picked":"SKIP","floor":29.0},{"not_picked":["Koishi:PhantomStrike","Koishi:HeartAttack"],"picked":"Koishi:LastRemote","floor":30.0},{"not_picked":["KiyohimeMod:GoldenCarpFigure","KiyohimeMod:WaterTurn+1","Koishi:Jaunt"],"picked":"SKIP","floor":31.0},{"not_picked":["KiyohimeMod:Destruction","Koishi:RuptureMind"],"picked":"Koishi:Heartbroken","floor":33.0},{"not_picked":["KiyohimeMod:SteelTraining+1","KiyohimeMod:FirstPremonition","KiyohimeMod:ExSpicyMapoTofu+1"],"picked":"SKIP","floor":35.0},{"not_picked":["Panacea","Bandage Up"],"picked":"jedi:forcepull","floor":36.0},{"not_picked":["Koishi:DreadfulBlow+1","Koishi:HeartAttack"],"picked":"Koishi:Whimsy+1","floor":38.0},{"not_picked":["Koishi:GrowingPain","Koishi:GeneticsOfTheUnconscious+1"],"picked":"Koishi:StingingMind+1","floor":39.0},{"not_picked":["KiyohimeMod:GreenBlackKey+1","KiyohimeMod:CommandCard_Buster+1","Koishi:ReleaseOfTheId"],"picked":"SKIP","floor":41.0}],"player_experience":262085,"relics_obtained":[{"floor":6.0,"key":"Muramasa"},{"floor":12.0,"key":"aspiration:HummingbirdHeart"},{"floor":24.0,"key":"Meat on the Bone"},{"floor":26.0,"key":"MagicDraw4"},{"floor":27.0,"key":"Orichalcum"},{"floor":27.0,"key":"GodSword1"},{"floor":38.0,"key":"Replay:Rubber Ducky"},{"floor":38.0,"key":"PokeGo"},{"floor":41.0,"key":"SalivaCoin"},{"floor":43.0,"key":"Quantum Egg"}],"event_choices":[{"damage_healed":0.0,"max_hp_gain":5.0,"max_hp_loss":0.0,"gold_gain":0.0,"event_name":"Big Fish","player_choice":"Donut","floor":2.0,"gold_loss":0.0,"damage_taken":0.0},{"damage_healed":0.0,"max_hp_gain":0.0,"max_hp_loss":0.0,"gold_gain":0.0,"event_name":"HidenRoomEvent","player_choice":"Fight","floor":27.0,"gold_loss":0.0,"damage_taken":0.0},{"damage_healed":0.0,"max_hp_gain":0.0,"max_hp_loss":0.0,"gold_gain":0.0,"event_name":"SensoryStone","player_choice":"Memory 1","floor":36.0,"gold_loss":0.0,"damage_taken":0.0},{"damage_healed":0.0,"max_hp_gain":0.0,"max_hp_loss":0.0,"gold_gain":0.0,"event_name":"HidenRoomEvent","player_choice":"Fight","floor":38.0,"gold_loss":0.0,"damage_taken":0.0},{"damage_healed":0.0,"max_hp_gain":0.0,"max_hp_loss":0.0,"gold_gain":0.0,"event_name":"Accursed Blacksmith","player_choice":"Forge","floor":42.0,"gold_loss":0.0,"damage_taken":0.0,"cards_upgraded":["Koishi:FreudianInstinct"]}],"is_beta":false,"boss_relics":[{"not_picked":["aspiration:MarisaSkillbook","Recursion"],"picked":"DeterminationOfClimber"},{"not_picked":[]},{"not_picked":["Ring of Chaos","Eternal Feather"],"picked":"jedi:hotpepper"},{"not_picked":[]}],"items_purged_floors":[3,3,15,15,15,15,15,15,21,40,40,40],"is_endless":false,"potions_floor_spawned":[8,10,14,16,18,19,27,29,30,31,41],"killed_by":"Maw","ascension_level":0}}