{"host":"9ndbo4kgsfoemf7y","time":1610277283,"event":{"mods":["AchievementEnabler","BaseMod","Colored Map","DeckTracker","Keyboard Shortcuts","Minty Spire (QoL Compilation)","Permanent Neow","Quick Restart","Relic Stats","StSLib","SuperFastMode"],"gold_per_floor":[110,127,127,202,217,217,231,264,264,264,17,17,17,17],"floor_reached":13,"playtime":638,"items_purged":["Setup"],"score":166,"play_id":"4b2b1635-de87-4fc2-86bd-553542886d4e","local_time":"20210110201443","is_ascension_mode":true,"campfire_choices":[{"data":"Venomology","floor":6.0,"key":"SMITH"},{"floor":10.0,"key":"REST"},{"data":"Prepared","floor":12.0,"key":"SMITH"}],"circlet_count":0,"master_deck":["AscendersBane","Survivor","Neutralize","Venomology+1","Quick Slash","Sucker Punch","Cloak And Dagger","Infinite Blades","Heel Hook","Skewer","Burst","Blur","Acrobatics","Reflex","Escape Plan","Prepared+1"],"relics":["Pandora\u0027s Box","Bag of Marbles","Oddly Smooth Stone","Centennial Puzzle"],"acts_visited":["Exordium"],"potions_floor_usage":[13,13,13],"damage_taken":[{"damage":0.0,"enemies":"Cultist","floor":1.0,"turns":3.0},{"damage":0.0,"enemies":"Small Slimes","floor":2.0,"turns":3.0},{"damage":1.0,"enemies":"Jaw Worm","floor":5.0,"turns":3.0},{"damage":22.0,"enemies":"Lots of Slimes","floor":7.0,"turns":5.0},{"damage":35.0,"enemies":"3 Sentries","floor":8.0,"turns":9.0},{"damage":36,"enemies":"Lagavulin","floor":13,"turns":10}],"seed_played":"3125251515021895005","potions_obtained":[{"floor":1.0,"key":"SpeedPotion"},{"floor":8.0,"key":"SkillPotion"}],"is_trial":false,"path_per_floor":["M","M","?","?","M","R","M","E","T","R","$","R","E"],"character_chosen":"THE_SILENT","items_purchased":["Centennial Puzzle"],"campfire_rested":1,"item_purchase_floors":[11],"current_hp_per_floor":[59,59,52,41,40,40,18,6,6,25,25,25,0,0],"gold":17,"neow_bonus":"BOSS_RELIC","is_daily":false,"chose_seed":false,"campfire_upgraded":2,"win_rate":0.0,"timestamp":1610277283,"path_taken":["M","M","?","?","M","R","M","E","T","R","$","R","E"],"items_purchased_type":["Relic"],"build_version":"2020-12-22","purchased_purges":1,"victory":false,"max_hp_per_floor":[66,66,66,66,66,66,66,66,66,66,66,66,66,66],"relic_stats":{"Centennial Puzzle":[3],"counters":[6,33],"Pandora\u0027s Box":["Venomology","Quick Slash","Sucker Punch","Setup","Cloak And Dagger","Catalyst","Infinite Blades","Heel Hook","Skewer","Burst"],"obtain_stats":[{"Centennial Puzzle":11,"Oddly Smooth Stone":9,"Pandora\u0027s Box":0,"Bag of Marbles":8,"Ring of the Snake":0},{"Centennial Puzzle":5,"Oddly Smooth Stone":5,"Pandora\u0027s Box":0,"Bag of Marbles":5,"Ring of the Snake":0},{"Centennial Puzzle":23,"Oddly Smooth Stone":23,"Pandora\u0027s Box":0,"Bag of Marbles":23,"Ring of the Snake":0}]},"card_choices":[{"not_picked":["Flechettes","Backstab"],"picked":"Blur","floor":1.0},{"not_picked":["Cloak And Dagger","Dagger Spray"],"picked":"Acrobatics","floor":2.0},{"not_picked":["Dagger Spray","Cloak And Dagger"],"picked":"Reflex","floor":5.0},{"not_picked":["Masterful Stab","Dagger Throw"],"picked":"Escape Plan","floor":7.0},{"not_picked":["Deflect","Doppelganger"],"picked":"Prepared","floor":8.0}],"player_experience":811938,"relics_obtained":[{"floor":8.0,"key":"Bag of Marbles"},{"floor":9.0,"key":"Oddly Smooth Stone"}],"event_choices":[{"cards_removed":["Catalyst"],"damage_healed":0.0,"max_hp_gain":0.0,"max_hp_loss":0.0,"gold_gain":0.0,"event_name":"Golden Wing","player_choice":"Card Removal","floor":3.0,"gold_loss":0.0,"damage_taken":7.0},{"damage_healed":0.0,"max_hp_gain":0.0,"max_hp_loss":0.0,"gold_gain":75.0,"event_name":"World of Goop","player_choice":"Gather Gold","floor":4.0,"gold_loss":0.0,"damage_taken":11.0}],"is_beta":false,"boss_relics":[],"items_purged_floors":[11],"is_endless":false,"potions_floor_spawned":[1,8],"killed_by":"Lagavulin","ascension_level":20}}