{"host":"pf9sh7nh6rpu9sau","time":1610320291,"event":{"mods":["2.2 Compatiblity","BaseMod","BetterRewards","Clockwork Mod","Downfall","Hermit","Mad Scientist","Minty Spire (QoL Compilation)","Permanent Neow","Quick Restart","Replay The Spire","Somnambulant","StSLib","The Clintock","The Cursed","The Disciple","The Hierophant","The Necromancer","The Runesmith"],"gold_per_floor":[110,130,130,80,98,125,125,154,154,174,174,174,208,40,40,136,136,153,153,52,70,70,70,103,103,103,118,40,50,80,80,80,181,181,199,215,215,228,247,273,24,55,55,83,0,15,15,15,15,15],"floor_reached":51,"playtime":3834,"items_purged":["Strike_R","Pain"],"score":866,"play_id":"3e4849cf-c0d4-44e1-bf2f-cb823c0a9781","local_time":"20210110181131","is_ascension_mode":false,"campfire_choices":[{"data":"Bash","floor":7,"key":"SMITH"},{"data":"Inflame","floor":11,"key":"SMITH"},{"data":"Metallicize","floor":15,"key":"SMITH"},{"data":"Limit Break","floor":23,"key":"SMITH"},{"data":"Ghostly","floor":25,"key":"SMITH"},{"data":"Ghostly","floor":32,"key":"SMITH"},{"data":"Strike_R","floor":49,"key":"PURGE"}],"circlet_count":0,"master_deck":["Strike_R","Strike_R","Defend_R+1","Defend_R","Defend_R+1","Defend_R","Bash+1","Metallicize+1","Reckless Charge","Pummel","Shrug It Off","Inflame+1","Armaments","ReplayTheSpireMod:Muscle Training","Twin Strike","Limit Break+1","Sword Boomerang+1","Rupture+1","Metallicize","Ghostly+1","Ghostly+1","Ghostly","Ghostly","Ghostly","Combust","Bloodletting","Cleave+1","Hemogenesis+1","Seeing Red","Pommel Strike+1","Uppercut+1","Offering","Double Tap","Inflame+1"],"relics":["Burning Blood","Peace Pipe","Smiling Mask","Matryoshka","Anchor","War Paint","Red Skull","Runic Pyramid","WarpedTongs","Molten Egg 2","ReplayTheSpireMod:Spearhead","Frozen Egg 2","ReplayFunnel","Coffee Dripper","Replay:Arrowhead","Pear","Blue Doll","Garlic","Vajra","Red Mask"],"acts_visited":["Exordium","TheCity","TheBeyond"],"potions_floor_usage":[5,8,13,13,16,21,33,38,38,42,50,50],"damage_taken":[{"damage":11,"enemies":"2 Louse","floor":1,"turns":4},{"damage":7,"enemies":"Cultist","floor":2,"turns":5},{"damage":0,"enemies":"Jaw Worm","floor":5,"turns":3},{"damage":27,"enemies":"Gremlin Nob","floor":6,"turns":5},{"damage":11,"enemies":"3 Sentries","floor":8,"turns":6},{"damage":0,"enemies":"Large Slime","floor":10,"turns":5},{"damage":0,"enemies":"Gremlin Nob","floor":13,"turns":3},{"damage":16,"enemies":"Slime Boss","floor":16,"turns":7},{"damage":17,"enemies":"2 Thieves","floor":18,"turns":4},{"damage":1,"enemies":"Spheric Guardian","floor":21,"turns":3},{"damage":2,"enemies":"Replay:Snechameleon","floor":24,"turns":8},{"damage":4,"enemies":"Shelled Parasite and Fungi","floor":27,"turns":7},{"damage":8,"enemies":"Centurion and Healer","floor":29,"turns":5},{"damage":8,"enemies":"Book of Stabbing","floor":30,"turns":7},{"damage":13,"enemies":"Automaton","floor":33,"turns":8},{"damage":8,"enemies":"Orb Walker","floor":35,"turns":4},{"damage":12,"enemies":"3 Darklings","floor":36,"turns":4},{"damage":17,"enemies":"Jaw Worm Horde","floor":38,"turns":3},{"damage":8,"enemies":"Maw","floor":39,"turns":8},{"damage":4,"enemies":"Nemesis","floor":40,"turns":7},{"damage":20,"enemies":"Giant Head","floor":42,"turns":8},{"damage":9,"enemies":"R_Hoarder","floor":44,"turns":6},{"damage":5,"enemies":"Transient","floor":46,"turns":5},{"damage":8,"enemies":"Donu and Deca","floor":50,"turns":6}],"seed_played":"-1280384133098419476","potions_obtained":[{"floor":2,"key":"Energy Potion"},{"floor":6,"key":"ColorlessPotion"},{"floor":8,"key":"Flashbang"},{"floor":10,"key":"SkillPotion"},{"floor":13,"key":"Swift Potion"},{"floor":18,"key":"SteroidPotion"},{"floor":27,"key":"DuplicationPotion"},{"floor":30,"key":"Fruit Juice"},{"floor":33,"key":"PowerPotion"},{"floor":36,"key":"ColorlessPotion"},{"floor":39,"key":"Elixir"},{"floor":40,"key":"Fruit Juice"},{"floor":46,"key":"Swift Potion"}],"is_trial":false,"path_per_floor":["M","M","?","?","M","E","R","E","T","M","R","$","E","$","R","B",null,"M","?","$","M","?","R","E","R","T","M","$","M","E","?","R","B",null,"M","M","?","M","M","E","$","E","T","E","?","M","?","$","R","B",null],"character_chosen":"IRONCLAD","items_purchased":["ReplayTheSpireMod:Muscle Training","Twin Strike","Rupture+1","Bloodletting","Pear"],"campfire_rested":0,"item_purchase_floors":[14,14,20,28,41],"current_hp_per_floor":[75,74,74,74,80,59,59,54,54,60,60,60,66,66,66,56,80,69,69,69,74,40,40,40,40,40,40,40,38,36,36,36,34,45,43,37,37,26,45,45,55,60,60,57,57,58,58,58,58,60],"gold":15,"neow_bonus":"ONE_RARE_RELIC","is_daily":false,"chose_seed":false,"campfire_upgraded":6,"win_rate":0.0,"timestamp":1610320291,"path_taken":["M","M","?","?","M","E","R","E","T","M","R","$","E","$","R","BOSS","M","?","?","?","?","R","E","R","T","M","$","M","E","?","R","BOSS","M","?","?","M","M","E","$","E","T","E","?","M","?","$","R","BOSS"],"items_purchased_type":["Card","Card","Card","Card","Relic"],"build_version":"2020-12-22","purchased_purges":2,"victory":true,"max_hp_per_floor":[80,80,80,80,80,80,80,80,80,80,80,80,80,80,80,80,80,80,80,80,80,40,40,40,40,40,40,40,40,40,40,40,45,45,45,45,45,45,45,45,55,60,60,60,60,60,60,60,60,60],"card_choices":[{"not_picked":["Dual Wield","Thunderclap"],"picked":"Metallicize","floor":1},{"not_picked":["Clash","Sever Soul"],"picked":"Reckless Charge","floor":2},{"not_picked":["Cleave","Hemokinesis"],"picked":"Pummel","floor":5},{"not_picked":["Impervious","ReplayTheSpireMod:Strike From Hell"],"picked":"Shrug It Off","floor":6},{"not_picked":["Warcry","Combust"],"picked":"Inflame","floor":8},{"not_picked":["Clash","Sever Soul","Warcry"],"picked":"SKIP","floor":10},{"not_picked":["Perfected Strike","Sentinel"],"picked":"Armaments","floor":13},{"not_picked":["Impervious","Brutality"],"picked":"Limit Break","floor":16},{"not_picked":["Iron Wave","Shrug It Off+1"],"picked":"Sword Boomerang+1","floor":18},{"not_picked":["Clothesline","Perfected Strike"],"picked":"Metallicize","floor":21},{"not_picked":["Clothesline+1","Warcry"],"picked":"Combust","floor":24},{"not_picked":["Headbutt+1","ReplayTheSpireMod:Stacked","Perfected Strike+1"],"picked":"SKIP","floor":27},{"not_picked":["Warcry","Body Slam+1","Sword Boomerang+1"],"picked":"SKIP","floor":29},{"not_picked":["Clothesline+1","Corruption+1"],"picked":"Cleave+1","floor":30},{"not_picked":["Replay:Many Hands","Barricade+1"],"picked":"Hemogenesis+1","floor":33},{"not_picked":["Flex+1","ReplayReversal+1","True Grit+1"],"picked":"SKIP","floor":35},{"not_picked":["Ghostly Armor","Armaments"],"picked":"Seeing Red","floor":36},{"not_picked":["Headbutt+1","Anger+1"],"picked":"Pommel Strike+1","floor":38},{"not_picked":["Clash+1","Sever Soul+1"],"picked":"Uppercut+1","floor":39},{"not_picked":["Disarm","Replay:Undeath\u0027s Touch+1"],"picked":"Offering","floor":40},{"not_picked":["Dark Embrace+1","Metallicize+1"],"picked":"Double Tap","floor":42},{"not_picked":["Warcry+1","Run Through+1","Anger+1"],"picked":"SKIP","floor":44},{"not_picked":["Flex+1","Searing Blow+1"],"picked":"Inflame+1","floor":46}],"player_experience":780641,"relics_obtained":[{"floor":6,"key":"Smiling Mask"},{"floor":8,"key":"Matryoshka"},{"floor":9,"key":"Anchor"},{"floor":9,"key":"War Paint"},{"floor":13,"key":"Red Skull"},{"floor":24,"key":"Molten Egg 2"},{"floor":26,"key":"ReplayTheSpireMod:Spearhead"},{"floor":26,"key":"Frozen Egg 2"},{"floor":30,"key":"ReplayFunnel"},{"floor":40,"key":"Replay:Arrowhead"},{"floor":42,"key":"Blue Doll"},{"floor":43,"key":"Garlic"},{"floor":44,"key":"Vajra"}],"event_choices":[{"cards_removed":["Decay"],"damage_healed":0,"gold_gain":0,"player_choice":"Forget","damage_taken":0,"max_hp_gain":0,"max_hp_loss":0,"event_name":"Living Wall","floor":3,"gold_loss":0},{"cards_removed":["Strike_R"],"damage_healed":0,"gold_gain":0,"player_choice":"Card Removal","damage_taken":0,"max_hp_gain":0,"max_hp_loss":0,"event_name":"The Cleric","floor":4,"gold_loss":50},{"damage_healed":0,"gold_gain":0,"player_choice":"Rummage","damage_taken":0,"relics_obtained":["WarpedTongs"],"max_hp_gain":0,"max_hp_loss":0,"event_name":"Accursed Blacksmith","floor":19,"gold_loss":0,"cards_obtained":["Pain"]},{"damage_healed":0,"gold_gain":0,"player_choice":"Became a Ghost","damage_taken":0,"max_hp_gain":0,"max_hp_loss":40,"event_name":"Ghosts","floor":22,"gold_loss":0,"cards_obtained":["Ghostly","Ghostly","Ghostly","Ghostly","Ghostly"]},{"damage_healed":0,"gold_gain":0,"player_choice":"Bought 0 Potions","damage_taken":0,"max_hp_gain":0,"max_hp_loss":0,"event_name":"The Woman in Blue","floor":31,"gold_loss":0},{"damage_healed":0,"gold_gain":0,"player_choice":"Memory 1","damage_taken":0,"max_hp_gain":0,"max_hp_loss":0,"event_name":"SensoryStone","floor":37,"gold_loss":0},{"damage_healed":0,"gold_gain":0,"player_choice":"Paid","damage_taken":0,"relics_obtained":["Red Mask"],"max_hp_gain":0,"max_hp_loss":0,"event_name":"Tomb of Lord Red Mask","floor":45,"gold_loss":83},{"damage_healed":0,"gold_gain":0,"player_choice":"Ignored","damage_taken":0,"max_hp_gain":0,"max_hp_loss":0,"event_name":"NoteForYourself","floor":47,"gold_loss":0}],"is_beta":false,"boss_relics":[{"not_picked":["Replay:Wanted Poster","Runic Dome"],"picked":"Runic Pyramid"},{"not_picked":["Velvet Choker","SlaversCollar"],"picked":"Coffee Dripper"}],"items_purged_floors":[14,20],"is_endless":false,"potions_floor_spawned":[2,6,8,10,13,18,27,30,33,36,39,40,46],"ascension_level":0}}