{"host":"hfxahm4y1ssattqc","time":1610261992,"event":{"mods":["2.2 Compatiblity","Act Like it!","BaseMod","Beaked The Cultist","BetterRewards","Colored Map","Colored Powertips","Custom Start","Googly Eyes","Halation","Hallownest","Highlight Path","Hubris","Mimic Mod","Minty Spire (QoL Compilation)","Shop Mod","Spikes Relics","StSLib","The Bug Knight","The IronCluck","The Jungle","Unknown Chances","slay the spire mod where everything is the same but ironclad has a cowboy hat"],"gold_per_floor":[114,124,124,135,34,34,67,67,67,167,167,180,193,225,225,326,326,342,362,362,362,362,362,362,362,362,141,141,141],"floor_reached":28,"playtime":1063,"items_purged":[],"score":214,"play_id":"209fba46-a66c-494f-abdb-c552aa0e58ae","local_time":"20210109225952","is_ascension_mode":false,"campfire_choices":[{"data":"HollowMod:CycloneSlash","floor":6.0,"key":"SMITH"},{"floor":15.0,"key":"REST"},{"floor":23,"key":"REST"},{"floor":25,"key":"REST"}],"circlet_count":0,"master_deck":["HollowMod:NailStrikeStart","HollowMod:NailStrikeStart","HollowMod:NailStrikeStart","HollowMod:NailStrikeStart","HollowMod:QuickDashStart","HollowMod:QuickDashStart","HollowMod:QuickDashStart","HollowMod:QuickDashStart","HollowMod:FocusHealStart","HollowMod:PogoStrike","HollowMod:CycloneSlash+1","HollowMod:PureVessel","HollowMod:SoulSplash","HollowMod:HornetsHelp","HollowMod:FastStrike+1","HollowMod:BaldurShell","HollowMod:BaldurShell"],"relics":["HollowMod:VesselMask","NeowsBlessing","Hallownest:DreamNailRelic","Blue Candle","MiniBlackHole","halation:PlatinumPhoenix","Nilry\u0027s Codex","halation:PinkSoulGem","hubris:FruitBowl","HornCleat","HollowMod:PaleOreRelic"],"acts_visited":["Hallownest:Greenpath","TheCity"],"potions_floor_usage":[],"damage_taken":[{"damage":0.0,"enemies":"Hallownest:2_MossCreeps","floor":1.0,"turns":1.0},{"damage":0.0,"enemies":"Hallownest:monsterHuskGuard","floor":2.0,"turns":1.0},{"damage":0.0,"enemies":"Hallownest:2_Tiktiks_and_1_Crawlid","floor":4.0,"turns":1.0},{"damage":0.0,"enemies":"Hallownest:2_Tiktiks_1_Baldur_1_Crawlid","floor":7.0,"turns":8.0},{"damage":20.0,"enemies":"Hallownest:2_Tiktiks_1_Baldur_1_Crawlid","floor":12.0,"turns":4.0},{"damage":8.0,"enemies":"Hallownest:MossCreep_and_Mosskin","floor":13.0,"turns":4.0},{"damage":11.0,"enemies":"Hallownest:eliteVengeflyKing","floor":14.0,"turns":6.0},{"damage":49.0,"enemies":"Hallownest:BossHornet","floor":16.0,"turns":9.0},{"damage":41.0,"enemies":"Shell Parasite","floor":18.0,"turns":10.0},{"damage":25.0,"enemies":"3 Byrds","floor":19.0,"turns":5.0},{"damage":34,"enemies":"Centurion and Healer","floor":28,"turns":4}],"seed_played":"4057854273359082023","potions_obtained":[{"floor":2.0,"key":"Regen Potion"},{"floor":4.0,"key":"Strength Potion"},{"floor":16.0,"key":"SteroidPotion"},{"floor":19,"key":"EntropicBrew"}],"is_trial":false,"path_per_floor":["M","M","?","M","$","R","MIM","$","T","?","$","M","M","E","R","B",null,"M","M","?","?","?","R","$","R","T","$","M"],"character_chosen":"THE_BUGKNIGHT","items_purchased":["CultistPotion","hubris:FruitBowl","HollowMod:PaleOreRelic","HollowMod:BaldurShell"],"campfire_rested":3,"item_purchase_floors":[5,24,27,27],"current_hp_per_floor":[75,75,75,75,75,75,75,75,75,75,75,55,47,36,58,24,75,44,25,9,9,9,31,12,34,34,34,0,0],"gold":141,"neow_bonus":"THREE_ENEMY_KILL","is_daily":false,"chose_seed":false,"campfire_upgraded":1,"win_rate":0.0,"timestamp":1610261992,"path_taken":["M","?","?","M","?","R","?","$","T","?","$","?","M","E","R","BOSS","M","M","?","?","?","R","?","R","T","?","?"],"items_purchased_type":["Potion","Relic","Relic","Card"],"build_version":"2020-12-22","purchased_purges":0,"victory":false,"max_hp_per_floor":[75,75,75,75,75,75,75,75,75,75,75,75,75,75,75,75,75,75,75,75,75,75,75,75,75,75,75,75,75],"card_choices":[{"not_picked":["HollowMod:InfectedAttack","HollowMod:VengefulVoid","HollowMod:CloakDash"],"picked":"SKIP","floor":1.0},{"not_picked":["HollowMod:RecoilStrike","HollowMod:SharpenedNail"],"picked":"HollowMod:CycloneSlash","floor":2.0},{"not_picked":["HollowMod:LifebloodCocoon","HollowMod:CornifersMapStart","HollowMod:SharpenedNail"],"picked":"SKIP","floor":4.0},{"not_picked":["HollowMod:HeavyBlow","HollowMod:DesolateDive"],"picked":"HollowMod:PureVessel","floor":12.0},{"not_picked":["HollowMod:SoulStrike","HollowMod:MonomonsArchive"],"picked":"HollowMod:SoulSplash","floor":13.0},{"not_picked":["HollowMod:HeavyBlow","HollowMod:NewInfectedGuardian","HollowMod:LifebloodCocoon"],"picked":"SKIP","floor":14.0},{"not_picked":["HollowMod:NewInfectedGuardian","HollowMod:SoulMaster"],"picked":"HollowMod:HornetsHelp","floor":16.0},{"not_picked":["HollowMod:BlackTendrils","HollowMod:NewJinnsSoul+1"],"picked":"HollowMod:FastStrike+1","floor":18.0},{"not_picked":["HollowMod:WraithStrike+1","HollowMod:NewJinnsSoul+1"],"picked":"HollowMod:BaldurShell","floor":19}],"player_experience":854349,"relics_obtained":[{"floor":9.0,"key":"Blue Candle"},{"floor":14.0,"key":"MiniBlackHole"},{"floor":20,"key":"Nilry\u0027s Codex"},{"floor":26,"key":"HornCleat"}],"event_choices":[{"damage_healed":0,"gold_gain":0,"player_choice":"Obtained Book","damage_taken":16,"max_hp_gain":0,"max_hp_loss":0,"event_name":"Cursed Tome","floor":20,"gold_loss":0}],"is_beta":false,"boss_relics":[{"not_picked":["hubris:Stopwatch","Snecko Eye"],"picked":"halation:PlatinumPhoenix"}],"items_purged_floors":[],"is_endless":false,"potions_floor_spawned":[2,4,16,19],"killed_by":"Centurion and Healer","ascension_level":0}}