{"host":"t7mx8yfj1no5p62f","time":1610317194,"event":{"mods":["BaseMod","Bestiary","Colored Map","Colored Powertips","Minty Spire (QoL Compilation)","Relic Stats","StSLib"],"gold_per_floor":[118,43,62,78,96,130,130,159,185,211,223,237,237,24,24,103,103,121,121,121,121,140,140,169,169,192,60,74,84,84,84],"floor_reached":30,"playtime":1428,"items_purged":["Strike_G","Strike_G"],"score":520,"play_id":"77bacb14-6a54-46a6-a274-6aebfc433635","local_time":"20210110171954","is_ascension_mode":true,"campfire_choices":[{"data":"Blade Dance","floor":7.0,"key":"SMITH"},{"data":"Skewer","floor":13.0,"key":"SMITH"},{"data":"Well Laid Plans","floor":15.0,"key":"SMITH"},{"data":"Wraith Form v2","floor":23,"key":"SMITH"},{"data":"Noxious Fumes","floor":25,"key":"SMITH"}],"circlet_count":0,"master_deck":["AscendersBane","Defend_G","Defend_G","Defend_G","Survivor","Neutralize","Bane+1","Phantasmal Killer+1","Envenom+1","Poisoned Stab","Skewer+1","Leg Sweep","Blade Dance+1","Well Laid Plans+1","Acrobatics","PiercingWail","Wraith Form v2+1","Cloak And Dagger+1","Noxious Fumes+1","Tactician","Acrobatics","PiercingWail","Terror"],"relics":["Astrolabe","Darkstone Periapt","Oddly Smooth Stone","Potion Belt","Odd Mushroom","SlaversCollar","Dream Catcher"],"acts_visited":["Exordium","TheCity"],"potions_floor_usage":[16,24,29,30],"damage_taken":[{"damage":0.0,"enemies":"Cultist","floor":1.0,"turns":3.0},{"damage":0.0,"enemies":"Small Slimes","floor":3.0,"turns":2.0},{"damage":4.0,"enemies":"Jaw Worm","floor":4.0,"turns":3.0},{"damage":4.0,"enemies":"Large Slime","floor":5.0,"turns":2.0},{"damage":20.0,"enemies":"3 Sentries","floor":6.0,"turns":10.0},{"damage":7.0,"enemies":"Lagavulin","floor":8.0,"turns":5.0},{"damage":22.0,"enemies":"The Mushroom Lair","floor":10.0,"turns":5.0},{"damage":0.0,"enemies":"Blue Slaver","floor":11.0,"turns":4.0},{"damage":0.0,"enemies":"Looter","floor":12.0,"turns":2.0},{"damage":28,"enemies":"Slime Boss","floor":16,"turns":5},{"damage":0,"enemies":"Chosen","floor":18,"turns":7},{"damage":9,"enemies":"Shell Parasite","floor":22,"turns":6},{"damage":5,"enemies":"Slavers","floor":24,"turns":7},{"damage":9,"enemies":"Snake Plant","floor":28,"turns":5},{"damage":13,"enemies":"Snecko","floor":29,"turns":6},{"damage":21,"enemies":"Gremlin Leader","floor":30,"turns":3}],"seed_played":"2646093037807462145","potions_obtained":[{"floor":3.0,"key":"FearPotion"},{"floor":4.0,"key":"Explosive Potion"},{"floor":5.0,"key":"Poison Potion"},{"floor":8.0,"key":"FairyPotion"},{"floor":10.0,"key":"EssenceOfSteel"},{"floor":16,"key":"DistilledChaos"},{"floor":18,"key":"Poison Potion"},{"floor":28,"key":"Explosive Potion"}],"is_trial":false,"path_per_floor":["M","$","M","M","M","E","R","E","T","?","M","M","R","$","R","B",null,"M","?","?","?","M","R","E","R","T","$","M","M","E"],"character_chosen":"THE_SILENT","items_purchased":["PowerPotion","PiercingWail","Terror","Swift Potion"],"campfire_rested":0,"item_purchase_floors":[14,14,27,27],"current_hp_per_floor":[59,59,59,55,51,31,31,24,24,2,2,2,2,2,2,19,54,54,54,54,54,45,45,40,40,40,40,31,18,0,0],"gold":84,"neow_bonus":"BOSS_RELIC","is_daily":false,"chose_seed":false,"campfire_upgraded":5,"win_rate":0.0,"timestamp":1610317194,"path_taken":["M","?","M","M","M","E","R","E","T","?","M","M","R","$","R","BOSS","M","?","?","?","M","R","E","R","T","?","M","M","E"],"items_purchased_type":["Potion","Card","Card","Potion"],"build_version":"2020-12-22","purchased_purges":2,"victory":false,"max_hp_per_floor":[66,66,66,66,66,66,66,66,66,66,66,66,66,66,66,66,66,66,66,66,66,66,66,66,66,66,66,66,66,66,66],"relic_stats":{"Darkstone Periapt":0,"Dream Catcher":0,"counters":[16,75],"Astrolabe":["Bane","Phantasmal Killer","Envenom"],"obtain_stats":[{"Darkstone Periapt":6,"Potion Belt":9,"SlaversCollar":17,"Dream Catcher":24,"Astrolabe":0,"Oddly Smooth Stone":8,"Odd Mushroom":10,"Ring of the Snake":0},{"Darkstone Periapt":5,"Potion Belt":6,"SlaversCollar":10,"Dream Catcher":13,"Astrolabe":0,"Oddly Smooth Stone":6,"Odd Mushroom":7,"Ring of the Snake":0},{"Darkstone Periapt":20,"Potion Belt":25,"SlaversCollar":41,"Dream Catcher":61,"Astrolabe":0,"Oddly Smooth Stone":25,"Odd Mushroom":30,"Ring of the Snake":0}]},"card_choices":[{"not_picked":["Acrobatics","Cloak And Dagger"],"picked":"Poisoned Stab","floor":1.0},{"not_picked":["Crippling Poison","Deadly Poison"],"picked":"Skewer","floor":3.0},{"not_picked":["Eviscerate","Quick Slash","Sucker Punch"],"picked":"SKIP","floor":4.0},{"not_picked":["Blur","Acrobatics"],"picked":"Leg Sweep","floor":5.0},{"not_picked":["Backstab","Deadly Poison"],"picked":"Blade Dance","floor":6.0},{"not_picked":["Concentrate","Eviscerate"],"picked":"Well Laid Plans","floor":8.0},{"not_picked":["Underhanded Strike","Masterful Stab"],"picked":"Acrobatics","floor":11.0},{"not_picked":["Leg Sweep","Cloak And Dagger","Tactician"],"picked":"SKIP","floor":12.0},{"not_picked":["Burst","Unload"],"picked":"Wraith Form v2","floor":16},{"not_picked":["Sucker Punch","Escape Plan+1"],"picked":"Cloak And Dagger+1","floor":18},{"not_picked":["Blade Dance","Backflip"],"picked":"PiercingWail","floor":22},{"not_picked":["Expertise","Dagger Spray","Prepared"],"picked":"SKIP","floor":24},{"not_picked":["Prepared","Cloak And Dagger","Setup"],"picked":"SKIP","floor":28},{"not_picked":["Riddle With Holes","Expertise","Crippling Poison"],"picked":"SKIP","floor":29}],"player_experience":1710894,"relics_obtained":[{"floor":6.0,"key":"Darkstone Periapt"},{"floor":8.0,"key":"Oddly Smooth Stone"},{"floor":9.0,"key":"Potion Belt"},{"floor":10.0,"key":"Odd Mushroom"},{"floor":24,"key":"Dream Catcher"}],"event_choices":[{"damage_healed":0.0,"max_hp_gain":0.0,"max_hp_loss":0.0,"gold_gain":0.0,"event_name":"Mushrooms","player_choice":"Fought Mushrooms","floor":10.0,"gold_loss":0.0,"damage_taken":0.0},{"damage_healed":0,"gold_gain":0,"player_choice":"Ignored","damage_taken":0,"max_hp_gain":0,"max_hp_loss":0,"event_name":"Vampires","floor":19,"gold_loss":0},{"damage_healed":0,"gold_gain":0,"cards_transformed":["Strike_G","Defend_G"],"player_choice":"Became Test Subject","damage_taken":0,"max_hp_gain":0,"max_hp_loss":0,"event_name":"Drug Dealer","floor":20,"gold_loss":0,"cards_obtained":["Noxious Fumes","Tactician"]},{"damage_healed":0,"gold_gain":0,"player_choice":"Read","damage_taken":0,"max_hp_gain":0,"max_hp_loss":0,"event_name":"The Library","floor":21,"gold_loss":0,"cards_obtained":["Acrobatics"]}],"is_beta":false,"boss_relics":[{"not_picked":["Ectoplasm","Runic Pyramid"],"picked":"SlaversCollar"}],"items_purged_floors":[2,14],"is_endless":false,"potions_floor_spawned":[3,4,5,8,10,16,18,28],"killed_by":"Gremlin Leader","ascension_level":20}}