{"host":"1mv6gj0zv8k9e9tz","time":1610292582,"event":{"mods":["AchievementEnabler","BaseMod","Better Third Choice","Colored Map","KOR Keyword Fix","Minty Spire (QoL Compilation)","Permanent Neow","Rare Cards Sparkle","StSLib"],"gold_per_floor":[413,428,276,276,276,276,315,315,315,358,383,398,431,431,431,550,550,575,595,595,495,520,520,553,574,625,625,625],"floor_reached":27,"playtime":1212,"items_purged":["Defend_P","Strike_P"],"score":346,"play_id":"e7f50c41-1a4a-4a8e-a96a-c8038e632cca","local_time":"20210111002942","is_ascension_mode":true,"campfire_choices":[{"data":"Eruption","floor":6.0,"key":"SMITH"},{"floor":8.0,"key":"REST"},{"data":"Adaptation","floor":15.0,"key":"SMITH"},{"floor":23.0,"key":"REST"}],"circlet_count":0,"master_deck":["Strike_P","Strike_P","Defend_P","Defend_P","Defend_P","Eruption+1","Vigilance","CurseOfTheBell","CrushJoints","Adaptation+1","Adaptation","Consecrate","Tantrum","Judgement","FollowUp","FlurryOfBlows","Halt+1"],"relics":["Calling Bell","Bronze Scales","InkBottle","Old Coin","Golden Idol","Regal Pillow","PreservedInsect","Shuriken","Yang","SlaversCollar","Meat on the Bone"],"acts_visited":["Exordium","TheCity"],"potions_floor_usage":[27],"damage_taken":[{"damage":7.0,"enemies":"Jaw Worm","floor":1.0,"turns":3.0},{"damage":0.0,"enemies":"2 Louse","floor":2.0,"turns":2.0},{"damage":41.0,"enemies":"3 Sentries","floor":7.0,"turns":8.0},{"damage":0.0,"enemies":"Gremlin Nob","floor":10.0,"turns":2.0},{"damage":0.0,"enemies":"Small Slimes","floor":11.0,"turns":1.0},{"damage":10.0,"enemies":"3 Louse","floor":12.0,"turns":2.0},{"damage":0.0,"enemies":"Lagavulin","floor":13.0,"turns":4.0},{"damage":18.0,"enemies":"Hexaghost","floor":16.0,"turns":3.0},{"damage":25.0,"enemies":"Shell Parasite","floor":18.0,"turns":3.0},{"damage":30.0,"enemies":"2 Thieves","floor":19.0,"turns":4.0},{"damage":21.0,"enemies":"Centurion and Healer","floor":22.0,"turns":2.0},{"damage":16.0,"enemies":"Gremlin Leader","floor":24.0,"turns":2.0},{"damage":32.0,"enemies":"Snake Plant","floor":25.0,"turns":4.0},{"damage":9,"enemies":"Snecko","floor":27,"turns":3}],"seed_played":"5702185581920212409","potions_obtained":[{"floor":1.0,"key":"SpeedPotion"},{"floor":2.0,"key":"Swift Potion"},{"floor":7.0,"key":"FearPotion"},{"floor":13.0,"key":"SteroidPotion"},{"floor":16.0,"key":"LiquidBronze"},{"floor":19.0,"key":"Weak Potion"},{"floor":22.0,"key":"Weak Potion"}],"is_trial":false,"path_per_floor":["M","M","$","?","?","R","E","R","T","E","M","M","E","?","R","B",null,"M","M","?","$","M","R","E","M","T","M"],"character_chosen":"WATCHER","items_purchased":["Adaptation"],"campfire_rested":2,"item_purchase_floors":[3],"current_hp_per_floor":[65,65,65,47,47,47,6,42,42,42,42,32,32,25,25,7,72,47,17,41,41,20,56,40,20,20,11,11],"gold":625,"neow_bonus":"BOSS_RELIC","is_daily":false,"chose_seed":false,"campfire_upgraded":2,"win_rate":0.0,"timestamp":1610292582,"path_taken":["M","M","$","?","?","R","E","R","T","E","M","M","E","?","R","BOSS","M","M","?","$","M","R","E","M","T","M"],"items_purchased_type":["Card"],"build_version":"2020-12-22","purchased_purges":2,"victory":false,"max_hp_per_floor":[72,72,72,72,72,72,72,72,72,72,72,72,72,72,72,72,72,72,72,72,72,72,72,72,72,72,72,72],"card_choices":[{"not_picked":["ThirdEye","FollowUp"],"picked":"CrushJoints","floor":1.0},{"not_picked":["Prostrate","Tantrum"],"picked":"Adaptation","floor":2.0},{"not_picked":["FollowUp","Vengeance"],"picked":"Consecrate","floor":7.0},{"not_picked":["Conclude","Indignation"],"picked":"Tantrum","floor":10.0},{"not_picked":["BowlingBash","WreathOfFlame","SandsOfTime"],"picked":"SKIP","floor":11.0},{"not_picked":["Weave","SandsOfTime","SashWhip"],"picked":"SKIP","floor":12.0},{"not_picked":["ReachHeaven","BattleHymn","SandsOfTime"],"picked":"SKIP","floor":13.0},{"not_picked":["Alpha","MasterReality"],"picked":"Judgement","floor":16.0},{"not_picked":["LikeWater","ThirdEye","Protect+1"],"picked":"SKIP","floor":18.0},{"not_picked":["FlyingSleeves","JustLucky"],"picked":"FollowUp","floor":19.0},{"not_picked":["Crescendo","Conclude"],"picked":"FlurryOfBlows","floor":22.0},{"not_picked":["Weave","EmptyBody","BowlingBash+1"],"picked":"SKIP","floor":24.0},{"not_picked":["Wish","WreathOfFlame+1"],"picked":"Halt+1","floor":25.0}],"player_experience":507306,"relics_obtained":[{"floor":0.0,"key":"Bronze Scales"},{"floor":0.0,"key":"InkBottle"},{"floor":0.0,"key":"Old Coin"},{"floor":7.0,"key":"Regal Pillow"},{"floor":9.0,"key":"PreservedInsect"},{"floor":10.0,"key":"Shuriken"},{"floor":13.0,"key":"Yang"},{"floor":24.0,"key":"Meat on the Bone"}],"event_choices":[{"damage_healed":0.0,"max_hp_gain":0.0,"max_hp_loss":0.0,"gold_gain":0.0,"event_name":"Golden Idol","player_choice":"Take Damage","floor":4.0,"gold_loss":0.0,"damage_taken":18.0,"relics_obtained":["Golden Idol"]},{"damage_healed":0.0,"max_hp_gain":0.0,"max_hp_loss":0.0,"gold_gain":0.0,"event_name":"betterThird:BetterSerpent","player_choice":"Ignored","floor":5.0,"gold_loss":0.0,"damage_taken":276.0},{"cards_removed":["Strike_P"],"damage_healed":0.0,"max_hp_gain":0.0,"max_hp_loss":0.0,"gold_gain":0.0,"event_name":"Golden Wing","player_choice":"Card Removal","floor":14.0,"gold_loss":0.0,"damage_taken":7.0},{"damage_healed":24.0,"max_hp_gain":0.0,"max_hp_loss":0.0,"gold_gain":0.0,"event_name":"The Library","player_choice":"Heal","floor":20.0,"gold_loss":0.0,"damage_taken":0.0}],"is_beta":false,"boss_relics":[{"not_picked":["Runic Pyramid","Velvet Choker"],"picked":"SlaversCollar"}],"items_purged_floors":[3,21],"is_endless":false,"potions_floor_spawned":[1,2,7,13,16,19,22],"killed_by":"Snecko","ascension_level":3}}