{"host":"ywif2ugnepgiw45s","time":1610318029,"event":{"mods":["Act Like it!","BaseMod","Better Skull","Downfall","Elementarium","GifTheSpireLib","Hermit","Marisa????????","Minty Spire (QoL Compilation)","READ ME - Guardian Mod","Replay The Spire","Shade Mod","Shop Mod","StSLib","The Cursed","The Jungle","The Runesmith","The Servant 0.9.4"],"gold_per_floor":[109,109,129,148,51,51,77,77,77,91,91,91,91,103,115,142,142,246,246,260,280,280,293,71,71,99,99,99,124,124,154,154,165,165,262,262,281,281,293,343,343,343],"floor_reached":41,"playtime":5491,"items_purged":[],"score":664,"play_id":"a98addbd-9702-4a57-a373-bdef76e3dbed","local_time":"20210110173349","is_ascension_mode":true,"campfire_choices":[{"data":"Replay:Bootleg Shield Generator","floor":6,"key":"SMITH"},{"data":"hermit:Snapshot","floor":8,"key":"SMITH"},{"data":"hermit:PistolWhip","floor":13,"key":"SMITH"},{"floor":17,"key":"REST"},{"data":"hermit:Maintenance","floor":25,"key":"SMITH"},{"data":"hermit:TakeAim","floor":30,"key":"SMITH"},{"floor":32,"key":"REST"},{"data":"hermit:Covet","floor":34,"key":"SMITH"}],"circlet_count":0,"master_deck":["hermit:Strike_Hermit","hermit:Defend_Hermit","hermit:Defend_Hermit","hermit:Defend_Hermit","hermit:Defend_Hermit","hermit:Snapshot+1","hermit:Covet+1","Replay:Bootleg Shield Generator+1","hermit:PistolWhip+1","hermit:Quickdraw","hermit:Deadeye","hermit:TakeAim+1","hermit:FatalDesire","hermit:Misfire","hermit:GhostlyPresence","hermit:Maintenance+1","Injury","hermit:Roughhouse","hermit:Determination+1","Madness","Madness","hermit:Grudge+1"],"relics":["hermit:ClaspedLocket","Replay:PocketPolymizer","Mercury Hourglass","Potion Belt","Replay:Grab Bag","Replay:Fungal Core","Cursed Key","Lee\u0027s Waffle","Replay:Rubber Ducky","Mirror","ReplayFunnel","Question Card","Black Star","Turnip"],"acts_visited":["Exordium","TheCity","TheBeyond"],"potions_floor_usage":[31,35,35,35,40,41],"damage_taken":[{"damage":2,"enemies":"2 Louse","floor":1,"turns":3},{"damage":0,"enemies":"Cultist","floor":3,"turns":3},{"damage":0,"enemies":"Small Slimes","floor":4,"turns":3},{"damage":49,"enemies":"3 Sentries","floor":7,"turns":17},{"damage":4,"enemies":"2 Fungi Beasts","floor":10,"turns":3},{"damage":0,"enemies":"Lots of Slimes","floor":14,"turns":3},{"damage":0,"enemies":"Exordium Wildlife","floor":15,"turns":2},{"damage":24,"enemies":"Gremlin Nob","floor":16,"turns":4},{"damage":26,"enemies":"Fading Forest","floor":18,"turns":11},{"damage":7,"enemies":"Shell Parasite","floor":20,"turns":5},{"damage":11,"enemies":"3 Byrds","floor":21,"turns":5},{"damage":35,"enemies":"Sentry and Sphere","floor":23,"turns":6},{"damage":27,"enemies":"Replay:Snechameleon","floor":26,"turns":7},{"damage":2,"enemies":"Book of Stabbing","floor":29,"turns":8},{"damage":34,"enemies":"Slavers","floor":31,"turns":5},{"damage":5,"enemies":"Chosen and Byrds","floor":33,"turns":9},{"damage":14,"enemies":"Pondfish","floor":35,"turns":14},{"damage":8,"enemies":"Orb Walker","floor":37,"turns":4},{"damage":0,"enemies":"3 Shapes","floor":39,"turns":6},{"damage":30,"enemies":"Mind Bloom Boss Battle","floor":40,"turns":8},{"damage":53,"enemies":"Transient","floor":41,"turns":5}],"seed_played":"6278836919454699529","potions_obtained":[{"floor":3,"key":"Dexterity Potion"},{"floor":4,"key":"Elixir"},{"floor":14,"key":"Dexterity Potion"},{"floor":20,"key":"Reflective Coating"},{"floor":21,"key":"Dexterity Potion"},{"floor":27,"key":"Toxic Potion"},{"floor":27,"key":"Cursed Concoction"},{"floor":31,"key":"Adrenaline Potion"},{"floor":35,"key":"Reflective Coating"},{"floor":37,"key":"Guardian:BlockOnCardUsePotion"},{"floor":39,"key":"PowerPotion"}],"is_trial":false,"path_per_floor":["M","?","M","M","$","R","E","R","T","M","PTL","PTL","R","M","M","E","R","B",null,"M","M","?","M","$","R","E","?","T","E","R","E","R","M","R","B",null,"M","?","M","?","M"],"character_chosen":"HERMIT","items_purchased":["Replay:Bootleg Shield Generator","hermit:GhostlyPresence","Lee\u0027s Waffle"],"campfire_rested":2,"item_purchase_floors":[5,24,24],"current_hp_per_floor":[73,85,85,85,85,85,36,36,36,32,32,32,32,32,32,8,33,29,85,78,67,67,32,92,92,65,65,65,63,63,29,56,51,51,37,92,84,72,72,42,0,0],"gold":343,"neow_bonus":"ONE_RANDOM_RARE_CARD","is_daily":false,"chose_seed":false,"campfire_upgraded":6,"win_rate":0.0,"timestamp":1610318029,"path_taken":["M","?","M","M","$","R","E","R","T","M","PTL","PTL","R","?","?","E","R","BOSS","M","?","?","M","$","R","E","?","T","E","R","E","R","?","R","BOSS","M","?","M","?","M"],"items_purchased_type":["Card","Card","Relic"],"build_version":"2020-12-22","purchased_purges":0,"victory":false,"max_hp_per_floor":[75,85,85,85,85,85,85,85,85,85,85,85,85,85,85,85,85,85,85,85,85,85,85,92,92,92,92,92,92,92,92,92,92,92,92,92,92,92,92,92,92,92],"card_choices":[{"not_picked":["hermit:WideOpen","hermit:LowProfile","hermit:FullyLoaded"],"picked":"SKIP","floor":1},{"not_picked":["hermit:ItchyTrigger","hermit:Horror","hermit:Gestalt"],"picked":"SKIP","floor":3},{"not_picked":["hermit:Snipe","hermit:Ricochet","hermit:WideOpen"],"picked":"SKIP","floor":4},{"not_picked":["hermit:Ricochet","hermit:NoHoldsBarred","hermit:Desperado"],"picked":"SKIP","floor":7},{"not_picked":["hermit:ItchyTrigger","hermit:Desperado","hermit:Reprieve"],"picked":"SKIP","floor":10},{"not_picked":["hermit:Vantage","hermit:Showdown"],"picked":"hermit:Deadeye","floor":14},{"not_picked":["hermit:CalledShot","hermit:Manifest"],"picked":"hermit:TakeAim","floor":15},{"not_picked":["hermit:HoleUp","hermit:Manifest","hermit:Gestalt"],"picked":"SKIP","floor":16},{"not_picked":["hermit:RoundhouseKick","hermit:Gambit"],"picked":"hermit:FatalDesire","floor":18},{"not_picked":["hermit:Vantage","hermit:Roulette","hermit:Glare"],"picked":"SKIP","floor":20},{"not_picked":["hermit:NoHoldsBarred","hermit:Ricochet+1"],"picked":"hermit:Misfire","floor":21},{"not_picked":["hermit:CursedWeapon","hermit:CalledShot+1","hermit:WideOpen"],"picked":"SKIP","floor":23},{"not_picked":["hermit:Scavenge","hermit:GhostlyPresence","hermit:Snipe"],"picked":"SKIP","floor":26},{"not_picked":["hermit:OverwhelmingPower","hermit:Desperado","hermit:WideOpen"],"picked":"SKIP","floor":29},{"not_picked":["hermit:BigShot+1","hermit:EyeOfTheStorm","hermit:Vantage"],"picked":"SKIP","floor":31},{"not_picked":["hermit:TakeCover","hermit:ItchyTrigger+1","hermit:TrackingShot","hermit:Gestalt"],"picked":"SKIP","floor":33},{"not_picked":["hermit:Purgatory","hermit:Adapt","hermit:FinalCanter"],"picked":"hermit:Roughhouse","floor":35},{"not_picked":["hermit:WideOpen+1","hermit:Deadeye+1","hermit:LowProfile+1"],"picked":"hermit:Determination+1","floor":37},{"not_picked":["hermit:Spite+1","hermit:Maintenance","hermit:PistolWhip+1"],"picked":"hermit:Grudge+1","floor":39}],"player_experience":1704900,"relics_obtained":[{"floor":7,"key":"Replay:PocketPolymizer"},{"floor":9,"key":"Mercury Hourglass"},{"floor":16,"key":"Potion Belt"},{"floor":26,"key":"Replay:Rubber Ducky"},{"floor":28,"key":"Mirror"},{"floor":29,"key":"ReplayFunnel"},{"floor":31,"key":"Question Card"},{"floor":40,"key":"Turnip"}],"event_choices":[{"cards_removed":["hermit:Adapt"],"damage_healed":2,"gold_gain":0,"player_choice":"Offered Rare","damage_taken":0,"max_hp_gain":10,"max_hp_loss":0,"event_name":"Bonfire Elementals","floor":2,"gold_loss":0},{"damage_healed":0,"gold_gain":0,"player_choice":"Got Potions","damage_taken":0,"max_hp_gain":0,"max_hp_loss":0,"event_name":"Lab","floor":27,"gold_loss":0},{"damage_healed":0,"gold_gain":0,"player_choice":"Embrace Madness","damage_taken":12,"max_hp_gain":0,"max_hp_loss":0,"event_name":"Winding Halls","floor":38,"gold_loss":0,"cards_obtained":["Madness","Madness"]},{"damage_healed":0,"gold_gain":0,"player_choice":"Fight","damage_taken":0,"max_hp_gain":0,"max_hp_loss":0,"event_name":"MindBloom","floor":40,"gold_loss":0}],"is_beta":false,"boss_relics":[{"not_picked":["Calling Bell","Runic Pyramid"],"picked":"Replay:Grab Bag"},{"not_picked":["Velvet Choker","Coffee Dripper"],"picked":"Replay:Fungal Core"},{"not_picked":["Philosopher\u0027s Stone","Runic Dome"],"picked":"Cursed Key"},{"not_picked":["Snecko Eye","SacredBark"],"picked":"hermit:ClaspedLocket"},{"not_picked":["Astrolabe","hermit:BartenderGlass"],"picked":"Black Star"}],"items_purged_floors":[],"is_endless":false,"potions_floor_spawned":[3,4,14,20,21,26,31,35,37,39],"killed_by":"Transient","ascension_level":1}}