{"host":"k67zwea37tbl4jhz","time":1610272789,"event":{"mods":["AchievementEnabler","Act Like it!","Aspiration","BaseMod","Better Altar","Better Match","Better Note","Better Sensory Stone","Better Skull","Better Third Choice","BetterRewards","CCEM","Clawfect","Colored Map","Conspire","Downfall","GifTheSpireLib","Googly Eyes","Halation","Highlight Path","Hubris","Mimic Mod","Minty Spire (QoL Compilation)","Permanent Neow","Replay The Spire","Shop Mod","Spicy Shops","StSLib","Stuff the Spire","Unceasing Turn Reminder","everything is the same but u backflip on backflip"],"gold_per_floor":[113,125,225,17,34,34,34,34,34,67,77,77,77],"floor_reached":12,"playtime":723,"items_purged":[],"score":128,"play_id":"fca11c82-ed42-4ef1-814f-9aad5754cad3","local_time":"20210110045949","is_ascension_mode":false,"campfire_choices":[{"data":"Replay:Hum","floor":6,"key":"SMITH"}],"circlet_count":0,"master_deck":["conspire:GhostlyStrike","conspire:GhostlyStrike","conspire:GhostlyStrike","conspire:GhostlyStrike","conspire:GhostlyDefend","conspire:GhostlyDefend","conspire:GhostlyDefend","conspire:GhostlyDefend","Eruption","Vigilance","ReachHeaven","Conclude","Replay:DivineShield","Replay:DivineShield","Replay:Hum+1","Study","TalkToTheHand"],"relics":["PureWater","StuffTheSpire:Gunfinga","Gremlin Food","hubris:SlimyHat"],"acts_visited":["Exordium"],"potions_floor_usage":[],"damage_taken":[{"damage":1,"enemies":"Cultist","floor":1,"turns":4},{"damage":0,"enemies":"Small Slimes","floor":2,"turns":3},{"damage":1,"enemies":"2 Louse","floor":5,"turns":2},{"damage":39,"enemies":"3 Sentries","floor":10,"turns":8},{"damage":8,"enemies":"2 Fungi Beasts","floor":11,"turns":4},{"damage":26,"enemies":"Gremlin Nob","floor":12,"turns":3}],"seed_played":"4047621866072929454","potions_obtained":[{"floor":2,"key":"sneckomod:MuddlingPotion"},{"floor":10,"key":"Fruit Juice"},{"floor":11,"key":"BlessingOfTheForge"}],"is_trial":false,"path_per_floor":["M","M","?","$","M","R","$","?","T","E","M","E"],"character_chosen":"WATCHER","items_purchased":["Replay:DivineShield","StuffTheSpire:Gunfinga"],"campfire_rested":0,"item_purchase_floors":[4,4],"current_hp_per_floor":[71,71,71,71,70,70,70,70,70,31,23,0,0],"gold":77,"neow_bonus":"RANDOM_EVENT","is_daily":false,"chose_seed":false,"campfire_upgraded":1,"win_rate":0.0,"timestamp":1610272789,"path_taken":["M","M","?","?","M","R","$","?","T","E","M","E"],"items_purchased_type":["Card","Relic"],"build_version":"2020-12-22","purchased_purges":0,"victory":false,"max_hp_per_floor":[72,72,72,72,72,72,72,72,72,72,72,72,72],"card_choices":[{"not_picked":["CrushJoints","Indignation"],"picked":"Conclude","floor":1},{"not_picked":["JustLucky","Conclude","ThirdEye"],"picked":"SKIP","floor":2},{"not_picked":["Protect","Nirvana"],"picked":"Replay:Hum","floor":5},{"not_picked":["Replay:AtTheReady","Consecrate"],"picked":"Study","floor":10},{"not_picked":["Replay:BluntJabs","Fasting2"],"picked":"TalkToTheHand","floor":11}],"player_experience":174140,"relics_obtained":[{"floor":9,"key":"Gremlin Food"},{"floor":10,"key":"hubris:SlimyHat"}],"event_choices":[{"damage_healed":0,"gold_gain":100,"player_choice":"Pray","damage_taken":0,"max_hp_gain":0,"max_hp_loss":0,"event_name":"Golden Shrine","floor":3,"gold_loss":0},{"damage_healed":0,"gold_gain":0,"player_choice":"Agree","damage_taken":0,"max_hp_gain":0,"max_hp_loss":0,"event_name":"conspire:LoneGhost","floor":8,"gold_loss":0}],"is_beta":false,"boss_relics":[],"items_purged_floors":[],"is_endless":false,"potions_floor_spawned":[2,10,11],"killed_by":"Gremlin Nob","ascension_level":0}}