{"host":"760a56s19xsdubqb","time":1610295020,"event":{"mods":["BaseMod","Minty Spire (QoL Compilation)","Quick Restart","Remove Card Discount Mod","StSLib"],"gold_per_floor":[113,60,60,60,75,75,75,104,104,117,146,171,196,126,126,225,225,237,249,262,277,277,303,303,303,377,411,411,454,153,262,262,361,361,371,391,416,159,172,513,513,544,618,660,675,704,763,777,777,777],"floor_reached":51,"playtime":1960,"items_purged":[],"score":1266,"play_id":"8857c398-b70b-4509-95e3-7556c7181e7a","local_time":"20210110111020","daily_mods":["SealedDeck","Hoarder","Heirloom","Elite Swarm"],"is_ascension_mode":false,"campfire_choices":[{"floor":6.0,"key":"REST"},{"data":"Perfected Strike","floor":15.0,"key":"SMITH"},{"data":"Perfected Strike","floor":24.0,"key":"SMITH"},{"data":"Perfected Strike","floor":28.0,"key":"SMITH"},{"data":"Perfected Strike","floor":32.0,"key":"SMITH"}],"circlet_count":0,"master_deck":["Body Slam","Body Slam","Body Slam","Shrug It Off","Shrug It Off","Shrug It Off","Thunderclap","Thunderclap","Thunderclap","Cleave","Cleave","Cleave","Flame Barrier","Flame Barrier","Flame Barrier","Infernal Blade","Infernal Blade+1","Infernal Blade","Rage","Rage","Rage","Perfected Strike+1","Perfected Strike+1","Perfected Strike+1","Perfected Strike+1","Perfected Strike","Perfected Strike","Perfected Strike","Perfected Strike","Perfected Strike+1","Pommel Strike","Pommel Strike","Pommel Strike","Twin Strike","Twin Strike","Twin Strike","Barricade","Barricade","Barricade","Twin Strike","Twin Strike","Twin Strike","Double Tap","Double Tap","Double Tap","Impervious","Impervious","Impervious","Inflame","Inflame","Inflame","Demon Form","Demon Form","Demon Form","Pommel Strike","Pommel Strike","Pommel Strike","Juggernaut","Juggernaut","Juggernaut","Juggernaut+1","Juggernaut+1","Juggernaut+1","Feed","Feed","Feed","Pommel Strike","Pommel Strike","Pommel Strike","Heavy Blade+1","Heavy Blade+1","Heavy Blade+1","Pommel Strike+1","Pommel Strike+1","Pommel Strike+1","Double Tap","Double Tap","Double Tap","Limit Break+1","Limit Break+1","Limit Break+1","Perfected Strike+1","Perfected Strike+1","Perfected Strike+1"],"relics":["Burning Blood","Bird Faced Urn","Omamori","StrikeDummy","Mercury Hourglass","Oddly Smooth Stone","Odd Mushroom","Orichalcum","Coffee Dripper","Bag of Preparation","HornCleat","Frozen Egg 2","Meat on the Bone","CeramicFish","Torii","Champion Belt","Darkstone Periapt","Fusion Hammer","Singing Bowl","Old Coin","Boot","Toxic Egg 2","Regal Pillow","Nunchaku","Pocketwatch"],"acts_visited":["Exordium","TheCity","TheBeyond"],"potions_floor_usage":[],"damage_taken":[{"damage":0.0,"enemies":"Small Slimes","floor":1.0,"turns":2.0},{"damage":0.0,"enemies":"Jaw Worm","floor":5.0,"turns":1.0},{"damage":0.0,"enemies":"Lagavulin","floor":8.0,"turns":2.0},{"damage":6.0,"enemies":"2 Louse","floor":10.0,"turns":2.0},{"damage":0.0,"enemies":"Gremlin Nob","floor":11.0,"turns":2.0},{"damage":9.0,"enemies":"The Mushroom Lair","floor":12.0,"turns":2.0},{"damage":2.0,"enemies":"3 Sentries","floor":13.0,"turns":3.0},{"damage":36.0,"enemies":"Hexaghost","floor":16.0,"turns":4.0},{"damage":1.0,"enemies":"3 Byrds","floor":18.0,"turns":3.0},{"damage":4.0,"enemies":"Shell Parasite","floor":19.0,"turns":2.0},{"damage":15.0,"enemies":"Snake Plant","floor":20.0,"turns":2.0},{"damage":0.0,"enemies":"Snecko","floor":21.0,"turns":2.0},{"damage":0.0,"enemies":"Gremlin Leader","floor":23.0,"turns":2.0},{"damage":8.0,"enemies":"Slavers","floor":27.0,"turns":3.0},{"damage":4.0,"enemies":"Book of Stabbing","floor":29.0,"turns":3.0},{"damage":7.0,"enemies":"Colosseum Slavers","floor":31.0,"turns":2.0},{"damage":1.0,"enemies":"Colosseum Nobs","floor":31.0,"turns":2.0},{"damage":10.0,"enemies":"Champ","floor":33.0,"turns":4.0},{"damage":9.0,"enemies":"3 Shapes","floor":35.0,"turns":2.0},{"damage":0.0,"enemies":"Orb Walker","floor":36.0,"turns":1.0},{"damage":1.0,"enemies":"Jaw Worm Horde","floor":37.0,"turns":2.0},{"damage":14.0,"enemies":"4 Shapes","floor":39.0,"turns":4.0},{"damage":12.0,"enemies":"Nemesis","floor":40.0,"turns":3.0},{"damage":7.0,"enemies":"Giant Head","floor":42.0,"turns":4.0},{"damage":0.0,"enemies":"Reptomancer","floor":44.0,"turns":2.0},{"damage":0.0,"enemies":"3 Darklings","floor":45.0,"turns":2.0},{"damage":2.0,"enemies":"Nemesis","floor":46.0,"turns":3.0},{"damage":0,"enemies":"Mind Bloom Boss Battle","floor":47,"turns":1},{"damage":0,"enemies":"Writhing Mass","floor":48,"turns":1},{"damage":12,"enemies":"Donu and Deca","floor":50,"turns":3}],"seed_played":"-4670671787796943834","potions_obtained":[{"floor":8.0,"key":"FearPotion"},{"floor":11.0,"key":"SpeedPotion"},{"floor":13.0,"key":"SpeedPotion"},{"floor":20.0,"key":"Weak Potion"},{"floor":27.0,"key":"BlessingOfTheForge"},{"floor":35.0,"key":"BlessingOfTheForge"},{"floor":40.0,"key":"Ancient Potion"}],"is_trial":true,"path_per_floor":["M","$","?","?","M","R","$","E","T","M","E","?","E","$","R","B",null,"M","M","M","M","?","E","R","?","T","E","R","E","$","?","R","B",null,"M","M","M","$","M","E","?","E","T","E","M","E","?","M","R","B",null],"character_chosen":"IRONCLAD","items_purchased":["Twin Strike","Inflame","Torii","Singing Bowl"],"campfire_rested":1,"item_purchase_floors":[2,14,30,38],"current_hp_per_floor":[80,80,64,39,45,69,69,75,75,75,80,77,80,80,80,50,80,80,80,71,80,80,80,80,80,80,78,78,80,80,80,80,80,80,82,83,86,86,85,79,91,96,96,96,98,100,100,102,102,98],"gold":777,"neow_bonus":"","is_daily":false,"chose_seed":false,"campfire_upgraded":4,"win_rate":0.0,"timestamp":1610295020,"path_taken":["M","$","?","?","?","R","$","E","T","M","E","?","E","?","R","BOSS","M","M","M","M","?","E","R","?","T","E","R","E","$","?","R","BOSS","M","M","M","$","M","E","?","E","T","E","M","E","?","M","R","BOSS"],"items_purchased_type":["Card","Card","Relic","Relic"],"build_version":"2020-12-22","purchased_purges":0,"victory":true,"max_hp_per_floor":[80,80,80,80,80,80,80,80,80,80,80,80,80,80,80,80,80,80,80,80,80,80,80,80,80,80,80,80,80,80,80,80,80,80,83,83,86,86,91,91,91,96,96,96,98,100,100,102,102,102],"card_choices":[{"not_picked":["Warcry","Clash"],"picked":"Pommel Strike","floor":1.0},{"not_picked":["Anger","Wild Strike","Disarm"],"picked":"SKIP","floor":5.0},{"not_picked":["Offering","Immolate"],"picked":"Barricade","floor":8.0},{"not_picked":["Warcry","Headbutt"],"picked":"Twin Strike","floor":10.0},{"not_picked":["Exhume","Fiend Fire"],"picked":"Double Tap","floor":11.0},{"not_picked":["Limit Break","Bludgeon"],"picked":"Impervious","floor":13.0},{"not_picked":["Immolate","Brutality"],"picked":"Demon Form","floor":16.0},{"not_picked":["Sword Boomerang","Disarm"],"picked":"Pommel Strike","floor":18.0},{"not_picked":["Shrug It Off+1","Clothesline","Combust"],"picked":"SKIP","floor":19.0},{"not_picked":["Burning Pact+1","Dual Wield","Blood for Blood"],"picked":"SKIP","floor":20.0},{"not_picked":["Hemokinesis","Seeing Red","Armaments"],"picked":"SKIP","floor":21.0},{"not_picked":["Berserk","Reaper"],"picked":"Juggernaut","floor":23.0},{"not_picked":["Impervious","Limit Break"],"picked":"Juggernaut+1","floor":27.0},{"not_picked":["Brutality+1","Offering"],"picked":"Feed","floor":29.0},{"not_picked":["Whirlwind","Wild Strike"],"picked":"Pommel Strike","floor":31.0},{"not_picked":["Armaments","Carnage","Anger+1"],"picked":"SKIP","floor":35.0},{"not_picked":["Flame Barrier","Entrench"],"picked":"Heavy Blade+1","floor":36.0},{"not_picked":["Thunderclap","True Grit"],"picked":"Pommel Strike+1","floor":37.0},{"not_picked":["Flex+1","Shrug It Off","Fire Breathing+1"],"picked":"Singing Bowl","floor":39.0},{"not_picked":["Fiend Fire","Impervious"],"picked":"Double Tap","floor":40.0},{"not_picked":["Brutality+1","Double Tap","Barricade+1"],"picked":"Singing Bowl","floor":42.0},{"not_picked":["Offering+1","Feed"],"picked":"Limit Break+1","floor":44.0},{"not_picked":["Hemokinesis+1","Fire Breathing+1","Power Through+1"],"picked":"Singing Bowl","floor":45.0},{"not_picked":["Impervious+1","Berserk+1","Bludgeon"],"picked":"Singing Bowl","floor":46.0},{"not_picked":["Dropkick+1","Heavy Blade+1"],"picked":"Perfected Strike+1","floor":47},{"not_picked":["Havoc+1","Armaments+1","Clash+1"],"picked":"Singing Bowl","floor":48}],"player_experience":943470,"relics_obtained":[{"floor":8.0,"key":"StrikeDummy"},{"floor":9.0,"key":"Mercury Hourglass"},{"floor":11.0,"key":"Oddly Smooth Stone"},{"floor":12.0,"key":"Odd Mushroom"},{"floor":13.0,"key":"Orichalcum"},{"floor":23.0,"key":"HornCleat"},{"floor":26.0,"key":"Frozen Egg 2"},{"floor":27.0,"key":"Meat on the Bone"},{"floor":29.0,"key":"CeramicFish"},{"floor":31.0,"key":"Champion Belt"},{"floor":31.0,"key":"Darkstone Periapt"},{"floor":40.0,"key":"Old Coin"},{"floor":42.0,"key":"Boot"},{"floor":43.0,"key":"Toxic Egg 2"},{"floor":44.0,"key":"Regal Pillow"},{"floor":46.0,"key":"Nunchaku"},{"floor":47,"key":"Pocketwatch"}],"event_choices":[{"damage_healed":0.0,"max_hp_gain":0.0,"max_hp_loss":0.0,"gold_gain":0.0,"event_name":"Shining Light","player_choice":"Entered Light","floor":3.0,"gold_loss":0.0,"damage_taken":16.0,"cards_upgraded":["Infernal Blade","Perfected Strike"]},{"damage_healed":0.0,"max_hp_gain":0.0,"max_hp_loss":0.0,"gold_gain":0.0,"event_name":"Scrap Ooze","player_choice":"Success","floor":4.0,"gold_loss":0.0,"damage_taken":25.0,"relics_obtained":["Omamori"]},{"damage_healed":0.0,"max_hp_gain":0.0,"max_hp_loss":0.0,"gold_gain":0.0,"event_name":"Mushrooms","player_choice":"Fought Mushrooms","floor":12.0,"gold_loss":0.0,"damage_taken":0.0},{"damage_healed":0.0,"max_hp_gain":0.0,"max_hp_loss":0.0,"gold_gain":0.0,"event_name":"The Mausoleum","player_choice":"Opened","floor":22.0,"gold_loss":0.0,"damage_taken":0.0,"relics_obtained":["Bag of Preparation"]},{"damage_healed":0.0,"max_hp_gain":0.0,"max_hp_loss":0.0,"gold_gain":0.0,"event_name":"Beggar","player_choice":"Ignored","floor":25.0,"gold_loss":0.0,"damage_taken":0.0},{"damage_healed":0.0,"max_hp_gain":0.0,"max_hp_loss":0.0,"gold_gain":0.0,"event_name":"Colosseum","player_choice":"Fight","floor":31.0,"gold_loss":0.0,"damage_taken":0.0},{"damage_healed":0.0,"max_hp_gain":0.0,"max_hp_loss":0.0,"gold_gain":0.0,"event_name":"Colosseum","player_choice":"Fought Nobs","floor":31.0,"gold_loss":0.0,"damage_taken":0.0},{"damage_healed":23.0,"max_hp_gain":0.0,"max_hp_loss":0.0,"gold_gain":0.0,"event_name":"Winding Halls","player_choice":"Writhe","floor":41.0,"gold_loss":0.0,"damage_taken":0.0,"cards_obtained":["Writhe"]},{"damage_healed":0,"gold_gain":0,"player_choice":"Fight","damage_taken":0,"max_hp_gain":0,"max_hp_loss":0,"event_name":"MindBloom","floor":47,"gold_loss":0}],"is_beta":false,"boss_relics":[{"not_picked":["Mark of Pain","Astrolabe"],"picked":"Coffee Dripper"},{"not_picked":["Empty Cage","Runic Cube"],"picked":"Fusion Hammer"}],"items_purged_floors":[],"is_endless":false,"potions_floor_spawned":[8,11,13,20,21,27,31,33,35,40,42,45,47,48],"ascension_level":0}}