{"host":"minbhrtlkaoly5f0","time":1610265733,"event":{"mods":["Act Like it!","BaseMod","Colored Map","Colored Powertips","Minty Spire (QoL Compilation)","Quick Restart","StSLib"],"gold_per_floor":[109,120,140,140,140,140,164,197,197,211,257,278,302,326,326,445,445,445,55,55,55],"floor_reached":20,"playtime":536,"items_purged":["Strike_B"],"score":176,"play_id":"d2ccf10a-b5ec-47fe-a087-e6e0a5415642","local_time":"20210110160213","is_ascension_mode":false,"campfire_choices":[{"floor":6,"key":"REST"},{"floor":15,"key":"REST"},{"data":"Biased Cognition","floor":18,"key":"SMITH"}],"circlet_count":0,"master_deck":["Strike_B+1","Strike_B","Defend_B","Defend_B","Defend_B","Defend_B","Zap","Dualcast","Coolheaded","Conserve Battery","Ball Lightning+1","White Noise","Core Surge","Biased Cognition+1","Loop","Lockon"],"relics":["Cracked Core","NeowsBlessing","Golden Idol","Whetstone","Pear","Anchor","Inserter","Lantern"],"acts_visited":["TheEnding"],"potions_floor_usage":[16,16,20],"damage_taken":[{"damage":0,"enemies":"Small Slimes","floor":1,"turns":1},{"damage":0,"enemies":"2 Louse","floor":2,"turns":1},{"damage":0,"enemies":"Jaw Worm","floor":3,"turns":1},{"damage":12,"enemies":"3 Louse","floor":7,"turns":3},{"damage":24,"enemies":"Gremlin Nob","floor":8,"turns":4},{"damage":22,"enemies":"Blue Slaver","floor":10,"turns":3},{"damage":3,"enemies":"Large Slime","floor":12,"turns":4},{"damage":0,"enemies":"2 Fungi Beasts","floor":13,"turns":2},{"damage":5,"enemies":"Blue Slaver","floor":14,"turns":3},{"damage":34,"enemies":"The Guardian","floor":16,"turns":10},{"damage":85,"enemies":"Shield and Spear","floor":20,"turns":4}],"seed_played":"1618481701114912229","potions_obtained":[{"floor":3,"key":"PotionOfCapacity"},{"floor":8,"key":"Swift Potion"},{"floor":10,"key":"FearPotion"},{"floor":14,"key":"SmokeBomb"}],"is_trial":false,"path_per_floor":["M","M","M","?","?","R","M","E","T","M","T","M","M","M","R","B",null,"R","$","E"],"character_chosen":"DEFECT","items_purchased":["Loop","Lantern","FocusPotion","Lockon"],"campfire_rested":2,"item_purchase_floors":[19,19,19,19],"current_hp_per_floor":[75,75,75,57,50,72,60,36,46,24,24,21,21,16,41,7,85,85,85,0,0],"gold":55,"neow_bonus":"THREE_ENEMY_KILL","is_daily":false,"chose_seed":false,"campfire_upgraded":1,"win_rate":0.0,"timestamp":1610265733,"path_taken":["M","M","M","?","?","R","M","E","T","M","?","M","M","M","R","BOSS","R","$","E"],"items_purchased_type":["Card","Relic","Potion","Card"],"build_version":"2020-12-22","purchased_purges":1,"victory":false,"max_hp_per_floor":[75,75,75,75,75,75,75,75,85,85,85,85,85,85,85,85,85,85,85,85,85],"card_choices":[{"not_picked":["Go for the Eyes","Stack"],"picked":"Coolheaded","floor":1},{"not_picked":["Fusion","Coolheaded","Beam Cell"],"picked":"SKIP","floor":2},{"not_picked":["Coolheaded","Melter"],"picked":"Conserve Battery","floor":3},{"not_picked":["Coolheaded","Barrage"],"picked":"Ball Lightning","floor":7},{"not_picked":["Reprogram","Stack"],"picked":"White Noise","floor":8},{"not_picked":["Cold Snap","Rebound","Scrape"],"picked":"SKIP","floor":10},{"not_picked":["Beam Cell","Blizzard"],"picked":"Core Surge","floor":12},{"not_picked":["Hologram","Streamline","Stack"],"picked":"SKIP","floor":13},{"not_picked":["Barrage","Compile Driver","Cold Snap"],"picked":"SKIP","floor":14},{"not_picked":["Core Surge","Multi-Cast"],"picked":"Biased Cognition","floor":16}],"player_experience":23746,"relics_obtained":[{"floor":8,"key":"Whetstone"},{"floor":9,"key":"Pear"},{"floor":11,"key":"Anchor"}],"event_choices":[{"damage_healed":0,"gold_gain":0,"player_choice":"Take Damage","damage_taken":18,"relics_obtained":["Golden Idol"],"max_hp_gain":0,"max_hp_loss":0,"event_name":"Golden Idol","floor":4,"gold_loss":0},{"cards_removed":["Strike_B"],"damage_healed":0,"gold_gain":0,"player_choice":"Card Removal","damage_taken":7,"max_hp_gain":0,"max_hp_loss":0,"event_name":"Golden Wing","floor":5,"gold_loss":0}],"is_beta":false,"boss_relics":[{"not_picked":["Philosopher\u0027s Stone","Black Star"],"picked":"Inserter"}],"items_purged_floors":[19],"is_endless":false,"potions_floor_spawned":[3,8,10,14],"killed_by":"Shield and Spear","ascension_level":0}}