{"host":"dm4yvegl9um2tlqd","time":1610265048,"event":{"mods":["2.2 Compatiblity","BaseMod","Colored Map","DeckTracker","Highlight Path","KOR Keyword Fix","Keyboard Shortcuts","Minty Spire (QoL Compilation)","Permanent Neow","Quick Restart","Random Character Button","StSLib","SuperFastMode","everything is the same but u backflip on backflip"],"gold_per_floor":[116,116,131,144,161,487,487,437,505,522,522,539,223,249,249,346,346,366,326,336,18,28,28,41,141,210,223,223,234,234,268,268,363,363,379,389,409,284,303,303,333,333,333,333,333,348,361,395,395,395,395,395,245,277,277],"floor_reached":56,"playtime":2678,"items_purged":["Strike_R","Defend_R","Defend_R","Inflame"],"score":1608,"play_id":"3ce307a4-b769-4ab0-84e9-a64a19ace8fc","local_time":"20210110165048","is_ascension_mode":true,"campfire_choices":[{"data":"Blood for Blood","floor":7.0,"key":"SMITH"},{"data":"Bash","floor":11.0,"key":"SMITH"},{"data":"Warcry","floor":15.0,"key":"SMITH"},{"data":"True Grit","floor":23,"key":"SMITH"},{"data":"Offering","floor":28,"key":"SMITH"},{"data":"Blood for Blood","floor":30,"key":"SMITH"},{"data":"Rupture","floor":32,"key":"SMITH"},{"floor":40,"key":"RECALL"},{"floor":42,"key":"REST"},{"floor":45,"key":"REST"},{"floor":49,"key":"REST"},{"floor":52,"key":"REST"}],"circlet_count":0,"master_deck":["Bash+1","Dropkick","Blood for Blood+1","Warcry+1","True Grit+1","Shrug It Off","Shrug It Off","Offering+1","Uppercut+1","Burning Pact+1","Heavy Blade+1","Blood for Blood+1","Anger","Bloodletting","Rupture+1","Limit Break","Seeing Red","Warcry+1","Bloodletting+1","Dual Wield"],"relics":["Burning Blood","Old Coin","Ornamental Fan","Shuriken","Blood Vial","Astrolabe","Centennial Puzzle","Self Forming Clay","HornCleat","Fusion Hammer","Bottled Tornado","Bag of Preparation","Bird Faced Urn"],"acts_visited":["Exordium","TheCity","TheBeyond","TheEnding"],"potions_floor_usage":[18,55,55,55],"damage_taken":[{"damage":3.0,"enemies":"Small Slimes","floor":1.0,"turns":5.0},{"damage":1.0,"enemies":"Cultist","floor":3.0,"turns":3.0},{"damage":1.0,"enemies":"2 Louse","floor":4.0,"turns":4.0},{"damage":10.0,"enemies":"Blue Slaver","floor":5.0,"turns":5.0},{"damage":24.0,"enemies":"Lagavulin","floor":6.0,"turns":9.0},{"damage":18.0,"enemies":"Lots of Slimes","floor":10.0,"turns":6.0},{"damage":4.0,"enemies":"Looter","floor":12.0,"turns":3.0},{"damage":0.0,"enemies":"Gremlin Nob","floor":14.0,"turns":3.0},{"damage":16,"enemies":"Hexaghost","floor":16,"turns":9},{"damage":15,"enemies":"3 Byrds","floor":18,"turns":6},{"damage":7,"enemies":"Chosen","floor":20,"turns":4},{"damage":10,"enemies":"Snecko","floor":22,"turns":3},{"damage":11,"enemies":"Snake Plant","floor":24,"turns":3},{"damage":12,"enemies":"Centurion and Healer","floor":27,"turns":2},{"damage":16,"enemies":"3 Cultists","floor":29,"turns":4},{"damage":9,"enemies":"Book of Stabbing","floor":31,"turns":2},{"damage":12,"enemies":"Collector","floor":33,"turns":5},{"damage":12,"enemies":"3 Shapes","floor":35,"turns":3},{"damage":20,"enemies":"Orb Walker","floor":36,"turns":2},{"damage":12,"enemies":"Spire Growth","floor":37,"turns":2},{"damage":15,"enemies":"Transient","floor":39,"turns":5},{"damage":12,"enemies":"Reptomancer","floor":41,"turns":3},{"damage":12,"enemies":"Maw","floor":46,"turns":1},{"damage":15,"enemies":"Writhing Mass","floor":47,"turns":2},{"damage":18,"enemies":"Giant Head","floor":48,"turns":2},{"damage":18,"enemies":"Donu and Deca","floor":50,"turns":3},{"damage":42,"enemies":"Shield and Spear","floor":54,"turns":5},{"damage":52,"enemies":"The Heart","floor":55,"turns":4}],"seed_played":"-535357082074378010","potions_obtained":[{"floor":3.0,"key":"BlessingOfTheForge"},{"floor":4.0,"key":"EssenceOfSteel"},{"floor":5.0,"key":"DistilledChaos"},{"floor":14.0,"key":"Fire Potion"},{"floor":19,"key":"CultistPotion"},{"floor":19,"key":"CultistPotion"},{"floor":19,"key":"HeartOfIron"},{"floor":24,"key":"BloodPotion"}],"is_trial":false,"path_per_floor":["M","?","M","M","M","E","R","?","T","M","R","M","$","E","R","B",null,"M","?","M","$","M","R","M","?","T","M","R","M","R","E","R","B",null,"M","M","M","$","M","R","E","R","T","?","R","M","M","E","R","B",null,"R","$","E","B",null],"character_chosen":"IRONCLAD","items_purchased":["Shuriken","Centennial Puzzle","Bloodletting"],"campfire_rested":4,"item_purchase_floors":[13,21,21],"current_hp_per_floor":[80,80,80,80,76,58,58,58,58,46,46,48,48,54,54,46,80,71,71,72,72,70,70,67,67,67,63,63,55,55,54,54,50,80,74,62,58,58,51,51,47,71,71,71,80,74,67,57,80,68,80,80,80,44,18],"gold":277,"neow_bonus":"REMOVE_CARD","is_daily":false,"chose_seed":false,"campfire_upgraded":7,"win_rate":0.0,"timestamp":1610265048,"path_taken":["M","?","M","?","M","E","R","?","T","M","R","M","$","E","R","BOSS","M","?","M","$","M","R","?","?","T","?","R","?","R","E","R","BOSS","M","M","M","$","M","R","E","R","T","?","R","?","M","E","R","BOSS","R","$","E","BOSS"],"items_purchased_type":["Relic","Relic","Card"],"build_version":"2020-12-22","purchased_purges":4,"victory":true,"max_hp_per_floor":[80,80,80,80,80,80,80,80,80,80,80,80,80,80,80,80,80,80,80,80,80,80,80,80,80,80,80,80,80,80,80,80,80,80,80,80,80,80,80,80,80,80,80,80,80,80,80,80,80,80,80,80,80,80,80],"card_choices":[{"not_picked":["Pommel Strike","Uppercut"],"picked":"Dropkick","floor":1.0},{"not_picked":["Headbutt","Fire Breathing"],"picked":"Warcry","floor":3.0},{"not_picked":["Warcry","Fire Breathing"],"picked":"True Grit","floor":4.0},{"not_picked":["Fire Breathing","Body Slam"],"picked":"Inflame","floor":5.0},{"not_picked":["Barricade","Seeing Red"],"picked":"Shrug It Off","floor":6.0},{"not_picked":["Body Slam","Heavy Blade","Clash"],"picked":"SKIP","floor":10.0},{"not_picked":["Hemokinesis","Headbutt"],"picked":"Shrug It Off","floor":12.0},{"not_picked":["Iron Wave","Twin Strike","Perfected Strike"],"picked":"SKIP","floor":14.0},{"not_picked":["Berserk","Reaper"],"picked":"Offering","floor":16},{"not_picked":["Iron Wave","Rampage"],"picked":"Blood for Blood","floor":18},{"not_picked":["Intimidate","Pommel Strike"],"picked":"Anger","floor":20},{"not_picked":["Clothesline+1","Headbutt","Flex+1"],"picked":"SKIP","floor":22},{"not_picked":["Anger","Flex","Thunderclap"],"picked":"SKIP","floor":24},{"not_picked":["Flex","Thunderclap"],"picked":"Rupture","floor":27},{"not_picked":["Cleave","Body Slam","Perfected Strike"],"picked":"SKIP","floor":29},{"not_picked":["Intimidate","Impervious","Uppercut"],"picked":"SKIP","floor":31},{"not_picked":["Berserk","Fiend Fire"],"picked":"Limit Break","floor":33},{"not_picked":["Infernal Blade+1","Flex+1"],"picked":"Seeing Red","floor":35},{"not_picked":["Shrug It Off","Headbutt+1","Iron Wave+1"],"picked":"SKIP","floor":36},{"not_picked":["True Grit+1","Blood for Blood"],"picked":"Warcry+1","floor":37},{"not_picked":["Dark Embrace","Warcry+1"],"picked":"Bloodletting+1","floor":39},{"not_picked":["Heavy Blade","Rage+1","Sword Boomerang"],"picked":"SKIP","floor":41},{"not_picked":["Cleave","Warcry+1","Feed"],"picked":"SKIP","floor":46},{"not_picked":["Armaments+1","Body Slam"],"picked":"Dual Wield","floor":47},{"not_picked":["Perfected Strike","Dropkick+1","Heavy Blade"],"picked":"SKIP","floor":48},{"not_picked":["Headbutt","Carnage+1","Uppercut+1"],"picked":"SKIP","floor":54}],"player_experience":15902,"relics_obtained":[{"floor":6.0,"key":"Old Coin"},{"floor":9.0,"key":"Ornamental Fan"},{"floor":14.0,"key":"Blood Vial"},{"floor":26,"key":"Self Forming Clay"},{"floor":31,"key":"HornCleat"},{"floor":41,"key":"Bottled Tornado"},{"floor":48,"key":"Bag of Preparation"},{"floor":54,"key":"Bird Faced Urn"}],"event_choices":[{"damage_healed":0.0,"max_hp_gain":0.0,"max_hp_loss":0.0,"gold_gain":0.0,"cards_transformed":["Strike_R"],"event_name":"Transmorgrifier","player_choice":"Transformed","floor":2.0,"gold_loss":0.0,"damage_taken":0.0,"cards_obtained":["Blood for Blood"]},{"cards_removed":["Strike_R"],"damage_healed":0.0,"max_hp_gain":0.0,"max_hp_loss":0.0,"gold_gain":0.0,"event_name":"The Cleric","player_choice":"Card Removal","floor":8.0,"gold_loss":50.0,"damage_taken":0.0},{"damage_healed":0,"gold_gain":0,"player_choice":"Bought 3 Potions","damage_taken":0,"max_hp_gain":0,"max_hp_loss":0,"event_name":"The Woman in Blue","floor":19,"gold_loss":0},{"damage_healed":0,"gold_gain":100,"player_choice":"Pray","damage_taken":0,"max_hp_gain":0,"max_hp_loss":0,"event_name":"Golden Shrine","floor":25,"gold_loss":0},{"damage_healed":0,"gold_gain":0,"player_choice":"0 cards matched","damage_taken":0,"max_hp_gain":0,"max_hp_loss":0,"event_name":"Match and Keep!","floor":44,"gold_loss":0,"cards_obtained":[]}],"is_beta":false,"boss_relics":[{"not_picked":["Ectoplasm","Coffee Dripper"],"picked":"Astrolabe"},{"not_picked":["Empty Cage","Mark of Pain"],"picked":"Fusion Hammer"}],"items_purged_floors":[13,21,38,53],"is_endless":false,"potions_floor_spawned":[3,4,5,14,20,24,29,37,39,46,48],"ascension_level":2}}