{"host":"0ndhasp09f4rkdar","time":1610299054,"event":{"mods":["BaseMod","Dio Mod","Hermit","Hero for Fun","Lobotomy","Minty Spire (QoL Compilation)","Replay The Spire","StSLib","SuperFastMode","The Bladedancer"],"gold_per_floor":[111,130,55,102,113,139,158,158,208,235,257,269,300,312,324,441,453,476,488,500,500],"floor_reached":20,"playtime":1473,"items_purged":["Bash"],"score":201,"play_id":"6a59d4f0-897f-41eb-9270-95eb9733d42b","local_time":"20210111011734","is_ascension_mode":false,"campfire_choices":[{"data":"Flex","floor":8,"key":"SMITH"},{"data":"Clash","floor":12,"key":"SMITH"},{"floor":15,"key":"REST"}],"circlet_count":0,"master_deck":["Pommel Strike","Bloodletting","Flex+1","Exhume","Clash+1","Double Tap","Dropkick","Dual Wield","Offering","Abandon","Burning Pact","Feel No Pain","ReplayReversal","Reckless Charge","Pommel Strike","Metallicize","Burning Pact","Clash"],"relics":["Burning Blood","Bag of Marbles","Orichalcum","MawBank","Blue Doll","Pandora\u0027s Box"],"acts_visited":["Exordium","TheCity"],"potions_floor_usage":[16,16,20],"damage_taken":[{"damage":5,"enemies":"Cultist","floor":1,"turns":4},{"damage":9,"enemies":"2 Louse","floor":2,"turns":3},{"damage":6,"enemies":"Jaw Worm","floor":5,"turns":3},{"damage":42,"enemies":"Gremlin Nob","floor":6,"turns":5},{"damage":22,"enemies":"Large Slime","floor":7,"turns":8},{"damage":3,"enemies":"Red Slaver","floor":10,"turns":2},{"damage":0,"enemies":"3 Louse","floor":11,"turns":3},{"damage":6,"enemies":"Blue Slaver","floor":13,"turns":3},{"damage":75,"enemies":"Fading Forest","floor":16,"turns":11},{"damage":2,"enemies":"Chosen","floor":18,"turns":4},{"damage":38,"enemies":"3 Byrds","floor":20,"turns":5}],"seed_played":"7263302663090269339","potions_obtained":[{"floor":2,"key":"LiquidBronze"},{"floor":5,"key":"Energy Potion"},{"floor":10,"key":"Ancient Potion"},{"floor":11,"key":"CultistPotion"},{"floor":16,"key":"BloodPotion"},{"floor":19,"key":"Swift Potion"}],"is_trial":false,"path_per_floor":["M","M","$","T","M","E","M","R","T","M","M","R","M","?","R","B",null,"M","?","M"],"character_chosen":"IRONCLAD","items_purchased":[],"campfire_rested":1,"item_purchase_floors":[],"current_hp_per_floor":[96,93,93,93,93,57,41,41,41,44,50,50,50,38,66,9,96,96,96,58,58],"gold":500,"neow_bonus":"TWENTY_PERCENT_HP_BONUS","is_daily":false,"chose_seed":false,"campfire_upgraded":2,"win_rate":0.0,"timestamp":1610299054,"path_taken":["M","M","?","?","M","E","M","R","T","M","M","R","M","?","R","BOSS","M","?","M"],"items_purchased_type":[],"build_version":"2020-12-22","purchased_purges":1,"victory":false,"max_hp_per_floor":[96,96,96,96,96,96,96,96,96,96,96,96,96,96,96,96,96,96,96,96,96],"card_choices":[{"not_picked":["Heavy Blade","Cleave"],"picked":"Pommel Strike","floor":1},{"not_picked":["Life Link","Sever Soul"],"picked":"Bloodletting","floor":2},{"not_picked":["Clash","Replay:Undeath\u0027s Touch"],"picked":"Flex","floor":5},{"not_picked":["Hemokinesis","Pommel Strike"],"picked":"Exhume","floor":6},{"not_picked":["Flame Barrier","Cleave"],"picked":"Clash","floor":7},{"not_picked":["Rupture","Pommel Strike","Thunderclap"],"picked":"SKIP","floor":10},{"not_picked":["ReplayTheSpireMod:LeadingStrike","Hemokinesis","Pommel Strike"],"picked":"SKIP","floor":11},{"not_picked":["ReplayTheSpireMod:Corrosion Curse","Life Link","Blood for Blood"],"picked":"SKIP","floor":13},{"not_picked":["Juggernaut","Limit Break"],"picked":"Double Tap","floor":16},{"not_picked":["Headbutt+1","Blood for Blood"],"picked":"Clash","floor":18}],"player_experience":197172,"relics_obtained":[{"floor":4,"key":"Bag of Marbles"},{"floor":6,"key":"Orichalcum"},{"floor":9,"key":"MawBank"}],"event_choices":[{"damage_healed":0,"gold_gain":0,"player_choice":"Success","damage_taken":12,"relics_obtained":["Blue Doll"],"max_hp_gain":0,"max_hp_loss":0,"event_name":"Scrap Ooze","floor":14,"gold_loss":0},{"damage_healed":0,"gold_gain":0,"player_choice":"Got Potions","damage_taken":0,"max_hp_gain":0,"max_hp_loss":0,"event_name":"Lab","floor":19,"gold_loss":0}],"is_beta":false,"boss_relics":[{"not_picked":["Replay:Grab Bag","Astrolabe"],"picked":"Pandora\u0027s Box"}],"items_purged_floors":[3],"is_endless":false,"potions_floor_spawned":[2,5,10,11,16],"killed_by":"3 Byrds","ascension_level":0}}