{"host":"d739yreqm0rh30t5","time":1610250446,"event":{"mods":["BaseMod","BetterRewards","Colored Powertips","Downfall","Googly Eyes","Hermit","Minty Spire (QoL Compilation)","Replay The Spire","Shop Mod","StSLib","The Cursed"],"gold_per_floor":[99,109,37,37,22,22,22,35,50,65,77,107,119,58,71,171,171,171,184,203,203,203,203],"floor_reached":21,"playtime":2193,"items_purged":[],"score":173,"play_id":"66c082dd-3460-4179-b045-29d7ab4edea6","local_time":"20210110044726","is_ascension_mode":false,"campfire_choices":[{"data":"hexamod:Sear","floor":1,"key":"SMITH"},{"data":"hexamod:PhantomCloak","floor":6,"key":"SMITH"},{"data":"expansioncontent:DefensiveStance","floor":18,"key":"SMITH"}],"circlet_count":0,"master_deck":["hexamod:Sear+1","hexamod:Float","expansioncontent:DefensiveStance+1","hexamod:RecurringNightmare","hexamod:HeatMetal","hexamod:Incineration+1","hexamod:PhantomCloak+1","hexamod:RadiantFlame+1","hexamod:PhantomFireball","hexamod:FifthSeal","hexamod:HeatCrush","hexamod:FirstSeal","hexamod:DynamicBlow","hexamod:AdvancingGuard","hexamod:SixthSeal","hexamod:ThermalTransfer","hexamod:HexaLevel","hexamod:TimeWarp","hexamod:ShieldOfDarkness","hexamod:GhostShield","hexamod:UnleashSpirits","hexamod:PhantomCloak","hexamod:Hexaguard","hexamod:RainOfEmbers","hexamod:ParanormalForm","hexamod:SecondSeal"],"relics":["hexamod:SpiritBrand","Matryoshka","Gremlin Food","Pandora\u0027s Box"],"acts_visited":["Exordium","TheCity"],"potions_floor_usage":[16],"damage_taken":[{"damage":0,"enemies":"Cultist","floor":2,"turns":3},{"damage":0,"enemies":"downfall:FleeingMerchant","floor":3,"turns":4},{"damage":0,"enemies":"downfall:FleeingMerchant","floor":5,"turns":4},{"damage":11,"enemies":"Jaw Worm","floor":8,"turns":3},{"damage":0,"enemies":"2 Louse","floor":9,"turns":5},{"damage":6,"enemies":"Exordium Wildlife","floor":10,"turns":3},{"damage":37,"enemies":"Gremlin Gang","floor":11,"turns":5},{"damage":9,"enemies":"Exordium Wildlife","floor":13,"turns":4},{"damage":4,"enemies":"downfall:FleeingMerchant","floor":14,"turns":4},{"damage":20,"enemies":"Exordium Thugs","floor":15,"turns":6},{"damage":13,"enemies":"downfall:Silent","floor":16,"turns":12},{"damage":33,"enemies":"3 Byrds","floor":19,"turns":10},{"damage":24,"enemies":"Shell Parasite","floor":20,"turns":8},{"damage":28,"enemies":"Snake Plant","floor":21,"turns":2}],"seed_played":"8085055953784143320","potions_obtained":[{"floor":4,"key":"FairyPotion"},{"floor":4,"key":"SmokeBomb"},{"floor":4,"key":"SteroidPotion"},{"floor":9,"key":"DuplicationPotion"},{"floor":11,"key":"BlessingOfTheForge"},{"floor":15,"key":"Flashbang"},{"floor":16,"key":"sneckomod:MuddlingPotion"}],"is_trial":false,"path_per_floor":["R","M","$","?","$","R","T","M","M","M","M","?","M","$","M","B",null,"R","M","M","M"],"character_chosen":"THE_SPIRIT","items_purchased":["hexamod:Incineration+1","hexamod:AdvancingGuard"],"campfire_rested":0,"item_purchase_floors":[3,14],"current_hp_per_floor":[70,70,70,70,70,70,70,59,59,53,16,16,7,3,18,12,70,70,44,27,0,0,0],"gold":203,"neow_bonus":"RANDOM_COLORLESS","is_daily":false,"chose_seed":false,"campfire_upgraded":3,"win_rate":0.0,"timestamp":1610250446,"path_taken":["R","M","?","?","$","R","T","M","?","M","M","?","M","?","M","BOSS","R","?","M","M"],"items_purchased_type":["Card","Card"],"build_version":"2020-12-22","purchased_purges":0,"victory":false,"max_hp_per_floor":[70,70,70,70,70,70,70,70,70,70,70,70,70,70,70,70,70,70,70,70,70,70,70],"card_choices":[{"not_picked":["ReplayTheSpireMod:Private Reserves","Replay:Bootleg Shield Generator"],"picked":"expansioncontent:DefensiveStance","floor":0},{"not_picked":["hexamod:FastForward","hexamod:HauntingEcho"],"picked":"hexamod:RecurringNightmare","floor":2},{"not_picked":["hexamod:Haunt","hexamod:HauntingEcho"],"picked":"hexamod:HeatMetal","floor":3},{"not_picked":["hexamod:SpectersWail","hexamod:SpectralAdrenaline"],"picked":"hexamod:PhantomCloak","floor":5},{"not_picked":["hexamod:AdvancingGuard","hexamod:NightmareStrike"],"picked":"hexamod:RadiantFlame","floor":8},{"not_picked":["hexamod:Hexaguard","hexamod:BurningTouch"],"picked":"hexamod:PhantomFireball","floor":9},{"not_picked":["hexamod:RainOfEmbers","hexamod:Rewind"],"picked":"hexamod:FifthSeal","floor":10},{"not_picked":["hexamod:RadiantFlame","hexamod:GhostShield"],"picked":"hexamod:HeatCrush","floor":11},{"not_picked":["hexamod:HeatCrush","hexamod:GhostLash","hexamod:EmpoweredFlame"],"picked":"SKIP","floor":13},{"not_picked":["hexamod:ThirdSeal","hexamod:FourthSeal"],"picked":"hexamod:FirstSeal","floor":14},{"not_picked":["hexamod:NecessarySacrifice","hexamod:Incineration"],"picked":"hexamod:DynamicBlow","floor":14},{"not_picked":["hexamod:ThirdSeal","hexamod:SecondSeal"],"picked":"hexamod:SixthSeal","floor":15},{"not_picked":["hexamod:FirstSeal","hexamod:RainOfEmbers"],"picked":"hexamod:ThermalTransfer","floor":15},{"not_picked":["hexamod:CrushingStance","hexamod:ParanormalForm"],"picked":"hexamod:HexaLevel","floor":16},{"not_picked":["hexamod:SpectersWail","hexamod:ShieldOfDarkness+1","hexamod:RainOfEmbers"],"picked":"SKIP","floor":19},{"not_picked":["hexamod:ThirdSeal","hexamod:FirstSeal"],"picked":"hexamod:SecondSeal","floor":20},{"not_picked":["hexamod:GhostLash","hexamod:RainOfEmbers","hexamod:DynamicBlow"],"picked":"SKIP","floor":20}],"player_experience":128955,"relics_obtained":[{"floor":7,"key":"Matryoshka"}],"event_choices":[{"damage_healed":0,"gold_gain":0,"player_choice":"Got Potions","damage_taken":0,"max_hp_gain":0,"max_hp_loss":0,"event_name":"Lab","floor":4,"gold_loss":0}],"is_beta":false,"boss_relics":[{"not_picked":["Honey Jar","Astrolabe"],"picked":"Pandora\u0027s Box"}],"items_purged_floors":[],"is_endless":false,"potions_floor_spawned":[9,11,13,15,16,20],"killed_by":"Snake Plant","ascension_level":0}}