{"host":"oh2im4g9zxdu5z5u","time":1610237041,"event":{"mods":["2.2 Compatiblity","AchievementEnabler","BaseMod","Colored Map","Colored Powertips","Downfall","Highlight Path","Minty Spire (QoL Compilation)","StSLib","everything is the same but u backflip on backflip"],"gold_per_floor":[99,115,131,39,50,79,79,79,79,64,80,103,103,103,113,211,211,136,150,160,18,32,32,32,32],"floor_reached":23,"playtime":2130,"items_purged":[],"score":191,"play_id":"03442d5b-e2c8-42b1-952b-f032a83a743f","local_time":"20210109180401","is_ascension_mode":false,"campfire_choices":[{"data":"champ:Taunt","floor":1.0,"key":"SMITH"},{"floor":9,"key":"REST"},{"floor":13,"key":"RECALL"},{"data":"champ:PerfectForm","floor":18,"key":"SMITH"}],"circlet_count":0,"master_deck":["champ:Strike","champ:Strike","champ:Strike","champ:Strike","champ:Defend","champ:Defend","champ:Defend","champ:Defend","champ:Execute","champ:Taunt+1","champ:SkillfulDodge","champ:FanOfKnives","champ:HeartStrike","champ:ArenaPreparation","champ:CalledShot","champ:AdrenalArmor","champ:FocusedBerserking+1","champ:AdrenalArmor","champ:Circumvent","champ:PerfectForm+1","champ:Riposte","champ:RapidStrikes","champ:IronFortress+1","champ:CrookedStrike","champ:TornadoPunch","champ:DefensiveStyle"],"relics":["champ:ChampionCrown","Unceasing Top","Ice Cream","Nunchaku","Vajra","Coffee Dripper","downfall:HeartBlessingRed"],"acts_visited":["Exordium","TheCity"],"potions_floor_usage":[6,6,16,16],"damage_taken":[{"damage":27.0,"enemies":"Cultist","floor":2.0,"turns":5.0},{"damage":18.0,"enemies":"2 Louse","floor":3.0,"turns":2.0},{"damage":16.0,"enemies":"downfall:FleeingMerchant","floor":4.0,"turns":4.0},{"damage":24,"enemies":"Jaw Worm","floor":5,"turns":4},{"damage":85,"enemies":"Lagavulin","floor":6,"turns":5},{"damage":15,"enemies":"downfall:FleeingMerchant","floor":10,"turns":4},{"damage":15,"enemies":"3 Louse","floor":11,"turns":2},{"damage":31,"enemies":"Red Slaver","floor":15,"turns":4},{"damage":88,"enemies":"downfall:Watcher","floor":16,"turns":10},{"damage":34,"enemies":"Chosen","floor":19,"turns":3},{"damage":34,"enemies":"Spheric Guardian","floor":20,"turns":3},{"damage":37,"enemies":"downfall:FleeingMerchant","floor":21,"turns":4},{"damage":53,"enemies":"Cultist and Chosen","floor":22,"turns":9},{"damage":60,"enemies":"3 Cultists","floor":23,"turns":5}],"seed_played":"9057071666461363359","potions_obtained":[{"floor":2.0,"key":"Weak Potion"},{"floor":3.0,"key":"champ:TechniquePotion"},{"floor":5,"key":"GamblersBrew"},{"floor":15,"key":"champ:CounterPotion"},{"floor":19,"key":"sneckomod:MuddlingPotion"},{"floor":22,"key":"Block Potion"}],"is_trial":false,"path_per_floor":["R","M","M","$","M","E","T","?","R","$","M","T","R","?","M","B",null,"R","M","M","$","M","M"],"character_chosen":"THE_CHAMP","items_purchased":["champ:ArenaPreparation","champ:CrookedStrike","champ:TornadoPunch","Fire Potion"],"campfire_rested":1,"item_purchase_floors":[4,21,21,21],"current_hp_per_floor":[99,82,69,63,60,32,32,20,49,49,49,49,49,49,46,17,99,99,94,94,83,46,0,0,0],"gold":32,"neow_bonus":"TEN_PERCENT_HP_BONUS","is_daily":false,"chose_seed":false,"campfire_upgraded":2,"win_rate":0.0,"timestamp":1610237041,"path_taken":["R","M","?","?","M","E","T","?","R","$","M","?","R","?","M","BOSS","R","M","M","$","M","M"],"items_purchased_type":["Card","Card","Card","Potion"],"build_version":"2020-12-22","purchased_purges":0,"victory":false,"max_hp_per_floor":[99,99,99,99,99,99,99,99,99,99,99,99,99,99,99,99,99,99,99,99,99,99,99,99,99],"card_choices":[{"not_picked":["champ:BerserkersShout","champ:AdrenalArmor"],"picked":"champ:SkillfulDodge","floor":2.0},{"not_picked":["champ:Circumvent","champ:TornadoPunch"],"picked":"champ:FanOfKnives","floor":3.0},{"not_picked":["champ:Backstep","champ:StanceDance"],"picked":"champ:HeartStrike","floor":4.0},{"not_picked":["champ:FanOfKnives","champ:ArenaPreparation"],"picked":"champ:CalledShot","floor":5},{"not_picked":["champ:FanOfKnives","champ:Haymaker"],"picked":"champ:AdrenalArmor","floor":6},{"not_picked":["champ:CrownThrow","champ:Duel"],"picked":"champ:FocusedBerserking","floor":10},{"not_picked":["champ:PerfectedStrike","champ:Haymaker"],"picked":"champ:AdrenalArmor","floor":11},{"not_picked":["champ:FlashCut","champ:PerfectedStrike"],"picked":"champ:Circumvent","floor":15},{"not_picked":["champ:HeavySlash","champ:VampiricStrike"],"picked":"champ:PerfectForm","floor":16},{"not_picked":["champ:Circumvent","champ:FocusedGladiator"],"picked":"champ:Riposte","floor":19},{"not_picked":["champ:BringItOn+1","champ:PreciseThrust"],"picked":"champ:RapidStrikes","floor":20},{"not_picked":["champ:BladeFlurry","champ:DefensiveStyle"],"picked":"champ:IronFortress+1","floor":21},{"not_picked":["champ:GladiatorStyle","champ:Haymaker+1"],"picked":"champ:DefensiveStyle","floor":22}],"player_experience":36228,"relics_obtained":[{"floor":6,"key":"Unceasing Top"},{"floor":7,"key":"Ice Cream"},{"floor":12,"key":"Vajra"}],"event_choices":[{"damage_healed":0,"gold_gain":0,"player_choice":"Success","damage_taken":12,"relics_obtained":["Nunchaku"],"max_hp_gain":0,"max_hp_loss":0,"event_name":"Scrap Ooze","floor":8,"gold_loss":0},{"damage_healed":0,"gold_gain":0,"player_choice":"Upgraded","damage_taken":0,"max_hp_gain":0,"max_hp_loss":0,"event_name":"Upgrade Shrine","floor":14,"gold_loss":0,"cards_upgraded":["champ:FocusedBerserking"]}],"is_beta":false,"boss_relics":[{"not_picked":["Busted Crown","Cursed Key"],"picked":"Coffee Dripper"}],"items_purged_floors":[],"is_endless":false,"potions_floor_spawned":[2,3,5,15,19,22],"killed_by":"3 Cultists","ascension_level":0}}