{"host":"u3jctbsl7uavviuy","time":1610292034,"event":{"mods":["ATMod(阿瑾Mod)","Arknights The Spire","BaseMod","BetterRewards","GungeonMod","HololiveMod","Luminous","Marisa（F雨　魔理沙）","Minty Spire (QoL Compilation)","Relic Stats","Replay The Spire","Shop Mod","Spicy Shops","StSLib","TestMod","The Animator","The Cursed","The Gatherer","The Servant 0.9.4","WarShipGirlsR/战舰少女R mod","vexMod","篝火指南"],"gold_per_floor":[116,133,133,152,152,152,178,196,264,283,310,710,346,372,372,475,475,491,491,264,281,291,325,342,373,373,401,421,523,182,224,224,380,380,432,470,252,294,294,103,884,884,974,1774,2895,2895,3727,4188,4188,4908,4908,4284,3622,4918,5558],"floor_reached":56,"playtime":3103,"items_purged":["ats:Strike V","Writhe","ats:Strike C","ats:Strike S","Doubt","ats:Defend","Clumsy"],"score":2194,"play_id":"5cd26c6d-534f-4d17-97b7-da55d6d8347b","local_time":"20210111002034","is_ascension_mode":true,"campfire_choices":[{"data":"ats:Emotion Absorption","floor":6.0,"key":"SMITH"},{"data":"ReplayTheSpireMod:Private Reserves","floor":15.0,"key":"SMITH"},{"data":"ats:Durian","floor":32.0,"key":"SMITH"},{"floor":49,"key":"RECALL"}],"circlet_count":0,"master_deck":["ats:Strike G","ats:Armor Crushing Shot","ats:Defend","ats:Defend","ats:Emotion Absorption+1","AT_FamilyPortrait","ats:Thermite Blade+1","ats:Apocalypse+1","ats:Shell Defense+1","ats:Assault Order","ats:Blood Oath","ats:Leaping Hammer+1","ats:Shell Defense","ats:Steam Pump","ats:Red Shift","ats:Thermite Blade","ats:True Silver Slash","ats:Flexible Camouflage+1","ReplayTheSpireMod:Private Reserves+1","ats:Song Of Battle+1","ats:Durian+1","ats:Support Order","ReplayTheSpireMod:Private Reserves+1","Pot Of Greed","Pot Of Greed+1","Pot Of Greed","ats:Demon Strength","ats:Shadow Assault","ats:Thorns+1","ats:Calcification+1","Mayhem+1","ats:Flexible Camouflage+1","ReplayTheSpireMod:Private Reserves+1","ats:Charging Defense","ats:Composite Medical Shells","Pot Of Greed","Discovery","ats:Healing Drone","ats:Healing Strengthening+1","testmod-Wormhole"],"relics":["ats:Sanity","AT_ATBox","testmod-Fortitude","HandDrill","Membership Card","AT_SeraphEmbrace","Bottled Lightning","ats:Originium","Question Card","Gremlin Horn","Replay:Mystery Machine","Lantern","DemoMod:MeatBun","AT_Manta","Replay:Wax Seal","Omamori","testmod-Prudence","ats:Ability Aura","DollysMirror","Grinning Jar","HornCleat","testmod-Muramasa","Pantograph","testmod-Acrobat","Blue Doll","testmod-Register","War Paint","Replay:Bandana","vexMod:ImprovementManual","vexMod:Cooldron","Orichalcum","ats:Gyao","Bird Faced Urn","Simple Rune","WarpedTongs","TungstenRod","AT_SpeedBoots","Bottled Tornado","vexMod:PaidLearning","Medical Kit","testmod-IndustrialRevolution","ats:Attack","Vajra","Bronze Scales","Centennial Puzzle","vexMod:Dragonfruit","testmod-Antiphasic"],"acts_visited":["Exordium","TheCity","TheBeyond","TheEnding"],"potions_floor_usage":[45,55,55],"damage_taken":[{"damage":4.0,"enemies":"Jaw Worm","floor":1.0,"turns":4.0},{"damage":0.0,"enemies":"Cultist","floor":2.0,"turns":2.0},{"damage":1.0,"enemies":"Small Slimes","floor":4.0,"turns":4.0},{"damage":16.0,"enemies":"Gremlin Nob","floor":7.0,"turns":3.0},{"damage":13.0,"enemies":"Blue Slaver","floor":8.0,"turns":2.0},{"damage":5.0,"enemies":"Exordium Thugs","floor":10.0,"turns":4.0},{"damage":13.0,"enemies":"Lagavulin","floor":11.0,"turns":7.0},{"damage":0.0,"enemies":"3 Sentries","floor":14.0,"turns":2.0},{"damage":0.0,"enemies":"Slime Boss","floor":16.0,"turns":3.0},{"damage":0.0,"enemies":"2 Thieves","floor":18.0,"turns":2.0},{"damage":0.0,"enemies":"Shell Parasite","floor":21.0,"turns":1.0},{"damage":4.0,"enemies":"Cultist and Chosen","floor":22.0,"turns":3.0},{"damage":3.0,"enemies":"Gremlin Leader","floor":23.0,"turns":5.0},{"damage":0.0,"enemies":"Sentry and Sphere","floor":24.0,"turns":3.0},{"damage":0.0,"enemies":"Book of Stabbing","floor":25.0,"turns":3.0},{"damage":0.0,"enemies":"Gremlin Leader","floor":27.0,"turns":3.0},{"damage":10.0,"enemies":"Snake Plant","floor":28.0,"turns":2.0},{"damage":0.0,"enemies":"Replay:Snechameleon","floor":31.0,"turns":1.0},{"damage":34.0,"enemies":"Collector","floor":33.0,"turns":4.0},{"damage":13.0,"enemies":"3 Shapes","floor":35.0,"turns":1.0},{"damage":0.0,"enemies":"Orb Walker","floor":36.0,"turns":1.0},{"damage":34,"enemies":"4 Shapes","floor":38,"turns":4},{"damage":0,"enemies":"Giant Head","floor":41,"turns":4},{"damage":0,"enemies":"R_Hoarder","floor":44,"turns":4},{"damage":20,"enemies":"Transient","floor":45,"turns":5},{"damage":10,"enemies":"Giant Head","floor":47,"turns":4},{"damage":14,"enemies":"Maw","floor":48,"turns":4},{"damage":32,"enemies":"Donu and Deca","floor":50,"turns":7},{"damage":0,"enemies":"Shield and Spear","floor":54,"turns":1},{"damage":23,"enemies":"The Heart","floor":55,"turns":5}],"seed_played":"8326848140740793566","potions_obtained":[{"floor":2.0,"key":"Toxic Potion"},{"floor":7.0,"key":"Swift Potion"},{"floor":8.0,"key":"Milkshake"},{"floor":14.0,"key":"ColorlessPotion"},{"floor":18.0,"key":"Ancient Potion"},{"floor":24.0,"key":"AttackPotion"},{"floor":31.0,"key":"Ancient Potion"},{"floor":44,"key":"EntropicBrew"},{"floor":47,"key":"EntropicBrew"}],"is_trial":false,"path_per_floor":["M","M","?","M","$","R","E","M","T","M","E","?","$","E","R","B",null,"M","?","$","M","M","E","M","E","T","E","M","?","$","E","R","B",null,"M","M","$","M","?","R","E","?","T","E","M","?","E","M","R","B",null,"R","$","E","B",null],"character_chosen":"DOCTOR_CLASS","items_purchased":["HandDrill","ats:Thermite Blade+1","ats:Apocalypse","ats:Shell Defense","Membership Card","ats:Assault Order","ats:Blood Oath","AT_ArchangelStaff","Bottled Lightning","Lantern","ats:Flexible Camouflage","ReplayTheSpireMod:Private Reserves","DemoMod:MeatBun","AT_Manta","Replay:Wax Seal","ats:Ability Aura","DollysMirror","Grinning Jar","ats:Thorns+1","testmod-Register","War Paint","Energy Potion","testmod-SpacePotion","DistilledChaos","vexMod:Cooldron","Mayhem","Adrenaline Potion","Orichalcum","ats:Gyao","DemoMod:WeirdEgg","ats:Composite Medical Shells","Bottled Tornado","vexMod:PaidLearning","Medical Kit","Discovery","testmod-IndustrialRevolution","ats:Attack","ats:Healing Drone","ats:Healing Strengthening+1","Vajra","Bronze Scales","Centennial Puzzle","vexMod:Dragonfruit","testmod-Wormhole"],"campfire_rested":0,"item_purchase_floors":[0,0,0,0,0,0,0,0,0,13,13,13,13,13,13,20,20,20,30,30,30,30,30,30,37,37,37,40,40,52,52,52,52,52,52,52,53,53,53,53,53,53,53,53],"current_hp_per_floor":[47,54,54,66,66,66,53,47,47,55,55,55,69,72,72,72,72,72,72,72,72,71,72,72,72,72,72,62,44,44,48,48,41,72,59,59,59,40,58,58,67,67,67,72,66,66,67,72,72,63,72,72,77,77,77],"gold":5558,"neow_bonus":"","is_daily":false,"chose_seed":false,"campfire_upgraded":3,"win_rate":0.0,"timestamp":1610292034,"path_taken":["M","M","?","M","?","R","E","M","T","M","E","?","?","E","R","BOSS","M","?","$","M","M","E","M","E","T","E","M","?","$","E","R","BOSS","M","M","$","M","?","R","E","?","T","E","?","?","E","?","R","BOSS","R","$","E","BOSS"],"items_purchased_type":["Relic","Card","Card","Card","Relic","Card","Card","Relic","Relic","Relic","Card","Card","Relic","Relic","Relic","Relic","Relic","Relic","Card","Relic","Relic","Potion","Potion","Potion","Relic","Card","Potion","Relic","Relic","Relic","Card","Relic","Relic","Relic","Card","Relic","Relic","Card","Card","Relic","Relic","Relic","Relic","Card"],"build_version":"2020-12-22","purchased_purges":7,"victory":true,"max_hp_per_floor":[72,72,72,72,72,72,72,72,72,72,72,72,72,72,72,72,72,72,72,72,72,72,72,72,72,72,72,72,72,72,72,72,72,72,72,72,72,72,72,72,72,72,72,72,72,72,72,72,72,72,72,72,77,77,77],"relic_stats":{"Gremlin Horn":[23,23],"counters":[138,603],"War Paint":["ats:Shell Defense","Pot Of Greed"],"Orichalcum":[54],"Question Card":35,"Medical Kit":[0],"WarpedTongs":[21],"Centennial Puzzle":[3],"Pantograph":24,"Bird Faced Urn":[26],"Bronze Scales":[39],"HandDrill":[22],"obtain_stats":[{"Golden Egg":14,"AT_ATBox":0,"AT_TimeSand":10,"Bottled Tornado":46,"Sling":49,"Old Coin":9,"Blood Vial":43,"Replay:Ringing Soul":32,"testmod-Prudence":17,"MealTicket":11,"HandDrill":0,"Kunai":49,"Replay:Wax Seal":13,"ats:Rhine Circuitry":27,"MerchantsRug":0,"testmod-IntensifyImprint":27,"testmod-TestBox":0,"Pear":49,"AT_Manta":13,"testmod-Register":0,"DemoMod:OrangeGuonStone":26,"Blue Candle":9,"ats:Attack":53,"Pen Nib":42,"testmod-Fortitude":4,"AT_SpeedBoots":20,"DemoMod:MeatBun":49,"AT_TheCollector":13,"Bird Faced Urn":41,"DemoMod:SerJunkan":30,"vexMod:ImprovementManual":34,"vexMod:PlasmaPancake":17,"Lantern":13,"testmod-Temperance":17,"testmod-EqualTreatment":12,"Blue Doll":29,"Bag of Preparation":46,"Smiling Mask":28,"Replay:Rubber Ducky":0,"Toolbox":5,"ats:Sanity":0,"Chemical X":40,"Potion Belt":23,"testmod-Muramasa":25,"NeowsBlessing":0,"DemoMod:WeirdEgg":28,"The Courier":6,"Omamori":0,"testmod-TurbochargingSystem":8,"ats:Gyao":8,"AT_BellowingDragoncrestRing":4,"ats:Originium":10,"Orrery":44,"ats:Tactical Delivery":34,"Bottled Lightning":44,"Ice Cream":20,"Gremlin Horn":11,"Vajra":53,"DemoMod:GlassGuonStoneRelic":1,"AT_ArchangelStaff":0,"Centennial Puzzle":53,"HornCleat":29,"DollysMirror":20,"DemoMod:Metronome":26,"Honey Jar":34,"AT_RedNoBalance":18,"AT_GuinsooRageblade":38,"Happy Flower":40,"vexMod:ScavengeHelm":8,"testmod-FatalChain":4,"Oddly Smooth Stone":27,"AT_PhaseBoots":33,"AT_SilverBalance":6,"vexMod:PaidLearning":24,"Replay:Kaleidoscope":23,"War Paint":30,"Question Card":7,"WarpedTongs":46,"vexMod:Cooldron":32,"testmod-Acrobat":2,"Bronze Scales":53,"Simple Rune":10,"Onion Ring":32,"ReplayTheSpireMod:TigerMarble":0,"Nloth\u0027s Gift":30,"AT_DeathDance":38,"Grinning Jar":20,"Mirror":30,"ReplayFunnel":49,"AT_SeraphEmbrace":24,"ats:Ability Aura":17,"Incense Burner":34,"testmod-Nyarlathotep":9,"DemoMod:WhiteGuonStone":24,"Replay:Mystery Machine":11,"testmod-CrystalShield":12,"Replay:Bandana":31,"testmod-InjuryResistance":26,"Gambling Chip":20,"Pantograph":26,"testmod-Déjàvu":0,"Red Mask":25,"DemoMod:Junk":44,"Gremlin Food":47,"BargainBundle":38,"vexMod:ConsolationPrize":17,"AT_BladeRuinedKing":43,"Orichalcum":40,"testmod-IndustrialRevolution":26,"Medical Kit":52,"Calling Bell":17,"vexMod:Dragonfruit":34,"Peace Pipe":7,"testmod-Antiphasic":54,"Pondfish Scales":6,"Anchor":40,"vexMod:BarristanHead":9,"Membership Card":46,"TungstenRod":47},{"Golden Egg":21,"AT_ATBox":0,"AT_TimeSand":77,"Bottled Tornado":67,"Sling":69,"Old Coin":17,"Blood Vial":37,"Replay:Ringing Soul":60,"testmod-Prudence":117,"MealTicket":90,"HandDrill":108,"Kunai":69,"Replay:Wax Seal":115,"ats:Rhine Circuitry":56,"MerchantsRug":41,"testmod-IntensifyImprint":97,"testmod-TestBox":0,"Pear":69,"AT_Manta":115,"testmod-Register":0,"DemoMod:OrangeGuonStone":28,"Blue Candle":76,"ats:Attack":136,"Pen Nib":65,"testmod-Fortitude":111,"AT_SpeedBoots":53,"DemoMod:MeatBun":69,"AT_TheCollector":90,"Bird Faced Urn":131,"DemoMod:SerJunkan":59,"vexMod:ImprovementManual":127,"vexMod:PlasmaPancake":7,"Lantern":115,"testmod-Temperance":91,"testmod-EqualTreatment":78,"Blue Doll":125,"Bag of Preparation":67,"Smiling Mask":97,"Replay:Rubber Ducky":41,"Toolbox":44,"ats:Sanity":0,"Chemical X":64,"Potion Belt":27,"testmod-Muramasa":123,"NeowsBlessing":0,"DemoMod:WeirdEgg":97,"The Courier":17,"Omamori":41,"testmod-TurbochargingSystem":17,"ats:Gyao":47,"AT_BellowingDragoncrestRing":44,"ats:Originium":4,"Orrery":37,"ats:Tactical Delivery":33,"Bottled Lightning":37,"Ice Cream":53,"Gremlin Horn":48,"Vajra":136,"DemoMod:GlassGuonStoneRelic":1,"AT_ArchangelStaff":108,"Centennial Puzzle":136,"HornCleat":97,"DollysMirror":53,"DemoMod:Metronome":55,"Honey Jar":99,"AT_RedNoBalance":92,"AT_GuinsooRageblade":63,"Happy Flower":36,"vexMod:ScavengeHelm":90,"testmod-FatalChain":15,"Oddly Smooth Stone":28,"AT_PhaseBoots":61,"AT_SilverBalance":88,"vexMod:PaidLearning":10,"Replay:Kaleidoscope":10,"War Paint":125,"Question Card":112,"WarpedTongs":133,"vexMod:Cooldron":32,"testmod-Acrobat":43,"Bronze Scales":136,"Simple Rune":4,"Onion Ring":60,"ReplayTheSpireMod:TigerMarble":12,"Nloth\u0027s Gift":97,"AT_DeathDance":34,"Grinning Jar":118,"Mirror":31,"ReplayFunnel":69,"AT_SeraphEmbrace":122,"ats:Ability Aura":7,"Incense Burner":61,"testmod-Nyarlathotep":3,"DemoMod:WhiteGuonStone":55,"Replay:Mystery Machine":115,"testmod-CrystalShield":20,"Replay:Bandana":126,"testmod-InjuryResistance":96,"Gambling Chip":53,"Pantograph":123,"testmod-Déjàvu":0,"Red Mask":28,"DemoMod:Junk":66,"Gremlin Food":68,"BargainBundle":34,"vexMod:ConsolationPrize":7,"AT_BladeRuinedKing":65,"Orichalcum":130,"testmod-IndustrialRevolution":11,"Medical Kit":136,"Calling Bell":7,"vexMod:Dragonfruit":61,"Peace Pipe":75,"testmod-Antiphasic":137,"Pondfish Scales":45,"Anchor":64,"vexMod:BarristanHead":47,"Membership Card":67,"TungstenRod":134},{"Golden Egg":86,"AT_ATBox":0,"AT_TimeSand":347,"Bottled Tornado":315,"Sling":322,"Old Coin":69,"Blood Vial":179,"Replay:Ringing Soul":284,"testmod-Prudence":536,"MealTicket":415,"HandDrill":505,"Kunai":322,"Replay:Wax Seal":531,"ats:Rhine Circuitry":270,"MerchantsRug":201,"testmod-IntensifyImprint":456,"testmod-TestBox":0,"Pear":322,"AT_Manta":531,"testmod-Register":0,"DemoMod:OrangeGuonStone":129,"Blue Candle":344,"ats:Attack":597,"Pen Nib":305,"testmod-Fortitude":512,"AT_SpeedBoots":260,"DemoMod:MeatBun":322,"AT_TheCollector":415,"Bird Faced Urn":573,"DemoMod:SerJunkan":281,"vexMod:ImprovementManual":563,"vexMod:PlasmaPancake":26,"Lantern":531,"testmod-Temperance":427,"testmod-EqualTreatment":348,"Blue Doll":558,"Bag of Preparation":315,"Smiling Mask":456,"Replay:Rubber Ducky":201,"Toolbox":214,"ats:Sanity":0,"Chemical X":301,"Potion Belt":127,"testmod-Muramasa":553,"NeowsBlessing":0,"DemoMod:WeirdEgg":456,"The Courier":69,"Omamori":201,"testmod-TurbochargingSystem":69,"ats:Gyao":228,"AT_BellowingDragoncrestRing":214,"ats:Originium":11,"Orrery":179,"ats:Tactical Delivery":162,"Bottled Lightning":179,"Ice Cream":260,"Gremlin Horn":237,"Vajra":597,"DemoMod:GlassGuonStoneRelic":1,"AT_ArchangelStaff":505,"Centennial Puzzle":597,"HornCleat":456,"DollysMirror":260,"DemoMod:Metronome":267,"Honey Jar":467,"AT_RedNoBalance":427,"AT_GuinsooRageblade":297,"Happy Flower":173,"vexMod:ScavengeHelm":415,"testmod-FatalChain":54,"Oddly Smooth Stone":129,"AT_PhaseBoots":288,"AT_SilverBalance":398,"vexMod:PaidLearning":39,"Replay:Kaleidoscope":39,"War Paint":558,"Question Card":518,"WarpedTongs":582,"vexMod:Cooldron":153,"testmod-Acrobat":208,"Bronze Scales":597,"Simple Rune":11,"Onion Ring":284,"ReplayTheSpireMod:TigerMarble":47,"Nloth\u0027s Gift":456,"AT_DeathDance":166,"Grinning Jar":538,"Mirror":148,"ReplayFunnel":322,"AT_SeraphEmbrace":548,"ats:Ability Aura":26,"Incense Burner":292,"testmod-Nyarlathotep":3,"DemoMod:WhiteGuonStone":267,"Replay:Mystery Machine":531,"testmod-CrystalShield":81,"Replay:Bandana":559,"testmod-InjuryResistance":450,"Gambling Chip":260,"Pantograph":553,"testmod-Déjàvu":0,"Red Mask":129,"DemoMod:Junk":310,"Gremlin Food":319,"BargainBundle":166,"vexMod:ConsolationPrize":26,"AT_BladeRuinedKing":305,"Orichalcum":569,"testmod-IndustrialRevolution":46,"Medical Kit":597,"Calling Bell":26,"vexMod:Dragonfruit":292,"Peace Pipe":341,"testmod-Antiphasic":598,"Pondfish Scales":220,"Anchor":301,"vexMod:BarristanHead":228,"Membership Card":315,"TungstenRod":586}],"TungstenRod":66},"card_choices":[{"not_picked":["ats:Revitalization","ats:Poison Spread"],"picked":"ats:Leaping Hammer","floor":1.0},{"not_picked":["ats:Childhood Dance","ats:Guardian Obelisk"],"picked":"ats:Shell Defense","floor":2.0},{"not_picked":["ats:Hammer On","ats:Leaping Hammer"],"picked":"ats:Red Shift","floor":4.0},{"not_picked":["ats:Assault Order","ats:Neurotoxin","ats:Directed Diagnosis"],"picked":"SKIP","floor":7.0},{"not_picked":["ats:Explosion Area Strengthen","ats:Ignite","ats:Ambush","ats:Guardian Obelisk"],"picked":"SKIP","floor":8.0},{"not_picked":["ats:Childhood Dance","ats:Poison Spread","ats:Revitalization"],"picked":"ats:Thermite Blade","floor":10.0},{"not_picked":["ats:Leaping Hammer","ats:Sunburst","ats:Soul Absorption"],"picked":"ats:True Silver Slash","floor":11.0},{"not_picked":["ats:Closed Bolt Burst Fire","ats:Thermite Blade","ats:Very Hot Blade"],"picked":"ats:Song Of Battle","floor":14.0},{"not_picked":["ats:Fractured Body","ats:Calcification","ats:Nebulous Foxfire"],"picked":"ats:Durian","floor":16.0},{"not_picked":["ats:Flexible Camouflage","ats:Automatic Cover","ats:Poison Spread"],"picked":"ats:Support Order","floor":18.0},{"not_picked":["ats:Directed Diagnosis+1","ats:Leaping Hammer+1","ats:Childhood Dance","ats:Cat Scratch"],"picked":"SKIP","floor":21.0},{"not_picked":["ats:Shell Defense","ats:Fractured Body","ats:Poison Spread","ats:Flexible Camouflage"],"picked":"SKIP","floor":22.0},{"not_picked":["ats:Neurotoxin","ats:Dogmatic Field","ats:Healing Drone"],"picked":"ats:Demon Strength","floor":23.0},{"not_picked":["ats:Very Hot Blade","ats:Counter Healing Mode+1","ats:Red Shift+1","ats:Cat Scratch"],"picked":"SKIP","floor":24.0},{"not_picked":["ats:Soul Absorption","ats:Healing Strengthening","ats:Sword Rain","ats:Overload"],"picked":"SKIP","floor":25.0},{"not_picked":["ats:Sword Rain+1","ats:Explosion Area Strengthen","ats:Apocalypse","ats:Poison Spread"],"picked":"SKIP","floor":27.0},{"not_picked":["ats:Assault Order+1","ats:Mental Burst","ats:Burning Ground","ats:Childhood Dance"],"picked":"SKIP","floor":28.0},{"not_picked":["ats:Consecutive Shot Auto","ats:Flexible Camouflage","ats:Childhood Dance"],"picked":"ats:Shadow Assault","floor":29.0},{"not_picked":["ats:Neurotoxin","ats:Flexible Camouflage","ats:Magnetic Hammer","ats:Thorns"],"picked":"SKIP","floor":31.0},{"not_picked":["ats:Rat Pack","ats:Dogmatic Field","ats:Nebulous Foxfire"],"picked":"ats:Calcification","floor":33.0},{"not_picked":["ats:Cat Scratch+1","ats:Leaping Hammer+1","ats:Poison Spread+1","ats:Automatic Cover"],"picked":"SKIP","floor":35.0},{"not_picked":["ats:Healing Strengthening+1","ats:Guardian Obelisk+1","ats:Demon Strength","ats:Healing Drone"],"picked":"SKIP","floor":36.0},{"not_picked":["ats:Red Shift+1","ats:Cat Scratch+1","ats:Thorns"],"picked":"ats:Flexible Camouflage","floor":38},{"not_picked":["ats:Ignite+1","ats:Counter Healing Mode","ats:Powerful Strike+1","ats:Steam Pump"],"picked":"SKIP","floor":41},{"not_picked":["ats:Explosion Area Strengthen","ats:Thermite Blade","ats:Burning Ground"],"picked":"ats:Charging Defense","floor":44},{"not_picked":["ats:Flexible Camouflage","ats:Leaping Hammer","ats:Childhood Dance+1","ats:Magnetic Hammer"],"picked":"SKIP","floor":45},{"not_picked":["ats:True Silver Slash","ats:Hammer On","ats:Charging Defense+1","ats:Explosion Area Strengthen+1"],"picked":"SKIP","floor":47},{"not_picked":["ats:Assault Order","ats:Flexible Camouflage+1","ats:Neurotoxin+1","ats:Explosion Area Strengthen+1"],"picked":"SKIP","floor":48},{"not_picked":["ats:Assault Order","ats:Poison Spread+1","ats:Hammer On","ats:Childhood Dance"],"picked":"SKIP","floor":54}],"player_experience":425789,"relics_obtained":[{"floor":7.0,"key":"ats:Originium"},{"floor":7.0,"key":"Question Card"},{"floor":9.0,"key":"Gremlin Horn"},{"floor":11.0,"key":"ats:Originium"},{"floor":11.0,"key":"Replay:Mystery Machine"},{"floor":14.0,"key":"ats:Originium"},{"floor":14.0,"key":"Omamori"},{"floor":23.0,"key":"HornCleat"},{"floor":25.0,"key":"testmod-Muramasa"},{"floor":26.0,"key":"Pantograph"},{"floor":27.0,"key":"testmod-Acrobat"},{"floor":29.0,"key":"Blue Doll"},{"floor":31.0,"key":"Replay:Bandana"},{"floor":41,"key":"Bird Faced Urn"},{"floor":44,"key":"Simple Rune"},{"floor":47,"key":"TungstenRod"},{"floor":54,"key":"testmod-Antiphasic"}],"event_choices":[{"damage_healed":0.0,"max_hp_gain":0.0,"max_hp_loss":0.0,"gold_gain":0.0,"cards_transformed":["ats:Defend"],"event_name":"Transmorgrifier","player_choice":"Transformed","floor":3.0,"gold_loss":0.0,"damage_taken":0.0,"cards_obtained":["ats:Steam Pump"]},{"damage_healed":0.0,"max_hp_gain":0.0,"max_hp_loss":0.0,"gold_gain":400.0,"event_name":"恩洛斯的盘子","player_choice":"Sell","floor":12.0,"relics_lost":["testmod-TestBox"],"gold_loss":0.0,"damage_taken":0.0},{"damage_healed":18,"gold_gain":0,"player_choice":"Writhe","damage_taken":0,"max_hp_gain":0,"max_hp_loss":0,"event_name":"Winding Halls","floor":39,"gold_loss":0,"cards_obtained":["Writhe"]},{"damage_healed":0,"gold_gain":0,"player_choice":"Copied","damage_taken":0,"max_hp_gain":0,"max_hp_loss":0,"event_name":"Duplicator","floor":42,"gold_loss":0,"cards_obtained":["ReplayTheSpireMod:Private Reserves"]},{"damage_healed":0,"gold_gain":0,"player_choice":"Rummage","damage_taken":0,"relics_obtained":["WarpedTongs"],"max_hp_gain":0,"max_hp_loss":0,"event_name":"Accursed Blacksmith","floor":46,"gold_loss":0,"cards_obtained":["Pain"]}],"is_beta":false,"boss_relics":[{"not_picked":["testmod-EnergyCheck","testmod-PortableAltar"],"picked":"testmod-Prudence"},{"not_picked":["ats:Omniscience","Replay:Bronze Core"],"picked":"vexMod:ImprovementManual"}],"items_purged_floors":[0,13,30,37,52,52,53],"is_endless":false,"potions_floor_spawned":[2,7,8,14,18,24,28,31,38,44,47],"ascension_level":3}}