{"host":"llhd11jd6h92zheo","time":1610283748,"event":{"mods":["Act Like it!","BaseMod","Chen","Friendly Minions","Mari Mod (Legacy)","Mari\u0027s V1 Patch","Marisa£®ÏF”Í°°ƒß¿Ì…≥£©","Minty Spire (QoL Compilation)","Quick Restart","Reimu£®≤©¿ˆ¡È√Œ£©","Relic Stats","Replay The Spire","StSLib","The Alterego","The Bug Knight","The Marked","The Servant 0.9.4","UnlockEverythingMod","Yohane!","Yuri Mod","vexMod","°æ“≈ŒÔø®≈∆°øREMEMod"],"gold_per_floor":[8888,8515,8515,8515,7943,7943,7977,7977,7977,8006,8006,8006,8015,8044,8044],"floor_reached":14,"playtime":933,"items_purged":["Mayhem","MariMod:Mari_Strike"],"score":74,"play_id":"fb60788e-f50d-4bdf-9544-d636851b2e67","local_time":"20210110210228","is_ascension_mode":false,"campfire_choices":[{"floor":6,"key":"RECALL"}],"circlet_count":0,"master_deck":["MariMod:Mari_Strike","MariMod:Mari_Strike","MariMod:Mari_Strike","MariMod:Mari_Strike","MariMod:Mari_Defend","MariMod:Mari_Defend","MariMod:Mari_Defend","MariMod:Mari_Defend","MariMod:Mari_Defend","MariMod:Mari_Reminisce","MariMod:Mari_Debut","REME_AllRoundStrike","MariMod:Mari_Defend"],"relics":["MariMod:MariTheSpark","REME_ComplimentaryCards","NeowsBlessing","Ancient Tea Set","Replay:Baseball","CeramicFish","Replay:Bandana","Odd Mushroom","Bag of Preparation"],"acts_visited":["Exordium"],"potions_floor_usage":[14],"damage_taken":[{"damage":0.0,"enemies":"Cultist","floor":1.0,"turns":1.0},{"damage":0,"enemies":"The Mushroom Lair","floor":7,"turns":1},{"damage":0,"enemies":"2 Louse","floor":10,"turns":1},{"damage":35,"enemies":"Lagavulin","floor":14,"turns":8}],"seed_played":"1401923268447343700","potions_obtained":[{"floor":7,"key":"LiquidBronze"},{"floor":10,"key":"SkillPotion"}],"is_trial":false,"path_per_floor":["M","$","?","?","$","R","?","PTL","PTL","M","T","?","?","E"],"character_chosen":"MARI","items_purchased":["Ancient Tea Set","Replay:Baseball","REME_AllRoundStrike","CeramicFish","Replay:Bandana"],"campfire_rested":0,"item_purchase_floors":[2,2,5,5,5],"current_hp_per_floor":[72,72,77,77,77,77,77,77,77,77,77,59,52,17,17],"gold":8044,"neow_bonus":"THREE_ENEMY_KILL","is_daily":false,"chose_seed":false,"campfire_upgraded":0,"win_rate":0.0,"timestamp":1610283748,"path_taken":["M","$","?","?","$","R","?","PTL","PTL","?","T","?","?","E"],"items_purchased_type":["Relic","Relic","Card","Relic","Relic"],"build_version":"2020-12-22","purchased_purges":2,"victory":false,"max_hp_per_floor":[72,72,77,77,77,77,77,77,77,77,77,77,77,77,77],"relic_stats":{"counters":[4,11],"CeramicFish":9,"Bag of Preparation":[2],"obtain_stats":[{"MariMod:MariTheSpark":0,"Replay:Baseball":2,"Replay:Bandana":5,"NeowsBlessing":0,"CeramicFish":5,"Bag of Preparation":12,"Odd Mushroom":7,"Ancient Tea Set":2,"REME_ComplimentaryCards":0},{"MariMod:MariTheSpark":0,"Replay:Baseball":1,"Replay:Bandana":1,"NeowsBlessing":0,"CeramicFish":1,"Bag of Preparation":3,"Odd Mushroom":2,"Ancient Tea Set":1,"REME_ComplimentaryCards":0},{"MariMod:MariTheSpark":0,"Replay:Baseball":1,"Replay:Bandana":1,"NeowsBlessing":0,"CeramicFish":1,"Bag of Preparation":3,"Odd Mushroom":2,"Ancient Tea Set":1,"REME_ComplimentaryCards":0}]},"card_choices":[{"not_picked":["alterego_mod:Complex","MariMod:Mari_Its_Joke","alterego_mod:Skirt"],"picked":"SKIP","floor":1},{"not_picked":["MariMod:Mari_Kyu","MariMod:Mari_Fragile_Hope","MariMod:Mari_Awe"],"picked":"SKIP","floor":10}],"player_experience":291701,"relics_obtained":[{"floor":7,"key":"Odd Mushroom"}],"event_choices":[{"damage_healed":0,"gold_gain":0,"player_choice":"Donut","damage_taken":0,"max_hp_gain":5,"max_hp_loss":0,"event_name":"Big Fish","floor":3,"gold_loss":0},{"damage_healed":0,"gold_gain":0,"player_choice":"Fought Mushrooms","damage_taken":0,"max_hp_gain":0,"max_hp_loss":0,"event_name":"Mushrooms","floor":7,"gold_loss":0},{"damage_healed":0,"gold_gain":0,"player_choice":"Success","damage_taken":18,"relics_obtained":["Bag of Preparation"],"max_hp_gain":0,"max_hp_loss":0,"event_name":"Scrap Ooze","floor":12,"gold_loss":0}],"is_beta":false,"boss_relics":[],"items_purged_floors":[2,5],"is_endless":false,"potions_floor_spawned":[7,10],"killed_by":"Lagavulin","ascension_level":0}}