{"host":"tmzq6unyecs2p367","time":1610277066,"event":{"mods":["BaseMod","Koishi","Minty Spire (QoL Compilation)","StSLib","The Bug Knight","The Dragon Tamer","The Juggle","The Senshi"],"gold_per_floor":[115,115,125,144,157,190,190,223,223,223,223,233,251,271,271,371,371,381,413,338,253,253,253,267,267,267,287,297,28,59,59,59,158,158,172,172,172,82,93,121,121,150,201,215,242,253,266,23,23,23],"floor_reached":51,"playtime":2730,"items_purged":["DTMod:Strike"],"score":890,"play_id":"9cdd67a0-ae44-4cf1-a2c7-e36cecddb3ea","local_time":"20210110121106","is_ascension_mode":false,"metric_token":531,"campfire_choices":[{"data":"DTMod:SealedStrike","floor":7,"key":"SMITH"},{"data":"DTMod:SealedStrike+1","floor":10,"key":"SMITH"},{"data":"DTMod:SealedStrike+2","floor":15,"key":"SMITH"},{"data":"DTMod:SealedStrike+3","floor":23,"key":"SMITH"},{"data":"DTMod:SealedStrike+4","floor":25,"key":"SMITH"},{"data":"DTMod:WarmUp","floor":32,"key":"SMITH"},{"data":"DTMod:DarkBreath","floor":41,"key":"SMITH"},{"data":"DTMod:Dissolve","floor":49,"key":"SMITH"}],"dtmod_dragon_data":[50,50,1,3,8,2],"circlet_count":0,"master_deck":["DTMod:Strike+1","DTMod:Strike+1","DTMod:DoubleHit+1","DTMod:TargetDefense+1","DTMod:TargetDefense+1","DTMod:SwitchingTactic+1","DTMod:PurifyingFlame+1","DTMod:ComboAttack+1","DTMod:EchoTactic+1","DTMod:Astonish+1","DTMod:SealedStrike+5","DTMod:TriAttack+1","DTMod:MagiciansMark+1","DTMod:ShadowImage+1","DTMod:FlameSlash+1","DTMod:Adaptation+1","DTMod:HeatWave+1","DTMod:CalculatedDefense","DTMod:BalancedStrike","DTMod:WarmUp+1","DTMod:CrossStep+1","Panacea","DTMod:StarRain","DTMod:ExcessFootwork+1","CurseOfTheBell","DTMod:Dissolve+1","DTMod:DarkBreath+1","DTMod:StunTrap","DTMod:MaximumCharge","DTMod:Shift+1","DTMod:Astonish","DTMod:DragonDance+1"],"relics":["DTMod:MagicStone","theSenshi:SpiralHeartMoonRodRelic","War Paint","Matryoshka","Odd Mushroom","Red Mask","StrikeDummy","Happy Flower","Akabeko","Medical Kit","Bronze Scales","Calling Bell","Toy Ornithopter","Letter Opener","CaptainsWheel","Centennial Puzzle","Juzu Bracelet","MealTicket","Strawberry","Oddly Smooth Stone","Bottled Tornado","Ornamental Fan"],"acts_visited":["Exordium","TheCity","TheBeyond"],"potions_floor_usage":[5,14,16,19,19,33,42,50],"damage_taken":[{"damage":3,"enemies":"Jaw Worm","floor":1,"turns":4},{"damage":0,"enemies":"Cultist","floor":3,"turns":3},{"damage":0,"enemies":"2 Louse","floor":4,"turns":2},{"damage":0,"enemies":"Lots of Slimes","floor":5,"turns":4},{"damage":5,"enemies":"Lagavulin","floor":6,"turns":6},{"damage":0,"enemies":"HollowMod:MossKnight","floor":8,"turns":6},{"damage":0,"enemies":"Large Slime","floor":12,"turns":4},{"damage":0,"enemies":"Looter","floor":13,"turns":3},{"damage":0,"enemies":"The Mushroom Lair","floor":14,"turns":3},{"damage":0,"enemies":"Slime Boss","floor":16,"turns":9},{"damage":0,"enemies":"Shell Parasite","floor":18,"turns":4},{"damage":1,"enemies":"Masked Bandits","floor":19,"turns":3},{"damage":0,"enemies":"Spheric Guardian","floor":24,"turns":3},{"damage":0,"enemies":"3 Cultists","floor":27,"turns":4},{"damage":4,"enemies":"Centurion and Healer","floor":28,"turns":3},{"damage":0,"enemies":"HollowMod:Nosk","floor":30,"turns":6},{"damage":34,"enemies":"Automaton","floor":33,"turns":9},{"damage":6,"enemies":"3 Shapes","floor":35,"turns":3},{"damage":0,"enemies":"Orb Walker","floor":39,"turns":4},{"damage":0,"enemies":"Giant Head","floor":40,"turns":9},{"damage":0,"enemies":"Reptomancer","floor":42,"turns":8},{"damage":21,"enemies":"Maw","floor":44,"turns":7},{"damage":9,"enemies":"Giant Head","floor":45,"turns":7},{"damage":0,"enemies":"3 Darklings","floor":46,"turns":5},{"damage":0,"enemies":"Transient","floor":47,"turns":5},{"damage":6,"enemies":"Time Eater","floor":50,"turns":8}],"seed_played":"8772431067778327725","potions_obtained":[{"floor":4,"key":"BlessingOfTheForge"},{"floor":6,"key":"LiquidBronze"},{"floor":8,"key":"Ancient Potion"},{"floor":12,"key":"SneckoOil"},{"floor":14,"key":"DistilledChaos"},{"floor":16,"key":"Explosive Potion"},{"floor":19,"key":"Dexterity Potion"},{"floor":28,"key":"DuplicationPotion"},{"floor":30,"key":"Swift Potion"},{"floor":33,"key":"Weak Potion"},{"floor":39,"key":"SteroidPotion"},{"floor":44,"key":"BlessingOfTheForge"},{"floor":45,"key":"Strength Potion"}],"is_trial":false,"path_per_floor":["M","?","M","M","M","E","R","E","T","R","?","M","M","?","R","B",null,"M","?","$","?","?","R","M","R","T","M","M","$","E","?","R","B",null,"M","T","?","?","M","E","R","E","T","M","E","M","M","$","R","B",null],"character_chosen":"THE_DT","items_purchased":["Medical Kit","DTMod:BalancedStrike","DTMod:WarmUp","Ornamental Fan"],"campfire_rested":0,"item_purchase_floors":[29,29,29,48],"current_hp_per_floor":[46,46,46,46,46,41,41,43,43,43,43,47,49,49,49,49,49,49,49,49,49,49,49,49,49,49,49,49,49,49,49,49,17,49,47,47,49,49,49,49,49,56,56,37,37,56,56,56,56,52],"gold":23,"neow_bonus":"TEN_PERCENT_HP_BONUS","is_daily":false,"chose_seed":false,"campfire_upgraded":8,"win_rate":0.0,"timestamp":1610277066,"path_taken":["M","?","M","?","M","E","R","E","T","R","?","M","?","?","R","BOSS","M","?","$","?","?","R","M","R","T","?","M","$","E","?","R","BOSS","M","?","?","?","M","E","R","E","T","M","E","M","M","?","R","BOSS"],"items_purchased_type":["Relic","Card","Card","Relic"],"build_version":"2020-12-22","purchased_purges":1,"victory":true,"max_hp_per_floor":[49,49,49,49,49,49,49,49,49,49,49,49,49,49,49,49,49,49,49,49,49,49,49,49,49,49,49,49,49,49,49,49,49,49,49,49,49,49,49,49,49,56,56,56,56,56,56,56,56,56],"card_choices":[{"not_picked":["DTMod:Threaten","DTMod:StarRain"],"picked":"DTMod:PurifyingFlame","floor":1},{"not_picked":["DTMod:MasterPlan","DTMod:Threaten"],"picked":"DTMod:ComboAttack","floor":3},{"not_picked":["DTMod:BreakAttack","DTMod:QuickFly"],"picked":"DTMod:EchoTactic","floor":4},{"not_picked":["DTMod:ComboAttack","DTMod:HeatWave"],"picked":"DTMod:Astonish","floor":5},{"not_picked":["DTMod:Astonish","DTMod:BreakAttack"],"picked":"DTMod:SealedStrike","floor":6},{"not_picked":["DTMod:MasterPlan","DTMod:ForkedFire"],"picked":"DTMod:TriAttack","floor":8},{"not_picked":["DTMod:Feint","DTMod:Threaten"],"picked":"DTMod:MagiciansMark","floor":12},{"not_picked":["DTMod:HeatWave","DTMod:Astonish","DTMod:CleansingStrike"],"picked":"SKIP","floor":13},{"not_picked":["DTMod:OpeningTactic","DTMod:Outburst"],"picked":"DTMod:ShadowImage","floor":16},{"not_picked":["DTMod:MagiciansMark","DTMod:TagTeam"],"picked":"DTMod:FlameSlash","floor":18},{"not_picked":["DTMod:Punisher","DTMod:TagTeam"],"picked":"DTMod:Adaptation","floor":19},{"not_picked":["DTMod:BlazingStrike","DTMod:BurningEnergy","DTMod:RecklessFlurry"],"picked":"SKIP","floor":24},{"not_picked":["DTMod:Feint","DTMod:Threaten","DTMod:FlameSlash+1"],"picked":"SKIP","floor":27},{"not_picked":["DTMod:BizarreTactic","DTMod:CrossStep"],"picked":"DTMod:CalculatedDefense","floor":28},{"not_picked":["DTMod:RecklessFlurry","DTMod:BreakAttack"],"picked":"DTMod:CrossStep+1","floor":30},{"not_picked":["DTMod:EchoTactic","DTMod:TriAttack"],"picked":"DTMod:ExcessFootwork","floor":33},{"not_picked":["DTMod:FlameSlash","DTMod:ShieldDrain"],"picked":"DTMod:Dissolve","floor":35},{"not_picked":["DTMod:Coolant","DTMod:BurningEnergy+1","DTMod:BalancedStrike+1"],"picked":"SKIP","floor":39},{"not_picked":["DTMod:Feint","DTMod:Weaken"],"picked":"DTMod:DarkBreath","floor":40},{"not_picked":["DTMod:Threaten","DTMod:MagicField+1"],"picked":"DTMod:StunTrap","floor":42},{"not_picked":["DTMod:Training+1","DTMod:Shift+1"],"picked":"DTMod:MaximumCharge","floor":44},{"not_picked":["DTMod:Threaten+1","DTMod:BizarreTactic+1"],"picked":"DTMod:Shift+1","floor":45},{"not_picked":["DTMod:Cover","DTMod:Feint"],"picked":"DTMod:Astonish","floor":46},{"not_picked":["DTMod:BurningEnergy","DTMod:StarRain+1"],"picked":"DTMod:DragonDance+1","floor":47}],"player_experience":1813429,"relics_obtained":[{"floor":6,"key":"theSenshi:SpiralHeartMoonRodRelic"},{"floor":8,"key":"War Paint"},{"floor":9,"key":"Matryoshka"},{"floor":14,"key":"Odd Mushroom"},{"floor":19,"key":"Red Mask"},{"floor":26,"key":"Happy Flower"},{"floor":26,"key":"Akabeko"},{"floor":30,"key":"Bronze Scales"},{"floor":34,"key":"Toy Ornithopter"},{"floor":34,"key":"Letter Opener"},{"floor":34,"key":"CaptainsWheel"},{"floor":36,"key":"Centennial Puzzle"},{"floor":36,"key":"Juzu Bracelet"},{"floor":40,"key":"MealTicket"},{"floor":42,"key":"Strawberry"},{"floor":43,"key":"Oddly Smooth Stone"},{"floor":45,"key":"Bottled Tornado"}],"event_choices":[{"cards_removed":["DTMod:TargetDefense"],"damage_healed":0,"gold_gain":0,"player_choice":"Took Card","damage_taken":0,"max_hp_gain":0,"max_hp_loss":0,"event_name":"NoteForYourself","floor":2,"gold_loss":0,"cards_obtained":["Defend_P"]},{"cards_removed":["DTMod:Strike"],"damage_healed":0,"gold_gain":0,"player_choice":"Purged","damage_taken":0,"max_hp_gain":0,"max_hp_loss":0,"event_name":"Purifier","floor":11,"gold_loss":0},{"damage_healed":0,"gold_gain":0,"player_choice":"Fought Mushrooms","damage_taken":0,"max_hp_gain":0,"max_hp_loss":0,"event_name":"Mushrooms","floor":14,"gold_loss":0},{"damage_healed":0,"gold_gain":0,"player_choice":"Fought Bandits","damage_taken":0,"max_hp_gain":0,"max_hp_loss":0,"event_name":"Masked Bandits","floor":19,"gold_loss":0},{"damage_healed":0,"gold_gain":0,"player_choice":"Obtained Relic","damage_taken":0,"relics_obtained":["StrikeDummy"],"max_hp_gain":0,"max_hp_loss":0,"event_name":"Addict","floor":21,"gold_loss":85},{"damage_healed":0,"gold_gain":0,"cards_transformed":["Defend_P"],"player_choice":"Transformed","damage_taken":0,"max_hp_gain":0,"max_hp_loss":0,"event_name":"Transmorgrifier","floor":22,"gold_loss":0,"cards_obtained":["DTMod:HeatWave"]},{"damage_healed":0,"gold_gain":0,"player_choice":"2 cards matched","damage_taken":0,"max_hp_gain":0,"max_hp_loss":0,"event_name":"Match and Keep!","floor":31,"gold_loss":0,"cards_obtained":["Panacea","DTMod:StarRain"]},{"damage_healed":2,"gold_gain":0,"player_choice":"Full Heal","damage_taken":0,"max_hp_gain":0,"max_hp_loss":0,"event_name":"Wheel of Change","floor":37,"gold_loss":0},{"cards_removed":["DTMod:TargetDefense"],"damage_healed":0,"gold_gain":0,"player_choice":"Upgrade and Remove","damage_taken":0,"max_hp_gain":0,"max_hp_loss":0,"event_name":"Designer","floor":38,"gold_loss":90,"cards_upgraded":["DTMod:ExcessFootwork"]}],"is_beta":false,"boss_relics":[{"not_picked":["Empty Cage","Pandora\u0027s Box"],"picked":"DTMod:MagicStone"},{"not_picked":["Philosopher\u0027s Stone","Velvet Choker"],"picked":"Calling Bell"}],"items_purged_floors":[20],"is_endless":false,"potions_floor_spawned":[4,6,8,12,14,16,19,28,30,33,39,44,45,46],"ascension_level":0}}