{"host":"5wznv0010959mrmz","time":1610285476,"event":{"mods":["BaseMod","Highlight Path","Minty Spire (QoL Compilation)","Relic Stats"],"gold_per_floor":[114,126,146,162,162,196,196,196,196,196,271,271,271],"floor_reached":12,"playtime":306,"items_purged":[],"score":156,"play_id":"b1fe18a1-55a1-495f-870a-8ea4736de0f9","local_time":"20210110073116","is_ascension_mode":true,"campfire_choices":[{"data":"Terror","floor":8,"key":"SMITH"}],"circlet_count":0,"master_deck":["AscendersBane","Strike_G","Strike_G","Strike_G","Defend_G","Defend_G","Defend_G","Defend_G+1","Survivor+1","Neutralize","After Image","Skewer","Dagger Spray","Terror+1","Cloak And Dagger","Backflip+1"],"relics":["Ring of the Snake","Toxic Egg 2","Bottled Lightning"],"acts_visited":["Exordium"],"potions_floor_usage":[6,6],"damage_taken":[{"damage":4,"enemies":"Jaw Worm","floor":1,"turns":4},{"damage":2,"enemies":"Small Slimes","floor":2,"turns":4},{"damage":0,"enemies":"Cultist","floor":3,"turns":2},{"damage":3,"enemies":"Looter","floor":4,"turns":4},{"damage":8,"enemies":"Lagavulin","floor":6,"turns":8},{"damage":26,"enemies":"Gremlin Nob","floor":12,"turns":3}],"seed_played":"-4827788277850132061","potions_obtained":[{"floor":2,"key":"SpeedPotion"},{"floor":3,"key":"SpeedPotion"},{"floor":6,"key":"CultistPotion"}],"is_trial":false,"path_per_floor":["M","M","M","M","?","E","?","R","T","?","?","E"],"character_chosen":"THE_SILENT","items_purchased":[],"campfire_rested":0,"item_purchase_floors":[],"current_hp_per_floor":[55,53,53,50,55,47,27,27,27,27,16,0,0],"gold":271,"neow_bonus":"TRANSFORM_TWO_CARDS","is_daily":false,"chose_seed":false,"campfire_upgraded":1,"win_rate":0.0,"timestamp":1610285476,"path_taken":["M","M","M","M","?","E","?","R","T","?","?","E"],"items_purchased_type":[],"build_version":"2020-12-22","purchased_purges":0,"victory":false,"max_hp_per_floor":[60,60,60,60,65,65,65,65,65,65,65,65,65],"relic_stats":{"counters":[6,25],"obtain_stats":[{"Bottled Lightning":9,"Toxic Egg 2":6,"Ring of the Snake":0},{"Bottled Lightning":5,"Toxic Egg 2":5,"Ring of the Snake":0},{"Bottled Lightning":22,"Toxic Egg 2":22,"Ring of the Snake":0}],"Ring of the Snake":[12]},"card_choices":[{"not_picked":["Heel Hook","Endless Agony"],"picked":"Dagger Spray","floor":1},{"not_picked":["Underhanded Strike","Crippling Poison"],"picked":"Terror","floor":2},{"not_picked":["Concentrate","Underhanded Strike","Bane"],"picked":"SKIP","floor":3},{"not_picked":["PiercingWail","Accuracy"],"picked":"Cloak And Dagger","floor":4},{"not_picked":["Dagger Throw","Flying Knee"],"picked":"Backflip+1","floor":6}],"player_experience":434697,"relics_obtained":[{"floor":6,"key":"Toxic Egg 2"},{"floor":9,"key":"Bottled Lightning"}],"event_choices":[{"damage_healed":0,"gold_gain":0,"player_choice":"Donut","damage_taken":0,"max_hp_gain":5,"max_hp_loss":0,"event_name":"Big Fish","floor":5,"gold_loss":0},{"damage_healed":0,"gold_gain":0,"player_choice":"Entered Light","damage_taken":20,"max_hp_gain":0,"max_hp_loss":0,"event_name":"Shining Light","floor":7,"gold_loss":0,"cards_upgraded":["Survivor","Defend_G"]},{"cards_removed":["Defend_G"],"damage_healed":0,"gold_gain":0,"player_choice":"Forget","damage_taken":0,"max_hp_gain":0,"max_hp_loss":0,"event_name":"Living Wall","floor":10,"gold_loss":0},{"damage_healed":0,"gold_gain":75,"player_choice":"Gather Gold","damage_taken":11,"max_hp_gain":0,"max_hp_loss":0,"event_name":"World of Goop","floor":11,"gold_loss":0}],"is_beta":false,"boss_relics":[],"items_purged_floors":[],"is_endless":false,"potions_floor_spawned":[2,3,6],"killed_by":"Gremlin Nob","ascension_level":20}}