{"host":"skvwuvqqk8x6jusd","time":1610306458,"event":{"mods":["AchievementEnabler","BaseMod","Colored Map","Colored Powertips","Highlight Path","Minty Spire (QoL Compilation)","Relic Stats","Slay-I"],"gold_per_floor":[116,130,130,55,68,68,78,78,78,105,117,146,146,162,162,257,257,271,120,131,46,46,46,46,145,214,214,229,239,139,139,139,236,286,299,309,90,90,107,107,119,119,119,139,149,149,249,262,262,262,262],"floor_reached":50,"playtime":1177,"items_purged":["Defend_R","Parasite"],"score":478,"play_id":"ddce6a4b-91d5-4bd1-8846-3a6021c9ccd3","local_time":"20210110192058","is_ascension_mode":false,"campfire_choices":[{"data":"Infernal Blade","floor":6.0,"key":"SMITH"},{"data":"Perfected Strike","floor":15.0,"key":"SMITH"},{"data":"Perfected Strike","floor":23,"key":"SMITH"},{"data":"Dropkick","floor":27,"key":"SMITH"},{"data":"Double Tap","floor":32,"key":"SMITH"},{"data":"Double Tap","floor":40,"key":"SMITH"},{"data":"Sword Boomerang","floor":46,"key":"SMITH"},{"data":"Sword Boomerang","floor":49,"key":"SMITH"}],"circlet_count":0,"master_deck":["Strike_R","Strike_R+1","Strike_R","Strike_R","Strike_R","Defend_R","Defend_R","Bash","Infernal Blade+1","Dropkick+1","Anger","Perfected Strike+1","Bash","Discovery","Perfected Strike+1","Sword Boomerang+1","Dropkick","Flex","Double Tap+1","Flex","Sword Boomerang+1","Heavy Blade+1","Double Tap+1","Dropkick+1","Sword Boomerang+1","Pommel Strike+1","Whirlwind+1","Heavy Blade+1","Doubt","Pummel+1"],"relics":["Burning Blood","NeowsBlessing","Regal Pillow","Darkstone Periapt","Oddly Smooth Stone","PreservedInsect","Cursed Key","Brimstone","Mercury Hourglass","Molten Egg 2","Tiny House","Orichalcum","Spirit Poop","Sundial"],"acts_visited":["Exordium","TheCity","TheBeyond"],"potions_floor_usage":[16,16,33,39,45,48,48,50],"damage_taken":[{"damage":0.0,"enemies":"Jaw Worm","floor":1.0,"turns":1.0},{"damage":0.0,"enemies":"2 Louse","floor":2.0,"turns":1.0},{"damage":0.0,"enemies":"Cultist","floor":5.0,"turns":1.0},{"damage":7.0,"enemies":"Blue Slaver","floor":7.0,"turns":2.0},{"damage":22.0,"enemies":"3 Sentries","floor":10.0,"turns":5.0},{"damage":2.0,"enemies":"3 Louse","floor":11.0,"turns":2.0},{"damage":4.0,"enemies":"Gremlin Nob","floor":12.0,"turns":3.0},{"damage":11.0,"enemies":"Exordium Thugs","floor":14.0,"turns":3.0},{"damage":32,"enemies":"Hexaghost","floor":16,"turns":6},{"damage":4,"enemies":"Spheric Guardian","floor":18,"turns":3},{"damage":20,"enemies":"3 Byrds","floor":20,"turns":3},{"damage":0,"enemies":"Sentry and Sphere","floor":28,"turns":1},{"damage":8,"enemies":"3 Cultists","floor":29,"turns":3},{"damage":49,"enemies":"Automaton","floor":33,"turns":6},{"damage":12,"enemies":"3 Shapes","floor":35,"turns":2},{"damage":11,"enemies":"Orb Walker","floor":36,"turns":2},{"damage":0,"enemies":"3 Darklings","floor":39,"turns":1},{"damage":5,"enemies":"Writhing Mass","floor":41,"turns":3},{"damage":12,"enemies":"Sphere and 2 Shapes","floor":44,"turns":2},{"damage":11,"enemies":"Spire Growth","floor":45,"turns":2},{"damage":18,"enemies":"4 Shapes","floor":48,"turns":3},{"damage":106,"enemies":"Awakened One","floor":50,"turns":6}],"seed_played":"8243235324342157599","potions_obtained":[{"floor":1.0,"key":"Block Potion"},{"floor":5.0,"key":"LiquidBronze"},{"floor":7.0,"key":"Energy Potion"},{"floor":12.0,"key":"SpeedPotion"},{"floor":16,"key":"FearPotion"},{"floor":20,"key":"DistilledChaos"},{"floor":28,"key":"Fire Potion"},{"floor":29,"key":"Swift Potion"},{"floor":33,"key":"AttackPotion"},{"floor":34,"key":"SteroidPotion"},{"floor":35,"key":"Fire Potion"},{"floor":44,"key":"Regen Potion"},{"floor":48,"key":"Weak Potion"}],"is_trial":false,"path_per_floor":["M","M","?","$","M","R","M","?","T","E","M","E","?","M","R","B",null,"M","$","M","?","$","R","?","?","T","R","M","M","$","?","R","B",null,"M","M","$","?","M","R","M","?","T","M","M","R","?","M","R","B"],"character_chosen":"IRONCLAD","items_purchased":["Brimstone","Orichalcum","Whirlwind+1"],"campfire_rested":0,"item_purchase_floors":[19,37,37],"current_hp_per_floor":[80,80,73,73,79,79,78,78,78,62,66,68,68,63,63,37,80,80,80,66,66,66,66,66,66,72,72,78,76,76,76,76,33,88,82,77,77,77,83,83,90,90,96,90,90,90,90,78,78,0,0],"gold":262,"neow_bonus":"THREE_ENEMY_KILL","is_daily":false,"chose_seed":false,"campfire_upgraded":8,"win_rate":0.0,"timestamp":1610306458,"path_taken":["M","M","?","$","M","R","M","?","T","E","?","E","?","M","R","BOSS","M","$","M","?","?","R","?","?","T","R","?","M","$","?","R","BOSS","M","M","$","?","M","R","M","?","T","M","?","R","?","M","R","BOSS"],"items_purchased_type":["Relic","Relic","Card"],"build_version":"2020-12-22","purchased_purges":2,"victory":false,"max_hp_per_floor":[80,80,80,80,80,80,80,80,80,80,80,80,80,80,80,80,80,80,80,80,80,80,80,80,80,86,86,86,86,83,83,83,83,88,88,88,88,88,88,88,94,91,97,97,97,97,97,97,97,97,97],"relic_stats":{"Darkstone Periapt":18,"Regal Pillow":0,"counters":[22,61],"Sundial":[0],"PreservedInsect":0,"Orichalcum":[60],"Cursed Key":2,"obtain_stats":[{"Darkstone Periapt":10,"Regal Pillow":9,"Tiny House":34,"NeowsBlessing":0,"Oddly Smooth Stone":12,"Spirit Poop":42,"PreservedInsect":13,"Orichalcum":37,"Cursed Key":17,"Burning Blood":0,"Mercury Hourglass":21,"Brimstone":19,"Sundial":43,"Molten Egg 2":26},{"Darkstone Periapt":5,"Regal Pillow":4,"Tiny House":14,"NeowsBlessing":0,"Oddly Smooth Stone":7,"Spirit Poop":18,"PreservedInsect":7,"Orichalcum":16,"Cursed Key":9,"Burning Blood":0,"Mercury Hourglass":11,"Brimstone":10,"Sundial":18,"Molten Egg 2":11},{"Darkstone Periapt":10,"Regal Pillow":5,"Tiny House":40,"NeowsBlessing":0,"Oddly Smooth Stone":15,"Spirit Poop":48,"PreservedInsect":15,"Orichalcum":44,"Cursed Key":24,"Burning Blood":0,"Mercury Hourglass":30,"Brimstone":27,"Sundial":48,"Molten Egg 2":30}],"Burning Blood":112,"Mercury Hourglass":[153]},"card_choices":[{"not_picked":["Evolve","Clothesline"],"picked":"Infernal Blade","floor":1.0},{"not_picked":["Havoc","Sentinel"],"picked":"Dropkick","floor":2.0},{"not_picked":["Pommel Strike","Thunderclap"],"picked":"Anger","floor":5.0},{"not_picked":["Body Slam","True Grit"],"picked":"Perfected Strike","floor":7.0},{"not_picked":["Thunderclap","Berserk"],"picked":"Perfected Strike","floor":10.0},{"not_picked":["Ghostly Armor","Pommel Strike"],"picked":"Sword Boomerang","floor":11.0},{"not_picked":["Heavy Blade","Blood for Blood"],"picked":"Dropkick","floor":12.0},{"not_picked":["Burning Pact","Intimidate"],"picked":"Flex","floor":14.0},{"not_picked":["Corruption","Juggernaut"],"picked":"Double Tap","floor":16},{"not_picked":["Perfected Strike","Evolve"],"picked":"Flex","floor":18},{"not_picked":["Flex+1","Anger"],"picked":"Sword Boomerang","floor":20},{"not_picked":["Reaper+1","Blood for Blood+1"],"picked":"Heavy Blade+1","floor":28},{"not_picked":["Pommel Strike+1","Dual Wield","Power Through+1"],"picked":"SKIP","floor":29},{"not_picked":["Juggernaut","Exhume"],"picked":"Double Tap","floor":33},{"not_picked":["Clash+1","Pommel Strike+1"],"picked":"Dropkick+1","floor":34},{"not_picked":["Reckless Charge+1","Pommel Strike+1"],"picked":"Sword Boomerang+1","floor":35},{"not_picked":["Headbutt+1","Rupture+1"],"picked":"Pommel Strike+1","floor":36},{"not_picked":["Burning Pact","Dual Wield","Sever Soul+1"],"picked":"SKIP","floor":39},{"not_picked":["Feel No Pain+1","Inflame"],"picked":"Heavy Blade+1","floor":41},{"not_picked":["Immolate+1","Havoc+1","Entrench"],"picked":"SKIP","floor":44},{"not_picked":["Inflame","Rage+1"],"picked":"Pummel+1","floor":45},{"not_picked":["Sentinel+1","Pommel Strike+1","Entrench+1"],"picked":"SKIP","floor":48}],"player_experience":604275,"relics_obtained":[{"floor":9.0,"key":"Regal Pillow"},{"floor":10.0,"key":"Darkstone Periapt"},{"floor":12.0,"key":"Oddly Smooth Stone"},{"floor":26,"key":"Molten Egg 2"},{"floor":43,"key":"Sundial"}],"event_choices":[{"cards_removed":["Defend_R"],"damage_healed":0.0,"max_hp_gain":0.0,"max_hp_loss":0.0,"gold_gain":0.0,"event_name":"Golden Wing","player_choice":"Card Removal","floor":3.0,"gold_loss":0.0,"damage_taken":7.0},{"damage_healed":0.0,"max_hp_gain":0.0,"max_hp_loss":0.0,"gold_gain":0.0,"event_name":"Match and Keep!","player_choice":"2 cards matched","floor":8.0,"gold_loss":0.0,"damage_taken":0.0,"cards_obtained":["Bash","Discovery"]},{"damage_healed":0.0,"max_hp_gain":0.0,"max_hp_loss":0.0,"gold_gain":0.0,"event_name":"Dead Adventurer","player_choice":"Searched \u00271\u0027 times","floor":13.0,"gold_loss":0.0,"damage_taken":0.0,"relics_obtained":["PreservedInsect"]},{"damage_healed":0,"gold_gain":0,"player_choice":"Obtained Relic","damage_taken":0,"relics_obtained":["Mercury Hourglass"],"max_hp_gain":0,"max_hp_loss":0,"event_name":"Addict","floor":21,"gold_loss":85},{"damage_healed":0,"gold_gain":0,"player_choice":"Ignored","damage_taken":0,"max_hp_gain":0,"max_hp_loss":0,"event_name":"Vampires","floor":24,"gold_loss":0},{"damage_healed":0,"gold_gain":99,"player_choice":"Stole From Cult","damage_taken":0,"max_hp_gain":0,"max_hp_loss":0,"event_name":"Nest","floor":25,"gold_loss":0},{"damage_healed":0,"gold_gain":0,"player_choice":"Ignored","damage_taken":0,"max_hp_gain":0,"max_hp_loss":0,"event_name":"Cursed Tome","floor":31,"gold_loss":0},{"damage_healed":0,"gold_gain":0,"player_choice":"Ignored","damage_taken":0,"max_hp_gain":0,"max_hp_loss":0,"event_name":"Mysterious Sphere","floor":38,"gold_loss":0},{"cards_removed":["Parasite"],"damage_healed":0,"gold_gain":0,"player_choice":"Offered Curse","damage_taken":0,"relics_obtained":["Spirit Poop"],"max_hp_gain":0,"max_hp_loss":0,"event_name":"Bonfire Elementals","floor":42,"gold_loss":0},{"damage_healed":0,"gold_gain":100,"player_choice":"Pray","damage_taken":0,"max_hp_gain":0,"max_hp_loss":0,"event_name":"Golden Shrine","floor":47,"gold_loss":0}],"is_beta":false,"boss_relics":[{"not_picked":["Fusion Hammer","Empty Cage"],"picked":"Cursed Key"},{"not_picked":["Coffee Dripper","Runic Dome"],"picked":"Tiny House"}],"items_purged_floors":[4,30],"is_endless":false,"potions_floor_spawned":[1,5,7,12,16,20,28,29,33,35,44,48],"killed_by":"Awakened One","ascension_level":0}}