{"host":"h26iowzi6bk5r55d","time":1610277300,"event":{"mods":["ATMod(阿瑾Mod)","Arknights The Spire","Aspiration","BaseMod","Colored Powertips","Conspire","Downfall","Hermit","Minty Spire (QoL Compilation)","Relic Stats","Replay The Spire","Robot Space Explorer","RumiaBox-露米娅的神秘盒子","StSLib","The Alterego","[地精首领爬塔]The Maniac","vexMod","【遗物卡牌】REMEMod"],"gold_per_floor":[119,119,130,141,159,178,178,211,211,161,177,177,187,221,221,316,316,332,320,334,360,90,118,135,135,135,164,164,176,1,20,20,118,118,132,152,8,19,36,69,80,115,115,115,115,66,79,8,8,8],"floor_reached":51,"playtime":3660,"items_purged":["ats:Strike S","ats:Defend"],"score":563,"play_id":"e56c4400-de34-4e02-bceb-36fece241353","local_time":"20210110191500","is_ascension_mode":false,"campfire_choices":[{"data":"ats:Soul Rend","floor":12,"key":"SMITH"},{"data":"ats:Cat Scratch","floor":15,"key":"SMITH"},{"data":"ats:Composite Medical Shells","floor":25,"key":"SMITH"},{"data":"ats:Nebulous Foxfire","floor":28,"key":"SMITH"},{"data":"ats:Healing Strengthening","floor":32,"key":"SMITH"},{"data":"ats:True Silver Slash","floor":45,"key":"SMITH"},{"data":"ats:Thorns","floor":49,"key":"SMITH"}],"circlet_count":0,"master_deck":["ats:Strike C","ats:Strike G","ats:Armor Crushing Shot","ats:Defend","ats:Defend","ats:Defend","ats:Emotion Absorption+1","RobotSpaceExplorer:TrailblazerForm","AT_Desolate","ats:Chain Hook+1","ats:Apocalypse","ats:Chain Hook","ats:Assault Order","ats:Soul Rend+1","ats:Revitalization","ats:Cat Scratch+1","ats:Disruption Kick+1","ats:Shell Defense","ats:Composite Medical Shells+1","ats:Counter Healing Mode","ats:Nebulous Foxfire+1","ats:Thermite Blade+1","ats:Cat Scratch","ats:Healing Strengthening+1","ats:Dogmatic Field","ats:Wolf Pack","ats:Thorns+1","ats:True Silver Slash+1","ats:Apocalypse","ats:Composite Medical Shells"],"relics":["ats:Sanity Plus","REME_ComplimentaryCards","AT_ATBox","NeowsBlessing","AT_EbonyIvory","ats:Originium","Bottled Tornado","aspiration:StickyExplosives","PreservedInsect","Painkiller Herb","Whetstone","aspiration:ChemicalBlood","AT_RabadonDeathcap","MealTicket","TheAbacus","Boot","Replay:Multitool","Replay:Bottled Flurry"],"acts_visited":["Exordium","TheCity","TheBeyond"],"potions_floor_usage":[13,14,14,24,24,24,27,27,29,33,33,33,33,35,35,36,36,39,39,40,40,41,42,42,42,47,47,50,50,50,50,50,50],"damage_taken":[{"damage":0,"enemies":"Small Slimes","floor":1,"turns":1},{"damage":0,"enemies":"Cultist","floor":3,"turns":1},{"damage":0,"enemies":"Jaw Worm","floor":4,"turns":1},{"damage":0,"enemies":"Large Slime","floor":5,"turns":6},{"damage":2,"enemies":"3 Louse","floor":6,"turns":3},{"damage":13,"enemies":"Replay:BlueRogue","floor":8,"turns":4},{"damage":32,"enemies":"Exordium Thugs","floor":11,"turns":5},{"damage":13,"enemies":"Red Slaver","floor":13,"turns":3},{"damage":16,"enemies":"Gremlin Nob","floor":14,"turns":4},{"damage":23,"enemies":"Slime Boss","floor":16,"turns":16},{"damage":8,"enemies":"Chosen","floor":18,"turns":4},{"damage":36,"enemies":"2 Thieves","floor":19,"turns":5},{"damage":12,"enemies":"Centurion and Healer","floor":20,"turns":11},{"damage":42,"enemies":"Gremlin Leader","floor":23,"turns":6},{"damage":26,"enemies":"Snake Plant","floor":24,"turns":5},{"damage":21,"enemies":"Book of Stabbing","floor":27,"turns":4},{"damage":25,"enemies":"Snecko","floor":29,"turns":6},{"damage":15,"enemies":"Chosen and Byrds","floor":31,"turns":6},{"damage":76,"enemies":"Collector","floor":33,"turns":9},{"damage":33,"enemies":"3 Shapes","floor":35,"turns":3},{"damage":22,"enemies":"Orb Walker","floor":36,"turns":3},{"damage":41,"enemies":"Maw","floor":38,"turns":8},{"damage":95,"enemies":"Spire Growth","floor":39,"turns":6},{"damage":48,"enemies":"Nemesis","floor":40,"turns":6},{"damage":43,"enemies":"Jaw Worm Horde","floor":41,"turns":5},{"damage":41,"enemies":"Reptomancer","floor":42,"turns":7},{"damage":40,"enemies":"4 Shapes","floor":47,"turns":3},{"damage":120,"enemies":"Replay:Hell Engine","floor":50,"turns":9}],"seed_played":"6526007979046909537","potions_obtained":[{"floor":3,"key":"Regen Potion"},{"floor":4,"key":"CultistPotion"},{"floor":5,"key":"Energy Potion"},{"floor":16,"key":"Strength Potion"},{"floor":18,"key":"FearPotion"},{"floor":19,"key":"Ancient Potion"},{"floor":21,"key":"DuplicationPotion"},{"floor":21,"key":"Toxic Potion"},{"floor":24,"key":"Adrenaline Potion"},{"floor":27,"key":"SteroidPotion"},{"floor":33,"key":"Milkshake"},{"floor":33,"key":"Elixir"},{"floor":35,"key":"Fire Potion"},{"floor":38,"key":"LiquidBronze"},{"floor":38,"key":"Block Potion"},{"floor":39,"key":"Reflective Coating"},{"floor":40,"key":"Block Potion"},{"floor":41,"key":"Milkshake"},{"floor":42,"key":"Regen Potion"}],"is_trial":false,"path_per_floor":["M","?","M","M","M","M","?","E","T","?","M","R","M","E","R","B",null,"?","?","?","?","T","E","?","T","T","E","T","?","T","?","T","B",null,"?","?","T","?","?","E","?","E","T","?","T","T","?","T","T","B",null],"character_chosen":"DOCTOR_CLASS","items_purchased":["ats:Composite Medical Shells","Whetstone","ats:Healing Strengthening","TheAbacus","ats:Apocalypse","ats:Composite Medical Shells"],"campfire_rested":0,"item_purchase_floors":[22,22,30,37,46,48],"current_hp_per_floor":[72,72,72,72,72,71,59,51,51,51,27,27,20,16,16,34,72,71,47,72,54,54,33,22,22,22,39,39,34,49,58,58,72,72,47,43,58,72,45,70,65,49,49,49,49,64,51,66,66,77],"gold":8,"neow_bonus":"THREE_ENEMY_KILL","is_daily":false,"chose_seed":false,"campfire_upgraded":7,"win_rate":0.0,"timestamp":1610277300,"path_taken":["M","?","M","?","M","M","?","E","T","?","M","R","M","E","R","BOSS","?","?","?","?","T","E","?","T","T","E","T","?","?","?","T","BOSS","?","?","T","?","?","E","?","E","T","?","T","?","?","T","T","BOSS"],"items_purchased_type":["Card","Relic","Card","Relic","Card","Card"],"build_version":"2020-12-22","purchased_purges":2,"victory":true,"max_hp_per_floor":[72,72,72,72,72,72,72,72,72,72,72,72,72,72,72,72,72,72,72,72,72,72,72,72,72,72,72,72,72,72,72,72,72,72,72,72,72,72,72,72,72,72,72,72,72,72,77,77,77,77],"relic_stats":{"TheAbacus":[42],"counters":[28,150],"MealTicket":60,"PreservedInsect":191,"Whetstone":["ats:Disruption Kick","ats:Chain Hook"],"Boot":[38],"obtain_stats":[{"AT_RabadonDeathcap":26,"aspiration:StickyExplosives":9,"AT_ATBox":0,"ats:Sanity Plus":34,"NeowsBlessing":0,"Painkiller Herb":17,"AT_EbonyIvory":7,"PreservedInsect":14,"Replay:Multitool":42,"Whetstone":22,"Bottled Tornado":8,"Boot":40,"TheAbacus":37,"ats:Originium":8,"MealTicket":27,"Replay:Bottled Flurry":43,"ats:Sanity":0,"REME_ComplimentaryCards":0,"aspiration:ChemicalBlood":23},{"AT_RabadonDeathcap":15,"aspiration:StickyExplosives":6,"AT_ATBox":0,"ats:Sanity Plus":19,"NeowsBlessing":0,"Painkiller Herb":10,"AT_EbonyIvory":5,"PreservedInsect":9,"Replay:Multitool":26,"Whetstone":13,"Bottled Tornado":6,"Boot":24,"TheAbacus":21,"ats:Originium":6,"MealTicket":16,"Replay:Bottled Flurry":26,"ats:Sanity":0,"REME_ComplimentaryCards":0,"aspiration:ChemicalBlood":14},{"AT_RabadonDeathcap":75,"aspiration:StickyExplosives":16,"AT_ATBox":0,"ats:Sanity Plus":100,"NeowsBlessing":0,"Painkiller Herb":44,"AT_EbonyIvory":12,"PreservedInsect":28,"Replay:Multitool":138,"Whetstone":64,"Bottled Tornado":16,"Boot":126,"TheAbacus":106,"ats:Originium":16,"MealTicket":79,"Replay:Bottled Flurry":138,"ats:Sanity":0,"REME_ComplimentaryCards":0,"aspiration:ChemicalBlood":70}]},"card_choices":[{"not_picked":["ats:Revitalization","ats:Shadow Raid"],"picked":"ats:Chain Hook","floor":1},{"not_picked":["ats:Hammer On","ats:Closed Bolt Burst Fire"],"picked":"ats:Apocalypse","floor":3},{"not_picked":["ats:Explosion Area Strengthen","ats:Curse Doll"],"picked":"ats:Chain Hook","floor":4},{"not_picked":["ats:Consecutive Shot Auto","ats:Childhood Dance"],"picked":"ats:Assault Order","floor":5},{"not_picked":["ats:Hammer On","ats:Flexible Camouflage"],"picked":"ats:Soul Rend","floor":6},{"not_picked":["ats:Assault Order","ats:Encircling Forest","ats:Closed Bolt Burst Fire"],"picked":"SKIP","floor":8},{"not_picked":["ats:Guardian Obelisk","ats:Childhood Dance","ats:Hammer On"],"picked":"SKIP","floor":11},{"not_picked":["ats:Shadow Raid","ats:Burning Ground"],"picked":"ats:Revitalization","floor":13},{"not_picked":["ats:Closed Bolt Burst Fire","ats:Assault Order"],"picked":"ats:Cat Scratch","floor":14},{"not_picked":["ats:Rat Pack","ats:Volcano"],"picked":"ats:Disruption Kick","floor":16},{"not_picked":["ats:Childhood Dance","ats:Explosion Area Strengthen","ats:Flexible Camouflage+1"],"picked":"SKIP","floor":18},{"not_picked":["ats:Volcano","ats:Curse Doll"],"picked":"ats:Shell Defense","floor":19},{"not_picked":["ats:Hammer On+1","ats:Part Time Job","ats:Curse Doll"],"picked":"SKIP","floor":20},{"not_picked":["ats:Explosion Area Strengthen+1","ats:Childhood Dance"],"picked":"ats:Counter Healing Mode","floor":23},{"not_picked":["ats:Consecutive Shot Auto+1","ats:Revitalization"],"picked":"ats:Nebulous Foxfire","floor":24},{"not_picked":["ats:True Silver Slash","ats:Dogmatic Field"],"picked":"ats:Thermite Blade+1","floor":27},{"not_picked":["ats:Childhood Dance","ats:Guardian Obelisk"],"picked":"ats:Cat Scratch","floor":29},{"not_picked":["ats:Ignite","ats:Neurotoxin"],"picked":"ats:Dogmatic Field","floor":31},{"not_picked":["ats:Collapsing Strike","ats:Leaping Hammer","ats:Shell Defense"],"picked":"SKIP","floor":35},{"not_picked":["ats:Flexible Camouflage+1","ats:Assault Order+1","ats:Demon Strength"],"picked":"SKIP","floor":36},{"not_picked":["ats:Consecutive Shot Auto","ats:Leaping Hammer+1","ats:Revitalization"],"picked":"SKIP","floor":38},{"not_picked":["ats:Revitalization","ats:Powerful Strike"],"picked":"ats:Wolf Pack","floor":39},{"not_picked":["ats:Explosion Area Strengthen","ats:Mental Burst+1","ats:Revitalization+1"],"picked":"SKIP","floor":40},{"not_picked":["ats:Explosion Area Strengthen+1","ats:Powerful Strike"],"picked":"ats:Thorns","floor":41},{"not_picked":["ats:Hook Shot","ats:Directed Diagnosis"],"picked":"ats:True Silver Slash","floor":42},{"not_picked":["ats:Part Time Job","ats:Demon Strength","ats:Revitalization+1"],"picked":"SKIP","floor":47}],"player_experience":289772,"relics_obtained":[{"floor":8,"key":"ats:Originium"},{"floor":8,"key":"Bottled Tornado"},{"floor":9,"key":"aspiration:StickyExplosives"},{"floor":14,"key":"ats:Originium"},{"floor":14,"key":"PreservedInsect"},{"floor":23,"key":"ats:Originium"},{"floor":23,"key":"aspiration:ChemicalBlood"},{"floor":26,"key":"AT_RabadonDeathcap"},{"floor":27,"key":"MealTicket"},{"floor":40,"key":"ats:Originium"},{"floor":40,"key":"Boot"},{"floor":42,"key":"Replay:Multitool"},{"floor":43,"key":"Replay:Bottled Flurry"}],"event_choices":[{"damage_healed":0,"gold_gain":0,"player_choice":"Upgraded","damage_taken":0,"max_hp_gain":0,"max_hp_loss":0,"event_name":"Upgrade Shrine","floor":2,"gold_loss":0,"cards_upgraded":["ats:Emotion Absorption"]},{"damage_healed":0,"gold_gain":0,"player_choice":"Success","damage_taken":12,"relics_obtained":["AT_EbonyIvory"],"max_hp_gain":0,"max_hp_loss":0,"event_name":"Scrap Ooze","floor":7,"gold_loss":0},{"cards_removed":["ats:Strike V"],"damage_healed":0,"gold_gain":0,"player_choice":"Card Removal","damage_taken":0,"max_hp_gain":0,"max_hp_loss":0,"event_name":"The Cleric","floor":10,"gold_loss":50},{"damage_healed":0,"gold_gain":0,"player_choice":"Ignored","damage_taken":0,"max_hp_gain":0,"max_hp_loss":0,"event_name":"SecretPortal","floor":44,"gold_loss":0}],"is_beta":false,"boss_relics":[{"not_picked":["REME_DuelDisc","conspire:RunicOctahedron"],"picked":"Painkiller Herb"},{"not_picked":["AddBug","Honey Jar"],"picked":"ats:Sanity Plus"}],"items_purged_floors":[22,30],"is_endless":false,"potions_floor_spawned":[3,4,5,16,18,19,24,27,33,38,39,41,42,47],"ascension_level":0}}