{"host":"ss2ocoam53r2lno0","time":1610307657,"event":{"mods":["Act Like it!","BaseMod","ChefMod","Clockwork Mod","Colored Powertips","Curses Come First","Dark Map","Displayed Cursed Tome","Downfall","Evolution","Googly Eyes","Hallownest","Highlight Path","Minty Spire (QoL Compilation)","Poor People Problems","Rare Cards Sparkle","Robot Space Explorer","Shade Mod","Shop Mod","Spicy Shops","StSLib","The Marked"],"gold_per_floor":[111,122,133,153,170,202,202,222,222,222,222,222,222,257,257,356,356,368,387,387,387,387,412,424,464,502,514,542,583,47,75,75,172,172,185,197,72,72,92,127,41,41,66,66,66,92,32,32,32,32],"floor_reached":51,"playtime":6110,"items_purged":["Doubt"],"score":814,"play_id":"bbaf512a-fb5b-45be-bf6f-4643dda3ac07","local_time":"20210110204057","is_ascension_mode":false,"campfire_choices":[{"data":"RobotSpaceExplorer:Discharger","floor":7,"key":"SMITH"},{"data":"RobotSpaceExplorer:Electroshield","floor":13,"key":"SMITH"},{"data":"RobotSpaceExplorer:Electropulse","floor":15,"key":"SMITH"},{"data":"RobotSpaceExplorer:Accelerator","floor":24,"key":"SMITH"},{"floor":32,"key":"REST"},{"floor":45,"key":"REST"},{"floor":49,"key":"REST"}],"circlet_count":0,"master_deck":["RobotSpaceExplorer:ShovelStrike","RobotSpaceExplorer:Strike","RobotSpaceExplorer:Strike","RobotSpaceExplorer:Strike","RobotSpaceExplorer:Scan","RobotSpaceExplorer:MiniLasers+1","RobotSpaceExplorer:Discharger+1","RobotSpaceExplorer:MiniDrones","RobotSpaceExplorer:Electroshield+1","RobotSpaceExplorer:Probe","RobotSpaceExplorer:Electropulse+1","RobotSpaceExplorer:PowerCollector+1","Hallownest:skillSlugHide","Hallownest:skillSlugHide","Hallownest:skillSlugHide","Hallownest:skillSlugHide","Hallownest:skillSlugHide","RobotSpaceExplorer:Accelerator+1","RobotSpaceExplorer:PowerGlove+1","RobotSpaceExplorer:ShockKick+1","RobotSpaceExplorer:GlueShot+1","RobotSpaceExplorer:PowerCollector+1","RobotSpaceExplorer:Electroshield+1","RobotSpaceExplorer:Scanner","RobotSpaceExplorer:Accelerator+1","RobotSpaceExplorer:Accelerator+1","RobotSpaceExplorer:Probe","RobotSpaceExplorer:MiniBoosters"],"relics":["RobotSpaceExplorer:RoboCore","EVO:Axolotl","Juzu Bracelet","sneckomod:BlankCard","Hallownest:DreamNailRelic","Kunai","SlaversCollar","Toxic Egg 2","Hallownest:WatcherSealRelic","MawBank","HornCleat","Smiling Mask","Happy Flower","DollysMirror","Nunchaku","Runic Dome","Hallownest:SoulVesselRelic","Vajra","Orichalcum","Hallownest:BeastSealRelic","Ornamental Fan"],"acts_visited":["Hallownest:Greenpath","Hallownest:CityofTears","Hallownest:KingdomsEdge"],"potions_floor_usage":[5,25,39,40,50,50,50],"damage_taken":[{"damage":0,"enemies":"Hallownest:2_MossCreeps","floor":1,"turns":4},{"damage":6,"enemies":"Hallownest:monsterHuskGuard","floor":2,"turns":5},{"damage":0,"enemies":"Hallownest:2_Tiktiks_and_1_Crawlid","floor":3,"turns":2},{"damage":3,"enemies":"Hallownest:monsterFoolEater","floor":4,"turns":4},{"damage":9,"enemies":"Hallownest:Guard_and_Warrior","floor":5,"turns":7},{"damage":0,"enemies":"Hallownest:eliteVengeflyKing","floor":6,"turns":7},{"damage":1,"enemies":"Hallownest:Wandering_and_Horned","floor":8,"turns":4},{"damage":4,"enemies":"Hallownest:eliteCrystalGuardian","floor":14,"turns":6},{"damage":16,"enemies":"Hallownest:BossFalseKnight","floor":16,"turns":7},{"damage":3,"enemies":"Hallownest:2_Mistakes","floor":18,"turns":9},{"damage":5,"enemies":"Hallownest:3_Youths","floor":19,"turns":4},{"damage":16,"enemies":"Hallownest:eliteWatcherKnight","floor":23,"turns":9},{"damage":8,"enemies":"Hallownest:eliteSoulWarrior","floor":25,"turns":4},{"damage":1,"enemies":"Hallownest:2_Husk_Sentries","floor":28,"turns":4},{"damage":6,"enemies":"Hallownest:eliteWatcherKnight","floor":29,"turns":9},{"damage":1,"enemies":"Hallownest:Nosk","floor":31,"turns":5},{"damage":7,"enemies":"Hallownest:BossSoulMaster","floor":33,"turns":5},{"damage":21,"enemies":"Hallownest:2_Littles","floor":35,"turns":3},{"damage":11,"enemies":"Hallownest:3_Siblings","floor":36,"turns":5},{"damage":12,"enemies":"Hallownest:Slobbering_and_Violent","floor":39,"turns":6},{"damage":37,"enemies":"Hallownest:eliteHiveKnight","floor":40,"turns":4},{"damage":0,"enemies":"Hallownest:StalkingDevout","floor":46,"turns":3},{"damage":66,"enemies":"Hallownest:BossHollowKnight","floor":50,"turns":7}],"seed_played":"8777368657095005459","potions_obtained":[{"floor":4,"key":"Guardian:BlockOnCardUsePotion"},{"floor":5,"key":"Strength Potion"},{"floor":6,"key":"EntropicBrew"},{"floor":8,"key":"sneckomod:MuddlingPotion"},{"floor":16,"key":"AttackPotion"},{"floor":25,"key":"SteroidPotion"},{"floor":35,"key":"Regen Potion"},{"floor":39,"key":"Weak Potion"},{"floor":40,"key":"EntropicBrew"}],"is_trial":false,"path_per_floor":["M","M","M","M","M","E","R","M","T","?","?","?","R","E","R","B",null,"M","M","?","?","?","E","R","E","T","?","M","E","$","E","R","B",null,"M","M","?","?","M","E","$","?","T","?","R","E","?","?","R","B",null],"character_chosen":"RobotSpaceExplorer","items_purchased":["DollysMirror","Panache","RobotSpaceExplorer:MiniBoosters"],"campfire_rested":3,"item_purchase_floors":[30,30,41],"current_hp_per_floor":[75,69,69,66,57,57,57,56,56,56,56,56,56,52,52,36,75,72,67,67,67,67,51,51,43,43,43,42,36,36,35,57,50,75,54,43,43,43,46,9,9,9,9,9,31,31,38,38,62,24],"gold":32,"neow_bonus":"UPGRADE_CARD","is_daily":false,"chose_seed":false,"campfire_upgraded":4,"win_rate":0.0,"timestamp":1610307657,"path_taken":["M","M","M","M","M","E","R","M","T","?","?","?","R","E","R","BOSS","M","M","?","?","?","E","R","E","T","?","M","E","$","E","R","BOSS","M","M","?","?","M","E","$","?","T","?","R","E","?","?","R","BOSS"],"items_purchased_type":["Relic","Card","Card"],"build_version":"2020-12-22","purchased_purges":1,"victory":true,"max_hp_per_floor":[75,75,75,75,75,75,75,75,75,75,75,75,75,75,75,75,75,75,75,75,75,75,75,75,75,75,75,75,75,75,75,75,75,75,75,75,75,75,75,75,75,75,75,75,75,75,82,82,82,82],"card_choices":[{"not_picked":["RobotSpaceExplorer:Counterblock","RobotSpaceExplorer:StarLightning"],"picked":"RobotSpaceExplorer:Discharger","floor":1},{"not_picked":["RobotSpaceExplorer:FrostMissile","RobotSpaceExplorer:SlimeMissile"],"picked":"RobotSpaceExplorer:MiniDrones","floor":2},{"not_picked":["RobotSpaceExplorer:RigExplosive","RobotSpaceExplorer:SlimeMissile","RobotSpaceExplorer:MetalStrike"],"picked":"SKIP","floor":3},{"not_picked":["RobotSpaceExplorer:Jetpack","RobotSpaceExplorer:Probe"],"picked":"RobotSpaceExplorer:Electroshield","floor":4},{"not_picked":["RobotSpaceExplorer:ScrapMissile","RobotSpaceExplorer:MetalStrike"],"picked":"RobotSpaceExplorer:Probe","floor":5},{"not_picked":["RobotSpaceExplorer:ExhaustFan","RobotSpaceExplorer:Calculate"],"picked":"RobotSpaceExplorer:Electropulse","floor":6},{"not_picked":["RobotSpaceExplorer:ShovelStrike","RobotSpaceExplorer:MiniBoosters"],"picked":"RobotSpaceExplorer:PowerCollector","floor":8},{"not_picked":["RobotSpaceExplorer:Pulsar","RobotSpaceExplorer:FranticSearch","RobotSpaceExplorer:Ammunition"],"picked":"SKIP","floor":14},{"not_picked":["RobotSpaceExplorer:Pulsar","RobotSpaceExplorer:FranticSearch","RobotSpaceExplorer:Ammunition"],"picked":"SKIP","floor":14},{"not_picked":["RobotSpaceExplorer:Scanner","RobotSpaceExplorer:ShockMissile"],"picked":"RobotSpaceExplorer:Accelerator","floor":16},{"not_picked":["RobotSpaceExplorer:FrostMissile","RobotSpaceExplorer:MiniDrones+1"],"picked":"RobotSpaceExplorer:PowerGlove+1","floor":18},{"not_picked":["RobotSpaceExplorer:SlimeMissile","RobotSpaceExplorer:ShovelStrike","RobotSpaceExplorer:ImprovisedAttack"],"picked":"SKIP","floor":19},{"not_picked":["RobotSpaceExplorer:ShovelStrike","RobotSpaceExplorer:StarDust+1"],"picked":"RobotSpaceExplorer:FreezeRay","floor":23},{"not_picked":["RobotSpaceExplorer:BlastShield+1","RobotSpaceExplorer:ShovelStrike+1"],"picked":"RobotSpaceExplorer:ShockKick","floor":25},{"not_picked":["RobotSpaceExplorer:FrostMissile","RobotSpaceExplorer:DoubleFind+1","RobotSpaceExplorer:PlasmaMissile"],"picked":"SKIP","floor":28},{"not_picked":["RobotSpaceExplorer:FranticSearch+1","RobotSpaceExplorer:Pulsar+1","RobotSpaceExplorer:GlueShot+1"],"picked":"SKIP","floor":29},{"not_picked":["RobotSpaceExplorer:FranticSearch+1","RobotSpaceExplorer:Pulsar+1"],"picked":"RobotSpaceExplorer:GlueShot+1","floor":29},{"not_picked":["RobotSpaceExplorer:SwiftStep+1","RobotSpaceExplorer:SelfCleaning+1"],"picked":"RobotSpaceExplorer:Electroshield+1","floor":31},{"not_picked":["RobotSpaceExplorer:Exploration+1","RobotSpaceExplorer:ShockMissile"],"picked":"RobotSpaceExplorer:Scanner","floor":33},{"not_picked":["RobotSpaceExplorer:Blitz","RobotSpaceExplorer:JunkDive+1","RobotSpaceExplorer:SlimeMissile+1"],"picked":"SKIP","floor":35},{"not_picked":["RobotSpaceExplorer:Counterblock+1","RobotSpaceExplorer:ImprovisedAttack","RobotSpaceExplorer:SwiftStep+1"],"picked":"SKIP","floor":36},{"not_picked":["RobotSpaceExplorer:Jetpack+1","RobotSpaceExplorer:MetalStrike+1"],"picked":"RobotSpaceExplorer:Probe","floor":39},{"not_picked":["RobotSpaceExplorer:Probe","RobotSpaceExplorer:SurgingStrike+1","RobotSpaceExplorer:IronShell+1"],"picked":"SKIP","floor":40},{"not_picked":["RobotSpaceExplorer:MakeshiftVolley+1","RobotSpaceExplorer:FranticSearch+1","RobotSpaceExplorer:IronShell+1"],"picked":"SKIP","floor":46}],"player_experience":643931,"relics_obtained":[{"floor":6,"key":"Juzu Bracelet"},{"floor":9,"key":"sneckomod:BlankCard"},{"floor":14,"key":"Kunai"},{"floor":23,"key":"MawBank"},{"floor":25,"key":"HornCleat"},{"floor":26,"key":"Smiling Mask"},{"floor":29,"key":"Happy Flower"},{"floor":31,"key":"Nunchaku"},{"floor":40,"key":"Vajra"},{"floor":43,"key":"Orichalcum"},{"floor":46,"key":"Ornamental Fan"}],"event_choices":[],"is_beta":false,"boss_relics":[{"not_picked":["Busted Crown","Snecko Eye"],"picked":"SlaversCollar"},{"not_picked":["Astrolabe","Runic Pyramid"],"picked":"Runic Dome"}],"items_purged_floors":[41],"is_endless":false,"potions_floor_spawned":[4,5,6,8,16,23,25,28,33,35,39,40],"ascension_level":0}}