{"host":"jm9833yuloeli2yd","time":1610294954,"event":{"mods":["BaseMod","Better Altar","Better Match","Better Note","Better Sensory Stone","Better Skull","Better Third Choice","Better Vampires","BetterRewards","Colored Map","Colored Powertips","DeckTracker","Minty Spire (QoL Compilation)","Permanent Neow","Quick Restart","Slay-I","StSLib","SuperFastMode"],"gold_per_floor":[115,190,205,225,238,238,238],"floor_reached":6,"playtime":159,"items_purged":[],"score":76,"play_id":"8eac91cd-4dc1-4dff-a62b-15bc7770ee89","local_time":"20210110110914","is_ascension_mode":true,"campfire_choices":[],"circlet_count":0,"master_deck":["AscendersBane","Strike_G","Strike_G","Strike_G","Strike_G","Strike_G","Defend_G","Defend_G","Defend_G","Defend_G","Defend_G","Survivor","Neutralize","Deflect+1","Strike_G","Calculated Gamble+1","Cloak And Dagger+1","Dagger Throw","Catalyst+1"],"relics":["Ring of the Snake","Toxic Egg 2","DollysMirror"],"acts_visited":["Exordium"],"potions_floor_usage":[],"damage_taken":[{"damage":2,"enemies":"Small Slimes","floor":1,"turns":3},{"damage":17,"enemies":"Jaw Worm","floor":3,"turns":6},{"damage":0,"enemies":"2 Louse","floor":4,"turns":3},{"damage":3,"enemies":"2 Fungi Beasts","floor":5,"turns":4},{"damage":32,"enemies":"Gremlin Nob","floor":6,"turns":3}],"seed_played":"8049997164231566188","potions_obtained":[],"is_trial":false,"path_per_floor":["M","?","M","M","M","E"],"character_chosen":"THE_SILENT","items_purchased":["Toxic Egg 2","Deflect+1","DollysMirror"],"campfire_rested":0,"item_purchase_floors":[0,0,0],"current_hp_per_floor":[57,46,29,29,26,0,0],"gold":238,"neow_bonus":"","is_daily":false,"chose_seed":false,"campfire_upgraded":0,"win_rate":0.0,"timestamp":1610294954,"path_taken":["M","?","M","M","M","E"],"items_purchased_type":["Relic","Card","Relic"],"build_version":"2020-12-22","purchased_purges":0,"victory":false,"max_hp_per_floor":[66,66,66,66,66,66,66],"card_choices":[{"not_picked":["Acrobatics+1","Distraction+1"],"picked":"Calculated Gamble+1","floor":1},{"not_picked":["All Out Attack","Accuracy"],"picked":"Cloak And Dagger+1","floor":3},{"not_picked":["Noxious Fumes","Deadly Poison+1"],"picked":"Dagger Throw","floor":4},{"not_picked":["Outmaneuver+1","Caltrops"],"picked":"Catalyst+1","floor":5}],"player_experience":1298144,"relics_obtained":[],"event_choices":[{"damage_healed":0,"gold_gain":75,"player_choice":"Gold","damage_taken":11,"max_hp_gain":0,"max_hp_loss":0,"event_name":"betterThird:BetterGoop","floor":2,"gold_loss":0}],"is_beta":false,"boss_relics":[],"items_purged_floors":[],"is_endless":false,"potions_floor_spawned":[],"killed_by":"Gremlin Nob","ascension_level":20}}