{"host":"4hhgf71pxvqwkagf","time":1610285957,"event":{"mods":["2.2 Compatiblity","AchievementEnabler","BaseMod","Minty Spire (QoL Compilation)","Permanent Neow","Quick Restart","StSLib","SuperFastMode","everything is the same but u backflip on backflip"],"gold_per_floor":[54,106,142,155,80,80,146,146,172,172,237,290,354,354,354,499,499,536,579,53,53,63,63,88,130,155,155,80,140,65,65,65,65,65],"floor_reached":33,"playtime":1847,"items_purged":["Strike_R","Cleave"],"score":445,"play_id":"a94bf1b0-ef01-48f7-b608-f12544142860","local_time":"20210110223917","is_ascension_mode":true,"campfire_choices":[{"data":"HandOfGreed","floor":6.0,"key":"SMITH"},{"data":"Clothesline","floor":8.0,"key":"SMITH"},{"data":"Flame Barrier","floor":10.0,"key":"SMITH"},{"data":"Bash","floor":15.0,"key":"SMITH"},{"data":"Corruption","floor":23.0,"key":"SMITH"},{"floor":27.0,"key":"REST"},{"floor":32,"key":"REST"}],"circlet_count":0,"master_deck":["AscendersBane","Bash+1","HandOfGreed+1","Flame Barrier+1","Clothesline+1","Disarm","Dropkick","Pommel Strike","Immolate","Corruption+1","Impervious","Fiend Fire","Uppercut","Juggernaut","Shrug It Off+1","Flame Barrier","Bludgeon","Carnage","Body Slam+1","Feel No Pain","Fire Breathing"],"relics":["Burning Blood","Potion Belt","MealTicket","Pandora\u0027s Box","Bottled Tornado","ClockworkSouvenir","Omamori","Bag of Preparation","Self Forming Clay"],"acts_visited":["Exordium","TheCity"],"potions_floor_usage":[],"damage_taken":[{"damage":6.0,"enemies":"2 Louse","floor":1.0,"turns":3.0},{"damage":15.0,"enemies":"Small Slimes","floor":2.0,"turns":5.0},{"damage":9.0,"enemies":"Jaw Worm","floor":3.0,"turns":5.0},{"damage":12.0,"enemies":"Looter","floor":4.0,"turns":4.0},{"damage":11.0,"enemies":"3 Louse","floor":7.0,"turns":6.0},{"damage":3.0,"enemies":"Large Slime","floor":11.0,"turns":8.0},{"damage":18.0,"enemies":"Gremlin Nob","floor":12.0,"turns":4.0},{"damage":4.0,"enemies":"2 Fungi Beasts","floor":13.0,"turns":4.0},{"damage":23.0,"enemies":"Slime Boss","floor":16.0,"turns":12.0},{"damage":24.0,"enemies":"Shell Parasite","floor":18.0,"turns":6.0},{"damage":18.0,"enemies":"3 Byrds","floor":19.0,"turns":3.0},{"damage":7.0,"enemies":"Snake Plant","floor":22.0,"turns":4.0},{"damage":16.0,"enemies":"Book of Stabbing","floor":24.0,"turns":4.0},{"damage":28.0,"enemies":"3 Cultists","floor":25.0,"turns":5.0},{"damage":38,"enemies":"Gremlin Leader","floor":29,"turns":7},{"damage":2,"enemies":"Automaton","floor":33,"turns":4}],"seed_played":"1754720318652740662","potions_obtained":[{"floor":1.0,"key":"LiquidBronze"},{"floor":11.0,"key":"ElixirPotion"},{"floor":12.0,"key":"GamblersBrew"},{"floor":16.0,"key":"LiquidMemories"},{"floor":19.0,"key":"Block Potion"}],"is_trial":false,"path_per_floor":["M","M","M","M","$","R","M","R","T","R","M","E","M","?","R","B",null,"M","M","$","?","M","R","E","M","T","R","$","E","?","?","R","B"],"character_chosen":"IRONCLAD","items_purchased":["Flame Barrier","Bottled Tornado","ClockworkSouvenir","Fire Breathing"],"campfire_rested":2,"item_purchase_floors":[20,20,20,28],"current_hp_per_floor":[72,63,60,54,54,54,49,49,49,49,52,40,42,42,42,25,66,48,36,51,51,50,50,40,18,18,42,57,25,25,25,49,47,47],"gold":65,"neow_bonus":"RANDOM_COLORLESS_2","is_daily":false,"chose_seed":false,"campfire_upgraded":5,"win_rate":0.0,"timestamp":1610285957,"path_taken":["M","M","M","M","$","R","M","R","T","R","M","E","M","?","R","BOSS","M","M","$","?","M","R","E","M","T","R","$","E","?","?","R","BOSS"],"items_purchased_type":["Card","Relic","Relic","Card"],"build_version":"2020-12-22","purchased_purges":2,"victory":false,"max_hp_per_floor":[80,80,80,80,80,80,80,80,80,80,80,80,80,80,80,80,80,80,80,80,80,80,80,80,80,80,80,80,80,80,80,80,80,80],"card_choices":[{"not_picked":["Chrysalis","Apotheosis"],"picked":"HandOfGreed","floor":0.0},{"not_picked":["Ghostly Armor","Iron Wave","Sword Boomerang"],"picked":"SKIP","floor":1.0},{"not_picked":["Sword Boomerang","Havoc"],"picked":"Flame Barrier","floor":2.0},{"not_picked":["Anger","Bloodletting"],"picked":"Clothesline","floor":3.0},{"not_picked":["True Grit","Twin Strike","Iron Wave"],"picked":"SKIP","floor":4.0},{"not_picked":["Rupture","Ghostly Armor"],"picked":"Disarm","floor":7.0},{"not_picked":["Perfected Strike","Whirlwind"],"picked":"Dropkick","floor":11.0},{"not_picked":["Twin Strike","Perfected Strike"],"picked":"Pommel Strike","floor":12.0},{"not_picked":["Twin Strike","Body Slam"],"picked":"Immolate","floor":13.0},{"not_picked":["Immolate","Feed"],"picked":"Corruption","floor":16.0},{"not_picked":["Twin Strike+1","Cleave","Sword Boomerang+1"],"picked":"SKIP","floor":18.0},{"not_picked":["Cleave","Warcry+1"],"picked":"Shrug It Off+1","floor":19.0},{"not_picked":["Sever Soul","Second Wind"],"picked":"Body Slam+1","floor":22.0},{"not_picked":["Battle Trance","Pommel Strike"],"picked":"Feel No Pain","floor":24.0},{"not_picked":["Clash","Cleave","Feed"],"picked":"SKIP","floor":25.0},{"not_picked":["Flex","Headbutt+1","Sword Boomerang"],"picked":"SKIP","floor":29}],"player_experience":377896,"relics_obtained":[{"floor":9.0,"key":"Potion Belt"},{"floor":12.0,"key":"MealTicket"},{"floor":24.0,"key":"Omamori"},{"floor":26.0,"key":"Bag of Preparation"},{"floor":29,"key":"Self Forming Clay"}],"event_choices":[{"damage_healed":0.0,"max_hp_gain":0.0,"max_hp_loss":0.0,"gold_gain":0.0,"event_name":"Liars Game","player_choice":"Ignored","floor":14.0,"gold_loss":0.0,"damage_taken":0.0},{"damage_healed":0.0,"max_hp_gain":0.0,"max_hp_loss":0.0,"gold_gain":0.0,"cards_transformed":["Iron Wave","Corruption"],"event_name":"Drug Dealer","player_choice":"Became Test Subject","floor":21.0,"gold_loss":0.0,"damage_taken":0.0,"cards_obtained":["Bludgeon","Carnage"]},{"cards_removed":["Clothesline"],"damage_healed":0,"gold_gain":0,"player_choice":"Gave Gold","damage_taken":0,"max_hp_gain":0,"max_hp_loss":0,"event_name":"Beggar","floor":30,"gold_loss":75},{"damage_healed":0,"gold_gain":0,"player_choice":"Ignored","damage_taken":0,"max_hp_gain":0,"max_hp_loss":0,"event_name":"Vampires","floor":31,"gold_loss":0}],"is_beta":false,"boss_relics":[{"not_picked":["Tiny House","Calling Bell"],"picked":"Pandora\u0027s Box"}],"items_purged_floors":[5,20],"is_endless":false,"potions_floor_spawned":[1,11,12,16,19],"killed_by":"Automaton","ascension_level":11}}