{"host":"9a7cruws131mrp2b","time":1610287397,"event":{"mods":["Act Like it!","BaseMod","Better Third Choice","Hubris","Minty Spire (QoL Compilation)","Reworked Bosses","StSLib","The Jungle"],"gold_per_floor":[109,128,3,3,13,41,56,66,89,89,164,129,129,140,140,140,140],"floor_reached":16,"playtime":8741,"items_purged":["Defend_P"],"score":112,"play_id":"9f9edab0-1b30-4a1d-91a4-e46bae429b9b","local_time":"20210110140317","is_ascension_mode":true,"campfire_choices":[{"floor":10,"key":"REST"},{"data":"Eruption","floor":15,"key":"SMITH"}],"circlet_count":0,"master_deck":["Strike_P","Strike_P","Strike_P","Strike_P","Defend_P","Defend_P","Defend_P","Eruption+1","Vigilance","Consecrate","Vengeance","Halt","InnerPeace","WreathOfFlame+1","Wallop"],"relics":["PureWater","Toxic Egg 2","Toy Ornithopter"],"acts_visited":["Exordium"],"potions_floor_usage":[6],"damage_taken":[{"damage":0,"enemies":"2 Louse","floor":1,"turns":4},{"damage":0,"enemies":"Jaw Worm","floor":2,"turns":3},{"damage":19,"enemies":"Small Slimes","floor":5,"turns":3},{"damage":33,"enemies":"Lagavulin","floor":6,"turns":9},{"damage":6,"enemies":"Blue Slaver","floor":7,"turns":5},{"damage":15,"enemies":"Looter","floor":8,"turns":4},{"damage":17,"enemies":"Lots of Slimes","floor":14,"turns":5},{"damage":62,"enemies":"Slime Boss","floor":16,"turns":4}],"seed_played":"936534314674220069","potions_obtained":[{"floor":1,"key":"Dexterity Potion"},{"floor":5,"key":"Swift Potion"},{"floor":7,"key":"BottledMiracle"}],"is_trial":false,"path_per_floor":["M","M","$","?","M","E","M","M","T","R","?","?","?","M","R","B"],"character_chosen":"WATCHER","items_purchased":["Halt"],"campfire_rested":1,"item_purchase_floors":[3],"current_hp_per_floor":[79,79,79,84,65,32,26,11,11,36,25,46,46,29,29,0,0],"gold":140,"neow_bonus":"TEN_PERCENT_HP_BONUS","is_daily":false,"chose_seed":false,"campfire_upgraded":1,"win_rate":0.0,"timestamp":1610287397,"path_taken":["M","M","$","?","M","E","M","M","T","R","?","?","?","M","R","BOSS"],"items_purchased_type":["Card"],"build_version":"2020-12-22","purchased_purges":1,"victory":false,"max_hp_per_floor":[79,79,79,84,84,84,84,84,84,84,84,84,84,84,84,84,84],"card_choices":[{"not_picked":["FollowUp","Evaluate"],"picked":"Consecrate","floor":1},{"not_picked":["FlyingSleeves","CrushJoints"],"picked":"Vengeance","floor":2},{"not_picked":["ClearTheMind","Fasting2"],"picked":"InnerPeace","floor":5},{"not_picked":["Nirvana","EmptyFist","BowlingBash"],"picked":"SKIP","floor":6},{"not_picked":["CarveReality","Sanctity+1"],"picked":"WreathOfFlame+1","floor":7},{"not_picked":["JustLucky","Evaluate+1","BattleHymn"],"picked":"SKIP","floor":8},{"not_picked":["Evaluate+1","EmptyFist"],"picked":"Wallop","floor":14}],"player_experience":779344,"relics_obtained":[{"floor":6,"key":"Toxic Egg 2"},{"floor":9,"key":"Toy Ornithopter"}],"event_choices":[{"damage_healed":0,"gold_gain":0,"player_choice":"Donut","damage_taken":0,"max_hp_gain":5,"max_hp_loss":0,"event_name":"Big Fish","floor":4,"gold_loss":0},{"damage_healed":0,"gold_gain":75,"player_choice":"Gold","damage_taken":11,"max_hp_gain":0,"max_hp_loss":0,"event_name":"betterThird:BetterGoop","floor":11,"gold_loss":0},{"damage_healed":21,"gold_gain":0,"player_choice":"Healed","damage_taken":0,"max_hp_gain":0,"max_hp_loss":0,"event_name":"The Cleric","floor":12,"gold_loss":35},{"damage_healed":0,"gold_gain":0,"player_choice":"Searched \u00271\u0027 times","damage_taken":0,"max_hp_gain":0,"max_hp_loss":0,"event_name":"Dead Adventurer","floor":13,"gold_loss":0}],"is_beta":false,"boss_relics":[],"items_purged_floors":[3],"is_endless":false,"potions_floor_spawned":[1,5,7],"killed_by":"Slime Boss","ascension_level":2}}