{"host":"ly8vj2opk1y3o1w7","time":1610265731,"event":{"mods":["Act Like it!","BaseMod","Conspire","Friendly Minions","GifTheSpireLib","Hubris","MarisaÅiñ∂âJÅ@ñÇóùçπÅj","Minty Spire (QoL Compilation)","Permanent Neow","Remove Card Discount Mod","Replay The Spire","StSLib","The Animator","Waifu the Spire"],"gold_per_floor":[116,100,113,126,126,139,139,165,219,229,244,260,302,312,312,417,417,434,446,463,268,268,268,286,312,312,344,443,478,478,491,491,589,589,605,605,360,360,373,401,412,444,444,444,590,602,630,648,648,648,648,648,83,110,110],"floor_reached":56,"playtime":3313,"items_purged":["Strike_B","Defend_G","Defend_G","Strike_G","Strike_G","Defend_G","Strike_G","Defend_G","Strike_G","Strike_G","Defend_G","hubris:Defend_Merchant"],"score":1381,"play_id":"15c13df3-467a-4b09-9258-9c2f2d288cc3","local_time":"20210110160211","is_ascension_mode":false,"campfire_choices":[{"data":"Dagger Spray","floor":7,"key":"SMITH"},{"data":"After Image","floor":15,"key":"SMITH"},{"data":"Envenom","floor":23,"key":"SMITH"},{"data":"Night Terror","floor":30,"key":"SMITH"},{"data":"Cloak And Dagger","floor":32,"key":"SMITH"},{"floor":49,"key":"RECALL"},{"data":"Secret Technique","floor":52,"key":"SMITH"}],"circlet_count":0,"master_deck":["Survivor","Neutralize","After Image+1","Cloak And Dagger+1","Dagger Spray+1","Quick Slash","Flying Knee","Hidden Blade","PiercingWail","Night Terror+1","PiercingWail","Envenom+1","Prepared","Cloak And Dagger","Prepared+1","conspire:DoublingDagger","Concentrate","Blade Dance","Deflect","Underhanded Strike","Accuracy+1","Slice","Slice+1","Secret Technique+1","Underhanded Strike","Cloak And Dagger","Backflip+1","hubris:SlightOfHand+1","Backflip+1","Underhanded Strike+1","PiercingWail+1","ReplayTheSpireMod:The Works","hubris:Insight","Prepared+1"],"relics":["Ring of the Snake","Snack Pack","Bronze Scales","Centennial Puzzle","hubris:64BitClover","WristBlade","Potion Belt","Red Mask","The Specimen","Dream Catcher","Omamori","Sundial","conspire:RunicOctahedron","hubris:Towel","Matryoshka","hubris:MysteriousPyramids","Replay:WaspNest","Boot","MealTicket","Strawberry","Bag of Preparation","Bottled Flame","Basket Of Snakes"],"acts_visited":["Exordium","TheCity","TheBeyond","TheEnding"],"potions_floor_usage":[13,55,55,55],"damage_taken":[{"damage":0,"enemies":"2 Louse","floor":1,"turns":2},{"damage":2,"enemies":"Jaw Worm","floor":3,"turns":4},{"damage":0,"enemies":"conspire:RoseBush","floor":4,"turns":4},{"damage":0,"enemies":"Looter","floor":6,"turns":3},{"damage":12,"enemies":"3 Sentries","floor":8,"turns":6},{"damage":0,"enemies":"Exordium Wildlife","floor":10,"turns":2},{"damage":1,"enemies":"2 Fungi Beasts","floor":11,"turns":2},{"damage":0,"enemies":"3 Louse","floor":12,"turns":1},{"damage":44,"enemies":"conspire:MimicChest","floor":13,"turns":9},{"damage":0,"enemies":"Large Slime","floor":14,"turns":5},{"damage":23,"enemies":"The Guardian","floor":16,"turns":14},{"damage":0,"enemies":"3 Byrds","floor":18,"turns":3},{"damage":5,"enemies":"Shell Parasite","floor":19,"turns":6},{"damage":10,"enemies":"Shelled Parasite and Fungi","floor":20,"turns":5},{"damage":5,"enemies":"conspire:HollyBat","floor":24,"turns":6},{"damage":8,"enemies":"Masked Bandits","floor":25,"turns":4},{"damage":6,"enemies":"Gremlin Leader","floor":27,"turns":6},{"damage":0,"enemies":"conspire:Head Lice","floor":29,"turns":5},{"damage":2,"enemies":"Centurion and Healer","floor":31,"turns":4},{"damage":14,"enemies":"Champ","floor":33,"turns":8},{"damage":0,"enemies":"Orb Walker","floor":35,"turns":2},{"damage":3,"enemies":"3 Shapes","floor":39,"turns":3},{"damage":0,"enemies":"R_Hoarder","floor":40,"turns":5},{"damage":0,"enemies":"Spire Growth","floor":41,"turns":3},{"damage":8,"enemies":"Giant Head","floor":42,"turns":5},{"damage":0,"enemies":"Writhing Mass","floor":46,"turns":6},{"damage":10,"enemies":"R_Hoarder","floor":47,"turns":8},{"damage":3,"enemies":"4 Shapes","floor":48,"turns":2},{"damage":7,"enemies":"Awakened One","floor":50,"turns":8},{"damage":0,"enemies":"Shield and Spear","floor":54,"turns":3},{"damage":14,"enemies":"The Heart","floor":55,"turns":3}],"seed_played":"4506966451583612454","potions_obtained":[{"floor":1,"key":"SpeedPotion"},{"floor":3,"key":"Strength Potion"},{"floor":11,"key":"Strength Potion"},{"floor":14,"key":"EssenceOfSteel"},{"floor":16,"key":"PowerPotion"},{"floor":24,"key":"CunningPotion"},{"floor":29,"key":"Elixir"},{"floor":45,"key":"Swift Potion"}],"is_trial":false,"path_per_floor":["M","$","M","M","?","M","R","E","T","M","M","M","?","M","R","B",null,"M","M","M","$","?","R","M","?","T","E","?","E","R","M","R","B",null,"M","?","$","?","M","E","M","E","T","?","?","M","E","M","R","B",null,"R","$","E","B",null],"character_chosen":"THE_SILENT","items_purchased":["conspire:DoublingDagger","Potion Belt","Secret Technique","Underhanded Strike","Bag of Preparation","Bottled Flame","DuplicationPotion","hubris:Insight"],"campfire_rested":0,"item_purchase_floors":[21,21,37,37,53,53,53,53],"current_hp_per_floor":[70,70,68,68,65,69,69,66,66,68,69,70,30,36,36,27,70,70,69,65,65,65,65,64,62,62,64,64,70,70,70,70,70,70,70,70,70,66,65,66,66,66,66,66,66,66,71,70,70,73,73,73,73,73,63],"gold":110,"neow_bonus":"THREE_RARE_CARDS","is_daily":false,"chose_seed":false,"campfire_upgraded":6,"win_rate":0.0,"timestamp":1610265731,"path_taken":["M","$","M","M","?","M","R","E","T","M","M","M","?","M","R","BOSS","M","M","M","$","?","R","M","?","T","E","?","E","R","M","R","BOSS","M","?","$","?","M","E","M","E","T","?","?","M","E","M","R","BOSS","R","$","E","BOSS"],"items_purchased_type":["Card","Relic","Card","Card","Relic","Relic","Potion","Card"],"build_version":"2020-12-22","purchased_purges":12,"victory":true,"max_hp_per_floor":[70,70,70,70,70,70,70,70,70,70,70,70,70,70,70,70,70,70,70,70,70,70,70,70,70,70,70,70,70,70,70,70,70,70,70,70,70,66,66,66,66,66,66,66,66,66,73,73,73,73,73,73,73,73,73],"card_choices":[{"not_picked":["ReplayTheSpireMod:Necrosis","Die Die Die"],"picked":"After Image","floor":0},{"not_picked":["All Out Attack","Predator"],"picked":"Cloak And Dagger","floor":1},{"not_picked":["Prepared","Endless Agony"],"picked":"Dagger Spray","floor":3},{"not_picked":["Dodge and Roll","Deadly Poison"],"picked":"Quick Slash","floor":4},{"not_picked":["hubris:SlightOfHand","Acrobatics"],"picked":"Flying Knee","floor":6},{"not_picked":["Acrobatics","hubris:SlightOfHand"],"picked":"Hidden Blade","floor":8},{"not_picked":["hubris:SlightOfHand","Accuracy"],"picked":"PiercingWail","floor":10},{"not_picked":["Acrobatics","Setup","Bouncing Flask"],"picked":"SKIP","floor":11},{"not_picked":["Flying Knee","Dagger Throw"],"picked":"Night Terror","floor":12},{"not_picked":["hubris:SlightOfHand","Heel Hook"],"picked":"PiercingWail","floor":13},{"not_picked":["Outmaneuver","PiercingWail","Bane"],"picked":"SKIP","floor":14},{"not_picked":["ReplayTheSpireMod:Necrosis","Die Die Die"],"picked":"Envenom","floor":16},{"not_picked":["All Out Attack","Flying Knee"],"picked":"Prepared","floor":18},{"not_picked":["PiercingWail+1","Prepared"],"picked":"Cloak And Dagger","floor":19},{"not_picked":["Dodge and Roll","Acrobatics+1"],"picked":"Prepared+1","floor":20},{"not_picked":["Skewer","Backflip"],"picked":"Blade Dance","floor":24},{"not_picked":["Dagger Throw","Underhanded Strike"],"picked":"Deflect","floor":25},{"not_picked":["Dagger Spray","hubris:TrickCloak"],"picked":"Underhanded Strike","floor":27},{"not_picked":["Unload","Concentrate"],"picked":"Accuracy+1","floor":29},{"not_picked":["Backflip+1","Hidden Blade"],"picked":"Slice","floor":31},{"not_picked":["ReplayTheSpireMod:Shiv Toss+1","Endless Agony"],"picked":"Slice+1","floor":35},{"not_picked":["Choke+1","Dagger Throw"],"picked":"Cloak And Dagger","floor":39},{"not_picked":["Quick Slash","Well Laid Plans+1"],"picked":"Backflip+1","floor":40},{"not_picked":["Underhanded Strike+1","Quick Slash+1"],"picked":"hubris:SlightOfHand+1","floor":41},{"not_picked":["Bane","Eviscerate+1"],"picked":"Backflip+1","floor":42},{"not_picked":["Cloak And Dagger","Sucker Punch+1"],"picked":"Underhanded Strike+1","floor":45},{"not_picked":["Deadly Poison","Skewer"],"picked":"PiercingWail+1","floor":45},{"not_picked":["Replay:Bag of Tricks","Masterful Stab+1"],"picked":"ReplayTheSpireMod:The Works","floor":46},{"not_picked":["Poisoned Stab+1","hubris:Counter+1","Draining Mist"],"picked":"SKIP","floor":47},{"not_picked":["Skewer","Backflip","Outmaneuver+1"],"picked":"SKIP","floor":48},{"not_picked":["conspire:PoisonWeapons","hubris:SlightOfHand+1"],"picked":"Prepared+1","floor":54}],"player_experience":523838,"relics_obtained":[{"floor":8,"key":"Bronze Scales"},{"floor":9,"key":"Centennial Puzzle"},{"floor":13,"key":"hubris:64BitClover"},{"floor":25,"key":"Red Mask"},{"floor":26,"key":"The Specimen"},{"floor":27,"key":"Dream Catcher"},{"floor":29,"key":"Omamori"},{"floor":31,"key":"Sundial"},{"floor":40,"key":"Matryoshka"},{"floor":42,"key":"hubris:MysteriousPyramids"},{"floor":43,"key":"Replay:WaspNest"},{"floor":45,"key":"Boot"},{"floor":45,"key":"MealTicket"},{"floor":47,"key":"Strawberry"},{"floor":54,"key":"Basket Of Snakes"}],"event_choices":[{"damage_healed":0,"gold_gain":0,"player_choice":"Success","damage_taken":3,"relics_obtained":["Snack Pack"],"max_hp_gain":0,"max_hp_loss":0,"event_name":"Scrap Ooze","floor":5,"gold_loss":0},{"damage_healed":0,"gold_gain":0,"player_choice":"Fought Bandits","damage_taken":0,"max_hp_gain":0,"max_hp_loss":0,"event_name":"Masked Bandits","floor":25,"gold_loss":0},{"damage_healed":0,"gold_gain":99,"player_choice":"Stole From Cult","damage_taken":0,"max_hp_gain":0,"max_hp_loss":0,"event_name":"Nest","floor":28,"gold_loss":0},{"damage_healed":0,"gold_gain":0,"player_choice":"Max HP","damage_taken":0,"max_hp_gain":0,"max_hp_loss":4,"event_name":"Winding Halls","floor":38,"gold_loss":0}],"is_beta":false,"boss_relics":[{"not_picked":["hubris:GrandSneckoEye","hubris:Stopwatch"],"picked":"WristBlade"},{"not_picked":["conspire:SpecialSausage","Ring of Chaos"],"picked":"conspire:RunicOctahedron"}],"items_purged_floors":[2,2,2,2,2,2,2,2,21,21,21,21],"is_endless":false,"potions_floor_spawned":[1,3,11,14,16,24,29,31,33,35,41,42,48,54],"ascension_level":0}}