{"host":"Connor","time":1610250617,"event":{"mods":["Aspiration","BaseMod","Downfall","Hubris","Marisa????????","Minty Spire (QoL Compilation)","Replay The Spire","StSLib","The Cursed","The Jungle","The Servant 0.9.4"],"gold_per_floor":[116,127,141,185,201,226,226,226,226,254,254],"floor_reached":10,"playtime":430,"items_purged":[],"score":116,"play_id":"947c56cc-d2a9-4cfc-b970-dac3eeb4409d","local_time":"20210109195017","is_ascension_mode":true,"campfire_choices":[],"circlet_count":0,"master_deck":["AscendersBane","Strike_G","Strike_G","Strike_G","Strike_G","Strike_G","Defend_G","Defend_G","Defend_G","Defend_G","Defend_G","Survivor","Neutralize","hubris:EnhanceAbility","Deflect","Hidden Blade","Finisher","ReplayTheSpireMod:Splinters","Blade Dance","Cloak And Dagger","Leg Sweep"],"relics":["Lantern","Replay:Bandana","Sizzling Blood","Eternal Feather"],"acts_visited":["Exordium"],"potions_floor_usage":[10,10],"damage_taken":[{"damage":3,"enemies":"2 Louse","floor":1,"turns":4},{"damage":2,"enemies":"Jaw Worm","floor":2,"turns":7},{"damage":1,"enemies":"Small Slimes","floor":3,"turns":3},{"damage":6,"enemies":"Red Slaver","floor":5,"turns":2},{"damage":37,"enemies":"Replay:BlueRogue","floor":6,"turns":11},{"damage":20,"enemies":"Gremlin Nob","floor":10,"turns":3}],"seed_played":"-3535600005210167000","potions_obtained":[{"floor":1,"key":"Explosive Potion"},{"floor":3,"key":"Energy Potion"},{"floor":4,"key":"AttackPotion"}],"is_trial":false,"path_per_floor":["M","M","M","?","M","E","?","T","T","E"],"character_chosen":"THE_SILENT","items_purchased":[],"campfire_rested":0,"item_purchase_floors":[],"current_hp_per_floor":[56,54,53,53,47,10,14,14,14,0,0],"gold":254,"neow_bonus":"RANDOM_COLORLESS_2","is_daily":false,"chose_seed":false,"campfire_upgraded":0,"win_rate":0.0,"timestamp":1610250617,"path_taken":["M","M","M","?","M","E","?","?","T","E"],"items_purchased_type":[],"build_version":"2020-12-18","purchased_purges":0,"victory":false,"max_hp_per_floor":[60,60,60,60,60,60,64,64,64,64,64],"card_choices":[{"not_picked":["ReplayTheSpireMod:Brewmster","Thinking Ahead"],"picked":"hubris:EnhanceAbility","floor":0},{"not_picked":["Dagger Throw","Acrobatics"],"picked":"Deflect","floor":1},{"not_picked":["Caltrops","Poisoned Stab"],"picked":"Hidden Blade","floor":2},{"not_picked":["Eviscerate","Underhanded Strike"],"picked":"Finisher","floor":3},{"not_picked":["PiercingWail","Dagger Spray"],"picked":"Blade Dance","floor":4},{"not_picked":["Terror","Quick Slash"],"picked":"Cloak And Dagger","floor":4},{"not_picked":["Sucker Punch","All Out Attack"],"picked":"Leg Sweep","floor":5},{"not_picked":["hubris:SlightOfHand","Predator","Riddle With Holes"],"picked":"SKIP","floor":6}],"player_experience":579287,"relics_obtained":[{"floor":4,"key":"Lantern"},{"floor":6,"key":"Replay:Bandana"},{"floor":9,"key":"Eternal Feather"}],"event_choices":[],"is_beta":true,"boss_relics":[],"items_purged_floors":[],"is_endless":false,"potions_floor_spawned":[1,3],"killed_by":"Gremlin Nob","ascension_level":14}}