{"host":"k5ezbu40hxyit46v","time":1610290211,"event":{"mods":["Act Like it!","Aspiration","Astrologer","BaseMod","BetterRewards","Conspire","DeckTracker","Energized Spire","Gensokyo","Googly Eyes","Halation","HexUI Lib","Highlight Path","Hubris","Infinite Spire","Ironclad Rager","Jedi Mod","Mad Scientist","Marisa????????","Minty Spire (QoL Compilation)","Quarter Circle Forward PUNCH!","Quick Restart","Replay The Spire","Reworked Bosses","Shop Mod","Spikes Relics","StSLib","The Administrix","The Awakened One except there are too many feathers","The Bladedancer","The Cursed","The IronCluck","The Servant 0.9.4","The Wild Card","everything is the same but u backflip on backflip","slay the spire mod where everything is the same but ironclad has a cowboy hat","vexMod"],"gold_per_floor":[109,109,43,43,43,53,64,64,64],"floor_reached":8,"playtime":201,"items_purged":[],"score":92,"play_id":"26525b9c-7ee6-43dd-8390-b1facdfd5eb4","local_time":"20210110095011","is_ascension_mode":true,"campfire_choices":[],"circlet_count":0,"master_deck":["AscendersBane","Survivor","Neutralize","ICR:VenomStrike","ICR:VenomStrike","ICR:VenomStrike","ICR:VenomStrike","ICR:VenomStrike","ICR:Dodge","ICR:Dodge","ICR:Dodge","ICR:Dodge","ICR:Dodge","Footwork","Toxin Wave+1"],"relics":["Ring of the Snake","jedi:Pinwheel"],"acts_visited":["Exordium"],"potions_floor_usage":[],"damage_taken":[{"damage":0,"enemies":"Small Slimes","floor":1,"turns":5},{"damage":0,"enemies":"2 Louse","floor":6,"turns":2},{"damage":0,"enemies":"conspire:RoseBush","floor":7,"turns":4},{"damage":34,"enemies":"Gremlin Nob","floor":8,"turns":4}],"seed_played":"3566969747617539818","potions_obtained":[{"floor":6,"key":"jedi:hoardpotion"}],"is_trial":false,"path_per_floor":["M","?","$","PTL","PTL","M","M","E"],"character_chosen":"THE_SILENT","items_purchased":["Toxin Wave+1"],"campfire_rested":0,"item_purchase_floors":[3],"current_hp_per_floor":[59,54,54,54,54,54,54,20,20],"gold":64,"neow_bonus":"SILENT_POISONER","is_daily":false,"chose_seed":false,"campfire_upgraded":0,"win_rate":0.0,"timestamp":1610290211,"path_taken":["M","?","$","PTL","PTL","M","M","E"],"items_purchased_type":["Card"],"build_version":"2020-12-22","purchased_purges":0,"victory":false,"max_hp_per_floor":[66,66,66,66,66,66,66,66,66],"card_choices":[{"not_picked":["Sucker Punch","Deadly Poison"],"picked":"Footwork","floor":1},{"not_picked":["Dagger Throw","Flying Knee","Escape Plan"],"picked":"SKIP","floor":6},{"not_picked":["Dagger Throw","Riddle With Holes","Deadly Poison"],"picked":"SKIP","floor":7}],"player_experience":1245109,"relics_obtained":[],"event_choices":[{"damage_healed":0,"gold_gain":0,"player_choice":"Success","damage_taken":5,"relics_obtained":["jedi:Pinwheel"],"max_hp_gain":0,"max_hp_loss":0,"event_name":"Scrap Ooze","floor":2,"gold_loss":0}],"is_beta":false,"boss_relics":[],"items_purged_floors":[],"is_endless":false,"potions_floor_spawned":[6],"killed_by":"Gremlin Nob","ascension_level":20}}