{"host":"51mqhfpmwwd4kxyt","time":1610255253,"event":{"mods":["BaseMod","Downfall","Googly Eyes","Highlight Path","Minty Spire (QoL Compilation)","READ ME - Guardian Mod","StSLib","The Cursed","The Servant 0.9.4"],"gold_per_floor":[115,43,61,2,18,118,128,128,174,200,32,51,64,88,88,190,190,210,60,80,99,99,99,125,1,1,16,16,50,63,81,81,184,184,196,196,196,196,207,207,207],"floor_reached":40,"playtime":1910,"items_purged":["Strike_R"],"score":591,"play_id":"1010329c-3e74-4ed1-876d-f9a4441ab9e1","local_time":"20210110000733","is_ascension_mode":true,"campfire_choices":[{"data":"Barricade","floor":8,"key":"SMITH"},{"floor":15,"key":"REST"},{"floor":23,"key":"REST"},{"floor":28,"key":"REST"},{"data":"Evolve","floor":32,"key":"SMITH"}],"circlet_count":0,"master_deck":["Strike_R","Strike_R","Strike_R","Strike_R","Defend_R","Defend_R","Defend_R","Defend_R","Bash","Pommel Strike","Havoc","Evolve","Spot Weakness","Power Through","Barricade+1","Entrench","Immolate","Havoc","Fire Breathing","Body Slam","Juggernaut","Sever Soul+1","Metallicize","Shrug It Off","Dark Embrace","Dark Shackles","expansioncontent:Collect","expansioncontent:PrepareCrush","PanicButton","expansioncontent:Torchfire","Feel No Pain","Shrug It Off","Evolve+1","Body Slam","Berserk","Fiend Fire","CurseOfTheBell","Madness","Madness","Berserk","Armaments+1"],"relics":["Burning Blood","Toy Ornithopter","Regal Pillow","HornCleat","Pen Nib","Philosopher\u0027s Stone","Mummified Hand","Kunai","StoneCalendar","Calling Bell","Boot","Mercury Hourglass","Thread and Needle"],"acts_visited":["Exordium","TheCity","TheBeyond"],"potions_floor_usage":[16,21,21,33,39,39,39,39,40],"damage_taken":[{"damage":9,"enemies":"2 Louse","floor":1,"turns":2},{"damage":6,"enemies":"Cultist","floor":3,"turns":4},{"damage":10,"enemies":"Small Slimes","floor":5,"turns":3},{"damage":15,"enemies":"Red Slaver","floor":7,"turns":5},{"damage":45,"enemies":"Gremlin Nob","floor":10,"turns":5},{"damage":0,"enemies":"Exordium Wildlife","floor":12,"turns":4},{"damage":3,"enemies":"Large Slime","floor":13,"turns":6},{"damage":38,"enemies":"Slime Boss","floor":16,"turns":8},{"damage":13,"enemies":"Shell Parasite","floor":18,"turns":6},{"damage":11,"enemies":"Chosen","floor":20,"turns":6},{"damage":16,"enemies":"Shelled Parasite and Fungi","floor":21,"turns":6},{"damage":36,"enemies":"Book of Stabbing","floor":24,"turns":8},{"damage":0,"enemies":"3 Cultists","floor":27,"turns":4},{"damage":0,"enemies":"Gremlin Leader","floor":29,"turns":6},{"damage":3,"enemies":"Snake Plant","floor":30,"turns":4},{"damage":1,"enemies":"Centurion and Healer","floor":31,"turns":6},{"damage":29,"enemies":"Champ","floor":33,"turns":9},{"damage":6,"enemies":"3 Shapes","floor":35,"turns":4},{"damage":36,"enemies":"3 Darklings","floor":39,"turns":3},{"damage":60,"enemies":"Giant Head","floor":40,"turns":7}],"seed_played":"-1092056740876763377","potions_obtained":[{"floor":1,"key":"BloodPotion"},{"floor":5,"key":"EntropicBrew"},{"floor":7,"key":"SkillPotion"},{"floor":16,"key":"LiquidBronze"},{"floor":20,"key":"DistilledChaos"},{"floor":21,"key":"SteroidPotion"},{"floor":24,"key":"sneckomod:MuddlingPotion"},{"floor":29,"key":"ColorlessPotion"},{"floor":33,"key":"Swift Potion"},{"floor":39,"key":"LiquidMemories"}],"is_trial":false,"path_per_floor":["M","$","M","?","M","?","M","R","T","E","$","M","M","T","R","B",null,"M","$","M","M","?","R","E","$","T","M","R","E","M","M","R","B",null,"M","?","?","?","M","E"],"character_chosen":"IRONCLAD","items_purchased":["Evolve","Immolate","Havoc","Metallicize","Feel No Pain","Shrug It Off"],"campfire_rested":3,"item_purchase_floors":[2,11,11,19,25,25],"current_hp_per_floor":[77,77,77,77,73,73,64,64,64,25,25,31,34,34,73,62,76,69,69,64,64,18,57,27,27,27,33,72,78,80,80,80,62,76,76,76,66,66,50,0,0],"gold":207,"neow_bonus":"THREE_CARDS","is_daily":false,"chose_seed":false,"campfire_upgraded":2,"win_rate":0.0,"timestamp":1610255253,"path_taken":["M","$","M","?","?","?","M","R","T","E","$","M","?","?","R","BOSS","M","$","M","M","?","R","E","$","T","M","R","E","M","?","R","BOSS","M","?","?","?","M","E"],"items_purchased_type":["Card","Card","Card","Card","Card","Card"],"build_version":"2020-12-22","purchased_purges":1,"victory":false,"max_hp_per_floor":[80,80,80,80,80,80,80,80,80,80,80,80,80,80,80,80,80,80,80,80,80,80,80,80,80,80,80,80,80,80,80,80,80,80,80,80,80,80,80,80,80],"card_choices":[{"not_picked":["Iron Wave","Clash"],"picked":"Pommel Strike","floor":0},{"not_picked":["Sever Soul","Warcry"],"picked":"Havoc","floor":1},{"not_picked":["Twin Strike","Clash"],"picked":"Spot Weakness","floor":3},{"not_picked":["Flex","Feel No Pain"],"picked":"Power Through","floor":5},{"not_picked":["Heavy Blade","Pummel"],"picked":"Barricade","floor":7},{"not_picked":["Headbutt","Thunderclap"],"picked":"Entrench","floor":10},{"not_picked":["Rupture","Anger"],"picked":"Fire Breathing","floor":12},{"not_picked":["Carnage","Sever Soul"],"picked":"Body Slam","floor":13},{"not_picked":["Exhume","Limit Break"],"picked":"Juggernaut","floor":16},{"not_picked":["Iron Wave+1","Rampage+1"],"picked":"Sever Soul+1","floor":18},{"not_picked":["Warcry","Cleave"],"picked":"Shrug It Off","floor":20},{"not_picked":["Dual Wield","Cleave"],"picked":"Dark Embrace","floor":21},{"not_picked":["Hemokinesis","Wild Strike","Cleave"],"picked":"SKIP","floor":24},{"not_picked":["Twin Strike","Evolve","Cleave"],"picked":"SKIP","floor":27},{"not_picked":["Twin Strike","Cleave"],"picked":"Evolve","floor":27},{"not_picked":["Cleave","Thunderclap+1","Pommel Strike+1"],"picked":"SKIP","floor":29},{"not_picked":["Combust","Rupture"],"picked":"Body Slam","floor":30},{"not_picked":["Warcry","True Grit+1"],"picked":"Berserk","floor":31},{"not_picked":["Bludgeon","Limit Break"],"picked":"Fiend Fire","floor":33},{"not_picked":["Clothesline+1","Wild Strike","Flex+1"],"picked":"SKIP","floor":35},{"not_picked":["Flex+1","Clothesline+1"],"picked":"Armaments+1","floor":39}],"player_experience":378249,"relics_obtained":[{"floor":9,"key":"Regal Pillow"},{"floor":10,"key":"HornCleat"},{"floor":14,"key":"Pen Nib"},{"floor":24,"key":"Mummified Hand"},{"floor":26,"key":"Kunai"},{"floor":29,"key":"StoneCalendar"},{"floor":34,"key":"Boot"},{"floor":34,"key":"Mercury Hourglass"},{"floor":34,"key":"Thread and Needle"}],"event_choices":[{"damage_healed":0,"gold_gain":0,"player_choice":"Paid Gold","damage_taken":0,"relics_obtained":["Toy Ornithopter"],"max_hp_gain":0,"max_hp_loss":0,"event_name":"WeMeetAgain","floor":4,"gold_loss":59},{"damage_healed":0,"gold_gain":100,"player_choice":"Gold","damage_taken":0,"max_hp_gain":0,"max_hp_loss":0,"event_name":"Wheel of Change","floor":6,"gold_loss":0},{"damage_healed":0,"gold_gain":0,"player_choice":"CARD CARD CARD CARD CARD ","damage_taken":46,"max_hp_gain":0,"max_hp_loss":0,"event_name":"Knowing Skull","floor":22,"potions_obtained":[],"gold_loss":0,"cards_obtained":["Dark Shackles","expansioncontent:Collect","expansioncontent:PrepareCrush","PanicButton","expansioncontent:Torchfire"]},{"damage_healed":0,"gold_gain":0,"player_choice":"Ignored","damage_taken":0,"max_hp_gain":0,"max_hp_loss":0,"event_name":"Tomb of Lord Red Mask","floor":36,"gold_loss":0},{"damage_healed":0,"gold_gain":0,"player_choice":"Embrace Madness","damage_taken":10,"max_hp_gain":0,"max_hp_loss":0,"event_name":"Winding Halls","floor":37,"gold_loss":0,"cards_obtained":["Madness","Madness"]},{"damage_healed":0,"gold_gain":0,"player_choice":"Copied","damage_taken":0,"max_hp_gain":0,"max_hp_loss":0,"event_name":"Duplicator","floor":38,"gold_loss":0,"cards_obtained":["Berserk"]}],"is_beta":false,"boss_relics":[{"not_picked":["Fusion Hammer","Runic Cube"],"picked":"Philosopher\u0027s Stone"},{"not_picked":["Cursed Key","Sozu"],"picked":"Calling Bell"}],"items_purged_floors":[19],"is_endless":false,"potions_floor_spawned":[1,5,7,16,20,21,24,29,33,39],"killed_by":"Giant Head","ascension_level":5}}