{"host":"hf83sijwe64ts2lm","time":1610311577,"event":{"mods":["2.2 Compatiblity","BaseMod","Better Altar","Better Match","Better Note","Better Sensory Stone","Better Skull","Better Third Choice","Colored Map","Colored Powertips","Highlight Path","Hubris","Infinite Spire","Minty Spire (QoL Compilation)","Quick Restart","Rare Cards Sparkle","Relic Stats","Replay The Spire","Shop Mod","Spicy Shops","StSLib","Thieving Mod"],"gold_per_floor":[112,112,128,128,128,128,6,31,58,85,85,85,104,123,123,220,220,231,101,116,116,116,116,116,116],"floor_reached":24,"playtime":399,"items_purged":[],"score":302,"play_id":"a5de0125-4c93-4bdf-84dd-7f80c79ca31f","local_time":"20210110154617","is_ascension_mode":true,"campfire_choices":[{"floor":6.0,"key":"RECALL"},{"floor":12.0,"key":"REST"},{"data":"ReplayTheSpireMod:LeadingStrike","floor":15.0,"key":"SMITH"},{"floor":23,"key":"REST"}],"circlet_count":0,"master_deck":["Strike_R+1","Strike_R","Strike_R","Strike_R","Strike_R","Defend_R+1","Defend_R+1","Defend_R","Defend_R+1","Bash","Flex","Twin Strike","ReplayTheSpireMod:LeadingStrike+1","Flex","ReplayTheSpireMod:Strike From Hell","Metallicize","Seeing Red","Heavy Blade","Replay:Many Hands","CurseOfTheBell","Heavy Blade","Spot Weakness","infinitespire:Starlight"],"relics":["Burning Blood","NeowsBlessing","War Paint","infinitespire:PuzzleCube","Calling Bell","Gremlin Food","Meat on the Bone","Mango","ReplayTheSpireMod:TigerMarble","hubris:Icosahedron"],"acts_visited":["Exordium","TheCity"],"potions_floor_usage":[16,16,18],"damage_taken":[{"damage":0.0,"enemies":"Cultist","floor":1.0,"turns":1.0},{"damage":0.0,"enemies":"Small Slimes","floor":3.0,"turns":1.0},{"damage":0.0,"enemies":"Gremlin Nob","floor":8.0,"turns":1.0},{"damage":40.0,"enemies":"Lagavulin","floor":10.0,"turns":6.0},{"damage":0.0,"enemies":"2 Louse","floor":13.0,"turns":2.0},{"damage":13.0,"enemies":"Blue Slaver","floor":14.0,"turns":3.0},{"damage":64,"enemies":"Hexaghost","floor":16,"turns":11},{"damage":27,"enemies":"Chosen","floor":18,"turns":6},{"damage":35,"enemies":"Shell Parasite","floor":20,"turns":7},{"damage":84,"enemies":"Book of Stabbing","floor":24,"turns":5}],"seed_played":"814590101643541949","potions_obtained":[{"floor":8.0,"key":"SpeedPotion"},{"floor":13.0,"key":"Block Potion"},{"floor":14.0,"key":"Doom Potion"},{"floor":16,"key":"ColorlessPotion"}],"is_trial":false,"path_per_floor":["M","?","M","?","?","R","$","E","T","E","?","R","M","M","R","B",null,"M","?","M","AVR","?","R","E"],"character_chosen":"IRONCLAD","items_purchased":["ReplayTheSpireMod:LeadingStrike","Flex"],"campfire_rested":2,"item_purchase_floors":[7,7],"current_hp_per_floor":[80,80,80,80,80,80,80,80,80,46,46,70,76,69,69,11,94,73,73,56,56,56,84,0,0],"gold":116,"neow_bonus":"THREE_ENEMY_KILL","is_daily":false,"chose_seed":false,"campfire_upgraded":1,"win_rate":0.0,"timestamp":1610311577,"path_taken":["M","?","M","?","?","R","?","E","T","E","?","R","M","M","R","BOSS","M","?","?","AVR","?","R","E"],"items_purchased_type":["Card","Card"],"build_version":"2020-12-22","purchased_purges":0,"victory":false,"max_hp_per_floor":[80,80,80,80,80,80,80,80,80,80,80,80,80,80,80,80,94,94,94,94,94,94,94,94,94],"relic_stats":{"counters":[10,42],"War Paint":["Defend_R","Defend_R"],"obtain_stats":[{"Calling Bell":17,"Gremlin Food":17,"hubris:Icosahedron":22,"NeowsBlessing":0,"Mango":17,"ReplayTheSpireMod:TigerMarble":19,"War Paint":8,"Burning Blood":0,"infinitespire:PuzzleCube":10,"Meat on the Bone":17},{"Calling Bell":7,"Gremlin Food":7,"hubris:Icosahedron":9,"NeowsBlessing":0,"Mango":7,"ReplayTheSpireMod:TigerMarble":8,"War Paint":3,"Burning Blood":0,"infinitespire:PuzzleCube":4,"Meat on the Bone":7},{"Calling Bell":24,"Gremlin Food":24,"hubris:Icosahedron":37,"NeowsBlessing":0,"Mango":24,"ReplayTheSpireMod:TigerMarble":30,"War Paint":3,"Burning Blood":0,"infinitespire:PuzzleCube":9,"Meat on the Bone":24}],"Burning Blood":36,"Meat on the Bone":12},"card_choices":[{"not_picked":["Dark Embrace","ReplayTheSpireMod:Strike From Hell"],"picked":"Flex","floor":1.0},{"not_picked":["Second Wind","Shrug It Off"],"picked":"Twin Strike","floor":3.0},{"not_picked":["True Grit","Havoc"],"picked":"ReplayTheSpireMod:Strike From Hell","floor":8.0},{"not_picked":["Burning Pact","hubris:CleavingFinish"],"picked":"Metallicize","floor":10.0},{"not_picked":["Headbutt","Bloodletting"],"picked":"Seeing Red","floor":13.0},{"not_picked":["Wild Strike","Armaments"],"picked":"Heavy Blade","floor":14.0},{"not_picked":["Double Tap","Exhume"],"picked":"Replay:Many Hands","floor":16},{"not_picked":["Body Slam","Abandon+1"],"picked":"Heavy Blade","floor":18},{"not_picked":["Pommel Strike","Dropkick"],"picked":"Spot Weakness","floor":20}],"player_experience":127115,"relics_obtained":[{"floor":8.0,"key":"War Paint"},{"floor":10.0,"key":"infinitespire:PuzzleCube"},{"floor":17,"key":"Gremlin Food"},{"floor":17,"key":"Meat on the Bone"},{"floor":17,"key":"Mango"}],"event_choices":[{"damage_healed":0.0,"max_hp_gain":0.0,"max_hp_loss":0.0,"gold_gain":0.0,"event_name":"The Cleric","player_choice":"Leave","floor":4.0,"gold_loss":0.0,"damage_taken":0.0},{"damage_healed":0.0,"max_hp_gain":0.0,"max_hp_loss":0.0,"gold_gain":0.0,"event_name":"Transmorgrifier","player_choice":"Ignored","floor":11.0,"gold_loss":0.0,"damage_taken":0.0},{"damage_healed":0,"gold_gain":0,"player_choice":"Paid Gold","damage_taken":0,"relics_obtained":["ReplayTheSpireMod:TigerMarble"],"max_hp_gain":0,"max_hp_loss":0,"event_name":"WeMeetAgain","floor":19,"gold_loss":130}],"is_beta":false,"boss_relics":[{"not_picked":["Replay:Wanted Poster","Mark of Pain"],"picked":"Calling Bell"}],"items_purged_floors":[],"is_endless":false,"potions_floor_spawned":[8,13,14,16],"killed_by":"Book of Stabbing","ascension_level":4}}