{"host":"56ghxnzsglgdq727","time":1610282155,"event":{"mods":["AchievementEnabler","BaseMod","Downfall","Duelist Mod","Hermit","Minty Spire (QoL Compilation)","Rare Cards Sparkle","StSLib","The Bug Knight","The Exalted","The Senshi","The Servant 0.9.4","The Wild Card"],"gold_per_floor":[143,143,159,159,84,84,104,116,116,34,34,45,64,77,77,172,172,172,172,172,172,172,172,172,172,172,172,87,87,87,87,87,87,87,87,87,87,14,14,14,14,14,14,14,14,14,14],"floor_reached":46,"playtime":2632,"items_purged":["theDuelist:ScrapFactory"],"score":513,"play_id":"52845a53-8a39-4398-b7f9-9578a127a778","local_time":"20210110073555","is_ascension_mode":false,"campfire_choices":[{"data":"theDuelist:AttackTheMoon","floor":6.0,"key":"SMITH"},{"data":"theDuelist:LabyrinthWall","floor":15.0,"key":"SMITH"},{"data":"theDuelist:KamionTimelord","floor":23.0,"key":"SMITH"},{"data":"RitualDagger","floor":29.0,"key":"SMITH"},{"data":"theDuelist:Nameless:Power:ForbiddenLance","floor":32.0,"key":"SMITH"},{"data":"theDuelist:YamiForm","floor":40.0,"key":"SMITH"},{"data":"theDuelist:Nameless:Power:ForbiddenLance+1","floor":42.0,"key":"SMITH"}],"circlet_count":0,"master_deck":["theDuelist:RainbowKuriboh","theDuelist:AttackTheMoon+1","theDuelist:GiantSoldier","theDuelist:BeaverWarrior","theDuelist:AmuletAmbition+1","theDuelist:DeltaMagnet","RitualDagger+1","theDuelist:LabyrinthWall+1","theDuelist:Nameless:Power:ForbiddenLance+2","theDuelist:YamiForm+1","theDuelist:CastleWalls","theDuelist:KamionTimelord+1","theDuelist:HourglassLife","theDuelist:MiraculousDescent+1","theDuelist:Sparks","theDuelist:CastleWalls","Necronomicurse","theDuelist:ElectromagneticShield+1","theDuelist:CatapultZone+1","theDuelist:GiantSoldier","theDuelist:BeaverWarrior","theDuelist:FinalFlame","theDuelist:AssaultArmor"],"relics":["theDuelist:MillenniumPuzzle","theDuelist:CardPoolRelic","theDuelist:CardPoolBasicRelic","theDuelist:BoosterPackPoolRelic","theDuelist:CardPoolAddRelic","theDuelist:CardPoolMinusRelic","theDuelist:CardPoolSaveRelic","theDuelist:CardPoolOptionsRelic","NeowsBlessing","Shuriken","Lizard Tail","Ectoplasm","Potion Belt","HollowMod:StagPassRelic","Necronomicon","theDuelist:ElectricKey","theDuelist:Monsterbox","theDuelist:MetronomeRelicD","Calipers","Frozen Eye","FossilizedHelix"],"acts_visited":["Exordium","TheCity","TheBeyond"],"potions_floor_usage":[],"damage_taken":[{"damage":0.0,"enemies":"2 Louse","floor":1.0,"turns":1.0},{"damage":0.0,"enemies":"Small Slimes","floor":3.0,"turns":1.0},{"damage":0.0,"enemies":"Cultist","floor":7.0,"turns":1.0},{"damage":18.0,"enemies":"Exordium Wildlife","floor":8.0,"turns":3.0},{"damage":5.0,"enemies":"3 Louse","floor":12.0,"turns":3.0},{"damage":0.0,"enemies":"Gremlin Gang","floor":13.0,"turns":4.0},{"damage":7.0,"enemies":"Looter","floor":14.0,"turns":4.0},{"damage":28.0,"enemies":"Hexaghost","floor":16.0,"turns":18.0},{"damage":0.0,"enemies":"Chosen","floor":18.0,"turns":10.0},{"damage":0.0,"enemies":"Spheric Guardian","floor":21.0,"turns":3.0},{"damage":0.0,"enemies":"Centurion and Healer","floor":22.0,"turns":3.0},{"damage":1.0,"enemies":"3 Cultists","floor":25.0,"turns":6.0},{"damage":10.0,"enemies":"Snake Plant","floor":31.0,"turns":4.0},{"damage":0.0,"enemies":"Collector","floor":33.0,"turns":10.0},{"damage":0.0,"enemies":"3 Darklings","floor":35.0,"turns":7.0},{"damage":0.0,"enemies":"Orb Walker","floor":39.0,"turns":4.0},{"damage":21.0,"enemies":"2 Orb Walkers","floor":44.0,"turns":4.0},{"damage":54.0,"enemies":"Reptomancer","floor":45.0,"turns":6.0},{"damage":0,"enemies":"3 Darklings","floor":46,"turns":1}],"seed_played":"-5340707007397149136","potions_obtained":[{"floor":1.0,"key":"theDuelist:SealedPackB"},{"floor":8.0,"key":"theDuelist:IcePotion"},{"floor":14.0,"key":"sneckomod:MuddlingPotion"},{"floor":18.0,"key":"FocusPotion"},{"floor":31.0,"key":"DuplicationPotion"}],"is_trial":false,"path_per_floor":["M","?","M","?","$","R","M","M","T","$","?","M","M","M","R","B",null,"M","?","?","M","M","R","?","M","T","$","?","R","?","M","R","B",null,"M","?","?","$","M","R","$","R","T","?","E","M"],"character_chosen":"THE_DUELIST","items_purchased":["theDuelist:CatapultZone","theDuelist:Monsterbox","theDuelist:MiraculousDescent"],"campfire_rested":0,"item_purchase_floors":[10,38,38],"current_hp_per_floor":[80,77,77,77,77,77,77,59,59,59,59,54,58,51,51,23,80,80,80,80,80,80,80,74,73,73,73,73,73,57,51,51,61,80,80,80,80,80,80,80,80,80,80,59,5,5,5],"gold":14,"neow_bonus":"THREE_ENEMY_KILL","is_daily":false,"chose_seed":false,"campfire_upgraded":7,"win_rate":0.0,"timestamp":1610282155,"path_taken":["M","?","M","?","$","R","M","M","T","$","?","?","M","M","R","BOSS","M","?","?","?","M","R","?","M","T","?","?","R","?","M","R","BOSS","M","?","?","$","M","R","?","R","T","?","E","M"],"items_purchased_type":["Card","Relic","Card"],"build_version":"2020-12-22","purchased_purges":1,"victory":false,"max_hp_per_floor":[80,80,80,80,80,80,80,80,80,80,80,80,80,80,80,80,80,80,80,80,80,80,80,80,80,80,80,80,80,80,80,80,80,80,80,80,80,80,80,80,80,80,80,80,80,80,80],"card_choices":[{"not_picked":["theDuelist:BattleOx","theDuelist:MirrorForce","theDuelist:ScrapFactory","theDuelist:GauntletWarrior"],"picked":"theDuelist:AttackTheMoon","floor":1.0},{"not_picked":["theDuelist:SpellShatteringArrow","theDuelist:FrontierWiseman","theDuelist:SolarWindJammer","theDuelist:LightningVortex","theDuelist:DarkBurningMagic"],"picked":"SKIP","floor":3.0},{"not_picked":["theDuelist:SpellShatteringArrow","theDuelist:MeteorDestruction","theDuelist:Hinotama","theDuelist:DoubleTool","theDuelist:SangaEarth"],"picked":"SKIP","floor":7.0},{"not_picked":["theDuelist:LightningVortex","theDuelist:HeavyStorm","theDuelist:GiantTrapHole","theDuelist:DropOff"],"picked":"theDuelist:LabyrinthWall","floor":8.0},{"not_picked":["theDuelist:RainbowNeos","theDuelist:Eva","theDuelist:Tuningware","theDuelist:FluteKuriboh","theDuelist:PowerWall"],"picked":"SKIP","floor":12.0},{"not_picked":["theDuelist:Hinotama","theDuelist:EgoBoost","theDuelist:BigKoala","theDuelist:DarkFactory","theDuelist:FusionWeapon"],"picked":"SKIP","floor":13.0},{"not_picked":["theDuelist:VenomShot","theDuelist:DarkBurningMagic","theDuelist:GravityAxe","theDuelist:ElectromagneticShield","theDuelist:MagicalStone"],"picked":"SKIP","floor":14.0},{"not_picked":["theDuelist:RainbowNeos","theDuelist:HappyLover","theDuelist:Eva","theDuelist:RainbowKuriboh"],"picked":"theDuelist:KamionTimelord","floor":16.0},{"not_picked":["theDuelist:MeteorDestruction","theDuelist:Hinotama","theDuelist:CoreBlaster+1","theDuelist:BigFire","theDuelist:CrossAttack"],"picked":"SKIP","floor":18.0},{"not_picked":["theDuelist:SpellShatteringArrow","theDuelist:CoreBlaster","theDuelist:CombinationAttack+1","theDuelist:RainbowNeos","theDuelist:UnderworldCannon"],"picked":"SKIP","floor":21.0},{"not_picked":["theDuelist:SpellShatteringArrow","theDuelist:MeteorDestruction","theDuelist:PowerKaishin","theDuelist:EgoBoost+1"],"picked":"theDuelist:ElectromagneticShield+1","floor":22.0},{"not_picked":["theDuelist:SpellShatteringArrow","theDuelist:Downbeat","theDuelist:WhiteMagicalHat","theDuelist:MagnumShield","theDuelist:SpiritHarp"],"picked":"SKIP","floor":25.0},{"not_picked":["theDuelist:UnderworldCannon","theDuelist:AfterGenocide","theDuelist:GravityAxe","theDuelist:Electrowhip","theDuelist:StarBlast"],"picked":"SKIP","floor":31.0},{"not_picked":["theDuelist:LightLaser","theDuelist:InstantFusion","theDuelist:GridRod","theDuelist:MillenniumShield+1"],"picked":"theDuelist:YamiForm","floor":33.0},{"not_picked":["theDuelist:FusionWeapon+1","theDuelist:MillenniumShield+1","theDuelist:BlackPendant+1","theDuelist:Mathematician+1"],"picked":"theDuelist:AmuletAmbition+1","floor":35.0},{"not_picked":["theDuelist:RainbowNeos","theDuelist:KamionTimelord","theDuelist:HappyLover","theDuelist:Eva+1"],"picked":"theDuelist:RainbowKuriboh","floor":39.0},{"not_picked":["theDuelist:StarBlast","theDuelist:VenomShot+1","theDuelist:BreakDraw+1","theDuelist:Wildfire"],"picked":"theDuelist:AssaultArmor","floor":45.0}],"player_experience":203498,"relics_obtained":[{"floor":9.0,"key":"Lizard Tail"},{"floor":26.0,"key":"Potion Belt"},{"floor":30.0,"key":"Necronomicon"},{"floor":43.0,"key":"theDuelist:MetronomeRelicD"},{"floor":44.0,"key":"Calipers"},{"floor":45.0,"key":"FossilizedHelix"}],"event_choices":[{"damage_healed":0.0,"max_hp_gain":0.0,"max_hp_loss":0.0,"gold_gain":0.0,"event_name":"Scrap Ooze","player_choice":"Success","floor":2.0,"gold_loss":0.0,"damage_taken":3.0,"relics_obtained":["Shuriken"]},{"damage_healed":0.0,"max_hp_gain":0.0,"max_hp_loss":0.0,"gold_gain":0.0,"event_name":"Relic Duplicator","player_choice":"Leave","duelist":true,"floor":4.0,"gold_loss":0.0,"damage_taken":0.0},{"damage_healed":0.0,"max_hp_gain":0.0,"max_hp_loss":0.0,"gold_gain":0.0,"event_name":"Upgrade Shrine","player_choice":"Upgraded","floor":11.0,"gold_loss":0.0,"damage_taken":0.0,"cards_upgraded":["theDuelist:CatapultZone"]},{"power_reward":4.0,"total_magic_score":46.0,"gold_gain":0.0,"duelist":true,"damage_taken":0.0,"relics_obtained":[],"points":8.0,"max_hp_gain":0.0,"max_hp_loss":0.0,"spent_points":{"magic":4.0,"greed":0.0,"war":0.0,"power":4.0,"hunger":0.0},"event_name":"Nameless Tomb","floor":19.0,"gold_loss":0.0,"magic_reward":4.0,"cards_obtained":["theDuelist:HourglassLife","theDuelist:Nameless:Power:ForbiddenLance"]},{"cards_removed":["theDuelist:Sparks"],"damage_healed":0.0,"max_hp_gain":0.0,"max_hp_loss":0.0,"gold_gain":0.0,"event_name":"NoteForYourself","player_choice":"Took Card","floor":20.0,"gold_loss":0.0,"damage_taken":0.0,"cards_obtained":["Iron Wave"]},{"damage_healed":0.0,"max_hp_gain":0.0,"max_hp_loss":0.0,"gold_gain":0.0,"event_name":"Nest","player_choice":"Joined the Cult","floor":24.0,"gold_loss":0.0,"damage_taken":6.0,"cards_obtained":["RitualDagger"]},{"damage_healed":0.0,"max_hp_gain":0.0,"max_hp_loss":0.0,"gold_gain":0.0,"event_name":"Addict","player_choice":"Obtained Relic","floor":28.0,"gold_loss":85.0,"damage_taken":0.0,"relics_obtained":["HollowMod:StagPassRelic"]},{"damage_healed":0.0,"max_hp_gain":0.0,"max_hp_loss":0.0,"gold_gain":0.0,"event_name":"Cursed Tome","player_choice":"Obtained Book","floor":30.0,"gold_loss":0.0,"damage_taken":16.0},{"cards_removed":["Iron Wave"],"damage_healed":0.0,"max_hp_gain":0.0,"max_hp_loss":0.0,"gold_gain":0.0,"event_name":"Falling","player_choice":"Removed Attack","floor":36.0,"gold_loss":0.0,"damage_taken":0.0},{"damage_healed":0.0,"max_hp_gain":0.0,"max_hp_loss":0.0,"gold_gain":0.0,"event_name":"Egyptian Village","player_choice":"Delta Electro","duelist":true,"floor":37.0,"gold_loss":0.0,"damage_taken":0.0,"cards_obtained":["Delta Electromagnet Warrior"]},{"damage_healed":0.0,"max_hp_gain":0.0,"max_hp_loss":0.0,"gold_gain":0.0,"event_name":"Mysterious Sphere","player_choice":"Fight","floor":44.0,"gold_loss":0.0,"damage_taken":0.0}],"is_beta":false,"boss_relics":[{"not_picked":["Velvet Choker","Runic Dome"],"picked":"Ectoplasm"},{"not_picked":["Bromod:ArcaneBarrier","theDuelist:MillenniumKey"],"picked":"theDuelist:ElectricKey"}],"items_purged_floors":[5],"is_endless":false,"potions_floor_spawned":[1,8,14,18,31],"killed_by":"3 Darklings","ascension_level":0}}