{"host":"6h0diz2ap0m56grs","time":1610311122,"event":{"mods":["2.2 Compatiblity","BaseMod","Colored Map","Marisa????????","Minty Spire (QoL Compilation)","Quick Restart","Replay The Spire","Shop Mod","StSLib","The Servant 0.9.4"],"gold_per_floor":[117,132,86,96,96,125,159,159,159,188,212,254,263,296,296,399,399,413,436,351,293,293,293,319,319,319,319,319],"floor_reached":27,"playtime":829,"items_purged":[],"score":438,"play_id":"182ca595-6e99-4427-b98b-df7a92b0388b","local_time":"20210110143842","daily_mods":["SealedDeck","Heirloom","Time Dilation","Flight"],"is_ascension_mode":true,"campfire_choices":[{"data":"BasicCrystalCard","floor":13,"key":"SMITH"},{"data":"Mirror Shield","floor":15,"key":"SMITH"},{"data":"Glacier","floor":23,"key":"SMITH"},{"data":"Coolheaded","floor":25,"key":"SMITH"}],"circlet_count":0,"master_deck":["Sunder","BootSequence","BasicCrystalCard+1","Coolheaded+1","Barrage","Cold Snap","Ball Lightning","Conserve Battery","Conserve Battery","Ball Lightning","Defragment+1","Ball Lightning","Glacier+1","Mirror Shield+1","Coolheaded","Core Surge"],"relics":["Cracked Core","replay:Trail_Library","Torii","Bottled Lightning","Lantern","Shuriken","Sundial","DataDisk","Replay:Bronze Core","MerchantsRug","Solar Panel","Replay:Ringing Soul"],"acts_visited":["Exordium","TheCity"],"potions_floor_usage":[],"damage_taken":[{"damage":0,"enemies":"Cultist","floor":1,"turns":3},{"damage":0,"enemies":"Small Slimes","floor":2,"turns":2},{"damage":0,"enemies":"Jaw Worm","floor":4,"turns":2},{"damage":0,"enemies":"3 Sentries","floor":6,"turns":6},{"damage":0,"enemies":"Lagavulin","floor":7,"turns":5},{"damage":0,"enemies":"3 Sentries","floor":10,"turns":5},{"damage":0,"enemies":"2 Fungi Beasts","floor":11,"turns":2},{"damage":0,"enemies":"Gremlin Nob","floor":12,"turns":4},{"damage":1,"enemies":"Lagavulin","floor":14,"turns":5},{"damage":0,"enemies":"The Guardian","floor":16,"turns":8},{"damage":0,"enemies":"2 Thieves","floor":18,"turns":3},{"damage":0,"enemies":"Shell Parasite","floor":19,"turns":6},{"damage":1,"enemies":"Book of Stabbing","floor":24,"turns":5},{"damage":0,"enemies":"Gremlin Leader","floor":27,"turns":2}],"seed_played":"674164917655145765","potions_obtained":[{"floor":4,"key":"Elixir"},{"floor":6,"key":"Block Potion"},{"floor":11,"key":"Block Potion"},{"floor":16,"key":"Dexterity Potion"}],"is_trial":true,"path_per_floor":["M","M","$","M","?","E","E","?","T","E","M","E","R","E","R","B",null,"M","M","?","$","?","R","E","R","T","E"],"character_chosen":"DEFECT","items_purchased":["Ball Lightning","MerchantsRug"],"campfire_rested":0,"item_purchase_floors":[3,21],"current_hp_per_floor":[75,75,75,75,75,75,75,75,75,75,75,75,75,74,74,74,75,75,75,75,75,75,75,74,74,74,74,74],"gold":319,"neow_bonus":"","is_daily":false,"chose_seed":false,"campfire_upgraded":4,"win_rate":0.0,"timestamp":1610311122,"path_taken":["M","M","?","?","?","E","E","?","T","E","?","E","R","E","R","BOSS","M","?","?","?","?","R","E","R","T","E"],"items_purchased_type":["Card","Relic"],"build_version":"2020-12-22","purchased_purges":0,"victory":false,"max_hp_per_floor":[75,75,75,75,75,75,75,75,75,75,75,75,75,75,75,75,75,75,75,75,75,75,75,75,75,75,75,75],"card_choices":[{"not_picked":["Turbo","Conserve Battery","Chaos"],"picked":"SKIP","floor":1},{"not_picked":["Conserve Battery","Rebound","Panic Button"],"picked":"SKIP","floor":2},{"not_picked":["Loop","Sweeping Beam"],"picked":"Defragment","floor":4},{"not_picked":["Double Energy","Storm"],"picked":"Ball Lightning","floor":6},{"not_picked":["Cold Snap","Tempest","Sweeping Beam"],"picked":"SKIP","floor":7},{"not_picked":["Stack","Coolheaded","Crystallizer"],"picked":"SKIP","floor":10},{"not_picked":["Recycle","Beam Cell"],"picked":"Glacier","floor":11},{"not_picked":["Sweeping Beam","Turbo"],"picked":"Mirror Shield","floor":12},{"not_picked":["Skim","Chaos","Tempest"],"picked":"SKIP","floor":14},{"not_picked":["Coolheaded","Cold Snap","Hologram"],"picked":"SKIP","floor":18},{"not_picked":["Hologram+1","Cold Snap"],"picked":"Core Surge","floor":19},{"not_picked":["Compile Driver","Panic Button","ReplayTheSpireMod:System Scan"],"picked":"SKIP","floor":24}],"player_experience":160909,"relics_obtained":[{"floor":6,"key":"Bottled Lightning"},{"floor":7,"key":"Lantern"},{"floor":9,"key":"Shuriken"},{"floor":10,"key":"CeramicFish"},{"floor":12,"key":"Sundial"},{"floor":14,"key":"DataDisk"},{"floor":24,"key":"Solar Panel"},{"floor":26,"key":"Replay:Ringing Soul"}],"event_choices":[{"damage_healed":0,"gold_gain":0,"player_choice":"Leave","damage_taken":0,"max_hp_gain":0,"max_hp_loss":0,"event_name":"The Cleric","floor":5,"gold_loss":0},{"damage_healed":0,"gold_gain":0,"player_choice":"Upgraded","damage_taken":0,"max_hp_gain":0,"max_hp_loss":0,"event_name":"Upgrade Shrine","floor":8,"gold_loss":0,"cards_upgraded":["Defragment"]},{"damage_healed":0,"gold_gain":0,"player_choice":"Obtained Relic","damage_taken":0,"relics_obtained":["MawBank"],"max_hp_gain":0,"max_hp_loss":0,"event_name":"Addict","floor":20,"gold_loss":85},{"cards_removed":["Conserve Battery"],"damage_healed":0,"gold_gain":0,"player_choice":"Elegance","damage_taken":0,"max_hp_gain":0,"max_hp_loss":0,"event_name":"Back to Basics","floor":22,"gold_loss":0}],"is_beta":false,"boss_relics":[{"not_picked":["Astrolabe","Snecko Eye"],"picked":"Replay:Bronze Core"}],"items_purged_floors":[],"is_endless":false,"potions_floor_spawned":[4,6,11,12,16],"killed_by":"Gremlin Leader","ascension_level":1}}