{"host":"z9mq1tf06lkrncmk","time":1610245807,"event":{"mods":["Aspiration","BaseMod","Conspire","GifTheSpireLib","Hermit","Hubris","Minty Spire (QoL Compilation)","RatMod","Remilia??????","Replay The Spire","Robot Space Explorer","Shade Mod","StSLib","Td1madao Mod","The Cursed","The Disciple","The Dragon Tamer","The Hierophant","The Jungle","The Marked","The Necromancer","The Senshi","The Servant 0.9.4"],"gold_per_floor":[111,121,121,139,55,86,106,106,106,125,125,125,147,173,185,197,197],"floor_reached":16,"playtime":734,"items_purged":[],"score":104,"play_id":"8deab38d-ad92-47e4-aff5-9900338fce51","local_time":"20210109213007","is_ascension_mode":false,"campfire_choices":[{"floor":8,"key":"REST"},{"floor":15,"key":"REST"}],"circlet_count":0,"master_deck":["hermit:Strike_Hermit","hermit:Strike_Hermit","hermit:Strike_Hermit","hermit:Strike_Hermit","hermit:Defend_Hermit","hermit:Defend_Hermit","hermit:Defend_Hermit","hermit:Defend_Hermit","hermit:Snapshot","hermit:Covet","hermit:Manifest","hermit:GoldenBullet+1","hermit:Snipe","hermit:BigShot","hermit:Dive","hermit:Ricochet","hermit:Enervate","hermit:Headshot","hermit:Vantage+1"],"relics":["hermit:Momento","aspiration:HiddenCompartment","Toxic Egg 2","MawBank"],"acts_visited":["Exordium"],"potions_floor_usage":[10,16],"damage_taken":[{"damage":0,"enemies":"Small Slimes","floor":1,"turns":3},{"damage":0,"enemies":"2 Louse","floor":2,"turns":3},{"damage":6,"enemies":"Cultist","floor":4,"turns":4},{"damage":29,"enemies":"Gremlin Nob","floor":6,"turns":5},{"damage":3,"enemies":"Large Slime","floor":7,"turns":6},{"damage":1,"enemies":"Exordium Thugs","floor":10,"turns":4},{"damage":19,"enemies":"Exordium Wildlife","floor":13,"turns":5},{"damage":5,"enemies":"2 Fungi Beasts","floor":14,"turns":3},{"damage":70,"enemies":"Slime Boss","floor":16,"turns":8}],"seed_played":"2797430472639772685","potions_obtained":[{"floor":7,"key":"AttackPotion"},{"floor":10,"key":"BlessingOfTheForge"},{"floor":14,"key":"DuplicationPotion"}],"is_trial":false,"path_per_floor":["M","M","?","M","$","E","M","R","T","M","?","?","M","M","R","B"],"character_chosen":"HERMIT","items_purchased":["hermit:BigShot","hermit:Dive"],"campfire_rested":2,"item_purchase_floors":[5,5],"current_hp_per_floor":[82,82,82,76,76,47,44,68,68,67,67,67,48,43,67,0,0],"gold":197,"neow_bonus":"TEN_PERCENT_HP_BONUS","is_daily":false,"chose_seed":false,"campfire_upgraded":0,"win_rate":0.0,"timestamp":1610245807,"path_taken":["M","M","?","M","$","E","M","R","T","M","?","?","?","M","R","BOSS"],"items_purchased_type":["Card","Card"],"build_version":"2020-12-22","purchased_purges":0,"victory":false,"max_hp_per_floor":[82,82,82,82,82,82,82,82,82,82,82,82,82,82,82,82,82],"card_choices":[{"not_picked":["hermit:BodyArmor","hermit:FullyLoaded"],"picked":"hermit:Manifest","floor":1},{"not_picked":["hermit:Headshot","hermit:Snipe"],"picked":"hermit:GoldenBullet","floor":2},{"not_picked":["hermit:LowProfile","hermit:DeadMansHand"],"picked":"hermit:Snipe","floor":4},{"not_picked":["hermit:Quickdraw","hermit:HoleUp"],"picked":"hermit:Ricochet","floor":6},{"not_picked":["hermit:Adapt","hermit:TrackingShot"],"picked":"hermit:Enervate","floor":7},{"not_picked":["hermit:Coalescence+1","hermit:Quickdraw","hermit:WideOpen"],"picked":"SKIP","floor":10},{"not_picked":["hermit:Ricochet","hermit:LuckOfTheDraw+1"],"picked":"hermit:Headshot","floor":13},{"not_picked":["hermit:Snipe+1","hermit:Glare+1"],"picked":"hermit:Vantage+1","floor":14}],"player_experience":409048,"relics_obtained":[{"floor":6,"key":"aspiration:HiddenCompartment"},{"floor":9,"key":"Toxic Egg 2"}],"event_choices":[{"damage_healed":0,"gold_gain":0,"player_choice":"Grow","damage_taken":0,"max_hp_gain":0,"max_hp_loss":0,"event_name":"Living Wall","floor":3,"gold_loss":0,"cards_upgraded":["hermit:GoldenBullet"]},{"damage_healed":0,"gold_gain":0,"player_choice":"Leave","damage_taken":0,"max_hp_gain":0,"max_hp_loss":0,"event_name":"conspire:Investor","floor":11,"gold_loss":0},{"damage_healed":0,"gold_gain":0,"player_choice":"Gave Potion","damage_taken":0,"relics_obtained":["MawBank"],"max_hp_gain":0,"max_hp_loss":0,"event_name":"WeMeetAgain","floor":12,"gold_loss":0}],"is_beta":false,"boss_relics":[],"items_purged_floors":[],"is_endless":false,"potions_floor_spawned":[7,10,14],"killed_by":"Slime Boss","ascension_level":0}}