{"host":"y3iy5gb13b300rns","time":1610240835,"event":{"mods":["BaseMod","Bestiary","Curses Come First","Minty Spire (QoL Compilation)","Replay The Spire","StSLib","The Runesmith"],"gold_per_floor":[209,7,18,38,56,86,86,116,116,116,146,165,340,340,340,445,445,456,456,456,456,469,469,482,511,511,531,531,531],"floor_reached":28,"playtime":2005,"items_purged":[],"score":297,"play_id":"16118158-9082-44ba-8e9e-220276394cfa","local_time":"20210109190715","is_ascension_mode":true,"campfire_choices":[{"floor":7,"key":"REST"},{"floor":10,"key":"REST"},{"data":"Finisher","floor":15,"key":"SMITH"},{"floor":23,"key":"REST"}],"circlet_count":0,"master_deck":["Strike_G","Strike_G","Strike_G","Strike_G","Strike_G","Defend_G","Defend_G","Defend_G","Defend_G","Defend_G","Survivor","Neutralize","Dagger Throw","Prepared","Finisher+1","Deflect","All Out Attack","Toxin Wave","Bouncing Flask","Leg Sweep","Flying Knee","Doubt","A Thousand Cuts","Poisoned Stab+1","RitualDagger","Necronomicurse","Quick Slash","Noxious Fumes","Replay:Poison Smokescreen+1","Deadly Poison"],"relics":["Ring of the Snake","Regal Pillow","CaptainsWheel","Happy Flower","Lantern","Replay:Bottled Snecko","Ninja Scroll","ChewingGum","Necronomicon","Omamori","Potion Belt"],"acts_visited":["Exordium","TheCity"],"potions_floor_usage":[8,11,11,16,22,25,25],"damage_taken":[{"damage":1,"enemies":"Cultist","floor":1,"turns":4},{"damage":0,"enemies":"2 Louse","floor":3,"turns":4},{"damage":0,"enemies":"Small Slimes","floor":4,"turns":3},{"damage":7,"enemies":"Blue Slaver","floor":5,"turns":5},{"damage":34,"enemies":"3 Sentries","floor":6,"turns":7},{"damage":12,"enemies":"Gremlin Nob","floor":8,"turns":1},{"damage":9,"enemies":"3 Sentries","floor":11,"turns":4},{"damage":0,"enemies":"2 Fungi Beasts","floor":12,"turns":3},{"damage":52,"enemies":"Slime Boss","floor":16,"turns":11},{"damage":0,"enemies":"3 Byrds","floor":18,"turns":4},{"damage":12,"enemies":"Shell Parasite","floor":22,"turns":6},{"damage":19,"enemies":"Centurion and Healer","floor":24,"turns":7},{"damage":36,"enemies":"Gremlin Leader","floor":25,"turns":6},{"damage":0,"enemies":"3 Cultists","floor":27,"turns":4},{"damage":17,"enemies":"Book of Stabbing","floor":28,"turns":4}],"seed_played":"-8193861896806250159","potions_obtained":[{"floor":3,"key":"SteroidPotion"},{"floor":4,"key":"Weak Potion"},{"floor":5,"key":"Death Potion"},{"floor":6,"key":"AttackPotion"},{"floor":8,"key":"Explosive Potion"},{"floor":16,"key":"Block Potion"},{"floor":22,"key":"LiquidBronze"},{"floor":24,"key":"Fire Potion"}],"is_trial":false,"path_per_floor":["M","$","M","M","M","E","R","E","T","R","E","M","?","?","R","B",null,"M","?","?","?","M","R","M","E","T","M","E"],"character_chosen":"THE_SILENT","items_purchased":["Regal Pillow","Prepared"],"campfire_rested":3,"item_purchase_floors":[2,2],"current_hp_per_floor":[69,69,69,69,62,28,64,52,52,70,61,61,61,58,58,6,70,70,64,48,48,36,70,51,15,15,15,0,0],"gold":531,"neow_bonus":"HUNDRED_GOLD","is_daily":false,"chose_seed":false,"campfire_upgraded":1,"win_rate":0.0,"timestamp":1610240835,"path_taken":["M","$","M","M","?","E","R","E","T","R","E","?","?","?","R","BOSS","M","?","?","?","M","R","?","E","T","M","E"],"items_purchased_type":["Relic","Card"],"build_version":"2020-12-22","purchased_purges":0,"victory":false,"max_hp_per_floor":[70,70,70,70,70,70,70,70,70,70,70,70,70,70,70,70,70,70,70,70,70,70,70,70,70,70,70,70,70],"card_choices":[{"not_picked":["Backflip","Prepared"],"picked":"Dagger Throw","floor":1},{"not_picked":["Setup","Replay:Poison Smokescreen"],"picked":"Finisher","floor":3},{"not_picked":["Acrobatics","Blur"],"picked":"Deflect","floor":4},{"not_picked":["ReplayTheSpireMod:Tripwire","ReplayTheSpireMod:The Works"],"picked":"All Out Attack","floor":5},{"not_picked":["PiercingWail","Sucker Punch"],"picked":"Toxin Wave","floor":6},{"not_picked":["Acrobatics","Deflect"],"picked":"Bouncing Flask","floor":8},{"not_picked":["ReplayTheSpireMod:Exploit Weakness","Tactician"],"picked":"Leg Sweep","floor":11},{"not_picked":["Reflex","Acrobatics"],"picked":"Flying Knee","floor":12},{"not_picked":["Night Terror","Replay:Bag of Tricks"],"picked":"A Thousand Cuts","floor":16},{"not_picked":["Blade Dance+1","Bane"],"picked":"Poisoned Stab","floor":18},{"not_picked":["Flying Knee","Prepared"],"picked":"Quick Slash","floor":22},{"not_picked":["Blade Dance+1","Bane+1"],"picked":"Noxious Fumes","floor":24},{"not_picked":["Calculated Gamble","Caltrops+1"],"picked":"Replay:Poison Smokescreen+1","floor":25},{"not_picked":["Blur","Dagger Throw"],"picked":"Deadly Poison","floor":27}],"player_experience":396874,"relics_obtained":[{"floor":6,"key":"CaptainsWheel"},{"floor":8,"key":"Happy Flower"},{"floor":9,"key":"Lantern"},{"floor":11,"key":"Replay:Bottled Snecko"},{"floor":20,"key":"Necronomicon"},{"floor":25,"key":"Omamori"},{"floor":26,"key":"Potion Belt"}],"event_choices":[{"damage_healed":0,"gold_gain":175,"player_choice":"AGREE","damage_taken":0,"max_hp_gain":0,"max_hp_loss":0,"event_name":"Liars Game","floor":13,"gold_loss":0,"cards_obtained":["Doubt"]},{"damage_healed":0,"gold_gain":0,"player_choice":"Success","damage_taken":3,"relics_obtained":["Ninja Scroll"],"max_hp_gain":0,"max_hp_loss":0,"event_name":"Scrap Ooze","floor":14,"gold_loss":0},{"damage_healed":0,"gold_gain":0,"player_choice":"Joined the Cult","damage_taken":6,"max_hp_gain":0,"max_hp_loss":0,"event_name":"Nest","floor":19,"gold_loss":0,"cards_obtained":["RitualDagger"]},{"damage_healed":0,"gold_gain":0,"player_choice":"Obtained Book","damage_taken":16,"max_hp_gain":0,"max_hp_loss":0,"event_name":"Cursed Tome","floor":20,"gold_loss":0},{"damage_healed":0,"gold_gain":0,"player_choice":"Forge","damage_taken":0,"max_hp_gain":0,"max_hp_loss":0,"event_name":"Accursed Blacksmith","floor":21,"gold_loss":0,"cards_upgraded":["Poisoned Stab"]}],"is_beta":false,"boss_relics":[{"not_picked":["ReplayTheSpireMod:DimensionalGlitch","Velvet Choker"],"picked":"ChewingGum"}],"items_purged_floors":[],"is_endless":false,"potions_floor_spawned":[3,4,5,6,8,16,22,24],"killed_by":"Book of Stabbing","ascension_level":1}}