{"host":"y6s8mw1hb3jg98nz","time":1610304310,"event":{"mods":["Aspiration","BaseMod","Better Match","Better Note","Better Third Choice","BetterRewards","Colored Map","Colored Powertips","Googly Eyes","Halation","Minty Spire (QoL Compilation)","Quick Restart","Rare Cards Sparkle","Relic Stats","Replay The Spire","Shop Mod","Spicy Shops","StSLib"],"gold_per_floor":[113,126,126,126,149,149,149,192,192,47,98,98,122,122,142,165,165,296,296,321,321,301,301,151,151,135,160,160,201,44,44,58,58,58,184,184,209,209,209,227,242,242,242,255,255,255,255,269,19,40,40,40],"floor_reached":53,"playtime":7856,"items_purged":["Rupture+1"],"score":902,"play_id":"73a8b7c4-ca83-495f-a676-d444761a7701","local_time":"20210111051510","is_ascension_mode":false,"campfire_choices":[{"floor":12,"key":"REST"},{"data":"Entrench","floor":14,"key":"SMITH"},{"data":"Iron Wave","floor":17,"key":"SMITH"},{"floor":25,"key":"REST"},{"floor":31,"key":"REST"},{"floor":34,"key":"REST"},{"floor":42,"key":"REST"},{"floor":46,"key":"REST"},{"floor":51,"key":"REST"}],"circlet_count":0,"master_deck":["Strike_R","Strike_R","Strike_R","Strike_R","Strike_R","Defend_R","Defend_R","Defend_R","Defend_R","Bash","Iron Wave+1","Run Through","Injury","Thunderclap","Metallicize+1","Entrench+1","ReplayTheSpireMod:Stacked","Entrench","Immolate+1","Clothesline+1","Barricade+1","Body Slam+1","Thunderclap","True Grit","Clothesline+1","Run Through","Bandage Up","Entrench+1","Anger+1","Spot Weakness","Shrug It Off","Iron Wave+1","Armaments"],"relics":["Burning Blood","FossilizedHelix","aspiration:FetidBarrel","Golden Idol","GremlinMask","Blue Doll","Juzu Bracelet","Blood Vial","Fusion Hammer","ClockworkSouvenir","Self Forming Clay","Replay:Wax Seal","Strawberry","ReplayTheSpireMod:Ring of Exchange","ReplayTheSpireMod:Ring of Collecting","halation:LoveArrow","ReplayTheSpireMod:Ring of Addiction","Divine Protection","Toy Ornithopter","SacredBark","aspiration:Nostalgia","Cracked Core"],"acts_visited":["Exordium","TheCity","TheBeyond"],"potions_floor_usage":[18,18,26,26,35,44,52,52],"damage_taken":[{"damage":0,"enemies":"2 Louse","floor":1,"turns":3},{"damage":0,"enemies":"Cultist","floor":2,"turns":4},{"damage":9,"enemies":"Jaw Worm","floor":5,"turns":5},{"damage":25,"enemies":"Replay:BlueRogue","floor":8,"turns":9},{"damage":0,"enemies":"Blue Slaver","floor":13,"turns":6},{"damage":17,"enemies":"Large Slime","floor":15,"turns":8},{"damage":8,"enemies":"3 Louse","floor":16,"turns":6},{"damage":62,"enemies":"Fading Forest","floor":18,"turns":11},{"damage":22,"enemies":"Spheric Guardian","floor":20,"turns":6},{"damage":5,"enemies":"2 Thieves","floor":26,"turns":4},{"damage":30,"enemies":"Cultist and Chosen","floor":27,"turns":8},{"damage":18,"enemies":"Slavers","floor":29,"turns":7},{"damage":32,"enemies":"Snake Plant","floor":32,"turns":5},{"damage":0,"enemies":"Champ","floor":35,"turns":14},{"damage":25,"enemies":"Orb Walker","floor":37,"turns":7},{"damage":28,"enemies":"3 Darklings","floor":40,"turns":7},{"damage":44,"enemies":"4 Shapes","floor":41,"turns":7},{"damage":9,"enemies":"Sphere and 2 Shapes","floor":44,"turns":9},{"damage":8,"enemies":"Maw","floor":48,"turns":11},{"damage":0,"enemies":"Transient","floor":50,"turns":5},{"damage":59,"enemies":"Awakened One","floor":52,"turns":19}],"seed_played":"-2653804218035644331","potions_obtained":[{"floor":5,"key":"CultistPotion"},{"floor":15,"key":"Block Potion"},{"floor":20,"key":"Energy Potion"},{"floor":22,"key":"Block Potion"},{"floor":27,"key":"Strength Potion"},{"floor":40,"key":"Ancient Potion"},{"floor":44,"key":"SteroidPotion"},{"floor":45,"key":"Weak Potion"},{"floor":45,"key":"Block Potion"}],"is_trial":false,"path_per_floor":["M","M","?","?","M","PTL","PTL","E","?","$","T","R","M","R","M","M","R","B",null,"M","?","?","?","$","R","M","M","T","E","$","R","M","?","R","B",null,"M","?","?","M","M","R","$","M","T","R","?","M","$","M","R","B",null],"character_chosen":"IRONCLAD","items_purchased":["FossilizedHelix","aspiration:FetidBarrel","Juzu Bracelet","ClockworkSouvenir","Strawberry","Iron Wave+1","aspiration:Nostalgia"],"campfire_rested":7,"item_purchase_floors":[0,0,10,24,30,49,49],"current_hp_per_floor":[80,80,80,80,77,77,77,58,58,58,58,80,80,80,69,69,69,15,80,64,64,64,64,64,80,80,56,56,46,53,79,55,55,81,87,87,68,68,68,52,16,42,42,45,45,71,71,75,75,85,85,34],"gold":40,"neow_bonus":"","is_daily":false,"chose_seed":false,"campfire_upgraded":2,"win_rate":0.0,"timestamp":1610304310,"path_taken":["M","M","?","?","?","PTL","PTL","E","?","$","T","R","M","R","M","M","R","BOSS","M","?","?","?","$","R","M","M","T","E","$","R","M","?","R","BOSS","M","?","?","M","M","R","$","M","T","R","?","M","$","M","R","BOSS"],"items_purchased_type":["Relic","Relic","Relic","Relic","Relic","Card","Relic"],"build_version":"2020-12-22","purchased_purges":1,"victory":true,"max_hp_per_floor":[80,80,80,80,80,80,80,80,80,80,80,80,80,80,80,80,80,80,80,80,80,80,80,80,80,80,80,80,80,87,87,87,87,87,87,87,87,87,87,87,87,87,87,87,87,87,87,87,85,85,85,83],"relic_stats":{"Blood Vial":24,"counters":[72,432],"Golden Idol":151,"Self Forming Clay":[105],"Juzu Bracelet":1,"obtain_stats":[{"Divine Protection":45,"Tiny House":17,"Gremlin Horn":7,"Vajra":0,"aspiration:RitualStick":29,"Blood Vial":30,"Replay:Ringing Soul":20,"Strawberry":30,"Fusion Hammer":16,"Toxic Egg 2":43,"Replay:Wax Seal":29,"aspiration:Nostalgia":49,"Counterbalance":8,"ReplayTheSpireMod:Ring of Addiction":45,"halation:Thesaurus":0,"War Paint":9,"SlaversCollar":17,"halation:Jellyphish":12,"Bird Faced Urn":14,"ReplayTheSpireMod:Ring of Collecting":33,"halation:PenCase":19,"Simple Rune":26,"ReplayFunnel":7,"ReplayTheSpireMod:Ring of Exchange":33,"SacredBark":45,"GremlinMask":4,"Blue Doll":8,"Bag of Preparation":9,"Juzu Bracelet":10,"Burning Blood":0,"Replay:Rubber Ducky":21,"ClockworkSouvenir":24,"Red Mask":20,"aspiration:FutureDiary":34,"Cracked Core":49,"Potion Belt":13,"BargainBundle":21,"aspiration:FetidBarrel":0,"Golden Idol":3,"Self Forming Clay":28,"Replay:WaspNest":26,"halation:LoveArrow":36,"Art of War":0,"Bag of Marbles":31,"Membership Card":21,"PureWater":0,"halation:PinkSoulGem":48,"FossilizedHelix":0,"Toy Ornithopter":45},{"Divine Protection":69,"Tiny House":9,"Gremlin Horn":5,"Vajra":24,"aspiration:RitualStick":14,"Blood Vial":49,"Replay:Ringing Soul":45,"Strawberry":63,"Fusion Hammer":34,"Toxic Egg 2":21,"Replay:Wax Seal":63,"aspiration:Nostalgia":70,"Counterbalance":40,"ReplayTheSpireMod:Ring of Addiction":69,"halation:Thesaurus":24,"War Paint":32,"SlaversCollar":44,"halation:Jellyphish":33,"Bird Faced Urn":33,"ReplayTheSpireMod:Ring of Collecting":64,"halation:PenCase":10,"Simple Rune":13,"ReplayFunnel":39,"ReplayTheSpireMod:Ring of Exchange":64,"SacredBark":69,"GremlinMask":53,"Blue Doll":55,"Bag of Preparation":5,"Juzu Bracelet":55,"Burning Blood":0,"Replay:Rubber Ducky":11,"ClockworkSouvenir":60,"Red Mask":11,"aspiration:FutureDiary":17,"Cracked Core":70,"Potion Belt":33,"BargainBundle":11,"aspiration:FetidBarrel":51,"Golden Idol":53,"Self Forming Clay":62,"Replay:WaspNest":47,"halation:LoveArrow":65,"Art of War":0,"Bag of Marbles":50,"Membership Card":11,"PureWater":24,"halation:PinkSoulGem":23,"FossilizedHelix":51,"Toy Ornithopter":69},{"Divine Protection":397,"Tiny House":45,"Gremlin Horn":20,"Vajra":118,"aspiration:RitualStick":68,"Blood Vial":254,"Replay:Ringing Soul":222,"Strawberry":348,"Fusion Hammer":157,"Toxic Egg 2":98,"Replay:Wax Seal":348,"aspiration:Nostalgia":408,"Counterbalance":188,"ReplayTheSpireMod:Ring of Addiction":397,"halation:Thesaurus":118,"War Paint":146,"SlaversCollar":212,"halation:Jellyphish":154,"Bird Faced Urn":154,"ReplayTheSpireMod:Ring of Collecting":353,"halation:PenCase":48,"Simple Rune":63,"ReplayFunnel":181,"ReplayTheSpireMod:Ring of Exchange":353,"SacredBark":397,"GremlinMask":278,"Blue Doll":292,"Bag of Preparation":20,"Juzu Bracelet":292,"Burning Blood":0,"Replay:Rubber Ducky":53,"ClockworkSouvenir":329,"Red Mask":53,"aspiration:FutureDiary":86,"Cracked Core":408,"Potion Belt":154,"BargainBundle":53,"aspiration:FetidBarrel":271,"Golden Idol":278,"Self Forming Clay":341,"Replay:WaspNest":237,"halation:LoveArrow":367,"Art of War":0,"Bag of Marbles":259,"Membership Card":53,"PureWater":118,"halation:PinkSoulGem":110,"FossilizedHelix":271,"Toy Ornithopter":397}],"Burning Blood":230,"Toy Ornithopter":0},"card_choices":[{"not_picked":["Body Slam","Warcry"],"picked":"Iron Wave","floor":1},{"not_picked":["Combust","Whirlwind"],"picked":"Run Through","floor":2},{"not_picked":["Perfected Strike","Replay:Undeath\u0027s Touch"],"picked":"Thunderclap","floor":5},{"not_picked":["Perfected Strike","Berserk"],"picked":"Metallicize","floor":8},{"not_picked":["Spot Weakness","ReplayTheSpireMod:Strike From Hell"],"picked":"Entrench","floor":13},{"not_picked":["ReplayReversal","Replay:Undeath\u0027s Touch"],"picked":"ReplayTheSpireMod:Stacked","floor":15},{"not_picked":["ReplayTheSpireMod:Strike From Hell","Clash"],"picked":"Entrench","floor":16},{"not_picked":["Demonic Infusion","Brutality"],"picked":"Immolate","floor":18},{"not_picked":["Shrug It Off","Twin Strike"],"picked":"Clothesline+1","floor":20},{"not_picked":["True Grit+1","Armaments"],"picked":"Body Slam+1","floor":26},{"not_picked":["ReplayTheSpireMod:Limb From Limb","Clothesline"],"picked":"Rupture+1","floor":27},{"not_picked":["ReplayReversal","ReplayTheSpireMod:Limb From Limb"],"picked":"Thunderclap","floor":29},{"not_picked":["Thunderclap","Fire Breathing"],"picked":"True Grit","floor":32},{"not_picked":["Barricade","Eclipse"],"picked":"Reaper","floor":35},{"not_picked":["Replay:Undeath\u0027s Touch+1","Wild Strike+1"],"picked":"Clothesline+1","floor":37},{"not_picked":["Poisoned Strike","PanicButton"],"picked":"Bandage Up","floor":39},{"not_picked":["Sword Boomerang","Whirlwind"],"picked":"Entrench+1","floor":40},{"not_picked":["Cleave","Body Slam"],"picked":"Anger+1","floor":41},{"not_picked":["Run Through","Clothesline+1"],"picked":"Spot Weakness","floor":44},{"not_picked":["ReplayTheSpireMod:Corrosion Curse","Rupture+1"],"picked":"Shrug It Off","floor":48},{"not_picked":["Body Slam","Offering"],"picked":"Armaments","floor":50}],"player_experience":144327,"relics_obtained":[{"floor":8,"key":"Blue Doll"},{"floor":11,"key":"Blood Vial"},{"floor":28,"key":"Self Forming Clay"},{"floor":29,"key":"Replay:Wax Seal"},{"floor":33,"key":"ReplayTheSpireMod:Ring of Exchange"},{"floor":33,"key":"ReplayTheSpireMod:Ring of Collecting"},{"floor":45,"key":"ReplayTheSpireMod:Ring of Addiction"},{"floor":45,"key":"Divine Protection"},{"floor":45,"key":"Toy Ornithopter"},{"floor":45,"key":"SacredBark"}],"event_choices":[{"damage_healed":0,"gold_gain":0,"player_choice":"Take Wound","damage_taken":0,"relics_obtained":["Golden Idol"],"max_hp_gain":0,"max_hp_loss":0,"event_name":"Golden Idol","floor":3,"gold_loss":0,"cards_obtained":["Injury"]},{"damage_healed":0,"gold_gain":0,"player_choice":"Trade","damage_taken":0,"relics_obtained":["GremlinMask"],"max_hp_gain":0,"max_hp_loss":0,"event_name":"FaceTrader","floor":4,"gold_loss":0},{"damage_healed":0,"gold_gain":0,"player_choice":"Grow","damage_taken":0,"max_hp_gain":0,"max_hp_loss":0,"event_name":"Living Wall","floor":9,"gold_loss":0,"cards_upgraded":["Metallicize"]},{"damage_healed":0,"gold_gain":0,"player_choice":"Forge","damage_taken":0,"max_hp_gain":0,"max_hp_loss":0,"event_name":"Accursed Blacksmith","floor":21,"gold_loss":0,"cards_upgraded":["Immolate"]},{"damage_healed":0,"gold_gain":0,"player_choice":"Bought 1 Potion","damage_taken":0,"max_hp_gain":0,"max_hp_loss":0,"event_name":"The Woman in Blue","floor":22,"gold_loss":0},{"cards_removed":["Immolate"],"damage_healed":0,"gold_gain":0,"player_choice":"Take \u0026 Give","damage_taken":0,"max_hp_gain":0,"max_hp_loss":0,"event_name":"betterNote:BetterNote","floor":23,"gold_loss":0,"cards_obtained":["Barricade"]},{"damage_healed":0,"gold_gain":0,"cards_transformed":["Reaper"],"player_choice":"Transformed","damage_taken":0,"max_hp_gain":0,"max_hp_loss":0,"event_name":"Transmorgrifier","floor":38,"gold_loss":0,"cards_obtained":["Run Through"]},{"damage_healed":0,"gold_gain":0,"player_choice":"Memory 1","damage_taken":0,"max_hp_gain":0,"max_hp_loss":0,"event_name":"SensoryStone","floor":39,"gold_loss":0}],"is_beta":false,"boss_relics":[{"not_picked":["halation:MonkeysPaw","Busted Crown"],"picked":"Fusion Hammer"},{"not_picked":["Runic Pyramid","halation:PlatinumPhoenix"],"picked":"halation:LoveArrow"}],"items_purged_floors":[49],"is_endless":false,"potions_floor_spawned":[5,15,16,20,27,40,44,50],"ascension_level":0}}