{"host":"vpaavrwbmey593fx","time":1610308845,"event":{"mods":["AchievementEnabler","BaseMod","Colored Map","Colored Powertips","DeckTracker","Minty Spire (QoL Compilation)","Relic Sorter"],"gold_per_floor":[114,129,141,68,87,87,87,87,87,87,73,88,117,136,136,233,233,244,270,270,290,179,179,191,224,248,274,184,195,214,226,226,327,327,340,85,102,113,132,132,132,159,159,193,205,205,205,205],"floor_reached":47,"playtime":3977,"items_purged":["Strike_R","Strike_R"],"score":668,"play_id":"442f97ab-5392-4051-b5eb-02f62ba68f96","local_time":"20210110120045","is_ascension_mode":true,"campfire_choices":[{"data":"True Grit","floor":6.0,"key":"SMITH"},{"data":"Bash","floor":8.0,"key":"SMITH"},{"data":"Spot Weakness","floor":10.0,"key":"SMITH"},{"data":"Whirlwind","floor":15.0,"key":"SMITH"},{"data":"Offering","floor":23.0,"key":"SMITH"},{"floor":32.0,"key":"REST"},{"floor":40.0,"key":"REST"}],"circlet_count":0,"master_deck":["Strike_R","Strike_R","Defend_R+1","Defend_R+1","Defend_R","Defend_R","Bash+1","Wild Strike+1","Spot Weakness+1","True Grit+1","Fire Breathing+1","Pummel","Whirlwind+1","Offering+1","Entrench+1","Power Through","Evolve","Clumsy","Shrug It Off+1","Shrug It Off","Writhe","Parasite"],"relics":["Burning Blood","Anchor","Regal Pillow","Shuriken","Cursed Key","Red Mask","CultistMask","Du-Vu Doll","War Paint","Philosopher\u0027s Stone","TheAbacus","Toxic Egg 2","Ancient Tea Set","Bag of Marbles"],"acts_visited":["Exordium","TheCity","TheBeyond"],"potions_floor_usage":[45],"damage_taken":[{"damage":1.0,"enemies":"Cultist","floor":1.0,"turns":4.0},{"damage":0.0,"enemies":"2 Louse","floor":2.0,"turns":2.0},{"damage":0.0,"enemies":"Jaw Worm","floor":3.0,"turns":3.0},{"damage":11.0,"enemies":"Blue Slaver","floor":5.0,"turns":4.0},{"damage":2.0,"enemies":"Exordium Thugs","floor":11.0,"turns":4.0},{"damage":0.0,"enemies":"Large Slime","floor":12.0,"turns":5.0},{"damage":20.0,"enemies":"3 Sentries","floor":13.0,"turns":4.0},{"damage":5.0,"enemies":"Gremlin Gang","floor":14.0,"turns":4.0},{"damage":24.0,"enemies":"Slime Boss","floor":16.0,"turns":5.0},{"damage":0.0,"enemies":"3 Byrds","floor":18.0,"turns":3.0},{"damage":6.0,"enemies":"Masked Bandits","floor":19.0,"turns":2.0},{"damage":6.0,"enemies":"Chosen","floor":21.0,"turns":3.0},{"damage":9.0,"enemies":"3 Cultists","floor":24.0,"turns":3.0},{"damage":6.0,"enemies":"Slavers","floor":25.0,"turns":1.0},{"damage":26.0,"enemies":"Book of Stabbing","floor":27.0,"turns":5.0},{"damage":21.0,"enemies":"Snake Plant","floor":29.0,"turns":4.0},{"damage":20.0,"enemies":"Centurion and Healer","floor":30.0,"turns":5.0},{"damage":0.0,"enemies":"3 Cultists","floor":31.0,"turns":6.0},{"damage":45.0,"enemies":"Champ","floor":33.0,"turns":15.0},{"damage":30.0,"enemies":"3 Darklings","floor":35.0,"turns":3.0},{"damage":2.0,"enemies":"Orb Walker","floor":37.0,"turns":3.0},{"damage":6.0,"enemies":"Transient","floor":38.0,"turns":5.0},{"damage":26.0,"enemies":"4 Shapes","floor":39.0,"turns":3.0},{"damage":46.0,"enemies":"Nemesis","floor":42.0,"turns":7.0},{"damage":6.0,"enemies":"Reptomancer","floor":44.0,"turns":5.0},{"damage":17,"enemies":"Writhing Mass","floor":45,"turns":4},{"damage":31,"enemies":"Maw","floor":47,"turns":3}],"seed_played":"828977044823103909","potions_obtained":[{"floor":3.0,"key":"Fire Potion"},{"floor":11.0,"key":"Strength Potion"},{"floor":13.0,"key":"PowerPotion"},{"floor":14.0,"key":"Swift Potion"},{"floor":18.0,"key":"ElixirPotion"},{"floor":27.0,"key":"EssenceOfSteel"},{"floor":29.0,"key":"Ancient Potion"},{"floor":33.0,"key":"Fire Potion"},{"floor":37.0,"key":"AttackPotion"},{"floor":38.0,"key":"Ancient Potion"},{"floor":39.0,"key":"Explosive Potion"},{"floor":42.0,"key":"SteroidPotion"}],"is_trial":false,"path_per_floor":["M","M","M","$","M","R","?","R","T","R","M","M","E","M","R","B",null,"M","?","?","M","$","R","M","E","T","E","?","M","M","M","R","B",null,"M","$","M","M","M","R","?","E","T","E","M","?","M"],"character_chosen":"IRONCLAD","items_purchased":["Fire Breathing","Evolve","TheAbacus"],"campfire_rested":2,"item_purchase_floors":[4,22,36],"current_hp_per_floor":[80,80,80,80,75,75,75,75,75,75,79,80,66,67,67,49,80,80,80,80,80,80,80,77,77,77,57,57,42,28,34,73,34,80,56,56,60,60,40,79,80,40,40,40,29,29,0,0],"gold":205,"neow_bonus":"RANDOM_COMMON_RELIC","is_daily":false,"chose_seed":false,"campfire_upgraded":5,"win_rate":0.0,"timestamp":1610308845,"path_taken":["M","?","M","$","?","R","?","R","T","R","M","M","E","M","R","BOSS","M","?","?","M","$","R","?","E","T","E","?","M","M","M","R","BOSS","M","$","?","M","M","R","?","E","T","E","M","?","M"],"items_purchased_type":["Card","Card","Relic"],"build_version":"2020-12-22","purchased_purges":2,"victory":false,"max_hp_per_floor":[80,80,80,80,80,80,80,80,80,80,80,80,80,80,80,80,80,80,80,80,80,80,80,80,80,80,80,80,80,80,80,80,80,80,80,80,80,80,80,80,80,80,80,80,80,80,80,80],"card_choices":[{"not_picked":["Cleave","Flex"],"picked":"Wild Strike","floor":1.0},{"not_picked":["Evolve","Reckless Charge"],"picked":"Spot Weakness","floor":2.0},{"not_picked":["Inflame","Searing Blow"],"picked":"True Grit","floor":3.0},{"not_picked":["Infernal Blade","Iron Wave","Flame Barrier"],"picked":"SKIP","floor":5.0},{"not_picked":["Wild Strike","Double Tap","Clash"],"picked":"SKIP","floor":11.0},{"not_picked":["Evolve","Clash","Body Slam"],"picked":"SKIP","floor":12.0},{"not_picked":["Perfected Strike","Flex"],"picked":"Pummel","floor":13.0},{"not_picked":["Anger","Wild Strike"],"picked":"Whirlwind","floor":14.0},{"not_picked":["Juggernaut","Feed"],"picked":"Offering","floor":16.0},{"not_picked":["Heavy Blade+1","True Grit"],"picked":"Entrench+1","floor":18.0},{"not_picked":["Flex+1","Dropkick"],"picked":"Power Through","floor":21.0},{"not_picked":["Sever Soul","Cleave","Sentinel"],"picked":"SKIP","floor":24.0},{"not_picked":["Sever Soul","Cleave","Sentinel"],"picked":"SKIP","floor":24.0},{"not_picked":["Sever Soul","Cleave","Sentinel"],"picked":"SKIP","floor":24.0},{"not_picked":["Bloodletting+1","Dual Wield","Twin Strike"],"picked":"SKIP","floor":25.0},{"not_picked":["Havoc","Second Wind","True Grit"],"picked":"SKIP","floor":27.0},{"not_picked":["Flex+1","Anger"],"picked":"Shrug It Off+1","floor":29.0},{"not_picked":["Berserk","Havoc+1"],"picked":"Shrug It Off","floor":30.0},{"not_picked":["Shrug It Off","Inflame","Pommel Strike+1"],"picked":"SKIP","floor":31.0},{"not_picked":["Reckless Charge+1","Searing Blow","Anger"],"picked":"SKIP","floor":35.0},{"not_picked":["Headbutt","Cleave","Whirlwind+1"],"picked":"SKIP","floor":37.0},{"not_picked":["Entrench+1","Heavy Blade","Wild Strike"],"picked":"SKIP","floor":38.0},{"not_picked":["Dropkick+1","Combust+1","Flex+1"],"picked":"SKIP","floor":39.0},{"not_picked":["Headbutt","Double Tap+1","Ghostly Armor+1"],"picked":"SKIP","floor":42.0},{"not_picked":["Thunderclap+1","Combust+1","Bludgeon"],"picked":"SKIP","floor":44.0},{"not_picked":["Clothesline","Flame Barrier+1","Heavy Blade+1"],"picked":"SKIP","floor":45}],"player_experience":156393,"relics_obtained":[{"floor":9.0,"key":"Regal Pillow"},{"floor":13.0,"key":"Shuriken"},{"floor":19.0,"key":"Red Mask"},{"floor":25.0,"key":"Du-Vu Doll"},{"floor":27.0,"key":"War Paint"},{"floor":42.0,"key":"Toxic Egg 2"},{"floor":43.0,"key":"Ancient Tea Set"},{"floor":44.0,"key":"Bag of Marbles"}],"event_choices":[{"damage_healed":0.0,"max_hp_gain":0.0,"max_hp_loss":0.0,"gold_gain":0.0,"event_name":"Living Wall","player_choice":"Grow","floor":7.0,"gold_loss":0.0,"damage_taken":0.0,"cards_upgraded":["Fire Breathing"]},{"damage_healed":0.0,"max_hp_gain":0.0,"max_hp_loss":0.0,"gold_gain":0.0,"event_name":"Masked Bandits","player_choice":"Fought Bandits","floor":19.0,"gold_loss":0.0,"damage_taken":0.0},{"damage_healed":0.0,"max_hp_gain":0.0,"max_hp_loss":0.0,"gold_gain":0.0,"event_name":"FaceTrader","player_choice":"Trade","floor":20.0,"gold_loss":0.0,"damage_taken":0.0,"relics_obtained":["CultistMask"]},{"cards_removed":["Strike_R"],"damage_healed":0.0,"max_hp_gain":0.0,"max_hp_loss":0.0,"gold_gain":0.0,"event_name":"Designer","player_choice":"Upgrade and Remove","floor":28.0,"gold_loss":90.0,"damage_taken":0.0,"cards_upgraded":["Wild Strike"]},{"damage_healed":20.0,"max_hp_gain":0.0,"max_hp_loss":0.0,"gold_gain":0.0,"event_name":"Winding Halls","player_choice":"Writhe","floor":41.0,"gold_loss":0.0,"damage_taken":0.0,"cards_obtained":["Writhe"]},{"damage_healed":0,"gold_gain":0,"player_choice":"Memory 1","damage_taken":0,"max_hp_gain":0,"max_hp_loss":0,"event_name":"SensoryStone","floor":46,"gold_loss":0}],"is_beta":false,"boss_relics":[{"not_picked":["Coffee Dripper","Busted Crown"],"picked":"Cursed Key"},{"not_picked":["Tiny House","Runic Pyramid"],"picked":"Philosopher\u0027s Stone"}],"items_purged_floors":[22,36],"is_endless":false,"potions_floor_spawned":[3,11,13,14,18,27,29,33,37,38,39,42],"killed_by":"Maw","ascension_level":3}}