{"host":"pi8b3ffzwvxqztac","time":1610313060,"event":{"mods":["BaseMod","Colored Map","Downfall","Minty Spire (QoL Compilation)","StSLib"],"gold_per_floor":[99,115,130,42,57,57,57,72,98,23,173,173,173,173,192,291,291,291,306,306,322,322,322,322],"floor_reached":23,"playtime":1551,"items_purged":[],"score":293,"play_id":"6216ea26-cf38-4887-83df-2c5ce2496ce2","local_time":"20210111101100","is_ascension_mode":true,"campfire_choices":[{"floor":1,"key":"RECALL"},{"data":"sneckomod:CheapStock","floor":6,"key":"SMITH"},{"floor":10,"key":"REST"},{"data":"sneckomod:SnekBite","floor":13,"key":"SMITH"},{"data":"sneckomod:SerpentMind","floor":18,"key":"SMITH"}],"circlet_count":0,"master_deck":["AscendersBane","sneckomod:Strike","sneckomod:Strike","sneckomod:Defend+1","sneckomod:Defend","sneckomod:Defend+1","sneckomod:TailWhip","sneckomod:SnekBite+1","sneckomod:Unknown","sneckomod:Unknown","sneckomod:UnknownBlock","sneckomod:UnknownClassRED","sneckomod:Nope","sneckomod:CheapStock+1","sneckomod:UnknownBlock","sneckomod:UnknownStrength","sneckomod:UnknownDexterity","sneckomod:UnknownUncommonPower","sneckomod:SerpentMind+1","CurseOfTheBell","sneckomod:WideSting","sneckomod:UnknownEthereal"],"relics":["sneckomod:SneckoSoul","Regal Pillow","Oddly Smooth Stone","Boot","downfall:HeartBlessingRed","Question Card","Calling Bell","War Paint","Darkstone Periapt","Bird Faced Urn"],"acts_visited":["Exordium","TheCity"],"potions_floor_usage":[5,16,16,21,22],"damage_taken":[{"damage":9,"enemies":"Jaw Worm","floor":2,"turns":3},{"damage":2,"enemies":"2 Louse","floor":3,"turns":3},{"damage":0,"enemies":"downfall:FleeingMerchant","floor":4,"turns":4},{"damage":2,"enemies":"Small Slimes","floor":5,"turns":4},{"damage":31,"enemies":"Exordium Thugs","floor":8,"turns":7},{"damage":27,"enemies":"3 Sentries","floor":9,"turns":8},{"damage":14,"enemies":"Blue Slaver","floor":15,"turns":5},{"damage":36,"enemies":"downfall:Ironclad","floor":16,"turns":7},{"damage":12,"enemies":"Shell Parasite","floor":19,"turns":9},{"damage":14,"enemies":"Snecko","floor":21,"turns":6},{"damage":26,"enemies":"Snecko","floor":22,"turns":7},{"damage":66,"enemies":"Book of Stabbing","floor":23,"turns":7}],"seed_played":"2616429765698052879","potions_obtained":[{"floor":3,"key":"SpeedPotion"},{"floor":9,"key":"Fire Potion"},{"floor":15,"key":"Block Potion"},{"floor":16,"key":"Block Potion"},{"floor":19,"key":"FearPotion"},{"floor":20,"key":"CultistPotion"},{"floor":21,"key":"DistilledChaos"}],"is_trial":false,"path_per_floor":["R","M","M","$","M","R","T","M","E","R","?","?","R","?","M","B",null,"R","M","?","M","?","E"],"character_chosen":"THE_SNECKO","items_purchased":["sneckomod:CheapStock"],"campfire_rested":1,"item_purchase_floors":[4],"current_hp_per_floor":[81,73,72,72,71,71,71,48,22,65,65,65,65,65,52,16,76,76,70,70,65,53,0,0],"gold":322,"neow_bonus":"RANDOM_COMMON_RELIC","is_daily":false,"chose_seed":false,"campfire_upgraded":3,"win_rate":0.0,"timestamp":1610313060,"path_taken":["R","M","M","$","M","R","T","M","E","R","?","?","R","?","M","BOSS","R","M","?","M","?","E"],"items_purchased_type":["Card"],"build_version":"2020-12-22","purchased_purges":0,"victory":false,"max_hp_per_floor":[90,91,92,92,93,93,93,94,95,95,95,95,95,95,96,96,96,96,96,96,97,97,97,97],"card_choices":[{"not_picked":["sneckomod:DiceCrush","sneckomod:SoulRoll"],"picked":"sneckomod:UnknownBlock","floor":2},{"not_picked":["sneckomod:UnknownUncommonAttack","sneckomod:UnknownExhaust"],"picked":"sneckomod:UnknownClassRED","floor":3},{"not_picked":["sneckomod:UnknownClassPURPLE","sneckomod:UnknownX"],"picked":"sneckomod:Nope","floor":4},{"not_picked":["sneckomod:DiceBlock","sneckomod:SerpentIdol"],"picked":"sneckomod:UnknownBlock","floor":5},{"not_picked":["sneckomod:WideSting","sneckomod:DiceBoulder"],"picked":"sneckomod:UnknownStrength","floor":8},{"not_picked":["sneckomod:UnknownExhaust","sneckomod:UnknownClassGREEN"],"picked":"sneckomod:UnknownDexterity","floor":9},{"not_picked":["sneckomod:Unknown1Cost","sneckomod:UnknownUncommonAttack","sneckomod:UnknownX"],"picked":"sneckomod:UnknownUncommonPower","floor":15},{"not_picked":["sneckomod:UnknownRareSkill","sneckomod:DangerNoodle","sneckomod:UnknownRareAttack"],"picked":"sneckomod:SerpentMind","floor":16},{"not_picked":["sneckomod:UnknownUncommonPower","sneckomod:UnknownEthereal","sneckomod:IronFang"],"picked":"sneckomod:WideSting","floor":19},{"not_picked":["sneckomod:UnknownClassPURPLE","sneckomod:ImprovisedAttack","sneckomod:SerpentIdol"],"picked":"sneckomod:UnknownEthereal","floor":21}],"player_experience":500690,"relics_obtained":[{"floor":7,"key":"Oddly Smooth Stone"},{"floor":9,"key":"Boot"},{"floor":17,"key":"War Paint"},{"floor":17,"key":"Darkstone Periapt"},{"floor":17,"key":"Bird Faced Urn"}],"event_choices":[{"damage_healed":0,"gold_gain":0,"player_choice":"Box","damage_taken":0,"relics_obtained":["Question Card"],"max_hp_gain":0,"max_hp_loss":0,"event_name":"Big Fish","floor":12,"gold_loss":0,"cards_obtained":["Regret"]},{"cards_removed":["Regret"],"damage_healed":0,"gold_gain":0,"player_choice":"Card Removal","damage_taken":0,"max_hp_gain":0,"max_hp_loss":0,"event_name":"The Cleric","floor":14,"gold_loss":0}],"is_beta":false,"boss_relics":[{"not_picked":["Coffee Dripper","Velvet Choker"],"picked":"Calling Bell"}],"items_purged_floors":[],"is_endless":false,"potions_floor_spawned":[3,9,15,16,19],"killed_by":"Book of Stabbing","ascension_level":11}}