{"host":"skvwuvqqk8x6jusd","time":1610291403,"event":{"mods":["AchievementEnabler","BaseMod","Colored Map","Colored Powertips","Highlight Path","Minty Spire (QoL Compilation)","Relic Stats","Slay-I"],"gold_per_floor":[112,124,140,152,152,152,184,197,197,70,88,106,106,106,106,210,210,225,241,254,271,271,271,370,385,385,91,91,91,138,155,155,255,255,270,281,296,15,27,27,37,37,37,37,37,50,50,64,64,64,64],"floor_reached":50,"playtime":3344,"items_purged":["Strike_B","Strike_B"],"score":500,"play_id":"385ca284-aa7f-4a8d-9d34-b46aa8347ab9","local_time":"20210110151003","is_ascension_mode":false,"campfire_choices":[{"data":"Sunder","floor":6.0,"key":"SMITH"},{"data":"Dualcast","floor":15.0,"key":"SMITH"},{"floor":23.0,"key":"REST"},{"data":"Storm","floor":29.0,"key":"SMITH"},{"data":"Electrodynamics","floor":32.0,"key":"SMITH"},{"floor":40.0,"key":"REST"},{"floor":42.0,"key":"REST"},{"floor":49.0,"key":"REST"}],"circlet_count":0,"master_deck":["Strike_B","Strike_B","Defend_B","Defend_B","Defend_B","Defend_B","Zap+1","Dualcast+1","Sunder+1","Coolheaded","Ball Lightning","Ball Lightning","Electrodynamics+1","BootSequence","Hologram","Leap","Machine Learning","Doom and Gloom+1","Defragment+1","Conserve Battery+1","BootSequence","Coolheaded","Glacier","Storm+1","Leap","Lockon+1","Thunder Strike","Capacitor+1","Conserve Battery+1","Ball Lightning","Creative AI","Conserve Battery","Capacitor+1","Parasite","BootSequence+1","Hologram","Hologram+1"],"relics":["Cracked Core"],"acts_visited":["Exordium","TheCity","TheBeyond"],"potions_floor_usage":[],"damage_taken":[{"damage":1.0,"enemies":"2 Louse","floor":1.0,"turns":2.0},{"damage":0.0,"enemies":"Small Slimes","floor":2.0,"turns":2.0},{"damage":1.0,"enemies":"Jaw Worm","floor":3.0,"turns":3.0},{"damage":7.0,"enemies":"3 Louse","floor":4.0,"turns":3.0},{"damage":4.0,"enemies":"3 Sentries","floor":7.0,"turns":3.0},{"damage":8.0,"enemies":"Looter","floor":8.0,"turns":3.0},{"damage":2.0,"enemies":"Gremlin Gang","floor":11.0,"turns":2.0},{"damage":4.0,"enemies":"Large Slime","floor":12.0,"turns":4.0},{"damage":16.0,"enemies":"The Guardian","floor":16.0,"turns":10.0},{"damage":0.0,"enemies":"Chosen","floor":18.0,"turns":3.0},{"damage":1.0,"enemies":"3 Byrds","floor":19.0,"turns":4.0},{"damage":20.0,"enemies":"Sentry and Sphere","floor":20.0,"turns":6.0},{"damage":27.0,"enemies":"Centurion and Healer","floor":21.0,"turns":5.0},{"damage":8.0,"enemies":"Snake Plant","floor":25.0,"turns":3.0},{"damage":4.0,"enemies":"3 Cultists","floor":31.0,"turns":3.0},{"damage":66.0,"enemies":"Automaton","floor":33.0,"turns":13.0},{"damage":26.0,"enemies":"3 Darklings","floor":35.0,"turns":5.0},{"damage":4.0,"enemies":"Orb Walker","floor":36.0,"turns":3.0},{"damage":18.0,"enemies":"Transient","floor":37.0,"turns":5.0},{"damage":6.0,"enemies":"Spire Growth","floor":39.0,"turns":8.0},{"damage":6.0,"enemies":"Writhing Mass","floor":41.0,"turns":9.0},{"damage":5.0,"enemies":"Sphere and 2 Shapes","floor":46.0,"turns":8.0},{"damage":33.0,"enemies":"4 Shapes","floor":48.0,"turns":4.0},{"damage":66,"enemies":"Donu and Deca","floor":50,"turns":7}],"seed_played":"-3152587584383768574","potions_obtained":[{"floor":2.0,"key":"SkillPotion"},{"floor":4.0,"key":"CultistPotion"},{"floor":11.0,"key":"Ancient Potion"},{"floor":12.0,"key":"DistilledChaos"},{"floor":19.0,"key":"FearPotion"},{"floor":21.0,"key":"PowerPotion"},{"floor":25.0,"key":"DistilledChaos"},{"floor":31.0,"key":"BlessingOfTheForge"},{"floor":35.0,"key":"EssenceOfSteel"},{"floor":37.0,"key":"Dexterity Potion"},{"floor":39.0,"key":"Block Potion"},{"floor":41.0,"key":"SteroidPotion"}],"is_trial":false,"path_per_floor":["M","M","M","M","?","R","E","M","T","$","M","M","?","?","R","B",null,"M","M","M","M","?","R","?","M","T","$","?","R","T","M","R","B",null,"M","M","M","$","M","R","M","R","T","?","T","M","?","M","R","B"],"character_chosen":"DEFECT","items_purchased":["Hologram","Glacier","Storm","Leap","Creative AI","Conserve Battery","PotionOfCapacity"],"campfire_rested":4,"item_purchase_floors":[10,27,27,27,38,38,38],"current_hp_per_floor":[81,81,80,73,73,73,69,61,61,61,59,55,60,60,60,44,87,87,86,66,39,22,49,49,41,41,41,71,71,71,67,67,1,92,66,62,44,44,38,65,59,86,86,86,86,81,81,48,75,9,9],"gold":64,"neow_bonus":"TEN_PERCENT_HP_BONUS","is_daily":false,"chose_seed":false,"campfire_upgraded":4,"win_rate":0.0,"timestamp":1610291403,"path_taken":["M","M","M","M","?","R","E","M","T","$","M","M","?","?","R","BOSS","M","M","M","M","?","R","?","M","T","$","?","R","?","M","R","BOSS","M","M","?","$","M","R","M","R","T","?","?","M","?","M","R","BOSS"],"items_purchased_type":["Card","Card","Card","Card","Card","Card","Potion"],"build_version":"2020-12-22","purchased_purges":2,"victory":false,"max_hp_per_floor":[82,82,82,82,82,82,82,82,82,82,82,82,87,87,87,87,87,87,87,87,87,92,92,92,92,92,92,92,92,92,92,92,92,92,92,92,92,92,92,92,92,92,92,92,92,92,92,92,92,92,92],"relic_stats":{"counters":[24,118],"obtain_stats":[{"Cracked Core":0},{"Cracked Core":0},{"Cracked Core":0}]},"card_choices":[{"not_picked":["Barrage","Sweeping Beam"],"picked":"Sunder","floor":1.0},{"not_picked":["Stack","Melter"],"picked":"Coolheaded","floor":2.0},{"not_picked":["Doom and Gloom","Compile Driver"],"picked":"Ball Lightning","floor":3.0},{"not_picked":["Conserve Battery","Turbo"],"picked":"Ball Lightning","floor":4.0},{"not_picked":["Reboot","Barrage"],"picked":"Electrodynamics","floor":7.0},{"not_picked":["Stack","Streamline"],"picked":"BootSequence","floor":8.0},{"not_picked":["Sweeping Beam","Fusion"],"picked":"Leap","floor":11.0},{"not_picked":["Barrage","Streamline"],"picked":"Leap","floor":12.0},{"not_picked":["Thunder Strike","Multi-Cast"],"picked":"Machine Learning","floor":16.0},{"not_picked":["Coolheaded","Chaos"],"picked":"Doom and Gloom+1","floor":18.0},{"not_picked":["Consume","Steam"],"picked":"Defragment+1","floor":19.0},{"not_picked":["Stack+1","Force Field"],"picked":"Conserve Battery+1","floor":20.0},{"not_picked":["Cold Snap","Rainbow"],"picked":"BootSequence","floor":21.0},{"not_picked":["Aggregate","Fusion"],"picked":"Coolheaded","floor":25.0},{"not_picked":["Sweeping Beam","Cold Snap"],"picked":"Lockon+1","floor":31.0},{"not_picked":["Echo Form","Buffer"],"picked":"Thunder Strike","floor":33.0},{"not_picked":["Ball Lightning","Redo+1"],"picked":"Capacitor+1","floor":35.0},{"not_picked":["Chill","Steam Power+1"],"picked":"Conserve Battery+1","floor":36.0},{"not_picked":["Barrage+1","Sweeping Beam"],"picked":"Ball Lightning","floor":37.0},{"not_picked":["Aggregate","Auto Shields+1"],"picked":"Capacitor+1","floor":39.0},{"not_picked":["Stack","Sweeping Beam+1"],"picked":"BootSequence+1","floor":41.0},{"not_picked":["Hyperbeam","Aggregate"],"picked":"Hologram","floor":46.0},{"not_picked":["Go for the Eyes","Gash+1"],"picked":"Hologram+1","floor":48.0}],"player_experience":594372,"relics_obtained":[],"event_choices":[{"damage_healed":0.0,"max_hp_gain":0.0,"max_hp_loss":0.0,"gold_gain":0.0,"event_name":"Scrap Ooze","player_choice":"Fled","floor":5.0,"gold_loss":0.0,"damage_taken":0.0},{"damage_healed":0.0,"max_hp_gain":5.0,"max_hp_loss":0.0,"gold_gain":0.0,"event_name":"Big Fish","player_choice":"Donut","floor":13.0,"gold_loss":0.0,"damage_taken":0.0},{"damage_healed":0.0,"max_hp_gain":0.0,"max_hp_loss":0.0,"gold_gain":0.0,"event_name":"Living Wall","player_choice":"Grow","floor":14.0,"gold_loss":0.0,"damage_taken":0.0,"cards_upgraded":["Zap"]},{"damage_healed":0.0,"max_hp_gain":5.0,"max_hp_loss":0.0,"gold_gain":0.0,"event_name":"Forgotten Altar","player_choice":"Shed Blood","floor":22.0,"gold_loss":0.0,"damage_taken":22.0},{"damage_healed":0.0,"max_hp_gain":0.0,"max_hp_loss":0.0,"gold_gain":99.0,"event_name":"Nest","player_choice":"Stole From Cult","floor":24.0,"gold_loss":0.0,"damage_taken":0.0},{"damage_healed":30.0,"max_hp_gain":0.0,"max_hp_loss":0.0,"gold_gain":0.0,"event_name":"The Library","player_choice":"Heal","floor":28.0,"gold_loss":0.0,"damage_taken":0.0},{"cards_removed":["Leap"],"damage_healed":0.0,"max_hp_gain":0.0,"max_hp_loss":0.0,"gold_gain":0.0,"event_name":"Falling","player_choice":"Removed Skill","floor":44.0,"gold_loss":0.0,"damage_taken":0.0},{"damage_healed":0.0,"max_hp_gain":0.0,"max_hp_loss":0.0,"gold_gain":0.0,"event_name":"Mysterious Sphere","player_choice":"Ignored","floor":47.0,"gold_loss":0.0,"damage_taken":0.0}],"is_beta":false,"boss_relics":[{"not_picked":["Empty Cage","Inserter","Busted Crown"]},{"not_picked":["Coffee Dripper","Calling Bell","Pandora\u0027s Box"]}],"items_purged_floors":[10,27],"is_endless":false,"potions_floor_spawned":[2,4,11,12,19,21,25,31,35,37,39,41],"killed_by":"Donu and Deca","ascension_level":0}}