{"host":"cbu6enf2xtq4r7r3","time":1610298335,"event":{"mods":["2.2 Compatiblity","AlwaysNeverKeys","BaseMod","Better Match","Better Note","Better Sensory Stone","Better Skull","Better Third Choice","Colored Map","Colored Powertips","Defuse TimeMaze Blight","Emptier Cage","Minty Spire (QoL Compilation)","Permanent Neow","Quick Restart","Random Character Button","Relic Sorter","Reorder Act Four","Shop Mod","StSLib"],"gold_per_floor":[110,110,110,128,128,128,156,156,156,156,35,67,78,97,97,197,197,212,40,40,52,72,72,103,103,185,185,198,198,198,223,223,318,368,381,381,136,149,160,187,187,203,203,203,256,256,274,274,274,274,274],"floor_reached":50,"playtime":1748,"items_purged":["Strike_B","Dualcast"],"score":709,"play_id":"9e4aea1a-8623-4b67-a5a2-07bc973830ab","local_time":"20210110180535","is_ascension_mode":true,"campfire_choices":[{"data":"Zap","floor":6,"key":"SMITH"},{"data":"FTL","floor":8,"key":"SMITH"},{"data":"Scrape","floor":10,"key":"SMITH"},{"data":"Redo","floor":15,"key":"SMITH"},{"data":"Scrape","floor":23,"key":"SMITH"},{"data":"Steam","floor":25,"key":"SMITH"},{"data":"Gash","floor":27,"key":"SMITH"},{"data":"Gash","floor":32,"key":"SMITH"},{"data":"Fission","floor":41,"key":"SMITH"},{"floor":44,"key":"REST"},{"data":"Coolheaded","floor":46,"key":"SMITH"},{"floor":49,"key":"REST"}],"circlet_count":0,"master_deck":["Defend_B","Defend_B","Defend_B","Defend_B","Zap+1","Gash+1","Cold Snap","Good Instincts","Scrape+1","Ball Lightning","Go for the Eyes+1","Core Surge","Scrape+1","Finesse","Steam+1","Steam+1","Chill","Gash+1","Beam Cell+1","Fission+1","Steam","Gash+1","Coolheaded+1"],"relics":["Cracked Core","Ancient Tea Set","Empty Cage","Question Card","Letter Opener","MealTicket","Akabeko","White Beast Statue","Molten Egg 2","Tiny House","Bottled Flame","Medical Kit","Dream Catcher","Blue Candle","TungstenRod"],"acts_visited":["Exordium","TheCity","TheBeyond"],"potions_floor_usage":[16,28,31,33,35,35,39,40,40,42,45,47,50,50],"damage_taken":[{"damage":0,"enemies":"Cultist","floor":1,"turns":3},{"damage":0,"enemies":"Jaw Worm","floor":4,"turns":3},{"damage":15,"enemies":"Lagavulin","floor":7,"turns":7},{"damage":13,"enemies":"Gremlin Nob","floor":12,"turns":3},{"damage":1,"enemies":"Small Slimes","floor":13,"turns":2},{"damage":0,"enemies":"Exordium Wildlife","floor":14,"turns":2},{"damage":37,"enemies":"The Guardian","floor":16,"turns":8},{"damage":0,"enemies":"Chosen","floor":18,"turns":3},{"damage":1,"enemies":"Shell Parasite","floor":21,"turns":3},{"damage":0,"enemies":"Snecko","floor":22,"turns":4},{"damage":0,"enemies":"Book of Stabbing","floor":24,"turns":4},{"damage":0,"enemies":"Cultist and Chosen","floor":28,"turns":4},{"damage":0,"enemies":"Gremlin Leader","floor":31,"turns":4},{"damage":41,"enemies":"Collector","floor":33,"turns":9},{"damage":8,"enemies":"3 Darklings","floor":35,"turns":3},{"damage":14,"enemies":"3 Shapes","floor":38,"turns":4},{"damage":2,"enemies":"Spire Growth","floor":39,"turns":4},{"damage":46,"enemies":"Giant Head","floor":40,"turns":8},{"damage":18,"enemies":"Transient","floor":42,"turns":5},{"damage":0,"enemies":"2 Orb Walkers","floor":45,"turns":2},{"damage":0,"enemies":"Jaw Worm Horde","floor":47,"turns":2},{"damage":54,"enemies":"Awakened One","floor":50,"turns":10}],"seed_played":"34522708762441329","potions_obtained":[{"floor":12,"key":"CultistPotion"},{"floor":13,"key":"DistilledChaos"},{"floor":22,"key":"Explosive Potion"},{"floor":24,"key":"FairyPotion"},{"floor":28,"key":"FearPotion"},{"floor":31,"key":"Explosive Potion"},{"floor":33,"key":"Block Potion"},{"floor":34,"key":"EssenceOfDarkness"},{"floor":35,"key":"LiquidMemories"},{"floor":38,"key":"PotionOfCapacity"},{"floor":39,"key":"Ancient Potion"},{"floor":40,"key":"LiquidMemories"},{"floor":42,"key":"AttackPotion"},{"floor":45,"key":"ColorlessPotion"},{"floor":47,"key":"Energy Potion"}],"is_trial":false,"path_per_floor":["M","T","T","M","?","R","E","R","T","R","$","E","M","M","R","B",null,"M","$","?","M","M","R","E","R","T","R","M","?","?","E","R","B",null,"M","?","$","M","M","E","R","M","T","R","?","R","M","?","R","B"],"character_chosen":"DEFECT","items_purchased":["Ball Lightning","Scrape","Finesse","Steam","Medical Kit"],"campfire_rested":2,"item_purchase_floors":[11,19,19,19,37],"current_hp_per_floor":[75,75,75,75,75,75,60,60,60,60,75,62,61,61,61,24,75,75,75,75,74,74,74,74,74,74,74,74,60,60,60,60,19,85,77,77,81,67,65,19,19,1,1,25,25,25,25,25,49,0,0],"gold":274,"neow_bonus":"THREE_CARDS","is_daily":false,"chose_seed":false,"campfire_upgraded":10,"win_rate":0.0,"timestamp":1610298335,"path_taken":["M","?","?","M","?","R","E","R","T","R","$","E","M","M","R","BOSS","M","$","?","M","M","R","E","R","T","R","M","?","?","E","R","BOSS","M","?","$","M","M","E","R","M","T","R","?","R","M","?","R","BOSS"],"items_purchased_type":["Card","Card","Card","Card","Relic"],"build_version":"2020-12-22","purchased_purges":2,"victory":false,"max_hp_per_floor":[75,75,75,75,75,75,75,75,75,75,75,75,75,75,75,75,75,75,75,75,75,75,75,75,75,75,75,75,80,80,80,80,80,85,85,81,81,81,81,81,81,81,81,81,81,81,81,81,81,81,81],"card_choices":[{"not_picked":["Leap","Turbo"],"picked":"Gash","floor":0},{"not_picked":["Conserve Battery","Steam"],"picked":"Cold Snap","floor":1},{"not_picked":["Chaos","Conserve Battery","Hologram"],"picked":"FTL","floor":4},{"not_picked":["Dark Shackles","Mind Blast","Trip"],"picked":"Good Instincts","floor":5},{"not_picked":["Chaos","Steam","Hologram"],"picked":"Scrape","floor":7},{"not_picked":["Hello World","Rainbow","Aggregate"],"picked":"Go for the Eyes","floor":12},{"not_picked":["Rebound","Ball Lightning","Conserve Battery","Turbo"],"picked":"SKIP","floor":13},{"not_picked":["Stack","Sweeping Beam","Chaos"],"picked":"Redo","floor":14},{"not_picked":["Biased Cognition","Fission","Creative AI"],"picked":"Core Surge","floor":16},{"not_picked":["Streamline+1","Glacier+1","Compile Driver","Redo+1"],"picked":"SKIP","floor":18},{"not_picked":["Barrage","Defragment+1","White Noise"],"picked":"Steam+1","floor":21},{"not_picked":["Glacier","Conserve Battery","Compile Driver+1","Redo"],"picked":"SKIP","floor":22},{"not_picked":["Fission","Amplify","Reprogram+1"],"picked":"Chill","floor":24},{"not_picked":["Rip and Tear","Turbo","Cold Snap"],"picked":"Gash","floor":28},{"not_picked":["Sunder+1","Hologram","Doom and Gloom+1"],"picked":"Beam Cell+1","floor":31},{"not_picked":["Biased Cognition","Seek","Core Surge+1"],"picked":"Fission","floor":33},{"not_picked":["Steam+1","Rebound+1","Leap"],"picked":"FTL+1","floor":34},{"not_picked":["Darkness","Hologram","Barrage+1","Stack+1"],"picked":"SKIP","floor":35},{"not_picked":["Auto Shields","Self Repair","Cold Snap+1","Conserve Battery+1"],"picked":"SKIP","floor":38},{"not_picked":["Beam Cell+1","Electrodynamics","Redo"],"picked":"Steam","floor":39},{"not_picked":["Blizzard+1","Stack+1","Conserve Battery+1","Leap+1"],"picked":"SKIP","floor":40},{"not_picked":["Stack","Sunder+1","Static Discharge+1","Sweeping Beam+1"],"picked":"SKIP","floor":42},{"not_picked":["Multi-Cast","Lockon+1","Streamline+1"],"picked":"Gash+1","floor":44},{"not_picked":["Hologram+1","Auto Shields","Redo+1"],"picked":"Coolheaded","floor":45},{"not_picked":["Storm","Stack+1","Cold Snap+1","Gash+1"],"picked":"SKIP","floor":47}],"player_experience":84361,"relics_obtained":[{"floor":2,"key":"Question Card"},{"floor":3,"key":"Letter Opener"},{"floor":7,"key":"MealTicket"},{"floor":9,"key":"Ancient Tea Set"},{"floor":12,"key":"Bottled Flame"},{"floor":24,"key":"Akabeko"},{"floor":26,"key":"White Beast Statue"},{"floor":31,"key":"Molten Egg 2"},{"floor":40,"key":"Dream Catcher"},{"floor":43,"key":"Blue Candle"},{"floor":45,"key":"TungstenRod"}],"event_choices":[{"damage_healed":0,"gold_gain":1,"player_choice":"1","damage_taken":0,"max_hp_gain":0,"max_hp_loss":0,"event_name":"betterStone:BetterStone","floor":5,"gold_loss":0},{"damage_healed":0,"gold_gain":0,"player_choice":"Ignored","damage_taken":0,"max_hp_gain":0,"max_hp_loss":0,"event_name":"betterNote:BetterNote","floor":20,"gold_loss":0,"cards_obtained":["Apotheosis"]},{"damage_healed":0,"gold_gain":0,"player_choice":"Shed Blood","damage_taken":19,"max_hp_gain":5,"max_hp_loss":0,"event_name":"Forgotten Altar","floor":29,"gold_loss":0},{"damage_healed":0,"gold_gain":0,"player_choice":"Ignored","damage_taken":0,"max_hp_gain":0,"max_hp_loss":0,"event_name":"Vampires","floor":30,"gold_loss":0},{"damage_healed":0,"gold_gain":0,"player_choice":"Max HP","damage_taken":0,"max_hp_gain":0,"max_hp_loss":4,"event_name":"Winding Halls","floor":36,"gold_loss":0},{"damage_healed":0,"gold_gain":0,"player_choice":"Fight","damage_taken":0,"max_hp_gain":0,"max_hp_loss":0,"event_name":"Mysterious Sphere","floor":45,"gold_loss":0},{"cards_removed":["Redo"],"damage_healed":0,"gold_gain":0,"player_choice":"Removed Skill","damage_taken":0,"max_hp_gain":0,"max_hp_loss":0,"event_name":"Falling","floor":48,"gold_loss":0}],"is_beta":false,"boss_relics":[{"not_picked":["Cursed Key","Nuclear Battery"],"picked":"Empty Cage"},{"not_picked":["Runic Dome","Snecko Eye"],"picked":"Tiny House"}],"items_purged_floors":[11,37],"is_endless":false,"potions_floor_spawned":[12,13,22,24,28,31,33,35,38,39,40,42,45,47],"killed_by":"Awakened One","ascension_level":4}}