{"host":"dpbezu80jg8zk7un","time":1610247920,"event":{"mods":["BaseMod","Colored Map","Colored Powertips","Custom Start","DeckTracker","Minty Spire (QoL Compilation)","Quick Restart","StSLib","SuperFastMode"],"gold_per_floor":[14,14,32,32,53,53,93,93,93,118,159,84,117,192,192,290,290,313,327,267,192,212,212,212,243,243,243,243,284,334,128,128,219,219,233,233,246,146,162,162,202,216,216,249,272,152,152,176,176,176,176,176,176,13,57,57],"floor_reached":57,"playtime":2141,"items_purged":["Strike_P","Defend_P","FollowUp+1","Conclude+1"],"score":3082,"play_id":"93ff50e0-b4f5-443e-93de-8f3f568638ef","local_time":"20210110120520","is_ascension_mode":true,"campfire_choices":[{"data":"Eruption","floor":6.0,"key":"SMITH"},{"data":"Conclude","floor":8.0,"key":"SMITH"},{"data":"CrushJoints","floor":15.0,"key":"SMITH"},{"floor":23.0,"key":"REST"},{"data":"EmptyMind","floor":27.0,"key":"SMITH"},{"data":"MentalFortress","floor":32.0,"key":"SMITH"},{"floor":40.0,"key":"RECALL"},{"floor":49.0,"key":"REST"},{"floor":53.0,"key":"REST"}],"circlet_count":0,"master_deck":["AscendersBane","Eruption+1","Vigilance","Tantrum+1","CrushJoints+1","EmptyMind+1","FearNoEvil","MentalFortress+1","Halt","DeusExMachina","MentalFortress+1","Adaptation+1","Purity"],"relics":["HolyWater","Golden Idol","Potion Belt","The Courier","Happy Flower","Ginger","Torii","MealTicket","Whetstone","Centennial Puzzle","Fusion Hammer","Turnip","Damaru","Bottled Tornado"],"acts_visited":["Exordium","TheCity","TheBeyond","TheEnding"],"potions_floor_usage":[56,56,56],"damage_taken":[{"damage":2.0,"enemies":"2 Louse","floor":1.0,"turns":3.0},{"damage":0.0,"enemies":"Small Slimes","floor":3.0,"turns":2.0},{"damage":0.0,"enemies":"Cultist","floor":5.0,"turns":2.0},{"damage":16.0,"enemies":"Gremlin Nob","floor":7.0,"turns":3.0},{"damage":9.0,"enemies":"Looter","floor":10.0,"turns":2.0},{"damage":0.0,"enemies":"Lagavulin","floor":11.0,"turns":3.0},{"damage":17.0,"enemies":"3 Sentries","floor":13.0,"turns":3.0},{"damage":0.0,"enemies":"Slime Boss","floor":16.0,"turns":6.0},{"damage":0.0,"enemies":"Chosen","floor":18.0,"turns":2.0},{"damage":0.0,"enemies":"Spheric Guardian","floor":19.0,"turns":2.0},{"damage":29.0,"enemies":"Shelled Parasite and Fungi","floor":22.0,"turns":3.0},{"damage":21.0,"enemies":"Slavers","floor":25.0,"turns":2.0},{"damage":0.0,"enemies":"Book of Stabbing","floor":29.0,"turns":3.0},{"damage":6.0,"enemies":"Champ","floor":33.0,"turns":4.0},{"damage":0.0,"enemies":"Orb Walker","floor":35.0,"turns":1.0},{"damage":22.0,"enemies":"3 Shapes","floor":37.0,"turns":3.0},{"damage":0.0,"enemies":"Writhing Mass","floor":39.0,"turns":4.0},{"damage":8.0,"enemies":"Reptomancer","floor":41.0,"turns":4.0},{"damage":11.0,"enemies":"Sphere and 2 Shapes","floor":42.0,"turns":3.0},{"damage":0.0,"enemies":"Nemesis","floor":44.0,"turns":5.0},{"damage":1.0,"enemies":"4 Shapes","floor":45.0,"turns":2.0},{"damage":0.0,"enemies":"3 Darklings","floor":48.0,"turns":3.0},{"damage":8.0,"enemies":"Awakened One","floor":50.0,"turns":7.0},{"damage":0.0,"enemies":"Donu and Deca","floor":51.0,"turns":8.0},{"damage":19,"enemies":"Shield and Spear","floor":55,"turns":6},{"damage":24,"enemies":"The Heart","floor":56,"turns":7}],"seed_played":"-2291694940414971802","potions_obtained":[{"floor":1.0,"key":"Ancient Potion"},{"floor":5.0,"key":"FairyPotion"},{"floor":7.0,"key":"PowerPotion"},{"floor":13.0,"key":"SteroidPotion"},{"floor":22.0,"key":"SmokeBomb"},{"floor":29.0,"key":"Regen Potion"},{"floor":41.0,"key":"Weak Potion"},{"floor":42.0,"key":"ColorlessPotion"},{"floor":44.0,"key":"Weak Potion"}],"is_trial":false,"path_per_floor":["M","?","M","?","M","R","E","R","T","M","E","?","E","?","R","B",null,"M","M","$","?","M","R","?","E","T","R","?","E","?","$","R","B",null,"M","?","M","$","M","R","E","M","T","E","M","$","?","M","R","B","B",null,"R","$","E","B",null],"character_chosen":"WATCHER","items_purchased":["Centennial Puzzle","Purity","CultistPotion"],"campfire_rested":3,"item_purchase_floors":[31,54,54],"current_hp_per_floor":[59,59,59,59,59,59,43,43,43,34,34,34,17,6,6,6,48,48,48,48,48,19,37,37,16,16,16,16,16,16,31,31,25,53,53,53,31,46,46,46,50,39,39,39,38,53,53,53,62,54,54,60,62,62,43,19],"gold":57,"neow_bonus":"REMOVE_TWO","is_daily":false,"chose_seed":false,"campfire_upgraded":5,"win_rate":0.0,"timestamp":1610247920,"path_taken":["M","?","M","?","?","R","E","R","T","M","E","?","E","?","R","BOSS","M","M","$","?","M","R","?","E","T","R","?","E","?","$","R","BOSS","M","?","M","$","M","R","E","?","T","E","M","$","?","M","R","BOSS","BOSS","R","$","E","BOSS"],"items_purchased_type":["Relic","Card","Potion"],"build_version":"2020-12-22","purchased_purges":4,"victory":true,"max_hp_per_floor":[68,62,62,62,62,62,62,62,62,62,62,62,62,62,62,62,62,62,62,62,62,62,62,62,62,62,62,62,62,62,62,62,62,62,62,62,62,62,62,62,62,62,62,62,62,62,62,62,62,62,62,62,62,62,62,62],"card_choices":[{"not_picked":["Nirvana","JustLucky"],"picked":"Tantrum","floor":1.0},{"not_picked":["BowlingBash","Worship"],"picked":"FollowUp","floor":3.0},{"not_picked":["Vengeance","CrushJoints"],"picked":"Conclude","floor":5.0},{"not_picked":["Sanctity","Vengeance","DeceiveReality"],"picked":"SKIP","floor":7.0},{"not_picked":["BowlingBash","Halt","Meditate"],"picked":"SKIP","floor":10.0},{"not_picked":["Omniscience","Worship"],"picked":"CrushJoints","floor":11.0},{"not_picked":["FlyingSleeves","FlurryOfBlows"],"picked":"EmptyMind","floor":13.0},{"not_picked":["WheelKick","FollowUp","Nirvana"],"picked":"SKIP","floor":18.0},{"not_picked":["FlyingSleeves+1","Consecrate"],"picked":"FearNoEvil","floor":19.0},{"not_picked":["Study+1","CrushJoints","EmptyMind"],"picked":"SKIP","floor":22.0},{"not_picked":["Protect","SignatureMove","Meditate"],"picked":"SKIP","floor":25.0},{"not_picked":["WheelKick","Halt","Nirvana"],"picked":"SKIP","floor":29.0},{"not_picked":["WheelKick","Nirvana"],"picked":"Halt","floor":29.0},{"not_picked":["LessonLearned","Alpha"],"picked":"DeusExMachina","floor":33.0},{"not_picked":["ReachHeaven+1","ForeignInfluence","SignatureMove"],"picked":"SKIP","floor":35.0},{"not_picked":["Halt","Prostrate","EmptyFist"],"picked":"SKIP","floor":37.0},{"not_picked":["FlyingSleeves","BowlingBash","CrushJoints"],"picked":"SKIP","floor":39.0},{"not_picked":["Weave+1","PathToVictory"],"picked":"Adaptation+1","floor":41.0},{"not_picked":["BowlingBash","Halt","Tantrum"],"picked":"SKIP","floor":42.0},{"not_picked":["FollowUp+1","LessonLearned","Conclude"],"picked":"SKIP","floor":44.0},{"not_picked":["PathToVictory","Vengeance","CutThroughFate"],"picked":"SKIP","floor":45.0},{"not_picked":["FlurryOfBlows","PathToVictory","Wireheading"],"picked":"SKIP","floor":48.0},{"not_picked":["Protect+1","FearNoEvil+1","WindmillStrike"],"picked":"SKIP","floor":55},{"not_picked":["Protect+1","FearNoEvil+1","WindmillStrike"],"picked":"SKIP","floor":55}],"player_experience":2857160,"relics_obtained":[{"floor":7.0,"key":"Potion Belt"},{"floor":9.0,"key":"The Courier"},{"floor":11.0,"key":"Happy Flower"},{"floor":13.0,"key":"Ginger"},{"floor":25.0,"key":"Torii"},{"floor":26.0,"key":"MealTicket"},{"floor":29.0,"key":"Whetstone"},{"floor":41.0,"key":"Turnip"},{"floor":44.0,"key":"Damaru"},{"floor":55,"key":"Bottled Tornado"}],"event_choices":[{"damage_healed":0.0,"max_hp_gain":0.0,"max_hp_loss":6.0,"gold_gain":0.0,"event_name":"Golden Idol","player_choice":"Lose Max HP","floor":2.0,"gold_loss":0.0,"damage_taken":0.0,"relics_obtained":["Golden Idol"]},{"cards_removed":["Strike_P"],"damage_healed":0.0,"max_hp_gain":0.0,"max_hp_loss":0.0,"gold_gain":0.0,"event_name":"Bonfire Elementals","player_choice":"Offered Basic","floor":4.0,"gold_loss":0.0,"damage_taken":0.0},{"cards_removed":["Strike_P"],"damage_healed":0.0,"max_hp_gain":0.0,"max_hp_loss":0.0,"gold_gain":0.0,"event_name":"The Cleric","player_choice":"Card Removal","floor":12.0,"gold_loss":75.0,"damage_taken":0.0},{"damage_healed":0.0,"max_hp_gain":0.0,"max_hp_loss":0.0,"gold_gain":75.0,"event_name":"World of Goop","player_choice":"Gather Gold","floor":14.0,"gold_loss":0.0,"damage_taken":11.0},{"cards_removed":["Defend_P"],"damage_healed":0.0,"max_hp_gain":0.0,"max_hp_loss":0.0,"gold_gain":0.0,"event_name":"Beggar","player_choice":"Gave Gold","floor":21.0,"gold_loss":75.0,"damage_taken":0.0},{"cards_removed":["Defend_P"],"damage_healed":0.0,"max_hp_gain":0.0,"max_hp_loss":0.0,"gold_gain":0.0,"event_name":"Back to Basics","player_choice":"Elegance","floor":24.0,"gold_loss":0.0,"damage_taken":0.0},{"damage_healed":0.0,"max_hp_gain":0.0,"max_hp_loss":0.0,"gold_gain":0.0,"event_name":"The Library","player_choice":"Read","floor":28.0,"gold_loss":0.0,"damage_taken":0.0,"cards_obtained":["MentalFortress"]},{"damage_healed":0.0,"max_hp_gain":0.0,"max_hp_loss":0.0,"gold_gain":50.0,"event_name":"Nest","player_choice":"Stole From Cult","floor":30.0,"gold_loss":0.0,"damage_taken":0.0},{"damage_healed":0.0,"max_hp_gain":0.0,"max_hp_loss":0.0,"gold_gain":0.0,"event_name":"Duplicator","player_choice":"Copied","floor":36.0,"gold_loss":0.0,"damage_taken":0.0,"cards_obtained":["MentalFortress"]},{"damage_healed":0.0,"max_hp_gain":0.0,"max_hp_loss":0.0,"gold_gain":0.0,"event_name":"Tomb of Lord Red Mask","player_choice":"Ignored","floor":47.0,"gold_loss":0.0,"damage_taken":0.0}],"is_beta":false,"boss_relics":[{"not_picked":["Empty Cage","Philosopher\u0027s Stone"],"picked":"HolyWater"},{"not_picked":["Astrolabe","Velvet Choker"],"picked":"Fusion Hammer"}],"items_purged_floors":[20,31,38,46],"is_endless":false,"potions_floor_spawned":[1,5,7,13,22,29,41,42,44,45,55],"ascension_level":20}}