{"host":"1z4hbl9vfqrhg136","time":1610310057,"event":{"mods":["BaseMod","Minty Spire (QoL Compilation)"],"gold_per_floor":[116,132,146,165,178,178,209,209,209,237,237,249,249,280,280,355,355,365,365,365,384,396,396,428,428,428,440,440,452,481,63,63,135,135,151,151,151,151,165,194,194,226,226,245,279,304,304,338,338,338,338,338,338,48,81,81,81],"floor_reached":56,"playtime":8666,"items_purged":["Defend_P","Defend_P"],"score":2206,"play_id":"bbcc07cb-0bad-4684-8c17-da54b7e48426","local_time":"20210110202057","is_ascension_mode":true,"campfire_choices":[{"data":"Consecrate","floor":6.0,"key":"SMITH"},{"data":"Protect","floor":8.0,"key":"SMITH"},{"data":"Vigilance","floor":13.0,"key":"SMITH"},{"data":"WindmillStrike","floor":15.0,"key":"SMITH"},{"data":"Ghostly","floor":23.0,"key":"SMITH"},{"data":"WheelKick","floor":25.0,"key":"SMITH"},{"data":"Ghostly","floor":28.0,"key":"SMITH"},{"data":"Worship","floor":32.0,"key":"SMITH"},{"data":"Wallop","floor":41.0,"key":"SMITH"},{"floor":47.0,"key":"RECALL"},{"data":"Ghostly","floor":49.0,"key":"SMITH"},{"data":"Protect","floor":53.0,"key":"SMITH"}],"circlet_count":0,"master_deck":["AscendersBane","Strike_P","Strike_P","Defend_P+1","Defend_P+1","Eruption","Vigilance+1","Tantrum","Consecrate+1","Protect+1","LikeWater","WindmillStrike+1","CutThroughFate","DevaForm","Protect+1","Establishment","WheelKick+1","RitualDagger","Ghostly+1","Ghostly+1","Ghostly+1","Fasting2+1","WheelKick","Sanctity","Worship+1","Panache+1","DevaForm+1","Wallop+1","Dark Shackles","Ghostly+1","FlurryOfBlows","LikeWater+1","TalkToTheHand","MentalFortress+1","Fasting2+1","Protect"],"relics":["PureWater","Toy Ornithopter","Bag of Preparation","Bird Faced Urn","Lizard Tail","WingedGreaves","Empty Cage","Boot","Frozen Egg 2","Eternal Feather","Membership Card","Damaru","SlaversCollar","Ornamental Fan","War Paint","Bottled Flame","StrikeDummy","Dream Catcher","Bottled Tornado","Akabeko"],"acts_visited":["Exordium","TheCity","TheBeyond","TheEnding"],"potions_floor_usage":[55,56],"damage_taken":[{"damage":0.0,"enemies":"Cultist","floor":1.0,"turns":2.0},{"damage":8.0,"enemies":"Small Slimes","floor":2.0,"turns":6.0},{"damage":1.0,"enemies":"2 Louse","floor":3.0,"turns":2.0},{"damage":4.0,"enemies":"Large Slime","floor":4.0,"turns":4.0},{"damage":0.0,"enemies":"2 Fungi Beasts","floor":5.0,"turns":2.0},{"damage":13.0,"enemies":"Lagavulin","floor":7.0,"turns":6.0},{"damage":0.0,"enemies":"Gremlin Nob","floor":10.0,"turns":2.0},{"damage":0.0,"enemies":"3 Louse","floor":12.0,"turns":1.0},{"damage":3.0,"enemies":"Lagavulin","floor":14.0,"turns":6.0},{"damage":22.0,"enemies":"Slime Boss","floor":16.0,"turns":10.0},{"damage":7.0,"enemies":"Spheric Guardian","floor":18.0,"turns":5.0},{"damage":3.0,"enemies":"3 Byrds","floor":21.0,"turns":4.0},{"damage":3.0,"enemies":"3 Cultists","floor":22.0,"turns":4.0},{"damage":12.0,"enemies":"Book of Stabbing","floor":24.0,"turns":6.0},{"damage":18.0,"enemies":"Snake Plant","floor":27.0,"turns":6.0},{"damage":3.0,"enemies":"Shelled Parasite and Fungi","floor":29.0,"turns":7.0},{"damage":11.0,"enemies":"Slavers","floor":30.0,"turns":5.0},{"damage":4.0,"enemies":"Automaton","floor":33.0,"turns":7.0},{"damage":0.0,"enemies":"3 Darklings","floor":35.0,"turns":5.0},{"damage":3.0,"enemies":"3 Shapes","floor":39.0,"turns":10.0},{"damage":7.0,"enemies":"Nemesis","floor":40.0,"turns":5.0},{"damage":1.0,"enemies":"Reptomancer","floor":42.0,"turns":5.0},{"damage":29.0,"enemies":"Sphere and 2 Shapes","floor":44.0,"turns":9.0},{"damage":3.0,"enemies":"Giant Head","floor":45.0,"turns":7.0},{"damage":6.0,"enemies":"Reptomancer","floor":46.0,"turns":7.0},{"damage":8.0,"enemies":"Nemesis","floor":48.0,"turns":7.0},{"damage":30.0,"enemies":"Time Eater","floor":50.0,"turns":8.0},{"damage":33.0,"enemies":"Donu and Deca","floor":51.0,"turns":10.0},{"damage":41,"enemies":"Shield and Spear","floor":55,"turns":9},{"damage":42,"enemies":"The Heart","floor":56,"turns":5}],"seed_played":"-1911896353246958347","potions_obtained":[{"floor":1.0,"key":"ColorlessPotion"},{"floor":3.0,"key":"Block Potion"},{"floor":7.0,"key":"DuplicationPotion"},{"floor":22.0,"key":"Strength Potion"},{"floor":24.0,"key":"Energy Potion"},{"floor":45.0,"key":"Strength Potion"},{"floor":46.0,"key":"LiquidMemories"}],"is_trial":false,"path_per_floor":["M","M","M","M","M","R","E","R","T","E","?","M","R","E","R","B",null,"M","?","?","M","M","R","E","R","T","M","R","M","E","$","R","B",null,"M","?","?","?","M","E","R","E","T","M","E","E","R","E","R","B","B",null,"R","$","E","B"],"character_chosen":"WATCHER","items_purchased":["Membership Card","Panache+1","Damaru","BottledMiracle","Bottled Tornado","Strength Potion","EssenceOfSteel","Protect"],"campfire_rested":0,"item_purchase_floors":[31,31,31,31,54,54,54,54],"current_hp_per_floor":[61,53,52,53,53,53,40,40,40,40,22,22,22,23,23,10,54,51,45,34,31,30,30,26,26,26,20,20,23,12,12,27,33,34,34,32,32,32,32,32,32,32,32,11,25,32,32,24,32,19,9,26,32,32,12,0,0],"gold":81,"neow_bonus":"RANDOM_COMMON_RELIC","is_daily":false,"chose_seed":false,"campfire_upgraded":11,"win_rate":0.0,"timestamp":1610310057,"path_taken":["M","M","?","M","M","R","E","R","T","E","?","M","R","E","R","BOSS","M","?","?","M","M","R","E","R","T","M","R","M","E","$","R","BOSS","M","?","?","?","?","E","R","E","T","M","E","E","R","E","R","BOSS","BOSS","R","$","E","BOSS"],"items_purchased_type":["Relic","Card","Relic","Potion","Relic","Potion","Potion","Card"],"build_version":"2020-12-22","purchased_purges":2,"victory":false,"max_hp_per_floor":[68,68,68,68,68,68,68,68,68,68,68,68,68,68,68,68,68,68,68,34,34,34,34,34,34,34,34,34,34,34,34,34,34,34,34,32,32,32,32,32,32,32,32,32,32,32,32,32,32,32,32,32,32,32,32,32,32],"card_choices":[{"not_picked":["Vengeance","Prostrate"],"picked":"Tantrum","floor":1.0},{"not_picked":["SashWhip","JustLucky"],"picked":"Consecrate","floor":2.0},{"not_picked":["Halt","Vengeance"],"picked":"Protect","floor":3.0},{"not_picked":["BowlingBash","Fasting2"],"picked":"LikeWater","floor":4.0},{"not_picked":["EmptyBody","PathToVictory"],"picked":"WindmillStrike","floor":5.0},{"not_picked":["ClearTheMind","Halt"],"picked":"CutThroughFate","floor":7.0},{"not_picked":["Halt","CrushJoints"],"picked":"DevaForm","floor":10.0},{"not_picked":["JustLucky","Weave"],"picked":"Protect","floor":12.0},{"not_picked":["FlurryOfBlows","Nirvana","Evaluate"],"picked":"SKIP","floor":14.0},{"not_picked":["DevaForm","SpiritShield"],"picked":"Establishment","floor":16.0},{"not_picked":["Crescendo","SandsOfTime"],"picked":"WheelKick","floor":18.0},{"not_picked":["ClearTheMind","InnerPeace"],"picked":"Fasting2+1","floor":21.0},{"not_picked":["EmptyBody","CutThroughFate"],"picked":"WheelKick","floor":22.0},{"not_picked":["SashWhip","CarveReality"],"picked":"Sanctity","floor":24.0},{"not_picked":["Crescendo+1","Indignation","SignatureMove"],"picked":"SKIP","floor":27.0},{"not_picked":["FearNoEvil","Prostrate"],"picked":"Worship","floor":29.0},{"not_picked":["ClearTheMind","PathToVictory","ReachHeaven"],"picked":"SKIP","floor":30.0},{"not_picked":["MasterReality+1","ConjureBlade"],"picked":"DevaForm+1","floor":33.0},{"not_picked":["JustLucky","FollowUp"],"picked":"Wallop","floor":35.0},{"not_picked":["Jack Of All Trades","Swift Strike"],"picked":"Dark Shackles","floor":37.0},{"not_picked":["Halt","FollowUp","SashWhip"],"picked":"SKIP","floor":39.0},{"not_picked":["WreathOfFlame","MasterReality+1","ClearTheMind"],"picked":"SKIP","floor":40.0},{"not_picked":["EmptyFist","CarveReality"],"picked":"FlurryOfBlows","floor":42.0},{"not_picked":["Protect","FearNoEvil"],"picked":"LikeWater+1","floor":44.0},{"not_picked":["Alpha","Worship"],"picked":"TalkToTheHand","floor":45.0},{"not_picked":["Worship","EmptyBody"],"picked":"MentalFortress+1","floor":46.0},{"not_picked":["ClearTheMind","ThirdEye"],"picked":"Fasting2+1","floor":48.0},{"not_picked":["CutThroughFate","Conclude","ForeignInfluence"],"picked":"SKIP","floor":55}],"player_experience":1867733,"relics_obtained":[{"floor":7.0,"key":"Bag of Preparation"},{"floor":9.0,"key":"Bird Faced Urn"},{"floor":10.0,"key":"Lizard Tail"},{"floor":14.0,"key":"WingedGreaves"},{"floor":24.0,"key":"Boot"},{"floor":26.0,"key":"Frozen Egg 2"},{"floor":30.0,"key":"Eternal Feather"},{"floor":40.0,"key":"Ornamental Fan"},{"floor":42.0,"key":"War Paint"},{"floor":45.0,"key":"Bottled Flame"},{"floor":46.0,"key":"StrikeDummy"},{"floor":48.0,"key":"Dream Catcher"},{"floor":55,"key":"Akabeko"}],"event_choices":[{"damage_healed":0.0,"max_hp_gain":0.0,"max_hp_loss":0.0,"gold_gain":0.0,"event_name":"Scrap Ooze","player_choice":"Fled","floor":11.0,"gold_loss":0.0,"damage_taken":18.0},{"damage_healed":0.0,"max_hp_gain":0.0,"max_hp_loss":0.0,"gold_gain":0.0,"event_name":"Nest","player_choice":"Joined the Cult","floor":19.0,"gold_loss":0.0,"damage_taken":6.0,"cards_obtained":["RitualDagger"]},{"damage_healed":0.0,"max_hp_gain":0.0,"max_hp_loss":34.0,"gold_gain":0.0,"event_name":"Ghosts","player_choice":"Became a Ghost","floor":20.0,"gold_loss":0.0,"damage_taken":0.0,"cards_obtained":["Ghostly","Ghostly","Ghostly"]},{"damage_healed":0.0,"max_hp_gain":0.0,"max_hp_loss":2.0,"gold_gain":0.0,"event_name":"Winding Halls","player_choice":"Max HP","floor":36.0,"gold_loss":0.0,"damage_taken":0.0},{"damage_healed":0.0,"max_hp_gain":0.0,"max_hp_loss":0.0,"gold_gain":0.0,"event_name":"SensoryStone","player_choice":"Memory 1","floor":37.0,"gold_loss":0.0,"damage_taken":0.0},{"damage_healed":0.0,"max_hp_gain":0.0,"max_hp_loss":0.0,"gold_gain":0.0,"event_name":"Duplicator","player_choice":"Copied","floor":38.0,"gold_loss":0.0,"damage_taken":0.0,"cards_obtained":["Ghostly"]}],"is_beta":false,"boss_relics":[{"not_picked":["Busted Crown","Philosopher\u0027s Stone"],"picked":"Empty Cage"},{"not_picked":["Calling Bell","Pandora\u0027s Box"],"picked":"SlaversCollar"}],"items_purged_floors":[31,54],"is_endless":false,"potions_floor_spawned":[1,3,7,10,12,22,24,33,40,45,46,48],"killed_by":"The Heart","ascension_level":20}}