{"host":"3h5qf14xt40jhha0","time":1610256210,"event":{"mods":["AlwaysNeverKeys","BaseMod","Colored Powertips","Minty Spire (QoL Compilation)","Permanent Neow","Relic Stats","StSLib"],"gold_per_floor":[119,138,156,156,183,215,231,258,258,293,366,376,376,376,376,450,450,462,387,406,69,80,80,108,118,141,141,241,269,269,269,269,340,340,353,353,365,381,381,381,411,433,494,536,153,153,172,186,186,186,186,186,186,37,71,71],"floor_reached":57,"playtime":4404,"items_purged":["Strike_G"],"score":2940,"play_id":"e0447681-0962-4793-8a04-9d788a4c366d","local_time":"20210110002330","is_ascension_mode":true,"campfire_choices":[{"data":"Leg Sweep","floor":13.0,"key":"SMITH"},{"floor":15.0,"key":"REST"},{"data":"Glass Knife","floor":23,"key":"SMITH"},{"data":"1","floor":30,"key":"LIFT"},{"data":"2","floor":32,"key":"LIFT"},{"data":"3","floor":40,"key":"LIFT"},{"floor":46,"key":"RECALL"},{"data":"Neutralize","floor":49,"key":"SMITH"},{"data":"Skewer","floor":53,"key":"SMITH"}],"circlet_count":0,"master_deck":["AscendersBane","Strike_G","Defend_G","Defend_G","Defend_G","Defend_G","Defend_G","Survivor","Neutralize+1","Endless Agony","Endless Agony","Acrobatics+1","Dash","Endless Agony","After Image","Leg Sweep+1","Glass Knife+1","Backflip","Well Laid Plans+1","Sucker Punch+1","Skewer+1","Corpse Explosion","Bouncing Flask+1","Blade Dance+1","Burst+1","Blade Dance+1","Outmaneuver+1","Cloak And Dagger+1","Expertise+1","Acrobatics+1","Cloak And Dagger+1","Accuracy","Blade Dance+1"],"relics":["Philosopher\u0027s Stone","Oddly Smooth Stone","Art of War","HornCleat","Pear","Bird Faced Urn","Black Star","Matryoshka","Anchor","Eternal Feather","Bag of Preparation","Snake Skull","Girya","Toxic Egg 2","Paper Crane","Incense Burner","Nilry\u0027s Codex","WristBlade","Potion Belt","MawBank","Nunchaku","Gremlin Horn","Ornamental Fan","Shuriken","Pen Nib","Happy Flower"],"acts_visited":["Exordium","TheCity","TheBeyond","TheEnding"],"potions_floor_usage":[24,29,41,50,55,56,56,56],"damage_taken":[{"damage":0.0,"enemies":"Small Slimes","floor":1.0,"turns":4.0},{"damage":0.0,"enemies":"Jaw Worm","floor":2.0,"turns":5.0},{"damage":0.0,"enemies":"2 Louse","floor":3.0,"turns":2.0},{"damage":47.0,"enemies":"Gremlin Nob","floor":6.0,"turns":5.0},{"damage":3.0,"enemies":"Red Slaver","floor":7.0,"turns":5.0},{"damage":6.0,"enemies":"Lagavulin","floor":8.0,"turns":9.0},{"damage":9.0,"enemies":"3 Sentries","floor":10.0,"turns":12.0},{"damage":2.0,"enemies":"Gremlin Gang","floor":12.0,"turns":7.0},{"damage":0.0,"enemies":"The Guardian","floor":16.0,"turns":24.0},{"damage":10,"enemies":"Chosen","floor":18,"turns":7},{"damage":0,"enemies":"Shell Parasite","floor":20,"turns":7},{"damage":1,"enemies":"Snake Plant","floor":22,"turns":9},{"damage":37,"enemies":"Slavers","floor":24,"turns":12},{"damage":5,"enemies":"Snecko","floor":25,"turns":8},{"damage":0,"enemies":"Colosseum Slavers","floor":28,"turns":2},{"damage":0,"enemies":"Colosseum Nobs","floor":28,"turns":3},{"damage":9,"enemies":"Gremlin Leader","floor":29,"turns":9},{"damage":5,"enemies":"Collector","floor":33,"turns":10},{"damage":0,"enemies":"3 Shapes","floor":35,"turns":4},{"damage":0,"enemies":"Orb Walker","floor":37,"turns":2},{"damage":0,"enemies":"Maw","floor":38,"turns":5},{"damage":0,"enemies":"Reptomancer","floor":41,"turns":5},{"damage":17,"enemies":"Jaw Worm Horde","floor":42,"turns":8},{"damage":0,"enemies":"Nemesis","floor":44,"turns":5},{"damage":0,"enemies":"Writhing Mass","floor":47,"turns":5},{"damage":0,"enemies":"Spire Growth","floor":48,"turns":2},{"damage":35,"enemies":"Time Eater","floor":50,"turns":11},{"damage":37,"enemies":"Donu and Deca","floor":51,"turns":8},{"damage":1,"enemies":"Shield and Spear","floor":55,"turns":5},{"damage":77,"enemies":"The Heart","floor":56,"turns":7}],"seed_played":"-6592509841576284142","potions_obtained":[{"floor":1.0,"key":"SkillPotion"},{"floor":6.0,"key":"Swift Potion"},{"floor":10.0,"key":"Block Potion"},{"floor":16,"key":"SkillPotion"},{"floor":24,"key":"Block Potion"},{"floor":25,"key":"Weak Potion"},{"floor":37,"key":"EssenceOfSteel"},{"floor":44,"key":"Dexterity Potion"},{"floor":47,"key":"LiquidBronze"}],"is_trial":false,"path_per_floor":["M","M","M","?","T","E","M","E","T","E","?","M","R","?","R","B",null,"M","?","M","$","M","R","E","M","T","?","?","E","R","?","R","B",null,"M","?","M","M","?","R","E","M","T","E","$","R","M","M","R","B","B",null,"R","$","E","B",null],"character_chosen":"THE_SILENT","items_purchased":["Matryoshka","Shuriken","Acrobatics+1","Ancient Potion","Cloak And Dagger+1","Accuracy","SkillPotion"],"campfire_rested":1,"item_purchase_floors":[21,45,45,45,54,54,54],"current_hp_per_floor":[59,59,59,59,59,12,9,3,13,4,4,4,4,4,26,28,64,56,56,58,58,61,61,28,27,27,42,46,41,56,35,50,55,71,75,75,76,76,76,76,76,63,63,67,67,76,76,76,76,43,18,62,76,76,76,7],"gold":71,"neow_bonus":"BOSS_RELIC","is_daily":false,"chose_seed":false,"campfire_upgraded":4,"win_rate":0.0,"timestamp":1610256210,"path_taken":["M","M","M","?","?","E","M","E","T","E","?","?","R","?","R","BOSS","BOSS","M","?","M","$","M","R","E","M","T","?","?","E","R","?","R","BOSS","M","?","?","?","?","R","E","M","T","E","$","R","M","M","R","BOSS","BOSS","R","$","E","BOSS"],"items_purchased_type":["Relic","Relic","Card","Potion","Card","Card","Potion"],"build_version":"2020-12-22","purchased_purges":1,"victory":true,"max_hp_per_floor":[66,66,66,66,66,66,66,66,76,76,76,76,76,76,76,76,76,76,76,76,76,76,76,76,76,76,76,76,76,76,76,76,76,76,76,76,76,76,76,76,76,76,76,76,76,76,76,76,76,76,76,76,76,76,76,76],"relic_stats":{"Gremlin Horn":[3,2],"Happy Flower":[2],"counters":[30,207],"Eternal Feather":53,"Snake Skull":[82],"Pen Nib":[4],"Bag of Preparation":[35],"MawBank":48,"Nunchaku":[17],"Ornamental Fan":[168],"Shuriken":[42],"Bird Faced Urn":[74],"Art of War":[26],"Black Star":5,"obtain_stats":[{"Gremlin Horn":44,"Nilry\u0027s Codex":31,"Snake Skull":26,"Bag of Preparation":26,"Incense Burner":29,"Nunchaku":43,"HornCleat":8,"Matryoshka":21,"WristBlade":34,"Philosopher\u0027s Stone":0,"Toxic Egg 2":28,"Ring of the Snake":0,"Potion Belt":41,"Girya":28,"Pear":9,"Happy Flower":55,"Oddly Smooth Stone":5,"Eternal Feather":24,"Pen Nib":55,"Paper Crane":29,"MawBank":41,"Anchor":24,"Ornamental Fan":44,"Shuriken":45,"Bird Faced Urn":10,"Art of War":6,"Black Star":17},{"Gremlin Horn":24,"Nilry\u0027s Codex":17,"Snake Skull":14,"Bag of Preparation":14,"Incense Burner":17,"Nunchaku":23,"HornCleat":6,"Matryoshka":11,"WristBlade":18,"Philosopher\u0027s Stone":0,"Toxic Egg 2":16,"Ring of the Snake":0,"Potion Belt":22,"Girya":16,"Pear":6,"Happy Flower":29,"Oddly Smooth Stone":3,"Eternal Feather":13,"Pen Nib":29,"Paper Crane":17,"MawBank":22,"Anchor":13,"Ornamental Fan":24,"Shuriken":24,"Bird Faced Urn":7,"Art of War":4,"Black Star":9},{"Gremlin Horn":169,"Nilry\u0027s Codex":130,"Snake Skull":116,"Bag of Preparation":116,"Incense Burner":130,"Nunchaku":164,"HornCleat":30,"Matryoshka":87,"WristBlade":140,"Philosopher\u0027s Stone":0,"Toxic Egg 2":121,"Ring of the Snake":0,"Potion Belt":156,"Girya":121,"Pear":30,"Happy Flower":200,"Oddly Smooth Stone":11,"Eternal Feather":108,"Pen Nib":200,"Paper Crane":130,"MawBank":156,"Anchor":108,"Ornamental Fan":169,"Shuriken":169,"Bird Faced Urn":42,"Art of War":16,"Black Star":73}]},"card_choices":[{"not_picked":["PiercingWail","Escape Plan"],"picked":"Endless Agony","floor":1.0},{"not_picked":["Backflip","Dodge and Roll"],"picked":"Endless Agony","floor":2.0},{"not_picked":["Tactician","Underhanded Strike"],"picked":"Acrobatics","floor":3.0},{"not_picked":["Dagger Throw","Acrobatics","Quick Slash"],"picked":"SKIP","floor":6.0},{"not_picked":["Quick Slash","Bullet Time"],"picked":"Endless Agony","floor":7.0},{"not_picked":["Caltrops","Terror","Blade Dance"],"picked":"SKIP","floor":8.0},{"not_picked":["Expertise","Bane"],"picked":"After Image","floor":10.0},{"not_picked":["Underhanded Strike","Sucker Punch"],"picked":"Leg Sweep","floor":12.0},{"not_picked":["Wraith Form v2","Night Terror"],"picked":"Glass Knife","floor":16},{"not_picked":["Deflect","Dash+1"],"picked":"Backflip","floor":18},{"not_picked":["Masterful Stab","Catalyst"],"picked":"Well Laid Plans+1","floor":20},{"not_picked":["Accuracy","Poisoned Stab"],"picked":"Sucker Punch+1","floor":22},{"not_picked":["Acrobatics","Riddle With Holes"],"picked":"Skewer","floor":24},{"not_picked":["Cloak And Dagger+1","Outmaneuver+1"],"picked":"Corpse Explosion","floor":25},{"not_picked":["Underhanded Strike","Acrobatics+1"],"picked":"Bouncing Flask+1","floor":28},{"not_picked":["Envenom","Quick Slash"],"picked":"Blade Dance+1","floor":29},{"not_picked":["After Image","Tools of the Trade"],"picked":"Burst+1","floor":33},{"not_picked":["PiercingWail+1","Poisoned Stab"],"picked":"Blade Dance+1","floor":35},{"not_picked":["Deadly Poison+1","Poisoned Stab","Flechettes"],"picked":"SKIP","floor":37},{"not_picked":["Quick Slash","Choke","Outmaneuver+1"],"picked":"SKIP","floor":38},{"not_picked":["Flechettes","Deadly Poison+1","Dagger Throw"],"picked":"SKIP","floor":41},{"not_picked":["Prepared+1","Bane"],"picked":"Cloak And Dagger+1","floor":42},{"not_picked":["Underhanded Strike+1","Dodge and Roll+1"],"picked":"Expertise+1","floor":44},{"not_picked":["Quick Slash","Eviscerate","Infinite Blades"],"picked":"SKIP","floor":47},{"not_picked":["Slice","Flying Knee","Quick Slash"],"picked":"SKIP","floor":48},{"not_picked":["Concentrate+1","Dash+1"],"picked":"Blade Dance+1","floor":55}],"player_experience":1303683,"relics_obtained":[{"floor":5.0,"key":"Oddly Smooth Stone"},{"floor":6.0,"key":"Art of War"},{"floor":8.0,"key":"HornCleat"},{"floor":9.0,"key":"Pear"},{"floor":10.0,"key":"Bird Faced Urn"},{"floor":24,"key":"Anchor"},{"floor":24,"key":"Eternal Feather"},{"floor":26,"key":"Bag of Preparation"},{"floor":26,"key":"Snake Skull"},{"floor":28,"key":"Girya"},{"floor":28,"key":"Toxic Egg 2"},{"floor":29,"key":"Paper Crane"},{"floor":29,"key":"Incense Burner"},{"floor":31,"key":"Nilry\u0027s Codex"},{"floor":41,"key":"Potion Belt"},{"floor":41,"key":"MawBank"},{"floor":43,"key":"Nunchaku"},{"floor":44,"key":"Gremlin Horn"},{"floor":44,"key":"Ornamental Fan"},{"floor":55,"key":"Pen Nib"},{"floor":55,"key":"Happy Flower"}],"event_choices":[{"damage_healed":0.0,"max_hp_gain":0.0,"max_hp_loss":0.0,"gold_gain":0.0,"cards_transformed":["Strike_G"],"event_name":"Living Wall","player_choice":"Change","floor":4.0,"gold_loss":0.0,"damage_taken":0.0,"cards_obtained":["Dash"]},{"damage_healed":0.0,"max_hp_gain":0.0,"max_hp_loss":0.0,"gold_gain":73.0,"event_name":"Golden Wing","player_choice":"Gained Gold","floor":11.0,"gold_loss":0.0,"damage_taken":0.0},{"damage_healed":0.0,"max_hp_gain":0.0,"max_hp_loss":0.0,"gold_gain":0.0,"event_name":"Scrap Ooze","player_choice":"Fled","floor":14.0,"gold_loss":0.0,"damage_taken":0.0},{"cards_removed":["Strike_G"],"damage_healed":0,"gold_gain":0,"player_choice":"Gave Gold","damage_taken":0,"max_hp_gain":0,"max_hp_loss":0,"event_name":"Beggar","floor":19,"gold_loss":75},{"damage_healed":15,"gold_gain":0,"player_choice":"Heal","damage_taken":0,"max_hp_gain":0,"max_hp_loss":0,"event_name":"The Library","floor":27,"gold_loss":0},{"damage_healed":0,"gold_gain":0,"player_choice":"Fight","damage_taken":0,"max_hp_gain":0,"max_hp_loss":0,"event_name":"Colosseum","floor":28,"gold_loss":0},{"damage_healed":0,"gold_gain":0,"player_choice":"Fought Nobs","damage_taken":0,"max_hp_gain":0,"max_hp_loss":0,"event_name":"Colosseum","floor":28,"gold_loss":0},{"damage_healed":0,"gold_gain":0,"player_choice":"Obtained Book","damage_taken":21,"max_hp_gain":0,"max_hp_loss":0,"event_name":"Cursed Tome","floor":31,"gold_loss":0},{"damage_healed":0,"gold_gain":0,"cards_transformed":["Strike_G"],"player_choice":"Transformed","damage_taken":0,"max_hp_gain":0,"max_hp_loss":0,"event_name":"Transmorgrifier","floor":36,"gold_loss":0,"cards_obtained":["Outmaneuver"]},{"damage_healed":0,"gold_gain":0,"player_choice":"Forge","damage_taken":0,"max_hp_gain":0,"max_hp_loss":0,"event_name":"Accursed Blacksmith","floor":39,"gold_loss":0,"cards_upgraded":["Acrobatics"]}],"is_beta":false,"boss_relics":[{"not_picked":["Ectoplasm","SlaversCollar"],"picked":"Black Star"},{"not_picked":["HoveringKite","Cursed Key"],"picked":"WristBlade"}],"items_purged_floors":[21],"is_endless":false,"potions_floor_spawned":[1,6,10,16,24,25,28,37,38,44,47],"ascension_level":20}}