{"host":"s7l2a3wroivred6i","time":1610246773,"event":{"mods":["AchievementEnabler","BaseMod","Better Altar","Better Match","Better Note","Better Sensory Stone","Better Skull","Better Synergies","Better Third Choice","BetterRewards","Conspire","Downfall","GifTheSpireLib","Hubris","Infinite Spire","Minty Spire (QoL Compilation)","Replay The Spire","Retaliation","StSLib","Stuff the Spire","The Blue Laboratory"],"gold_per_floor":[117,71,71,71,71,71,146,203,57,57,57],"floor_reached":10,"playtime":395,"items_purged":[],"score":52,"play_id":"1f7b35d8-63dd-4e7c-beda-ca80d8e711f9","local_time":"20210109214613","is_ascension_mode":false,"campfire_choices":[],"circlet_count":0,"master_deck":["Strike_P","Strike_P","Strike_P","Strike_P","Defend_P","Defend_P","Defend_P","Defend_P","Eruption","Vigilance","hubris:EnhanceAbility","Dramatic Entrance","Poisoned Strike","CrushJoints"],"relics":["PureWater","ReplayTheSpireMod:ShopPack","conspire:TopHat","conspire:TreasureMap"],"acts_visited":["Exordium"],"potions_floor_usage":[10,10],"damage_taken":[{"damage":0,"enemies":"Small Slimes","floor":1,"turns":2},{"damage":31,"enemies":"Gremlin Nob","floor":10,"turns":4}],"seed_played":"4441891543712021533","potions_obtained":[{"floor":8,"key":"blueLaboratory:ForbiddenFruitJuice"},{"floor":8,"key":"blueLaboratory:StoneskinPotion"}],"is_trial":false,"path_per_floor":["M","$","PTL","PTL","?","$","?","?","$","E"],"character_chosen":"WATCHER","items_purchased":["ReplayTheSpireMod:ShopPack","Slimebound:ThreeZeroPotion","CrushJoints","conspire:TreasureMap"],"campfire_rested":0,"item_purchase_floors":[0,0,2,9],"current_hp_per_floor":[65,65,65,65,65,65,54,36,36,5,5],"gold":57,"neow_bonus":"","is_daily":false,"chose_seed":false,"campfire_upgraded":0,"win_rate":0.0,"timestamp":1610246773,"path_taken":["M","$","PTL","PTL","?","?","?","?","$","E"],"items_purchased_type":["Relic","Potion","Card","Relic"],"build_version":"2020-12-22","purchased_purges":0,"victory":false,"max_hp_per_floor":[72,72,72,72,72,72,72,72,72,72,72],"card_choices":[{"not_picked":["Replay:Dark Deal","Midas Touch"],"picked":"hubris:EnhanceAbility","floor":0},{"not_picked":["ReplayTheSpireMod:Private Reserves","Impatience"],"picked":"Dramatic Entrance","floor":0},{"not_picked":["expansioncontent:DonusPower","Replay:SS_hec_2"],"picked":"Poisoned Strike","floor":0},{"not_picked":["FlurryOfBlows","Replay:Cycle","Replay:Hum"],"picked":"SKIP","floor":1}],"player_experience":340585,"relics_obtained":[{"floor":8,"key":"conspire:TopHat"}],"event_choices":[{"cards_removed":["hubris:EnhanceAbility"],"damage_healed":0,"gold_gain":0,"player_choice":"Give","damage_taken":0,"max_hp_gain":0,"max_hp_loss":0,"event_name":"betterNote:BetterNote","floor":5,"gold_loss":0,"cards_obtained":["Eruption"]},{"damage_healed":0,"gold_gain":75,"player_choice":"Gold","damage_taken":11,"max_hp_gain":0,"max_hp_loss":0,"event_name":"betterThird:BetterGoop","floor":7,"gold_loss":0}],"is_beta":false,"boss_relics":[],"items_purged_floors":[],"is_endless":false,"potions_floor_spawned":[],"killed_by":"Gremlin Nob","ascension_level":0}}