{"host":"7qf1todfnxspvw7w","time":1610316800,"event":{"mods":["AchievementEnabler","BaseMod","Block Reminder","Colored Powertips","Disable Question Mark Monsters","Displayed Cursed Tome","Googly Eyes","Minty Spire (QoL Compilation)","Poor People Problems","Rare Cards Sparkle","Relic Stats","Reorder Act Four","SacredBarkPlus","Shop Mod","StSLib","Uncapped"],"gold_per_floor":[109,126,126,51,64,64,64,79,103,103,3,17,17,29,29,29,29],"floor_reached":16,"playtime":382,"items_purged":["Strike_R","Defend_R"],"score":92,"play_id":"50ba54e4-b78b-4a2d-a5c6-0d2772053f07","local_time":"20210111011320","is_ascension_mode":false,"campfire_choices":[{"data":"Clash","floor":6,"key":"SMITH"},{"floor":10,"key":"REST"},{"floor":15,"key":"REST"}],"circlet_count":0,"master_deck":["Strike_R","Strike_R+1","Strike_R","Defend_R+1","Defend_R","Defend_R","Bash+1","Clash+1","Inflame"],"relics":["Burning Blood","Akabeko"],"acts_visited":["Exordium"],"potions_floor_usage":[16,16],"damage_taken":[{"damage":10,"enemies":"Small Slimes","floor":1,"turns":4},{"damage":6,"enemies":"Cultist","floor":2,"turns":4},{"damage":5,"enemies":"2 Louse","floor":5,"turns":4},{"damage":19,"enemies":"Exordium Wildlife","floor":8,"turns":4},{"damage":8,"enemies":"2 Fungi Beasts","floor":12,"turns":3},{"damage":30,"enemies":"Gremlin Gang","floor":14,"turns":5},{"damage":70,"enemies":"Slime Boss","floor":16,"turns":11}],"seed_played":"-783014017895831175","potions_obtained":[{"floor":1,"key":"SteroidPotion"},{"floor":2,"key":"ColorlessPotion"},{"floor":12,"key":"Energy Potion"},{"floor":13,"key":"Weak Potion"},{"floor":13,"key":"Swift Potion"}],"is_trial":false,"path_per_floor":["M","M","?","$","M","R","?","M","T","R","$","M","?","M","R","B"],"character_chosen":"IRONCLAD","items_purchased":[],"campfire_rested":2,"item_purchase_floors":[],"current_hp_per_floor":[76,76,76,76,77,77,61,48,48,72,72,70,70,46,70,0,0],"gold":29,"neow_bonus":"UPGRADE_CARD","is_daily":false,"chose_seed":false,"campfire_upgraded":1,"win_rate":0.0,"timestamp":1610316800,"path_taken":["M","M","?","$","?","R","?","M","T","R","?","M","?","M","R","BOSS"],"items_purchased_type":[],"build_version":"2020-12-22","purchased_purges":2,"victory":false,"max_hp_per_floor":[80,80,80,80,80,80,80,80,80,80,80,80,80,80,80,80,80],"relic_stats":{"counters":[7,35],"obtain_stats":[{"Burning Blood":0,"Akabeko":9},{"Burning Blood":0,"Akabeko":4},{"Burning Blood":0,"Akabeko":16}],"Burning Blood":36},"card_choices":[{"not_picked":["Spot Weakness","Bloodletting"],"picked":"Clash","floor":1},{"not_picked":["Clothesline","Rage","Havoc"],"picked":"SKIP","floor":2},{"not_picked":["Second Wind","Armaments","Sword Boomerang"],"picked":"SKIP","floor":5},{"not_picked":["Demon Form","Sever Soul","Thunderclap"],"picked":"SKIP","floor":8},{"not_picked":["Rampage","Seeing Red","Bloodletting"],"picked":"SKIP","floor":12},{"not_picked":["Cleave","Blood for Blood","Clash"],"picked":"SKIP","floor":14}],"player_experience":503619,"relics_obtained":[{"floor":9,"key":"Akabeko"}],"event_choices":[{"damage_healed":0,"gold_gain":0,"cards_transformed":["Strike_R"],"player_choice":"Transformed","damage_taken":0,"max_hp_gain":0,"max_hp_loss":0,"event_name":"Transmorgrifier","floor":3,"gold_loss":0,"cards_obtained":["Inflame"]},{"damage_healed":0,"gold_gain":0,"player_choice":"Entered Light","damage_taken":16,"max_hp_gain":0,"max_hp_loss":0,"event_name":"Shining Light","floor":7,"gold_loss":0,"cards_upgraded":["Defend_R","Strike_R"]},{"damage_healed":0,"gold_gain":0,"player_choice":"Got Potions","damage_taken":0,"max_hp_gain":0,"max_hp_loss":0,"event_name":"Lab","floor":13,"gold_loss":0}],"is_beta":false,"boss_relics":[],"items_purged_floors":[4,11],"is_endless":false,"potions_floor_spawned":[1,2,12],"killed_by":"Slime Boss","ascension_level":0}}