{"host":"87fdiiwflhrwsj8a","time":1610245510,"event":{"mods":["Aspiration","BaseMod","Better Match","Better Third Choice","BetterRewards","Colored Map","Conspire","GifTheSpireLib","Infinite Spire","Minty Spire (QoL Compilation)","Quick Restart","Relic Sorter","Replay The Spire","Robot Space Explorer","StSLib","Stuff the Spire","The Alterego","The Cursed","The Jungle"],"gold_per_floor":[117,117,137,152,171,200,216,216,216,234,234,251,251,251,251,355,455,470,520,539,551,551,551,551,569,569,597,597,615,615,625,625,720,720,737,737,756,756,776,776,791,791,791,835,844,870,870,870,870,870,870,870,614,649,649],"floor_reached":56,"playtime":2492,"items_purged":[],"score":1276,"play_id":"b53e747d-f956-42d6-9c20-98b06c0d7945","local_time":"20210109212510","is_ascension_mode":false,"campfire_choices":[{"data":"alterego_mod:Punishment","floor":11.0,"key":"SMITH"},{"data":"alterego_mod:Punishment","floor":13.0,"key":"SMITH"},{"data":"alterego_mod:Support","floor":15.0,"key":"SMITH"},{"data":"alterego_mod:BigMeatyClaws","floor":23,"key":"SMITH"},{"data":"alterego_mod:IndependentAction","floor":28,"key":"SMITH"},{"data":"alterego_mod:Lift","floor":30,"key":"SMITH"},{"data":"alterego_mod:Impale","floor":32,"key":"SMITH"},{"data":"alterego_mod:Venus","floor":40,"key":"SMITH"},{"floor":42,"key":"RECALL"},{"floor":47,"key":"REST"},{"floor":49,"key":"REST"}],"circlet_count":0,"master_deck":["alterego_mod:Strike","alterego_mod:Strike","alterego_mod:Strike","alterego_mod:Strike","alterego_mod:Defend","alterego_mod:Defend","alterego_mod:Defend","alterego_mod:Defend","alterego_mod:Impale+1","alterego_mod:BigMeatyClaws+1","alterego_mod:BrynhildrsRune","alterego_mod:IndependentAction+1","alterego_mod:BiFurious+1","alterego_mod:Support+1","alterego_mod:Punishment+1","alterego_mod:Punishment+1","Parasite","alterego_mod:Lift+1","alterego_mod:MagicResistance+1","alterego_mod:SakuraFive","alterego_mod:BiFurious+1","alterego_mod:Rip+1","alterego_mod:Venus+1","alterego_mod:Schoolgirl+1","alterego_mod:Punishment+1","alterego_mod:Nekomimi+1","ReplayTheSpireMod:Haul"],"relics":["alterego_mod:MasochisticConstitution","NeowsBlessing","StuffTheSpire:Gunfinga","Chameleon Ring","Replay:Wanted Poster","Mummified Hand","Pen Nib","Kunai","StuffTheSpire:Kangaroo","CeramicFish","Gambling Chip","Frozen Eye","Quantum Egg","Lizard Tail"],"acts_visited":["Exordium","TheCity","TheBeyond","TheEnding"],"potions_floor_usage":[33,44,55,55],"damage_taken":[{"damage":0.0,"enemies":"Small Slimes","floor":1.0,"turns":1.0},{"damage":0.0,"enemies":"Cultist","floor":3.0,"turns":1.0},{"damage":0.0,"enemies":"conspire:RoseBush","floor":4.0,"turns":1.0},{"damage":0.0,"enemies":"Exordium Wildlife","floor":5.0,"turns":3.0},{"damage":10.0,"enemies":"Gremlin Nob","floor":6.0,"turns":4.0},{"damage":23.0,"enemies":"Blue Slaver","floor":7.0,"turns":4.0},{"damage":4.0,"enemies":"Lots of Slimes","floor":10.0,"turns":4.0},{"damage":30.0,"enemies":"Exordium Thugs","floor":12.0,"turns":5.0},{"damage":4.0,"enemies":"Hexaghost","floor":16.0,"turns":7.0},{"damage":6.0,"enemies":"3 Byrds","floor":18.0,"turns":6.0},{"damage":20,"enemies":"Chosen","floor":20,"turns":7},{"damage":6,"enemies":"conspire:HollyBat","floor":21,"turns":7},{"damage":17,"enemies":"Snecko","floor":25,"turns":4},{"damage":0,"enemies":"conspire:Head Lice","floor":27,"turns":5},{"damage":2,"enemies":"Sentry and Sphere","floor":29,"turns":3},{"damage":16,"enemies":"Snake Plant","floor":31,"turns":5},{"damage":22,"enemies":"Champ","floor":33,"turns":7},{"damage":13,"enemies":"3 Darklings","floor":35,"turns":4},{"damage":16,"enemies":"Orb Walker","floor":37,"turns":2},{"damage":0,"enemies":"Jaw Worm Horde","floor":39,"turns":4},{"damage":25,"enemies":"Maw","floor":41,"turns":3},{"damage":50,"enemies":"Nemesis","floor":44,"turns":5},{"damage":7,"enemies":"Sphere and 2 Shapes","floor":46,"turns":2},{"damage":32,"enemies":"Donu and Deca","floor":50,"turns":4},{"damage":22,"enemies":"Shield and Spear","floor":54,"turns":4},{"damage":68,"enemies":"The Heart","floor":55,"turns":5}],"seed_played":"2040517009404525154","potions_obtained":[{"floor":3.0,"key":"Adrenaline Potion"},{"floor":6.0,"key":"Venom Potion"},{"floor":10.0,"key":"Languid Potion"},{"floor":12.0,"key":"AttackPotion"},{"floor":16.0,"key":"GamblersBrew"},{"floor":25,"key":"Reflective Coating"},{"floor":27,"key":"BlessingOfTheForge"},{"floor":29,"key":"DuplicationPotion"},{"floor":35,"key":"ColorlessPotion"},{"floor":44,"key":"Toxic Potion"},{"floor":46,"key":"Strength Potion"}],"is_trial":false,"path_per_floor":["M","?","M","M","M","E","M","T","T","M","R","M","R","?","R","B",null,"M","?","M","M","T","R","?","M","T","E","R","M","R","M","R","B",null,"M","?","M","?","M","R","M","R","T","E","AVR","M","R","?","R","B",null,"R","$","E","B",null],"character_chosen":"The_Alterego","items_purchased":["Quantum Egg"],"campfire_rested":2,"item_purchase_floors":[53],"current_hp_per_floor":[70,70,70,70,70,61,39,39,39,36,36,7,7,25,25,22,75,76,76,57,52,52,52,45,29,29,36,36,35,35,27,27,13,82,83,83,68,68,82,82,58,58,58,9,9,3,29,29,55,24,88,88,88,74,14],"gold":649,"neow_bonus":"THREE_ENEMY_KILL","is_daily":false,"chose_seed":false,"campfire_upgraded":8,"win_rate":0.0,"timestamp":1610245510,"path_taken":["M","?","M","M","M","E","M","?","T","?","R","M","R","?","R","BOSS","M","?","M","?","?","R","?","M","T","E","R","?","R","M","R","BOSS","M","?","M","?","M","R","?","R","T","E","AVR","M","R","?","R","BOSS","R","$","E","BOSS"],"items_purchased_type":["Relic"],"build_version":"2020-12-22","purchased_purges":0,"victory":true,"max_hp_per_floor":[70,70,70,70,70,71,72,72,72,73,73,74,74,74,74,75,75,76,76,77,78,78,78,78,79,79,79,79,80,80,81,81,82,82,83,83,84,84,84,84,85,85,85,86,86,87,87,87,87,88,88,88,88,89,90],"card_choices":[{"not_picked":["alterego_mod:Schoolgirl","alterego_mod:1TonWallop"],"picked":"alterego_mod:IndependentAction","floor":1.0},{"not_picked":["alterego_mod:Cooking","alterego_mod:DustData","alterego_mod:Skirt"],"picked":"SKIP","floor":3.0},{"not_picked":["alterego_mod:PerceptionDisorder","alterego_mod:Maid"],"picked":"alterego_mod:BiFurious","floor":4.0},{"not_picked":["alterego_mod:RidiculouslyBig","alterego_mod:DiscoLights"],"picked":"alterego_mod:Support","floor":5.0},{"not_picked":["alterego_mod:Cooking","alterego_mod:TrashNCrash"],"picked":"alterego_mod:Punishment","floor":6.0},{"not_picked":["alterego_mod:Pet","alterego_mod:MagicResistance"],"picked":"alterego_mod:Punishment","floor":7.0},{"not_picked":["alterego_mod:Undulate","alterego_mod:Clones","alterego_mod:Jiggle"],"picked":"SKIP","floor":10.0},{"not_picked":["alterego_mod:Alter","alterego_mod:BustOut","alterego_mod:SakuraPetals"],"picked":"SKIP","floor":12.0},{"not_picked":["alterego_mod:Alter","alterego_mod:BustOut","alterego_mod:SakuraPetals"],"picked":"SKIP","floor":12.0},{"not_picked":["alterego_mod:Rake","alterego_mod:Alter"],"picked":"alterego_mod:Lift","floor":16.0},{"not_picked":["alterego_mod:Skirt","alterego_mod:Support"],"picked":"alterego_mod:MagicResistance+1","floor":18.0},{"not_picked":["alterego_mod:Complex+1","alterego_mod:ChallengeComplete","alterego_mod:1TonWallop"],"picked":"SKIP","floor":20},{"not_picked":["alterego_mod:GoddessCore","alterego_mod:Support+1"],"picked":"alterego_mod:SakuraFive","floor":21},{"not_picked":["alterego_mod:Complex","alterego_mod:SakuraPetals","alterego_mod:Santa"],"picked":"SKIP","floor":25},{"not_picked":["alterego_mod:SakuraLabyrinth+1","alterego_mod:IdEs","alterego_mod:BeGentle"],"picked":"SKIP","floor":27},{"not_picked":["alterego_mod:Skirt","alterego_mod:Complex+1"],"picked":"alterego_mod:BiFurious+1","floor":29},{"not_picked":["alterego_mod:Mirror","alterego_mod:DeftHands"],"picked":"alterego_mod:Rip+1","floor":31},{"not_picked":["alterego_mod:Alter","alterego_mod:Tantrum"],"picked":"alterego_mod:Venus","floor":33},{"not_picked":["alterego_mod:Stockings","alterego_mod:BeGentle+1","alterego_mod:Bounce"],"picked":"SKIP","floor":35},{"not_picked":["alterego_mod:Table","alterego_mod:Mirror+1"],"picked":"alterego_mod:Schoolgirl+1","floor":37},{"not_picked":["alterego_mod:HighServant","alterego_mod:Maid"],"picked":"alterego_mod:Punishment+1","floor":39},{"not_picked":["alterego_mod:GoddessCore","alterego_mod:Undulate","alterego_mod:RidiculouslyBig+1"],"picked":"SKIP","floor":41},{"not_picked":["alterego_mod:Palingenesis","alterego_mod:PresenceConcealment"],"picked":"alterego_mod:Nekomimi+1","floor":44},{"not_picked":["alterego_mod:BiFurious","alterego_mod:Jiggle"],"picked":"alterego_mod:Belle","floor":46},{"not_picked":["alterego_mod:Complex","alterego_mod:PerceptionDisorder+1","alterego_mod:DeftHands"],"picked":"SKIP","floor":54}],"player_experience":2639211,"relics_obtained":[{"floor":6.0,"key":"StuffTheSpire:Gunfinga"},{"floor":9.0,"key":"Chameleon Ring"},{"floor":22,"key":"Mummified Hand"},{"floor":26,"key":"Pen Nib"},{"floor":27,"key":"Kunai"},{"floor":43,"key":"CeramicFish"},{"floor":44,"key":"Gambling Chip"},{"floor":54,"key":"Lizard Tail"}],"event_choices":[{"damage_healed":0.0,"max_hp_gain":0.0,"max_hp_loss":0.0,"gold_gain":0.0,"event_name":"conspire:Investor","player_choice":"Leave","floor":2.0,"gold_loss":0.0,"damage_taken":0.0},{"damage_healed":18.0,"max_hp_gain":0.0,"max_hp_loss":0.0,"gold_gain":0.0,"event_name":"Mushrooms","player_choice":"Healed and dodged fight","floor":14.0,"gold_loss":0.0,"damage_taken":0.0,"cards_obtained":["Parasite"]},{"damage_healed":0,"gold_gain":100,"player_choice":"Bet on Murderer","damage_taken":0,"max_hp_gain":0,"max_hp_loss":0,"event_name":"The Joust","floor":19,"gold_loss":50},{"damage_healed":0,"gold_gain":0,"player_choice":"Damaged","damage_taken":7,"max_hp_gain":0,"max_hp_loss":0,"event_name":"Wheel of Change","floor":24,"gold_loss":0},{"damage_healed":0,"gold_gain":0,"player_choice":"Got Potions","damage_taken":0,"max_hp_gain":0,"max_hp_loss":0,"event_name":"Lab","floor":38,"gold_loss":0},{"damage_healed":0,"gold_gain":0,"player_choice":"Forge","damage_taken":0,"max_hp_gain":0,"max_hp_loss":0,"event_name":"Accursed Blacksmith","floor":48,"gold_loss":0,"cards_upgraded":["alterego_mod:BiFurious"]}],"is_beta":false,"boss_relics":[{"not_picked":["Snecko Eye","Fusion Hammer"],"picked":"Replay:Wanted Poster"},{"not_picked":["conspire:RoyalGoblet","aspiration:IroncladSkillbook"],"picked":"StuffTheSpire:Kangaroo"}],"items_purged_floors":[],"is_endless":false,"potions_floor_spawned":[3,6,10,12,16,25,27,29,35,44,46,54],"ascension_level":0}}