{"host":"skr63qsdfgeey3it","time":1610316043,"event":{"mods":["BaseMod","Colored Map","Minty Spire (QoL Compilation)","Replay The Spire","Spicy Shops","StSLib"],"gold_per_floor":[118,118,118,118,131,131,9,9,33,33,66,85,85,85,85,184,184,201,215,275,275,275,275,47,47,75,75,152,152,172,192,192,220,220,220,220],"floor_reached":35,"playtime":1569,"items_purged":[],"score":444,"play_id":"a54fa802-3095-44a6-a733-63a4c5a2eab1","local_time":"20210110160043","is_ascension_mode":true,"campfire_choices":[{"data":"Loop","floor":6,"key":"SMITH"},{"data":"Zap","floor":8,"key":"SMITH"},{"floor":15,"key":"REST"},{"data":"Tempest","floor":25,"key":"SMITH"},{"floor":27,"key":"REST"},{"floor":29,"key":"REST"},{"data":"ReplayTheSpireMod:Calculation Training","floor":34,"key":"SMITH"}],"circlet_count":0,"master_deck":["Defend_B","Defend_B+1","Defend_B","Defend_B","Zap+1","Dualcast","Panic Button+1","Rebound+1","Panic Button","Loop+1","Glacier","Ball Lightning+1","Pot Of Greed","Pot Of Greed","Tempest+1","Echo Form","Streamline","Conserve Battery+1","Bite","Bite","Bite","Bite","Bite","Sunder","Pot Of Greed","Hello World","ReplayTheSpireMod:Calculation Training+1","FTL+1"],"relics":["Cracked Core","Smiling Mask","Grinning Jar","HornCleat","SlaversCollar","MealTicket","Strange Spoon","Incense Burner","Onion Ring","Matryoshka"],"acts_visited":["Exordium","TheCity"],"potions_floor_usage":[11,26,33],"damage_taken":[{"damage":5,"enemies":"Small Slimes","floor":1,"turns":4},{"damage":7,"enemies":"Jaw Worm","floor":5,"turns":3},{"damage":15,"enemies":"3 Sentries","floor":11,"turns":9},{"damage":0,"enemies":"2 Louse","floor":12,"turns":2},{"damage":27,"enemies":"The Guardian","floor":16,"turns":9},{"damage":21,"enemies":"Shell Parasite","floor":18,"turns":6},{"damage":6,"enemies":"Chosen","floor":19,"turns":5},{"damage":46,"enemies":"Book of Stabbing","floor":26,"turns":5},{"damage":27,"enemies":"Centurion and Healer","floor":30,"turns":8},{"damage":0,"enemies":"Sentry and Sphere","floor":31,"turns":3},{"damage":3,"enemies":"Slavers","floor":33,"turns":4},{"damage":55,"enemies":"Champ","floor":35,"turns":8}],"seed_played":"-3936645259079114171","potions_obtained":[{"floor":5,"key":"SpeedPotion"},{"floor":12,"key":"Explosive Potion"},{"floor":16,"key":"SpeedPotion"},{"floor":19,"key":"Weak Potion"},{"floor":20,"key":"Milkshake"},{"floor":31,"key":"FocusPotion"}],"is_trial":false,"path_per_floor":["M","?","?","?","M","R","$","R","T","?","E","M","?","?","R","B",null,"M","M","?","PTL","PTL","?","$","R","E","R","T","R","M","M","?","E","R","B"],"character_chosen":"DEFECT","items_purchased":["Glacier","Ball Lightning+1","Strange Spoon","Sunder"],"campfire_rested":3,"item_purchase_floors":[7,7,24,24],"current_hp_per_floor":[63,63,63,63,56,56,56,56,56,56,41,41,26,26,48,21,62,41,35,35,35,35,35,50,50,10,25,25,40,31,33,33,40,40,0,0],"gold":220,"neow_bonus":"THREE_CARDS","is_daily":false,"chose_seed":false,"campfire_upgraded":4,"win_rate":0.0,"timestamp":1610316043,"path_taken":["M","?","?","?","?","R","?","R","T","?","E","?","?","?","R","BOSS","M","?","?","PTL","PTL","?","$","R","E","R","T","R","M","M","?","E","R","BOSS"],"items_purchased_type":["Card","Card","Relic","Card"],"build_version":"2020-12-22","purchased_purges":0,"victory":false,"max_hp_per_floor":[75,75,75,75,75,75,75,75,75,75,75,75,75,75,75,75,75,75,75,75,75,75,52,52,52,52,52,52,52,52,52,52,52,52,52,52],"card_choices":[{"not_picked":["Leap","Double Energy"],"picked":"Panic Button","floor":0},{"not_picked":["Barrage","ReplaySort"],"picked":"Rebound","floor":1},{"not_picked":["Beam Cell","White Noise"],"picked":"Loop","floor":5},{"not_picked":["Leap","Fusion"],"picked":"Tempest","floor":11},{"not_picked":["Stack","Gash","Go for the Eyes"],"picked":"SKIP","floor":12},{"not_picked":["Meteor Strike","Machine Learning"],"picked":"Echo Form","floor":16},{"not_picked":["FTL","Panic Button"],"picked":"Streamline","floor":18},{"not_picked":["Go for the Eyes","Stack","Heatsinks"],"picked":"SKIP","floor":19},{"not_picked":["FIFO Queue","Stack+1"],"picked":"Conserve Battery+1","floor":20},{"not_picked":["Compile Driver","Cold Snap"],"picked":"Hello World","floor":26},{"not_picked":["Beam Cell","Go for the Eyes"],"picked":"ReplayTheSpireMod:Calculation Training","floor":30},{"not_picked":["Coolheaded","Panic Button","Turbo"],"picked":"SKIP","floor":31},{"not_picked":["Reinforced Body+1","Turbo+1"],"picked":"FTL+1","floor":33}],"player_experience":739402,"relics_obtained":[{"floor":9,"key":"Smiling Mask"},{"floor":11,"key":"Grinning Jar"},{"floor":20,"key":"MealTicket"},{"floor":26,"key":"Incense Burner"},{"floor":28,"key":"Onion Ring"},{"floor":33,"key":"Matryoshka"}],"event_choices":[{"cards_removed":["Strike_B"],"damage_healed":0,"gold_gain":0,"player_choice":"Forget","damage_taken":0,"max_hp_gain":0,"max_hp_loss":0,"event_name":"Living Wall","floor":2,"gold_loss":0},{"damage_healed":0,"gold_gain":0,"cards_transformed":["Strike_B"],"player_choice":"Transformed","damage_taken":0,"max_hp_gain":0,"max_hp_loss":0,"event_name":"Transmorgrifier","floor":4,"gold_loss":0,"cards_obtained":["Panic Button"]},{"damage_healed":0,"gold_gain":0,"player_choice":"Forge","damage_taken":0,"max_hp_gain":0,"max_hp_loss":0,"event_name":"Accursed Blacksmith","floor":10,"gold_loss":0,"cards_upgraded":["Rebound"]},{"damage_healed":0,"gold_gain":0,"player_choice":"Entered Light","damage_taken":15,"max_hp_gain":0,"max_hp_loss":0,"event_name":"Shining Light","floor":13,"gold_loss":0,"cards_upgraded":["Defend_B","Panic Button"]},{"damage_healed":0,"gold_gain":0,"player_choice":"Gave Potion","damage_taken":0,"relics_obtained":["HornCleat"],"max_hp_gain":0,"max_hp_loss":0,"event_name":"WeMeetAgain","floor":14,"gold_loss":0},{"damage_healed":0,"gold_gain":0,"player_choice":"Became a vampire","damage_taken":0,"max_hp_gain":0,"max_hp_loss":23,"event_name":"Vampires","floor":23,"gold_loss":0,"cards_obtained":["Bite","Bite","Bite","Bite","Bite"]}],"is_beta":false,"boss_relics":[{"not_picked":["Cursed Key","Replay:Wanted Poster"],"picked":"SlaversCollar"}],"items_purged_floors":[],"is_endless":false,"potions_floor_spawned":[5,12,16,19,31],"killed_by":"Champ","ascension_level":9}}