{"host":"npi2injwpr7l8z4q","time":1610284033,"event":{"mods":["BaseMod","Dark Map","KOR Keyword Fix","Minty Spire (QoL Compilation)","Permanent Neow","Quick Restart","Replay The Spire","StSLib","everything is the same but u backflip on backflip","¡¼?Úª?ø«¡½REMEMod"],"gold_per_floor":[164,179,194,209,209,209,300,300,350,350,369,369,388,2,2,127,127,146,165,184,203,222,222,266,16,41,60,79,79,79,123,123,248,248,267,286,305,55,74,74,93,93,93,156,175,50,50,100,100,100],"floor_reached":51,"playtime":6606,"items_purged":["Wraith Form v2","Replay:AllIn","Grand Finale"],"score":722,"play_id":"37eb5c54-fb3c-47a1-98a0-f2feb4b84982","local_time":"20210110220713","daily_mods":["Shiny","Green Cards","Terminal"],"is_ascension_mode":false,"campfire_choices":[{"floor":6.0,"key":"REST"},{"data":"DevaForm","floor":8.0,"key":"SMITH"},{"data":"Poison Darts","floor":10.0,"key":"SMITH"},{"data":"DeusExMachina","floor":12.0,"key":"SMITH"},{"data":"Night Terror","floor":15.0,"key":"PURGE"},{"floor":23.0,"key":"REST"},{"floor":30.0,"key":"REST"},{"floor":32.0,"key":"REST"},{"data":"REME_CRH","floor":40,"key":"SMITH"},{"data":"Omniscience","floor":42,"key":"SMITH"},{"floor":47,"key":"REST"},{"floor":49,"key":"REST"}],"circlet_count":0,"master_deck":["REME_ShadowForm","ReplayTheSpireMod:Necrosis","Corpse Explosion","Die Die Die","Atom Bomb","ReplayTheSpireMod:From All Sides","Adrenaline","Envenom","Doppelganger","Burst","Tools of the Trade","REME_CopyPotion","After Image","Poison Darts+1","A Thousand Cuts","Venomology","Replay:Bag of Tricks","Malaise","Phantasmal Killer","Unload","REME_GrazeFinale","Bullet Time","Glass Knife","Brilliance","Devotion","LessonLearned","Vault","Alpha","Establishment","REME_WorshipGod","Replay:LoomingThreat","DeusExMachina+1","Judgement","ConjureBlade","MasterReality+1","Blasphemy","Ragnarok","REME_CRH+1","Scrawl","Wish","Omniscience+1","SpiritShield","DevaForm+1","Adrenaline","REME_Repentance","Replay:AtTheReady","WindmillStrike+1","Fluid Movement","REME_Repentance","Noxious Fumes","Replay:Cycle+1","DeusExMachina","Outmaneuver+1"],"relics":["PureWater","REME_ComplimentaryCards","Golden Idol","Anchor","ReplayTheSpireMod:Shallot","Ring of Chaos","Pen Nib","Happy Flower","Lizard Tail","Sozu","Snack Pack","CloakClasp","Ice Cream","Regal Pillow"],"acts_visited":["Exordium","TheCity","TheBeyond"],"potions_floor_usage":[44,50],"damage_taken":[{"damage":0.0,"enemies":"Small Slimes","floor":1.0,"turns":4.0},{"damage":0.0,"enemies":"2 Louse","floor":2.0,"turns":2.0},{"damage":6.0,"enemies":"Jaw Worm","floor":3.0,"turns":4.0},{"damage":15.0,"enemies":"Looter","floor":4.0,"turns":2.0},{"damage":0.0,"enemies":"Gremlin Gang","floor":11.0,"turns":6.0},{"damage":0.0,"enemies":"2 Fungi Beasts","floor":13.0,"turns":2.0},{"damage":22.0,"enemies":"The Guardian","floor":16.0,"turns":7.0},{"damage":0.0,"enemies":"Spheric Guardian","floor":18.0,"turns":3.0},{"damage":20.0,"enemies":"3 Byrds","floor":19.0,"turns":3.0},{"damage":9.0,"enemies":"Centurion and Healer","floor":20.0,"turns":4.0},{"damage":3.0,"enemies":"Sentry and Sphere","floor":21.0,"turns":5.0},{"damage":0.0,"enemies":"Shelled Parasite and Fungi","floor":22.0,"turns":2.0},{"damage":10.0,"enemies":"3 Cultists","floor":24.0,"turns":5.0},{"damage":0.0,"enemies":"Centurion and Healer","floor":27.0,"turns":4.0},{"damage":7.0,"enemies":"Sentry and Sphere","floor":28.0,"turns":5.0},{"damage":6.0,"enemies":"Cultist and Chosen","floor":31.0,"turns":5.0},{"damage":33.0,"enemies":"Champ","floor":33.0,"turns":10.0},{"damage":0,"enemies":"Orb Walker","floor":35,"turns":2},{"damage":0,"enemies":"3 Darklings","floor":36,"turns":2},{"damage":19,"enemies":"Spire Growth","floor":37,"turns":3},{"damage":8,"enemies":"Transient","floor":39,"turns":6},{"damage":0,"enemies":"4 Shapes","floor":41,"turns":6},{"damage":12,"enemies":"Mind Bloom Boss Battle","floor":44,"turns":5},{"damage":5,"enemies":"Spire Growth","floor":45,"turns":7},{"damage":10,"enemies":"Time Eater","floor":50,"turns":6}],"seed_played":"579003938715623652","potions_obtained":[{"floor":1.0,"key":"Ancient Potion"},{"floor":3.0,"key":"Languid Potion"},{"floor":7.0,"key":"FairyPotion"},{"floor":7.0,"key":"BlessingOfTheForge"}],"is_trial":false,"path_per_floor":["M","M","M","M","?","R","?","R","T","R","M","R","M","$","R","B",null,"M","M","M","M","M","R","M","$","T","M","M","?","R","M","R","B",null,"M","M","M","$","M","R","M","R","T","?","M","$","R","T","R","B",null],"character_chosen":"WATCHER","items_purchased":["ReplayTheSpireMod:Shallot","WindmillStrike+1","Pen Nib","Snack Pack"],"campfire_rested":6,"item_purchase_floors":[14,14,25,38],"current_hp_per_floor":[70,69,63,48,32,51,35,35,35,35,35,35,35,35,35,13,54,53,33,24,21,21,35,25,25,25,25,18,18,30,24,36,3,37,36,35,16,16,14,14,14,14,14,2,8,8,15,15,22,14],"gold":100,"neow_bonus":"","is_daily":true,"chose_seed":false,"campfire_upgraded":5,"win_rate":0.0,"timestamp":1610284033,"path_taken":["M","M","M","M","?","R","?","R","T","R","?","R","M","$","R","BOSS","M","M","M","M","M","R","M","$","T","M","M","?","R","M","R","BOSS","M","M","?","$","M","R","M","R","T","?","M","$","R","?","R","BOSS"],"items_purchased_type":["Relic","Card","Relic","Relic"],"build_version":"2020-12-22","purchased_purges":3,"victory":true,"max_hp_per_floor":[70,69,68,67,66,65,64,63,62,61,60,59,58,57,56,55,54,53,52,51,50,49,48,47,46,45,44,43,42,41,40,39,38,37,36,35,34,33,32,31,30,29,28,27,26,25,24,23,22,21],"card_choices":[{"not_picked":["Deadly Poison","CutThroughFate"],"picked":"REME_Repentance","floor":1.0},{"not_picked":["Worship","Sanctity"],"picked":"Replay:AtTheReady","floor":2.0},{"not_picked":["Sanctity","Finisher","Poisoned Stab"],"picked":"SKIP","floor":3.0},{"not_picked":["Bane","Expertise","Acrobatics"],"picked":"SKIP","floor":4.0},{"not_picked":["Halt","Catalyst","WreathOfFlame"],"picked":"SKIP","floor":11.0},{"not_picked":["Blur","Poisoned Stab","CutThroughFate"],"picked":"SKIP","floor":13.0},{"not_picked":["Infinite Blades","CutThroughFate+1"],"picked":"Fluid Movement","floor":18.0},{"not_picked":["Distraction","Acrobatics","Sucker Punch+1"],"picked":"SKIP","floor":19.0},{"not_picked":["ReplayTheSpireMod:Tripwire","Sucker Punch+1"],"picked":"REME_Repentance","floor":20.0},{"not_picked":["Leg Sweep","CrushJoints"],"picked":"Noxious Fumes","floor":21.0},{"not_picked":["ReplayTheSpireMod:Speed Training","Prepared","Expertise"],"picked":"SKIP","floor":22.0},{"not_picked":["Doppelganger","EmptyFist+1","Toxin Wave"],"picked":"SKIP","floor":24.0},{"not_picked":["EmptyBody","Meditate","ClearTheMind+1"],"picked":"SKIP","floor":27.0},{"not_picked":["Wraith Form v2","Draining Mist","InnerPeace"],"picked":"SKIP","floor":28.0},{"not_picked":["ReplayTheSpireMod:Shiv Toss","CutThroughFate"],"picked":"Replay:Cycle+1","floor":31.0},{"not_picked":["After Image","Establishment"],"picked":"DeusExMachina","floor":33.0},{"not_picked":["Calculated Gamble+1","Escape Plan","SashWhip+1"],"picked":"SKIP","floor":35},{"not_picked":["Infinite Blades+1","Quick Slash+1","Replay:Poison Smokescreen"],"picked":"SKIP","floor":36},{"not_picked":["Dodge and Roll+1","ReplayTheSpireMod:Exploit Weakness+1","FollowUp"],"picked":"SKIP","floor":37},{"not_picked":["Deadly Poison","Crescendo+1","REME_MusicOfDeath"],"picked":"SKIP","floor":39},{"not_picked":["Crippling Poison","Underhanded Strike","FollowUp"],"picked":"SKIP","floor":41},{"not_picked":["WaveOfTheHand","Blade Dance+1"],"picked":"Outmaneuver+1","floor":44},{"not_picked":["Envenom","FlurryOfBlows","Toxin Wave+1"],"picked":"SKIP","floor":45}],"player_experience":170841,"relics_obtained":[{"floor":9.0,"key":"Anchor"},{"floor":26.0,"key":"Happy Flower"},{"floor":43,"key":"CloakClasp"},{"floor":44,"key":"Ice Cream"},{"floor":48,"key":"Regal Pillow"}],"event_choices":[{"damage_healed":0.0,"max_hp_gain":0.0,"max_hp_loss":0.0,"gold_gain":0.0,"event_name":"Golden Idol","player_choice":"Take Damage","floor":5.0,"gold_loss":0.0,"damage_taken":16.0,"relics_obtained":["Golden Idol"]},{"cards_removed":["Storm of Steel"],"damage_healed":0.0,"max_hp_gain":0.0,"max_hp_loss":0.0,"gold_gain":0.0,"event_name":"WeMeetAgain","player_choice":"Gave Card","floor":29.0,"gold_loss":0.0,"damage_taken":0.0,"relics_obtained":["Lizard Tail"]},{"damage_healed":0,"gold_gain":0,"player_choice":"Fight","damage_taken":0,"max_hp_gain":0,"max_hp_loss":0,"event_name":"MindBloom","floor":44,"gold_loss":0}],"is_beta":false,"boss_relics":[{"not_picked":["Ectoplasm","ReplayTheSpireMod:DimensionalGlitch"],"picked":"Ring of Chaos"},{"not_picked":["Abe\u0027s Treasure","Coffee Dripper"],"picked":"Sozu"}],"items_purged_floors":[14,25,46],"is_endless":false,"potions_floor_spawned":[1,3,11,13,19,20,22,27,28,36,39,45],"ascension_level":0}}