{"host":"ig7tc0uedzltt2sr","time":1610265919,"event":{"mods":["BaseMod","Better Twitch Integration","Block Reminder","Colored Map","Colored Powertips","Communication Mod","Current Relic Mod","GifTheSpireLib","HexUI Lib","Minty Spire (QoL Compilation)","Quick Restart","Random Character Button","Rare Cards Sparkle","Relic Sorter","Relic Stats","Slay the Relics Exporter","StSLib","SuperFastMode","Synergy Search","Twitch Decklist","Twitch Utils","everything is the same but u backflip on backflip","slay the spire mod where everything is the same but ironclad has a cowboy hat"],"gold_per_floor":[114,114,13,26,45,45,60,60,60],"floor_reached":8,"playtime":44,"items_purged":[],"score":48,"play_id":"caa3fee4-e667-437d-97da-b6b89af6c96a","local_time":"20210110000519","is_ascension_mode":false,"campfire_choices":[{"data":"Defend_R","floor":6,"key":"SMITH"}],"circlet_count":0,"master_deck":["Strike_R","Strike_R","Strike_R","Strike_R","Strike_R","Defend_R+1","Defend_R","Defend_R","Defend_R","Bash"],"relics":["Burning Blood"],"acts_visited":["Exordium"],"potions_floor_usage":[],"damage_taken":[{"damage":18,"enemies":"Jaw Worm","floor":1,"turns":4},{"damage":15,"enemies":"Cultist","floor":4,"turns":4},{"damage":0,"enemies":"Small Slimes","floor":5,"turns":2},{"damage":20,"enemies":"Looter","floor":7,"turns":4},{"damage":72,"enemies":"Lagavulin","floor":8,"turns":6}],"seed_played":"-5885763836857629312","potions_obtained":[{"floor":1,"key":"SteroidPotion"},{"floor":4,"key":"Explosive Potion"},{"floor":7,"key":"Strength Potion"}],"is_trial":false,"path_per_floor":["M","?","$","M","M","R","M","E"],"character_chosen":"IRONCLAD","items_purchased":["SkillPotion","Fire Potion"],"campfire_rested":0,"item_purchase_floors":[3,3],"current_hp_per_floor":[76,76,76,67,73,73,59,0,0],"gold":60,"neow_bonus":"TEN_PERCENT_HP_BONUS","is_daily":false,"chose_seed":false,"campfire_upgraded":1,"win_rate":0.0,"timestamp":1610265919,"path_taken":["M","?","$","M","M","R","M","E"],"items_purchased_type":["Potion","Potion"],"build_version":"2020-12-22","purchased_purges":0,"victory":false,"max_hp_per_floor":[88,88,88,88,88,88,88,88,88],"relic_stats":{"counters":[5,20],"obtain_stats":[{"Burning Blood":0},{"Burning Blood":0},{"Burning Blood":0}],"Burning Blood":24},"card_choices":[{"not_picked":["Blood for Blood","Thunderclap","Headbutt"],"picked":"SKIP","floor":1},{"not_picked":["Feel No Pain","Pummel","Reckless Charge"],"picked":"SKIP","floor":4},{"not_picked":["Heavy Blade","Sword Boomerang","Brutality"],"picked":"SKIP","floor":5},{"not_picked":["True Grit","Rampage","Headbutt"],"picked":"SKIP","floor":7}],"player_experience":1500382,"relics_obtained":[],"event_choices":[{"damage_healed":0,"gold_gain":0,"player_choice":"Ignored","damage_taken":0,"max_hp_gain":0,"max_hp_loss":0,"event_name":"Purifier","floor":2,"gold_loss":0}],"is_beta":false,"boss_relics":[],"items_purged_floors":[],"is_endless":false,"potions_floor_spawned":[1,4,7],"killed_by":"Lagavulin","ascension_level":0}}