{"host":"dfyfjscm69glluav","time":1610248225,"event":{"mods":["BaseMod","Marisa£¨Ùöéë¡¡Øª×âÞÞ£©","Minty Spire (QoL Compilation)","Replay The Spire","StSLib","The Cursed","The Hierophant","The Runesmith"],"gold_per_floor":[116,116,31,48,48,48,63,97,97,22,22,32,32,46,46,150,150,163,12,29,29,29,29,42,42,42,6,6,6,6],"floor_reached":29,"playtime":973,"items_purged":["Strike_R","Bash"],"score":243,"play_id":"7b469f2b-0661-4e1a-89e7-3e9349d0b77f","local_time":"20210110121025","is_ascension_mode":true,"campfire_choices":[{"data":"Discovery","floor":6,"key":"SMITH"},{"data":"Juggernaut","floor":11,"key":"SMITH"},{"data":"Body Slam","floor":13,"key":"SMITH"},{"data":"Body Slam","floor":15,"key":"SMITH"},{"data":"Barricade","floor":23,"key":"SMITH"}],"circlet_count":0,"master_deck":["Strike_R","Strike_R","Defend_R","Defend_R","Defend_R","Defend_R","Flame Barrier","Discovery+1","Body Slam+1","Body Slam+1","Juggernaut+1","Barricade+1","Metallicize","Feel No Pain+1","ReplayTheSpireMod:Splinters","Shrug It Off+1"],"relics":["Painkiller Herb","Another Sword","Magic Flower","Mark of Pain","Paper Frog","Gremlin Horn","MutagenicStrength"],"acts_visited":["Exordium","TheCity"],"potions_floor_usage":[],"damage_taken":[{"damage":10,"enemies":"Small Slimes","floor":1,"turns":4},{"damage":0,"enemies":"Jaw Worm","floor":4,"turns":3},{"damage":0,"enemies":"2 Louse","floor":7,"turns":2},{"damage":17,"enemies":"3 Sentries","floor":8,"turns":9},{"damage":3,"enemies":"Looter","floor":12,"turns":3},{"damage":0,"enemies":"Exordium Thugs","floor":14,"turns":3},{"damage":39,"enemies":"Slime Boss","floor":16,"turns":10},{"damage":15,"enemies":"Shell Parasite","floor":18,"turns":5},{"damage":0,"enemies":"Chosen","floor":20,"turns":3},{"damage":33,"enemies":"Shelled Parasite and Fungi","floor":24,"turns":5},{"damage":18,"enemies":"Sentry and Sphere","floor":29,"turns":4}],"seed_played":"3441710419040688159","potions_obtained":[{"floor":1,"key":"Energy Potion"},{"floor":8,"key":"Ancient Potion"},{"floor":16,"key":"Cursed Concoction"},{"floor":18,"key":"Elixir"}],"is_trial":false,"path_per_floor":["?","?","T","?","?","T","?","E","T","T","T","?","T","?","T","B",null,"?","T","?","?","?","T","?","?","T","T","?","?"],"character_chosen":"IRONCLAD","items_purchased":["Discovery","Feel No Pain+1","Shrug It Off+1"],"campfire_rested":0,"item_purchase_floors":[3,19,27],"current_hp_per_floor":[70,63,63,63,63,63,63,46,46,46,46,43,43,43,43,4,80,65,65,65,50,50,50,17,17,17,17,17,0,0],"gold":6,"neow_bonus":"BOSS_RELIC","is_daily":false,"chose_seed":false,"campfire_upgraded":5,"win_rate":0.0,"timestamp":1610248225,"path_taken":["?","?","T","?","?","T","?","E","T","?","T","?","T","?","T","BOSS","?","T","?","?","?","T","?","?","T","T","?","?"],"items_purchased_type":["Card","Card","Card"],"build_version":"2020-12-22","purchased_purges":2,"victory":false,"max_hp_per_floor":[80,80,80,80,80,80,80,80,80,80,80,80,80,80,80,80,80,80,80,80,85,85,85,85,85,85,85,85,85,85],"card_choices":[{"not_picked":["Infernal Blade","Sword Boomerang"],"picked":"Flame Barrier","floor":1},{"not_picked":["Disarm","Second Wind"],"picked":"Body Slam","floor":4},{"not_picked":["Shrug It Off","Warcry"],"picked":"Body Slam","floor":7},{"not_picked":["Flame Barrier","Sword Boomerang"],"picked":"Juggernaut","floor":8},{"not_picked":["Twin Strike","ReplayTheSpireMod:Strike From Hell","True Grit"],"picked":"SKIP","floor":12},{"not_picked":["Clash","True Grit","Replay:Undeath\u0027s Touch"],"picked":"SKIP","floor":14},{"not_picked":["Offering","Limit Break"],"picked":"Barricade","floor":16},{"not_picked":["Armaments+1","Shrug It Off"],"picked":"Metallicize","floor":18},{"not_picked":["Infernal Blade","ReplayTheSpireMod:Corrosion Curse","Rampage+1"],"picked":"SKIP","floor":20},{"not_picked":["Headbutt","Reckless Charge+1","ReplayTheSpireMod:LeadingStrike"],"picked":"SKIP","floor":24}],"player_experience":148113,"relics_obtained":[{"floor":8,"key":"Another Sword"},{"floor":9,"key":"Magic Flower"},{"floor":26,"key":"Gremlin Horn"}],"event_choices":[{"cards_removed":["Strike_R"],"damage_healed":0,"gold_gain":0,"player_choice":"Card Removal","damage_taken":7,"max_hp_gain":0,"max_hp_loss":0,"event_name":"Golden Wing","floor":2,"gold_loss":0},{"cards_removed":["Strike_R"],"damage_healed":0,"gold_gain":0,"player_choice":"Forget","damage_taken":0,"max_hp_gain":0,"max_hp_loss":0,"event_name":"Living Wall","floor":5,"gold_loss":0},{"damage_healed":0,"gold_gain":0,"player_choice":"Shed Blood","damage_taken":20,"max_hp_gain":5,"max_hp_loss":0,"event_name":"Forgotten Altar","floor":21,"gold_loss":0},{"damage_healed":0,"gold_gain":0,"player_choice":"Ignored","damage_taken":0,"max_hp_gain":0,"max_hp_loss":0,"event_name":"Ghosts","floor":25,"gold_loss":0},{"damage_healed":0,"gold_gain":0,"player_choice":"Inject Mutagens","damage_taken":0,"relics_obtained":["MutagenicStrength"],"max_hp_gain":0,"max_hp_loss":0,"event_name":"Drug Dealer","floor":28,"gold_loss":0}],"is_beta":false,"boss_relics":[{"not_picked":["Electric Blood","Runic Cube"],"picked":"Mark of Pain"}],"items_purged_floors":[10,19],"is_endless":false,"potions_floor_spawned":[1,8,16,18,20],"killed_by":"Sentry and Sphere","ascension_level":2}}