{"host":"ii5w5xfjx95sugaa","time":1610257107,"event":{"mods":["BaseMod","Minty Spire (QoL Compilation)","Quick Restart","SOS（斯巴达之子）","StSLib","The Bladedancer"],"gold_per_floor":[109,109,119,119,138,157,157,187,235,264,264,284,284,297,297,401,401,421,421,103,103,120,120,120,120,144,144,170,136,136,149,149,245,245,265,34,34,53,66,66,83,83,83,83,100,100,118,137,137,137],"floor_reached":51,"playtime":2304,"items_purged":["Regret"],"score":744,"play_id":"d386f0d8-2ad5-4e4e-b489-9d6ccd7feed3","local_time":"20210110133827","is_ascension_mode":false,"campfire_choices":[{"data":"Body Slam","floor":7.0,"key":"SMITH"},{"floor":11.0,"key":"REST"},{"data":"Body Slam","floor":15.0,"key":"SMITH"},{"floor":23.0,"key":"REST"},{"data":"Body Slam","floor":25.0,"key":"SMITH"},{"data":"Armaments","floor":27.0,"key":"SMITH"},{"floor":32.0,"key":"REST"},{"data":"Barricade","floor":40.0,"key":"SMITH"},{"data":"Metallicize","floor":42.0,"key":"SMITH"},{"data":"Shrug It Off","floor":44.0,"key":"SMITH"},{"data":"Rage","floor":49,"key":"SMITH"}],"circlet_count":0,"master_deck":["Strike_R","Strike_R","Strike_R","Strike_R","Defend_R","Defend_R","Defend_R","Defend_R","Bash","Body Slam+1","Rage+1","Shrug It Off+1","Body Slam+1","Armaments+1","Demon Form","Body Slam+1","Finesse","Entrench+1","Metallicize+1","Barricade+1","Impervious","Rage","Shrug It Off+1","Armaments+1"],"relics":["Burning Blood","NeowsBlessing","Red Skull","Regal Pillow","Ornamental Fan","Sozu","Toolbox","MutagenicStrength","Boot","Thread and Needle","Runic Cube","Bag of Preparation","CaptainsWheel"],"acts_visited":["Exordium","TheCity","TheBeyond"],"potions_floor_usage":[],"damage_taken":[{"damage":0.0,"enemies":"Jaw Worm","floor":1.0,"turns":1.0},{"damage":0.0,"enemies":"Small Slimes","floor":3.0,"turns":1.0},{"damage":0.0,"enemies":"2 Louse","floor":5.0,"turns":1.0},{"damage":4.0,"enemies":"Large Slime","floor":6.0,"turns":10.0},{"damage":38.0,"enemies":"Lagavulin","floor":10.0,"turns":11.0},{"damage":20.0,"enemies":"Exordium Thugs","floor":12.0,"turns":7.0},{"damage":8.0,"enemies":"3 Louse","floor":14.0,"turns":2.0},{"damage":52.0,"enemies":"The Guardian","floor":16.0,"turns":10.0},{"damage":30.0,"enemies":"2 Thieves","floor":18.0,"turns":5.0},{"damage":0.0,"enemies":"3 Byrds","floor":22.0,"turns":6.0},{"damage":2.0,"enemies":"Snecko","floor":24.0,"turns":4.0},{"damage":35.0,"enemies":"Gremlin Leader","floor":28.0,"turns":5.0},{"damage":18.0,"enemies":"Colosseum Slavers","floor":30.0,"turns":4.0},{"damage":0.0,"enemies":"Centurion and Healer","floor":31.0,"turns":5.0},{"damage":6.0,"enemies":"Collector","floor":33.0,"turns":7.0},{"damage":5.0,"enemies":"3 Shapes","floor":35.0,"turns":9.0},{"damage":0.0,"enemies":"3 Darklings","floor":38.0,"turns":7.0},{"damage":6.0,"enemies":"4 Shapes","floor":39.0,"turns":6.0},{"damage":14.0,"enemies":"Writhing Mass","floor":41.0,"turns":4.0},{"damage":0.0,"enemies":"Sphere and 2 Shapes","floor":45.0,"turns":7.0},{"damage":0,"enemies":"Maw","floor":47,"turns":4},{"damage":0,"enemies":"Writhing Mass","floor":48,"turns":2},{"damage":0,"enemies":"Awakened One","floor":50,"turns":7}],"seed_played":"5144681650585113198","potions_obtained":[{"floor":3.0,"key":"SmokeBomb"},{"floor":6.0,"key":"LiquidMemories"},{"floor":14.0,"key":"EssenceOfSteel"}],"is_trial":false,"path_per_floor":["M","?","M","?","M","M","R","?","T","E","R","M","?","M","R","B",null,"M","?","$","?","M","R","M","R","T","R","E","$","?","M","R","B",null,"M","$","?","M","M","R","M","R","T","R","M","?","M","M","R","B",null],"character_chosen":"IRONCLAD","items_purchased":["Finesse","Toolbox","Metallicize","Bag of Preparation","Rage"],"campfire_rested":3,"item_purchase_floors":[20,20,29,36,36],"current_hp_per_floor":[80,80,80,80,80,80,80,80,80,48,80,66,66,64,64,18,80,56,56,56,56,62,80,80,80,80,80,51,51,39,45,80,80,80,80,80,80,80,80,80,72,72,72,72,78,78,80,80,80,80],"gold":137,"neow_bonus":"THREE_ENEMY_KILL","is_daily":false,"chose_seed":false,"campfire_upgraded":8,"win_rate":0.0,"timestamp":1610257107,"path_taken":["M","?","M","?","M","M","R","?","T","E","R","M","?","M","R","BOSS","M","?","$","?","?","R","M","R","T","R","E","$","?","M","R","BOSS","M","$","?","M","M","R","M","R","T","R","M","?","M","?","R","BOSS"],"items_purchased_type":["Card","Relic","Card","Relic","Card"],"build_version":"2020-12-22","purchased_purges":1,"victory":true,"max_hp_per_floor":[80,80,80,80,80,80,80,80,80,80,80,80,80,80,80,80,80,80,80,80,80,80,80,80,80,80,80,80,80,80,80,80,80,80,80,80,80,80,80,80,80,80,80,80,80,80,80,80,80,80],"card_choices":[{"not_picked":["Clash","Havoc"],"picked":"Body Slam","floor":1.0},{"not_picked":["Pommel Strike","Carnage"],"picked":"Shrug It Off","floor":3.0},{"not_picked":["Sever Soul","Infernal Blade","Wild Strike"],"picked":"SKIP","floor":5.0},{"not_picked":["Offering","Rage"],"picked":"Body Slam","floor":6.0},{"not_picked":["Heavy Blade","Disarm","Headbutt"],"picked":"SKIP","floor":10.0},{"not_picked":["Havoc","Headbutt"],"picked":"Armaments","floor":12.0},{"not_picked":["Sword Boomerang","Clothesline","Combust"],"picked":"SKIP","floor":14.0},{"not_picked":["Feed","Immolate"],"picked":"Demon Form","floor":16.0},{"not_picked":["Wild Strike","Thunderclap"],"picked":"Body Slam","floor":18.0},{"not_picked":["Battle Trance","Wild Strike","Pommel Strike"],"picked":"SKIP","floor":22.0},{"not_picked":["Rage","Evolve"],"picked":"Entrench+1","floor":28.0},{"not_picked":["Sword Boomerang","Burning Pact"],"picked":"Barricade","floor":31.0},{"not_picked":["Feed","Brutality"],"picked":"Impervious","floor":33.0},{"not_picked":["Cleave+1","Clothesline+1","Rampage+1"],"picked":"SKIP","floor":35.0},{"not_picked":["Spot Weakness+1","Feel No Pain","Second Wind+1"],"picked":"SKIP","floor":38.0},{"not_picked":["Rampage+1","Perfected Strike","Searing Blow"],"picked":"SKIP","floor":39.0},{"not_picked":["Havoc+1","True Grit+1"],"picked":"Shrug It Off+1","floor":41.0},{"not_picked":["Dropkick+1","True Grit","Pommel Strike+1"],"picked":"SKIP","floor":45.0},{"not_picked":["Warcry","Evolve+1"],"picked":"Armaments+1","floor":47},{"not_picked":["Pommel Strike","Anger+1","Dropkick+1"],"picked":"SKIP","floor":48}],"player_experience":101218,"relics_obtained":[{"floor":9.0,"key":"Red Skull"},{"floor":10.0,"key":"Regal Pillow"},{"floor":26.0,"key":"Boot"},{"floor":28.0,"key":"Thread and Needle"},{"floor":43.0,"key":"CaptainsWheel"}],"event_choices":[{"damage_healed":0.0,"max_hp_gain":0.0,"max_hp_loss":0.0,"gold_gain":0.0,"cards_transformed":["Strike_R"],"event_name":"Living Wall","player_choice":"Change","floor":2.0,"gold_loss":0.0,"damage_taken":0.0,"cards_obtained":["Rage"]},{"damage_healed":0.0,"max_hp_gain":0.0,"max_hp_loss":0.0,"gold_gain":0.0,"event_name":"Shining Light","player_choice":"Ignored","floor":4.0,"gold_loss":0.0,"damage_taken":0.0},{"damage_healed":0.0,"max_hp_gain":0.0,"max_hp_loss":0.0,"gold_gain":30.0,"event_name":"Dead Adventurer","player_choice":"Searched \u00271\u0027 times","floor":8.0,"gold_loss":0.0,"damage_taken":0.0},{"damage_healed":0.0,"max_hp_gain":0.0,"max_hp_loss":0.0,"gold_gain":0.0,"event_name":"Big Fish","player_choice":"Box","floor":13.0,"gold_loss":0.0,"damage_taken":0.0,"relics_obtained":["Ornamental Fan"],"cards_obtained":["Regret"]},{"damage_healed":0.0,"max_hp_gain":0.0,"max_hp_loss":0.0,"gold_gain":0.0,"event_name":"Ghosts","player_choice":"Ignored","floor":19.0,"gold_loss":0.0,"damage_taken":0.0},{"damage_healed":0.0,"max_hp_gain":0.0,"max_hp_loss":0.0,"gold_gain":0.0,"event_name":"Drug Dealer","player_choice":"Inject Mutagens","floor":21.0,"gold_loss":0.0,"damage_taken":0.0,"relics_obtained":["MutagenicStrength"]},{"damage_healed":0.0,"max_hp_gain":0.0,"max_hp_loss":0.0,"gold_gain":0.0,"event_name":"Colosseum","player_choice":"Fight","floor":30.0,"gold_loss":0.0,"damage_taken":0.0},{"damage_healed":0.0,"max_hp_gain":0.0,"max_hp_loss":0.0,"gold_gain":0.0,"event_name":"Colosseum","player_choice":"Fled From Nobs","floor":30.0,"gold_loss":0.0,"damage_taken":0.0},{"damage_healed":0.0,"max_hp_gain":0.0,"max_hp_loss":0.0,"gold_gain":0.0,"event_name":"Mysterious Sphere","player_choice":"Ignored","floor":37.0,"gold_loss":0.0,"damage_taken":0.0},{"damage_healed":0.0,"max_hp_gain":0.0,"max_hp_loss":0.0,"gold_gain":0.0,"event_name":"Lab","player_choice":"Got Potions","floor":46.0,"gold_loss":0.0,"damage_taken":0.0}],"is_beta":false,"boss_relics":[{"not_picked":["Philosopher\u0027s Stone","Tiny House"],"picked":"Sozu"},{"not_picked":["Coffee Dripper","SacredBark"],"picked":"Runic Cube"}],"items_purged_floors":[20],"is_endless":false,"potions_floor_spawned":[3,6,14,24,28,30,33,41,45,48],"ascension_level":0}}