{"host":"tvwbxqry54t86y0v","time":1610250862,"event":{"mods":["2.2 Compatiblity","A Magickal Journey","Astrologer","BaseMod","Beaked The Cultist","BetterRewards","Block Reminder","Clockwork Mod","Colored Powertips","DeckTracker","Downfall","Fiend Mod","GungeonMod","Hermit","Hubris","Infinite Spire","Ironclad Rager","Marked Mod","Mimic Mod","Minty Spire (QoL Compilation)","Potionbrewer","Replay The Spire","Shade Mod","Somnambulant","StSLib","The Bug Knight","The Cursed","The Druid","The Elementalist","The Exalted","The Forsaken","The Hierophant","The Jungle","The Marked","The Mystic","The Problem Sleuth","The Runesmith","The Senshi","The Spell Scribe","The Valiant","The Wild Card","TheFirefly","TheHeartMod","Unceasing Turn Reminder","thorton"],"gold_per_floor":[109,122,122,64,64,64,91,102,141,141,156,156,167,186,186,290,290,302,352,352,352,369,369,380,380,380],"floor_reached":25,"playtime":1105,"items_purged":[],"score":203,"play_id":"666b2787-f629-459a-a29c-99de28859ae8","local_time":"20210110145422","is_ascension_mode":false,"campfire_choices":[{"data":"Fiend:FiendViolentOutburst","floor":6,"key":"SMITH"},{"data":"Fiend:FiendMutativeArms","floor":10,"key":"SMITH"},{"floor":15,"key":"REST"},{"data":"Fiend:FiendMutativeArms","floor":23,"key":"SMITH"}],"circlet_count":0,"master_deck":["Fiend:FiendDemonSlash+1","Fiend:FiendDemonSlash","Fiend:FiendDemonSlash","Fiend:FiendDemonSlash","Fiend:FiendDemonSlash","Fiend:FiendFortify","Fiend:FiendFortify","Fiend:FiendFortify","Fiend:FiendFortify","Fiend:FiendConsume","Fiend:FiendInfect","Fiend:FiendMutativeArms+1","Fiend:FiendViolentOutburst+1","Fiend:FiendViolentOutburst+1","Fiend:FiendMutativeArms+1","Fiend:FiendMeatShield","Fiend:FiendBloodlust","Fiend:FiendBulkUp","Fiend:FiendCancer+1","potionbrewer:Brandish","Fiend:FiendSalvage+1"],"relics":["Fiend:FiendTotem","hubris:TenFootPole","DemoMod:PoisonVial","Bromod:ArcaneGrace"],"acts_visited":["Exordium","TheCity"],"potions_floor_usage":[7,16,16,25,25],"damage_taken":[{"damage":7,"enemies":"Jaw Worm","floor":1,"turns":3},{"damage":0,"enemies":"2 Louse","floor":2,"turns":2},{"damage":20,"enemies":"3 Sentries","floor":7,"turns":5},{"damage":2,"enemies":"Cultist","floor":8,"turns":3},{"damage":0,"enemies":"Large Slime","floor":9,"turns":4},{"damage":1,"enemies":"Large Slime","floor":11,"turns":5},{"damage":17,"enemies":"Red Slaver","floor":13,"turns":3},{"damage":11,"enemies":"Looter","floor":14,"turns":4},{"damage":11,"enemies":"Fading Forest","floor":16,"turns":11},{"damage":22,"enemies":"3 Byrds","floor":18,"turns":6},{"damage":20,"enemies":"Shell Parasite","floor":22,"turns":5},{"damage":30,"enemies":"Chosen and Byrds","floor":24,"turns":7},{"damage":27,"enemies":"Gremlin Leader","floor":25,"turns":3}],"seed_played":"4697108042453525334","potions_obtained":[{"floor":1,"key":"AttackPotion"},{"floor":7,"key":"PowerPotion"},{"floor":11,"key":"potionbrewer:DiscountPotion"},{"floor":12,"key":"Toxic Potion"},{"floor":16,"key":"potionbrewer:ToxicPotion"}],"is_trial":false,"path_per_floor":["M","M","?","$","?","R","E","M","MIM","R","M","?","M","M","R","B",null,"M","?","?","?","M","R","M","E"],"character_chosen":"THE_FIEND","items_purchased":["Fiend:FiendViolentOutburst+1"],"campfire_rested":1,"item_purchase_floors":[4],"current_hp_per_floor":[63,63,63,63,63,63,43,41,41,41,40,40,23,12,33,32,70,70,70,70,70,55,55,32,10,10],"gold":380,"neow_bonus":"UPGRADE_CARD","is_daily":false,"chose_seed":false,"campfire_upgraded":3,"win_rate":0.0,"timestamp":1610250862,"path_taken":["M","M","?","$","?","R","E","M","MIM","R","?","?","?","M","R","BOSS","M","?","?","?","?","R","M","E"],"items_purchased_type":["Card"],"build_version":"2020-12-22","purchased_purges":0,"victory":false,"max_hp_per_floor":[70,70,70,70,70,70,70,70,70,70,70,70,70,70,70,70,70,70,70,70,70,70,70,70,70,70],"card_choices":[{"not_picked":["Fiend:FiendMeditate","Fiend:FiendDemonWhip"],"picked":"Fiend:FiendInfect","floor":1},{"not_picked":["Fiend:FiendSplat","Fiend:FiendFiendishCharge"],"picked":"Fiend:FiendMutativeArms","floor":2},{"not_picked":["Fiend:FiendSplat","Fiend:FiendAbomination"],"picked":"Fiend:FiendMutativeArms","floor":7},{"not_picked":["Fiend:FiendSatanicRitual","Fiend:FiendSplat"],"picked":"Fiend:FiendMeatShield","floor":8},{"not_picked":["Fiend:FiendDemonicContract","Fiend:FiendMeatShield"],"picked":"Fiend:FiendBloodlust","floor":9},{"not_picked":["Fiend:FiendRam","Fiend:FiendConserve","Fiend:FiendSplat"],"picked":"SKIP","floor":11},{"not_picked":["Fiend:FiendMutativeArms","Fiend:FiendVaccine","Fiend:FiendRadiation"],"picked":"SKIP","floor":13},{"not_picked":["Fiend:FiendInjection","Fiend:FiendFleshPlating","Fiend:FiendCancer"],"picked":"SKIP","floor":14},{"not_picked":["Fiend:FiendNom","Fiend:FiendMutilation"],"picked":"Fiend:FiendBulkUp","floor":16},{"not_picked":["Fiend:FiendMeatShield+1","Fiend:FiendLeech"],"picked":"Fiend:FiendCancer","floor":18},{"not_picked":["Fiend:FiendCancer","Fiend:FiendMeatPaste"],"picked":"Fiend:FiendSalvage+1","floor":22},{"not_picked":["Fiend:FiendInjection","Fiend:FiendDemonWhip","Fiend:FiendRam"],"picked":"SKIP","floor":24}],"player_experience":1092472,"relics_obtained":[{"floor":7,"key":"hubris:TenFootPole"},{"floor":9,"key":"DemoMod:PoisonVial"}],"event_choices":[{"damage_healed":0,"gold_gain":0,"player_choice":"Got Potions","damage_taken":0,"max_hp_gain":0,"max_hp_loss":0,"event_name":"Lab","floor":12,"gold_loss":0},{"damage_healed":0,"gold_gain":0,"player_choice":"Read","damage_taken":0,"max_hp_gain":0,"max_hp_loss":0,"event_name":"The Library","floor":20,"gold_loss":0,"cards_obtained":["potionbrewer:Brandish"]},{"damage_healed":0,"gold_gain":0,"player_choice":"Upgraded","damage_taken":0,"max_hp_gain":0,"max_hp_loss":0,"event_name":"Upgrade Shrine","floor":21,"gold_loss":0,"cards_upgraded":["Fiend:FiendCancer"]}],"is_beta":false,"boss_relics":[{"not_picked":["Empty Cage","Replay:Fungal Core"],"picked":"Bromod:ArcaneGrace"}],"items_purged_floors":[],"is_endless":false,"potions_floor_spawned":[1,7,11,14,16],"killed_by":"Gremlin Leader","ascension_level":0}}