{"host":"8lgo2trwv2o0qyml","time":1610319383,"event":{"mods":["BaseMod","Colored Map","Colored Powertips","DeckTracker","Highlight Path","Hubris","Infinite Spire","Minty Spire (QoL Compilation)","Quick Restart","Random Character Button","Relic Sorter","Replay The Spire","StSLib","SuperFastMode","Synergy Search","The Jungle"],"gold_per_floor":[117,127,145,145,57,89,22,22,22,32,52,52,52],"floor_reached":12,"playtime":458,"items_purged":[],"score":80,"play_id":"d4a699b7-b3dc-4b07-ace6-23550cd3766f","local_time":"20210110175623","is_ascension_mode":false,"campfire_choices":[{"floor":8,"key":"REST"}],"circlet_count":0,"master_deck":["Strike_B","Strike_B","Strike_B","Strike_B","Defend_B","Defend_B","Defend_B","Defend_B","Zap","Dualcast","Loop","Cold Snap","Lockon","Jack Of All Trades","FIFO Queue","Melter","Gash","Seek"],"relics":["Cracked Core","NeowsBlessing","Kunai","Iron Hammer"],"acts_visited":["Exordium"],"potions_floor_usage":[6,12],"damage_taken":[{"damage":0,"enemies":"2 Louse","floor":1,"turns":1},{"damage":0,"enemies":"Cultist","floor":2,"turns":1},{"damage":0,"enemies":"Small Slimes","floor":3,"turns":1},{"damage":64,"enemies":"Gremlin Nob","floor":6,"turns":5},{"damage":10,"enemies":"Exordium Wildlife","floor":10,"turns":3},{"damage":13,"enemies":"3 Louse","floor":11,"turns":4},{"damage":17,"enemies":"Lagavulin","floor":12,"turns":5}],"seed_played":"-4374989106022914353","potions_obtained":[{"floor":1,"key":"ColorlessPotion"},{"floor":3,"key":"BlessingOfTheForge"},{"floor":4,"key":"Fruit Juice"},{"floor":4,"key":"infinitespire:BlackPotion"},{"floor":4,"key":"LifebloodPotion"}],"is_trial":false,"path_per_floor":["M","M","M","?","$","E","$","R","T","M","M","E"],"character_chosen":"DEFECT","items_purchased":["Jack Of All Trades","Melter"],"campfire_rested":1,"item_purchase_floors":[5,7],"current_hp_per_floor":[75,75,75,75,75,16,16,40,40,30,17,0,0],"gold":52,"neow_bonus":"THREE_ENEMY_KILL","is_daily":false,"chose_seed":false,"campfire_upgraded":0,"win_rate":0.0,"timestamp":1610319383,"path_taken":["M","M","M","?","$","E","$","R","T","?","?","E"],"items_purchased_type":["Card","Card"],"build_version":"2020-12-22","purchased_purges":0,"victory":false,"max_hp_per_floor":[75,75,75,75,75,80,80,80,80,80,80,80,80],"card_choices":[{"not_picked":["Conserve Battery","BootSequence"],"picked":"Loop","floor":1},{"not_picked":["Barrage","Rebound"],"picked":"Cold Snap","floor":2},{"not_picked":["Stack","Rebound"],"picked":"Lockon","floor":3},{"not_picked":["Compile Driver","ReplayTheSpireMod:Reroute Power"],"picked":"FIFO Queue","floor":6},{"not_picked":["Melter","Double Energy"],"picked":"Gash","floor":10},{"not_picked":["Reinforced Body","Leap"],"picked":"Seek","floor":11}],"player_experience":45724,"relics_obtained":[{"floor":6,"key":"Kunai"},{"floor":9,"key":"Iron Hammer"}],"event_choices":[{"damage_healed":0,"gold_gain":0,"player_choice":"Got Potions","damage_taken":0,"max_hp_gain":0,"max_hp_loss":0,"event_name":"Lab","floor":4,"gold_loss":0}],"is_beta":false,"boss_relics":[],"items_purged_floors":[],"is_endless":false,"potions_floor_spawned":[1,3],"killed_by":"Lagavulin","ascension_level":0}}