{"host":"whe4vf9w0yuhsr02","time":1610240967,"event":{"mods":["BaseMod","Highlight Path","Lobotomy","LobotomyExtend","Minty Spire (QoL Compilation)","Quick Restart","StSLib"],"gold_per_floor":[114,289,364,47,62,62,92,92,116,116,116,128,128,147,147,248,248,290,306,60,70,87,87,100,117,143,155,155,50,50,61,61,157,157,175,194,205,205,205,240,251,270,270,283,312,0,18,18,18,18,18],"floor_reached":50,"playtime":4224,"items_purged":["Doubt"],"score":608,"play_id":"c7c76009-a5a1-45f2-9ed5-7c12c38330cb","local_time":"20210110030927","is_ascension_mode":false,"campfire_choices":[{"floor":13.0,"key":"REST"},{"floor":49.0,"key":"RECALL"}],"circlet_count":0,"master_deck":["SpecialBullet","SpecialBullet","SpecialBullet","SpecialBullet","SpecialBullet","SpecialBullet","SpecialBullet","SpecialBullet","ControlCode","SecurityCode","TrainingCode","Harvest+1","Dark Shackles+1","WallGazer","GreedKing","CENSORED_ego","ParadiseLost+1","ShedSkin","Laetitia_ego","InformationCode","CentralCode","GreenStem","TodaysExpression+1","DaCapo","Madness","Madness"],"relics":["CogitoBucket","FossilizedHelix","LetterFromLob","Chemical X","Strawberry","Bronze Scales","Moonlight_r","Sozu","SkinProphecy","HornCleat","AdjustmentMirror","Whetstone","Empty Cage","Bag of Preparation","Ginger","Red Mask","Omamori"],"acts_visited":["Exordium","TheCity","TheBeyond"],"potions_floor_usage":[],"damage_taken":[{"damage":0.0,"enemies":"Small Slimes","floor":1.0,"turns":3.0},{"damage":0.0,"enemies":"2 Louse","floor":5.0,"turns":2.0},{"damage":24.0,"enemies":"3 Sentries","floor":7.0,"turns":6.0},{"damage":0.0,"enemies":"Cultist","floor":12.0,"turns":2.0},{"damage":0.0,"enemies":"3 Louse","floor":14.0,"turns":2.0},{"damage":15.0,"enemies":"Hexaghost","floor":16.0,"turns":5.0},{"damage":17.0,"enemies":"Spheric Guardian","floor":18.0,"turns":8.0},{"damage":2.0,"enemies":"Chosen","floor":19.0,"turns":3.0},{"damage":1.0,"enemies":"3 Cultists","floor":21.0,"turns":4.0},{"damage":27.0,"enemies":"Snecko","floor":22.0,"turns":5.0},{"damage":2.0,"enemies":"Centurion and Healer","floor":24.0,"turns":5.0},{"damage":15.0,"enemies":"3 Cultists","floor":25.0,"turns":9.0},{"damage":3.0,"enemies":"Shelled Parasite and Fungi","floor":27.0,"turns":4.0},{"damage":14.0,"enemies":"Snake Plant","floor":31.0,"turns":4.0},{"damage":8.0,"enemies":"Champ","floor":33.0,"turns":24.0},{"damage":10.0,"enemies":"3 Shapes","floor":35.0,"turns":3.0},{"damage":82.0,"enemies":"Orb Walker","floor":36.0,"turns":19.0},{"damage":4.0,"enemies":"Writhing Mass","floor":37.0,"turns":8.0},{"damage":13.0,"enemies":"Giant Head","floor":40.0,"turns":17.0},{"damage":0.0,"enemies":"4 Shapes","floor":41.0,"turns":8.0},{"damage":0.0,"enemies":"Sphere and 2 Shapes","floor":42.0,"turns":4.0},{"damage":5.0,"enemies":"Writhing Mass","floor":44.0,"turns":8.0},{"damage":43.0,"enemies":"Reptomancer","floor":45.0,"turns":12.0},{"damage":0.0,"enemies":"Jaw Worm Horde","floor":47.0,"turns":4.0},{"damage":161,"enemies":"FixerMidnight","floor":50,"turns":8}],"seed_played":"-2747175923534133868","potions_obtained":[{"floor":5.0,"key":"Weak Potion"},{"floor":14.0,"key":"Fire Potion"}],"is_trial":false,"path_per_floor":["M","?","?","$","M","R","E","R","T","M","?","M","R","M","R","B",null,"M","M","$","M","M","R","M","M","T","M","R","$","R","M","R","B",null,"M","M","M","?","?","E","M","M","T","M","E","?","M","T","R","B"],"character_chosen":"Angela","items_purchased":["Chemical X","Dark Shackles","HornCleat","GreenStem","Lamp"],"campfire_rested":1,"item_purchase_floors":[4,4,20,29,29],"current_hp_per_floor":[63,63,52,52,60,60,51,51,51,10,10,18,39,47,47,44,70,65,71,71,74,67,67,78,82,82,84,84,84,84,86,86,88,88,90,94,96,84,92,98,100,102,102,101,103,103,105,105,105,0,0],"gold":18,"neow_bonus":"ONE_RARE_RELIC","is_daily":false,"chose_seed":false,"campfire_upgraded":0,"win_rate":0.0,"timestamp":1610240967,"path_taken":["M","?","?","$","M","R","E","R","T","M","?","M","R","M","R","BOSS","M","M","$","M","M","R","M","M","T","M","R","$","R","M","R","BOSS","M","M","M","?","?","E","M","M","T","?","E","?","M","?","R","BOSS"],"items_purchased_type":["Relic","Card","Relic","Card","Card"],"build_version":"2020-12-22","purchased_purges":1,"victory":false,"max_hp_per_floor":[63,63,63,63,63,63,70,70,70,70,70,70,70,70,70,70,70,70,72,72,74,76,76,78,82,82,84,84,84,84,86,86,88,88,90,94,96,96,96,98,100,102,102,101,103,103,105,105,105,107,107],"card_choices":[{"not_picked":["SolemnVow"],"picked":"Harvest","floor":1.0},{"not_picked":["Soda","BlackSwan_ego"],"picked":"SKIP","floor":5.0},{"not_picked":["MeatLantern","ShyLook"],"picked":"WallGazer","floor":7.0},{"not_picked":["SolemnVow","Noise"],"picked":"SKIP","floor":7.0},{"not_picked":["BeautyBeast","FairyFestival"],"picked":"GreedKing","floor":12.0},{"not_picked":["Tough"],"picked":"CENSORED_ego","floor":12.0},{"not_picked":["Amita","Penitence"],"picked":"SKIP","floor":14.0},{"not_picked":["Adoration"],"picked":"ParadiseLost","floor":16.0},{"not_picked":["SingingMachine","CrumblingArmor"],"picked":"QueenOfHatred","floor":18.0},{"not_picked":["CUTE","Noise+1"],"picked":"SKIP","floor":18.0},{"not_picked":["RapturousDream"],"picked":"ShedSkin","floor":19.0},{"not_picked":["RedEyes+1"],"picked":"Laetitia_ego","floor":21.0},{"not_picked":["Tough","WristCuter+1"],"picked":"SKIP","floor":22.0},{"not_picked":["BlackSwan_ego+1","Logging"],"picked":"SKIP","floor":24.0},{"not_picked":["Regret_ego","FourthMatchFlame+1"],"picked":"SKIP","floor":25.0},{"not_picked":["TodaysExpression","Adoration"],"picked":"SKIP","floor":27.0},{"not_picked":["Beak"],"picked":"TodaysExpression+1","floor":31.0},{"not_picked":["CENSORED_ego"],"picked":"DaCapo","floor":33.0},{"not_picked":["FourthMatchFlame","BlueScar+1"],"picked":"SKIP","floor":35.0},{"not_picked":["Regret_ego+1","Horn"],"picked":"SKIP","floor":36.0},{"not_picked":["Regret_ego","TodaysExpression"],"picked":"SKIP","floor":37.0},{"not_picked":["WristCuter+1","CUTE+1"],"picked":"SKIP","floor":40.0},{"not_picked":["SwordSharpenedByTears","Beak"],"picked":"SKIP","floor":41.0},{"not_picked":["GreenStem+1","Galaxy+1"],"picked":"SKIP","floor":42.0},{"not_picked":["Soda","Galaxy"],"picked":"SKIP","floor":44.0},{"not_picked":["Harmony+1","InTheNameOfLoveAndHate"],"picked":"SKIP","floor":45.0},{"not_picked":["GoldRush","Soda"],"picked":"SKIP","floor":47.0}],"player_experience":446669,"relics_obtained":[{"floor":1.0,"key":"LetterFromLob"},{"floor":7.0,"key":"Strawberry"},{"floor":9.0,"key":"Bronze Scales"},{"floor":26.0,"key":"Whetstone"},{"floor":40.0,"key":"Bag of Preparation"},{"floor":45.0,"key":"Ginger"},{"floor":48.0,"key":"Omamori"}],"event_choices":[{"damage_healed":0.0,"max_hp_gain":0.0,"max_hp_loss":0.0,"gold_gain":175.0,"event_name":"Liars Game","player_choice":"AGREE","floor":2.0,"gold_loss":0.0,"damage_taken":0.0,"cards_obtained":["Doubt"]},{"damage_healed":0.0,"max_hp_gain":0.0,"max_hp_loss":0.0,"gold_gain":75.0,"event_name":"World of Goop","player_choice":"Gather Gold","floor":3.0,"gold_loss":0.0,"damage_taken":11.0},{"damage_healed":0.0,"max_hp_gain":0.0,"max_hp_loss":0.0,"gold_gain":0.0,"event_name":"NoteForYourself","player_choice":"Ignored","floor":11.0,"gold_loss":0.0,"damage_taken":0.0},{"damage_healed":0.0,"max_hp_gain":0.0,"max_hp_loss":0.0,"gold_gain":0.0,"event_name":"Winding Halls","player_choice":"Embrace Madness","floor":38.0,"gold_loss":0.0,"damage_taken":12.0,"cards_obtained":["Madness","Madness"]},{"damage_healed":0.0,"max_hp_gain":0.0,"max_hp_loss":0.0,"gold_gain":0.0,"event_name":"Tomb of Lord Red Mask","player_choice":"Paid","floor":46.0,"gold_loss":312.0,"damage_taken":0.0,"relics_obtained":["Red Mask"]}],"is_beta":false,"boss_relics":[{"not_picked":["Tiny House","Coffee Dripper"],"picked":"Sozu"},{"not_picked":["Philosopher\u0027s Stone","SacredBark"],"picked":"Empty Cage"}],"items_purged_floors":[4],"is_endless":false,"potions_floor_spawned":[5,14,24,25,31,33,37,40,44,47],"killed_by":"FixerMidnight","ascension_level":0}}