{"host":"9mnb7pbo3pfmmmyl","time":1610266639,"event":{"mods":["ATMod(阿瑾Mod)","BaseMod","Conspire","Highlight Path","Minty Spire (QoL Compilation)","MostiFishMod","Quick Restart","Shop Mod","Spicy Shops","StSLib","TestMod","【功能Mod】聪明的最终Boss","篝火指南"],"gold_per_floor":[112,112,127,144,154,183,183,218,269,63,138,168,183,9,9,83,83,95,6,6,56,456,485,557,304,330,330,10,45,64,90,90,165,165,175,221,255,116,137,137,169,169,169,192,211,244,244,269,63,82,82,82,82,23,254,355],"floor_reached":57,"playtime":1490,"items_purged":["Strike_R","Strike_R","Defend_R","Bash","conspire:Purge","AT_IchimonjiDouble+1"],"score":3599,"play_id":"c9ef1551-f06b-4e10-9797-162aea633598","local_time":"20210110161719","is_ascension_mode":true,"campfire_choices":[{"data":"MostiFishMod:CullingBlade","floor":7,"key":"SMITH"},{"data":"AT_IchimonjiDouble","floor":15,"key":"SMITH"},{"data":"Searing Blow+3","floor":32,"key":"SMITH"},{"floor":40,"key":"RECALL"},{"data":"testmod-PainDetonator","floor":42,"key":"SMITH"},{"data":"Searing Blow+9","floor":53,"key":"SMITH"}],"circlet_count":0,"master_deck":["AscendersBane","Defend_R+1","MostiFishMod:CullingBlade+1","Searing Blow+10","testmod-PainDetonator+1","Shockwave"],"relics":["Burning Blood","DaveBox","AT_ATBox","Civilization","testmod-Prudence","SynthV:TestCard","InkBottle","MerchantsRug","GuanYuAspect","AT_TimeSand","Medical Kit","AT_ArchangelStaff","Membership Card","AT_SilvercatRing","testmod-TheFather","Torii","Du-Vu Doll","testmod-LifeArmor","Strange Spoon","testmod-ArcanaOfDestiny","AT_TheCollector","Eternal Feather"],"acts_visited":["Exordium","TheCity","TheBeyond","TheEnding"],"potions_floor_usage":[4,50,56,56],"damage_taken":[{"damage":2,"enemies":"Jaw Worm","floor":1,"turns":3},{"damage":0,"enemies":"Cultist","floor":3,"turns":2},{"damage":5,"enemies":"Small Slimes","floor":4,"turns":3},{"damage":4,"enemies":"3 Louse","floor":5,"turns":4},{"damage":12,"enemies":"3 Sentries","floor":6,"turns":3},{"damage":0,"enemies":"Gremlin Nob","floor":8,"turns":2},{"damage":10,"enemies":"3 Sentries","floor":12,"turns":3},{"damage":0,"enemies":"Blue Slaver","floor":13,"turns":1},{"damage":4,"enemies":"The Guardian","floor":16,"turns":3},{"damage":5,"enemies":"Shell Parasite","floor":18,"turns":2},{"damage":0,"enemies":"conspire:Head Lice","floor":23,"turns":1},{"damage":5,"enemies":"Gremlin Leader","floor":29,"turns":1},{"damage":5,"enemies":"2 Thieves","floor":30,"turns":2},{"damage":14,"enemies":"Slavers","floor":31,"turns":3},{"damage":29,"enemies":"Automaton","floor":33,"turns":3},{"damage":5,"enemies":"Orb Walker","floor":35,"turns":3},{"damage":21,"enemies":"2 Orb Walkers","floor":36,"turns":2},{"damage":5,"enemies":"conspire:MimicChest","floor":37,"turns":2},{"damage":0,"enemies":"3 Shapes","floor":39,"turns":1},{"damage":0,"enemies":"Giant Head","floor":41,"turns":1},{"damage":0,"enemies":"Sphere and 2 Shapes","floor":44,"turns":1},{"damage":0,"enemies":"Jaw Worm Horde","floor":45,"turns":1},{"damage":0,"enemies":"Nemesis","floor":46,"turns":1},{"damage":0,"enemies":"Giant Head","floor":48,"turns":1},{"damage":8,"enemies":"Time Eater","floor":50,"turns":8},{"damage":0,"enemies":"conspire:OrnateMirror","floor":51,"turns":1},{"damage":0,"enemies":"Shield and Spear","floor":55,"turns":1},{"damage":60,"enemies":"The Heart","floor":56,"turns":4}],"seed_played":"-8547472013171822012","potions_obtained":[{"floor":1,"key":"LiquidMemories"},{"floor":5,"key":"DuplicationPotion"},{"floor":8,"key":"Block Potion"},{"floor":12,"key":"FearPotion"},{"floor":13,"key":"SteroidPotion"},{"floor":29,"key":"FearPotion"},{"floor":31,"key":"BloodPotion"},{"floor":41,"key":"FearPotion"},{"floor":45,"key":"SteroidPotion"},{"floor":55,"key":"Explosive Potion"}],"is_trial":false,"path_per_floor":["M","?","M","M","M","E","R","E","T","$","?","E","M","$","R","B",null,"M","$","?","?","?","E","T","R","T","?","$","E","M","E","R","B",null,"M","?","?","$","M","R","E","R","T","M","M","E","?","E","R","B","B",null,"R","$","E","B",null],"character_chosen":"IRONCLAD","items_purchased":["MerchantsRug","conspire:Charge","Medical Kit","Membership Card","AT_SilvercatRing","Searing Blow","testmod-PainDetonator","War Paint","Strange Spoon","testmod-ArcanaOfDestiny","AT_TheCollector"],"campfire_rested":0,"item_purchase_floors":[10,14,25,28,28,28,38,49,49,49,54],"current_hp_per_floor":[73,73,78,82,89,93,93,110,110,110,99,109,130,130,130,148,78,87,87,82,82,82,97,97,97,97,76,76,87,102,112,112,113,154,173,179,202,202,228,228,256,256,256,284,313,341,341,369,369,487,516,582,582,582,613,596],"gold":355,"neow_bonus":"REMOVE_CARD","is_daily":false,"chose_seed":false,"campfire_upgraded":5,"win_rate":0.0,"timestamp":1610266639,"path_taken":["M","?","?","M","?","E","R","E","T","?","?","E","M","$","R","BOSS","M","$","?","?","?","E","?","R","T","?","?","E","?","E","R","BOSS","M","?","?","?","M","R","E","R","T","M","M","E","?","E","R","BOSS","BOSS","R","$","E","BOSS"],"items_purchased_type":["Relic","Card","Relic","Relic","Relic","Card","Card","Relic","Relic","Relic","Relic"],"build_version":"2020-12-22","purchased_purges":6,"victory":true,"max_hp_per_floor":[76,76,78,82,89,99,99,110,110,110,110,124,139,139,139,155,78,95,95,95,95,95,116,116,116,116,116,116,138,162,189,189,221,221,254,289,325,325,364,364,411,411,411,454,500,547,547,595,595,641,691,691,691,691,743,796],"card_choices":[{"not_picked":["Dropkick","Ghostly Armor"],"picked":"Anger","floor":1},{"not_picked":["Thunderclap","Iron Wave","Twin Strike","Shrug It Off","Sentinel"],"picked":"SKIP","floor":3},{"not_picked":["Pummel","Whirlwind","Infernal Blade","Pommel Strike"],"picked":"AT_IchimonjiDouble","floor":4},{"not_picked":["Battle Trance","Flame Barrier","Thunderclap","Spot Weakness"],"picked":"MostiFishMod:CullingBlade","floor":5},{"not_picked":["Rampage","Ghostly Armor","True Grit","Pommel Strike","AT_IchimonjiDouble"],"picked":"SKIP","floor":6},{"not_picked":["Fire Breathing+1","Disarm","Cleave","Intimidate","Havoc"],"picked":"SKIP","floor":8},{"not_picked":["Dropkick","Wild Strike","Burning Pact","Warcry","Power Through"],"picked":"SKIP","floor":12},{"not_picked":["Shrug It Off","Burning Pact","Clothesline","Thunderclap","Uppercut"],"picked":"SKIP","floor":13},{"not_picked":["Bludgeon","MostiFishMod:NewArrival","MostiFishMod:TemporaryOutbreak+1","Reaper"],"picked":"conspire:Purge","floor":16},{"not_picked":["Dark Embrace+1","Disarm","Headbutt","Wild Strike","Heavy Blade"],"picked":"SKIP","floor":18},{"not_picked":["Battle Trance","Shrug It Off","Reaper","Iron Wave","Clothesline"],"picked":"SKIP","floor":23},{"not_picked":["AT_BodySlamDance","Clash","Cleave","AT_IchimonjiDouble","Carnage"],"picked":"SKIP","floor":29},{"not_picked":["AT_BodySlamDance","Clash","Cleave","AT_IchimonjiDouble","Carnage"],"picked":"SKIP","floor":29},{"not_picked":["Sword Boomerang","Bloodletting+1","conspire:ExplosiveBarrier+1","Clothesline","MostiFishMod:BrandingRite"],"picked":"SKIP","floor":30},{"not_picked":["Havoc","Clash+1","Thunderclap","AT_DiedThrough","Flame Barrier"],"picked":"SKIP","floor":31},{"not_picked":["Flex+1","Heavy Blade","Armaments","Headbutt+1","Sword Boomerang+1"],"picked":"SKIP","floor":35},{"not_picked":["Shockwave","AT_IchimonjiDouble+1","Shrug It Off","Iron Wave","Reckless Charge"],"picked":"SKIP","floor":39},{"not_picked":["Warcry+1","Second Wind+1","Thunderclap","Flex+1","Rage"],"picked":"SKIP","floor":41},{"not_picked":["Anger+1","AT_GerminateFire","Searing Blow","Sword Boomerang","Twin Strike"],"picked":"SKIP","floor":44},{"not_picked":["conspire:Charge","Pummel+1","Thunderclap","Burning Pact","Iron Wave"],"picked":"SKIP","floor":45},{"not_picked":["Seeing Red","Wild Strike","Rupture+1","Ghostly Armor+1","Burning Pact"],"picked":"SKIP","floor":46},{"not_picked":["Havoc","True Grit","Inflame+1","Clothesline","Cleave+1"],"picked":"SKIP","floor":48},{"not_picked":["Heavy Blade","Rupture+1","Anger","AT_GerminateFire"],"picked":"Shockwave","floor":55}],"player_experience":348278,"relics_obtained":[{"floor":1,"key":"SynthV:TestCard"},{"floor":6,"key":"Frozen Egg 2"},{"floor":8,"key":"InkBottle"},{"floor":12,"key":"Anchor"},{"floor":23,"key":"AT_GuinsooRageblade"},{"floor":24,"key":"AT_TimeSand"},{"floor":26,"key":"AT_ArchangelStaff"},{"floor":27,"key":"Enchiridion"},{"floor":31,"key":"Regal Pillow"},{"floor":36,"key":"testmod-TheFather"},{"floor":37,"key":"StrikeDummy"},{"floor":41,"key":"Strawberry"},{"floor":43,"key":"Torii"},{"floor":46,"key":"Du-Vu Doll"},{"floor":48,"key":"testmod-LifeArmor"},{"floor":55,"key":"Eternal Feather"}],"event_choices":[{"damage_healed":0,"gold_gain":0,"cards_transformed":["Strike_R"],"player_choice":"Transformed","damage_taken":0,"max_hp_gain":0,"max_hp_loss":0,"event_name":"Transmorgrifier","floor":2,"gold_loss":0,"cards_obtained":["Rupture"]},{"damage_healed":0,"gold_gain":75,"player_choice":"Gather Gold","damage_taken":11,"max_hp_gain":0,"max_hp_loss":0,"event_name":"World of Goop","floor":11,"gold_loss":0},{"damage_healed":0,"gold_gain":0,"player_choice":"Leave","damage_taken":0,"max_hp_gain":0,"max_hp_loss":0,"event_name":"conspire:Investor","floor":20,"gold_loss":0},{"damage_healed":0,"gold_gain":50,"player_choice":"Stole From Cult","damage_taken":0,"max_hp_gain":0,"max_hp_loss":0,"event_name":"Nest","floor":21,"gold_loss":0},{"damage_healed":0,"gold_gain":400,"player_choice":"Sell","damage_taken":0,"max_hp_gain":0,"max_hp_loss":0,"event_name":"恩洛斯的盘子","floor":22,"relics_lost":["testmod-TestBox"],"gold_loss":0},{"damage_healed":0,"gold_gain":0,"player_choice":"Obtained Book","damage_taken":21,"max_hp_gain":0,"max_hp_loss":0,"event_name":"Cursed Tome","floor":27,"gold_loss":0},{"damage_healed":0,"gold_gain":0,"player_choice":"Fight","damage_taken":0,"max_hp_gain":0,"max_hp_loss":0,"event_name":"Mysterious Sphere","floor":36,"gold_loss":0},{"damage_healed":0,"gold_gain":0,"player_choice":"Memory 1","damage_taken":0,"max_hp_gain":0,"max_hp_loss":0,"event_name":"SensoryStone","floor":47,"gold_loss":0}],"is_beta":false,"boss_relics":[{"not_picked":["conspire:SpecialSausage","TakeMeEscape"],"picked":"GuanYuAspect"},{"not_picked":["Cursed Key","MostiFishMod:Hod","testmod-Nine"]}],"items_purged_floors":[10,14,19,25,38,38],"is_endless":false,"potions_floor_spawned":[1,5,8,12,13,29,31,36,41,45,48,55],"ascension_level":20}}