{"host":"3asmp5aovk69ekg9","time":1610266857,"event":{"mods":["100% Spire Juice","BaseMod","BetterRewards","Colored Map","Colored Powertips","Dark Map","Hermit","Koishi","Magitek Elite","Minty Spire (QoL Compilation)","Permanent Neow","Remove Card Discount Mod","Shade Mod","StSLib","The Alterego","The Cursed","The Death Knight","The Fake Hero","The IronCluck","The Marked","The Senshi","The Wild Card"],"gold_per_floor":[113,131,145,220,220,220,255,255,255,271,291,114,114,126,126,230,230,248,248,268,268,268,294,294,322,322,357,109,128,160,177,177,276,276,288,87,101,118,131,158,36,66,91,101,130,150,150,164,164,164,164,164,9,36,36],"floor_reached":56,"playtime":7360,"items_purged":["Moonworks:BigBangBell","Moonworks:Strike","Moonworks:Strike","Moonworks:Strike","Moonworks:Strike","Moonworks:DeployBits","Moonworks:DeployBits+1","Moonworks:ImOnFire"],"score":1789,"play_id":"26f859ba-30c0-4835-9c15-54d216c7f570","local_time":"20210110002057","is_ascension_mode":true,"campfire_choices":[{"floor":6,"key":"REST"},{"floor":8,"key":"REST"},{"floor":15,"key":"RECALL"},{"floor":24,"key":"REST"},{"floor":32,"key":"REST"},{"floor":47,"key":"REST"},{"floor":49,"key":"REST"},{"floor":52,"key":"REST"}],"circlet_count":0,"master_deck":["Moonworks:Defend","Moonworks:Defend","Moonworks:Defend","Moonworks:Defend","Moonworks:Ambush","Moonworks:LongDistanceShot","Apotheosis+1","Moonworks:NicePresent","Moonworks:RagingMadness","Bandage Up","Moonworks:ExtendedPhotonRifle","Moonworks:IndiscriminateFireSupport","Moonworks:AnotherUltimateWeapon","Moonworks:AnotherUltimateWeapon","Moonworks:Poppoformation+1","Moonworks:IndiscriminateFireSupport","theWildCard:Arsene+1","Moonworks:GoAway+1","Moonworks:ForcedRevival+1","Moonworks:Poppoformation+1","Moonworks:Dinner+1","Moonworks:IndiscriminateFireSupport","Moonworks:RagingMadness","Moonworks:TacticalRetreat+1","Moonworks:ForcedRevival+1","Moonworks:Accelerator","Moonworks:MixPhenomenon+1","Moonworks:RagingMadness","Panacea+1","Moonworks:WindyEnchantment+1","Moonworks:StiffCrystal+1"],"relics":["Moonworks:BrokenBomb","Moonworks:Homemark","Juzu Bracelet","Toxic Egg 2","Bottled Lightning","Odd Mushroom","Membership Card","Fusion Hammer","Enchiridion","White Beast Statue","Ancient Tea Set","Art of War","Pen Nib","Golden_Hairpin","Strawberry","Bag of Marbles","Medical Kit","Bottled Tornado","Guard_Bracelet","Boot","Genji_Glove","Oddly Smooth Stone","Torii"],"acts_visited":["Exordium","TheCity","TheBeyond","TheEnding"],"potions_floor_usage":[3,11,29,33,37,38,42,44,55,55,55],"damage_taken":[{"damage":1,"enemies":"Small Slimes","floor":1,"turns":4},{"damage":8,"enemies":"Jaw Worm","floor":2,"turns":4},{"damage":2,"enemies":"Cultist","floor":3,"turns":4},{"damage":26,"enemies":"Gremlin Nob","floor":7,"turns":4},{"damage":16,"enemies":"Large Slime","floor":10,"turns":4},{"damage":18,"enemies":"The Mushroom Lair","floor":11,"turns":4},{"damage":1,"enemies":"Exordium Wildlife","floor":14,"turns":2},{"damage":15,"enemies":"Hexaghost","floor":16,"turns":7},{"damage":4,"enemies":"Spheric Guardian","floor":18,"turns":3},{"damage":5,"enemies":"3 Byrds","floor":20,"turns":3},{"damage":13,"enemies":"Book of Stabbing","floor":23,"turns":3},{"damage":9,"enemies":"Gremlin Leader","floor":25,"turns":4},{"damage":37,"enemies":"Slavers","floor":27,"turns":7},{"damage":0,"enemies":"3 Cultists","floor":29,"turns":3},{"damage":20,"enemies":"Book of Stabbing","floor":30,"turns":5},{"damage":3,"enemies":"Shelled Parasite and Fungi","floor":31,"turns":4},{"damage":0,"enemies":"Collector","floor":33,"turns":8},{"damage":0,"enemies":"3 Darklings","floor":35,"turns":2},{"damage":0,"enemies":"3 Shapes","floor":37,"turns":3},{"damage":10,"enemies":"Transient","floor":38,"turns":5},{"damage":0,"enemies":"Sphere and 2 Shapes","floor":39,"turns":2},{"damage":0,"enemies":"Nemesis","floor":40,"turns":6},{"damage":0,"enemies":"Giant Head","floor":42,"turns":4},{"damage":0,"enemies":"Jaw Worm Horde","floor":44,"turns":2},{"damage":0,"enemies":"Nemesis","floor":45,"turns":3},{"damage":32,"enemies":"4 Shapes","floor":46,"turns":2},{"damage":0,"enemies":"3 Darklings","floor":48,"turns":2},{"damage":0,"enemies":"Awakened One","floor":50,"turns":8},{"damage":14,"enemies":"Shield and Spear","floor":54,"turns":3},{"damage":38,"enemies":"The Heart","floor":55,"turns":6}],"seed_played":"5709243490424506843","potions_obtained":[{"floor":1,"key":"LiquidMemories"},{"floor":11,"key":"Fruit Juice"},{"floor":16,"key":"CultistPotion"},{"floor":18,"key":"AttackPotion"},{"floor":25,"key":"FearPotion"},{"floor":29,"key":"Fruit Juice"},{"floor":30,"key":"FearPotion"},{"floor":33,"key":"Weak Potion"},{"floor":35,"key":"Block Potion"},{"floor":37,"key":"ColorlessPotion"},{"floor":38,"key":"Ancient Potion"},{"floor":39,"key":"EssenceOfSteel"},{"floor":42,"key":"BlessingOfTheForge"},{"floor":44,"key":"Strength Potion"},{"floor":46,"key":"SkillPotion"},{"floor":48,"key":"PowerPotion"}],"is_trial":false,"path_per_floor":["M","M","M","?","?","R","E","R","T","M","?","$","?","M","R","B",null,"M","?","M","?","?","E","R","E","T","E","$","M","E","M","R","B",null,"M","$","M","M","M","E","$","E","T","M","E","M","R","M","R","B",null,"R","$","E","B",null],"character_chosen":"THE_STARBREAKER","items_purchased":["Apotheosis","Juzu Bracelet","Moonworks:DeployBits","Moonworks:NicePresent","Moonworks:RagingMadness","Moonworks:BigBangBell","Moonworks:ImOnFire","Bandage Up","Membership Card","Moonworks:IndiscriminateFireSupport","Strawberry","Medical Kit","Panacea+1","Genji_Glove","Oddly Smooth Stone"],"campfire_rested":7,"item_purchase_floors":[0,0,0,0,0,0,0,0,12,12,36,41,41,53,53],"current_hp_per_floor":[40,36,38,27,27,45,23,41,41,31,24,24,24,23,23,14,65,61,61,62,46,46,47,65,65,65,55,55,70,56,68,70,70,70,70,77,77,77,77,77,77,77,77,77,77,45,68,68,77,77,77,77,77,77,73],"gold":36,"neow_bonus":"","is_daily":false,"chose_seed":false,"campfire_upgraded":0,"win_rate":0.0,"timestamp":1610266857,"path_taken":["M","M","M","?","?","R","E","R","T","M","?","$","?","M","R","BOSS","M","?","M","?","?","E","R","E","T","E","?","M","E","M","R","BOSS","M","$","M","M","M","E","$","E","T","M","E","M","R","M","R","BOSS","R","$","E","BOSS"],"items_purchased_type":["Card","Relic","Card","Card","Card","Card","Card","Card","Relic","Card","Relic","Relic","Card","Relic","Relic"],"build_version":"2020-12-22","purchased_purges":8,"victory":true,"max_hp_per_floor":[60,60,60,60,60,60,60,60,60,60,65,65,65,65,65,65,65,65,65,65,65,65,65,65,65,65,65,65,70,70,70,70,70,70,70,77,77,77,77,77,77,77,77,77,77,77,77,77,77,77,77,77,77,77,77],"card_choices":[{"not_picked":["Moonworks:SakisCookie","Moonworks:AngelHand"],"picked":"Moonworks:ExtendedPhotonRifle","floor":1},{"not_picked":["Moonworks:CastOff","Moonworks:LulusLuckyEgg"],"picked":"Moonworks:IndiscriminateFireSupport","floor":2},{"not_picked":["Moonworks:EvilSpyWorkPreparation","Moonworks:WindyEnchantment"],"picked":"Moonworks:AnotherUltimateWeapon","floor":3},{"not_picked":["Moonworks:CloudOfSeagulls","Moonworks:TacticalRetreat+1"],"picked":"Moonworks:AnotherUltimateWeapon","floor":7},{"not_picked":["Moonworks:BigBangBell+1","Moonworks:Assault","Moonworks:JonathanRush"],"picked":"SKIP","floor":10},{"not_picked":["Moonworks:UnluckyCharm+1","Moonworks:CompletionReward"],"picked":"Moonworks:Poppoformation+1","floor":11},{"not_picked":["Moonworks:ImOnFire+1","Moonworks:BeyondHell"],"picked":"Moonworks:DeployBits+1","floor":14},{"not_picked":["Moonworks:Gamble","Moonworks:Blazing"],"picked":"Moonworks:GoAway+1","floor":16},{"not_picked":["Moonworks:Assault+1","Moonworks:IndiscriminateFireSupport"],"picked":"Moonworks:ForcedRevival+1","floor":18},{"not_picked":["Moonworks:LulusLuckyEgg+1","Moonworks:SakisCookie+1"],"picked":"Moonworks:Poppoformation+1","floor":20},{"not_picked":["Moonworks:NicePresent+1","Moonworks:MiracleRedBeanIceCream+1"],"picked":"Moonworks:Dinner+1","floor":23},{"not_picked":["Moonworks:JonathanRush","Moonworks:DevilHand","Moonworks:BigMagnum+1"],"picked":"SKIP","floor":25},{"not_picked":["Moonworks:TacticalRetreat+1","Moonworks:FullSpeedAlicianrone"],"picked":"Moonworks:IndiscriminateFireSupport","floor":27},{"not_picked":["Moonworks:CloudOfSeagulls","Moonworks:SakisCookie+1"],"picked":"Moonworks:RagingMadness","floor":29},{"not_picked":["Moonworks:JonathanRush","Moonworks:IndiscriminateFireSupport"],"picked":"Moonworks:TacticalRetreat+1","floor":30},{"not_picked":["Moonworks:SelfDestruct","Moonworks:CompletionReward+1"],"picked":"Moonworks:ForcedRevival+1","floor":31},{"not_picked":["Moonworks:SubspaceTunnel+1","Moonworks:HolyNight"],"picked":"Moonworks:Accelerator","floor":33},{"not_picked":["Moonworks:ImOnFire+1","Moonworks:x16BigRocket"],"picked":"Moonworks:MixPhenomenon+1","floor":35},{"not_picked":["Moonworks:DeployBits+1","Moonworks:CloudOfSeagulls+1"],"picked":"Moonworks:RagingMadness","floor":37},{"not_picked":["Moonworks:JonathanRush+1","Moonworks:RocketCannon","Moonworks:AwakeningOfTalent"],"picked":"SKIP","floor":38},{"not_picked":["Moonworks:EvilSpyWorkPreparation+1","Moonworks:BigMagnum+1","Moonworks:RedAndBlue+1"],"picked":"SKIP","floor":39},{"not_picked":["Moonworks:MixPhenomenon+1","Moonworks:BindingChains+1","Moonworks:ImOnFire+1"],"picked":"SKIP","floor":40},{"not_picked":["Moonworks:BeyondHell","Moonworks:JonathanRush","Moonworks:CloudOfSeagulls+1"],"picked":"SKIP","floor":42},{"not_picked":["Moonworks:CastOff+1","Moonworks:DeployBits+1"],"picked":"Moonworks:WindyEnchantment+1","floor":44},{"not_picked":["Moonworks:MixPhenomenon+1","Moonworks:Assault+1","Moonworks:ImOnFire+1"],"picked":"SKIP","floor":45},{"not_picked":["Moonworks:EvilSpyWorkPreparation+1","Moonworks:BigMagnum+1","Moonworks:SealedMemories+1"],"picked":"SKIP","floor":46},{"not_picked":["Moonworks:JonathanRush+1","Moonworks:BindingChains+1","Moonworks:RagingMadness+1"],"picked":"SKIP","floor":48},{"not_picked":["Moonworks:CookingTime","Moonworks:TacticalRetreat+1"],"picked":"Moonworks:StiffCrystal+1","floor":54}],"player_experience":1202488,"relics_obtained":[{"floor":7,"key":"Toxic Egg 2"},{"floor":9,"key":"Bottled Lightning"},{"floor":11,"key":"Odd Mushroom"},{"floor":21,"key":"Enchiridion"},{"floor":23,"key":"White Beast Statue"},{"floor":25,"key":"Ancient Tea Set"},{"floor":27,"key":"Art of War"},{"floor":30,"key":"Pen Nib"},{"floor":40,"key":"Bag of Marbles"},{"floor":42,"key":"Bottled Tornado"},{"floor":43,"key":"Guard_Bracelet"},{"floor":45,"key":"Boot"},{"floor":54,"key":"Torii"}],"event_choices":[{"damage_healed":0,"gold_gain":75,"player_choice":"Gather Gold","damage_taken":11,"max_hp_gain":0,"max_hp_loss":0,"event_name":"World of Goop","floor":4,"gold_loss":0},{"damage_healed":0,"gold_gain":0,"player_choice":"Upgraded","damage_taken":0,"max_hp_gain":0,"max_hp_loss":0,"event_name":"Upgrade Shrine","floor":5,"gold_loss":0,"cards_upgraded":["Apotheosis"]},{"damage_healed":0,"gold_gain":0,"player_choice":"Fought Mushrooms","damage_taken":0,"max_hp_gain":0,"max_hp_loss":0,"event_name":"Mushrooms","floor":11,"gold_loss":0},{"damage_healed":0,"gold_gain":0,"player_choice":"Ignored","damage_taken":0,"max_hp_gain":0,"max_hp_loss":0,"event_name":"Beggar","floor":19,"gold_loss":0},{"damage_healed":0,"gold_gain":0,"player_choice":"Obtained Book","damage_taken":16,"max_hp_gain":0,"max_hp_loss":0,"event_name":"Cursed Tome","floor":21,"gold_loss":0}],"is_beta":false,"boss_relics":[{"not_picked":["Calling Bell","Philosopher\u0027s Stone"],"picked":"Fusion Hammer"},{"not_picked":["Pandora\u0027s Box","Cursed Key"],"picked":"Golden_Hairpin"}],"items_purged_floors":[12,28,28,28,28,36,36,36],"is_endless":false,"potions_floor_spawned":[1,11,16,18,25,27,29,30,31,33,35,37,38,39,40,42,44,45,46,48,54],"ascension_level":1}}