{"host":"7gewg82ormp6yt4e","time":1610296023,"event":{"mods":["BaseMod","Block Reminder","Colored Map","Colored Powertips","DeckTracker","Highlight Path","Minty Spire (QoL Compilation)","Relic Stats","StSLib","ojb\u0027s Info Mod"],"gold_per_floor":[116,266,266,282,295,295,336,350,373,397,397,412,412,435,435,533,533,556,556,130,149,164,207,207,207,233,249,265,265,265,180,180,269,269,293,293,316,1315,1275,977,1000,1044,1044,358,376,407,407,445,445,445,445,445,445,12,56,56,56],"floor_reached":56,"playtime":3757,"items_purged":["Pain","Normality","Normality"],"score":2139,"play_id":"e22ffe14-8489-4172-ae04-5efee5d85561","local_time":"20210111012703","is_ascension_mode":true,"campfire_choices":[{"data":"Chaos","floor":6.0,"key":"SMITH"},{"floor":11.0,"key":"REST"},{"data":"Defragment","floor":13.0,"key":"SMITH"},{"floor":15.0,"key":"REST"},{"floor":24.0,"key":"REST"},{"data":"Defragment","floor":29.0,"key":"SMITH"},{"data":"Capacitor","floor":32.0,"key":"SMITH"},{"floor":47.0,"key":"RECALL"},{"data":"Capacitor","floor":49.0,"key":"SMITH"},{"data":"Chaos","floor":53.0,"key":"SMITH"}],"circlet_count":0,"master_deck":["AscendersBane","Strike_B+1","Strike_B+1","Strike_B+1","Strike_B+1","Defend_B+1","Defend_B+1","Defend_B+1","Defend_B+1","Zap","Dualcast","Conserve Battery","Doubt","Ball Lightning","Chaos+1","Ball Lightning","Lockon","Defragment+1","Cold Snap","Force Field","Defragment+1","Recycle","Capacitor+1","Glacier+1","Chaos+1","Scrape+1","All For One","Sunder","Capacitor+1","Barrage+1","Heatsinks+1","Dark Shackles","Glacier","Meteor Strike+1","Coolheaded","Static Discharge+1","Coolheaded+1"],"relics":["Cracked Core","Pocketwatch","Golden Idol","Bronze Scales","Snecko Eye","WarpedTongs","Meat on the Bone","Potion Belt","Smiling Mask","PreservedInsect","Orichalcum","Coffee Dripper","Lee\u0027s Waffle","FossilizedHelix","Frozen Egg 2","Mummified Hand","TheAbacus","Molten Egg 2","Boot","Bag of Preparation","Blood Vial"],"acts_visited":["Exordium","TheCity","TheBeyond","TheEnding"],"potions_floor_usage":[56,56],"damage_taken":[{"damage":0.0,"enemies":"2 Louse","floor":1.0,"turns":2.0},{"damage":0.0,"enemies":"Jaw Worm","floor":4.0,"turns":5.0},{"damage":0.0,"enemies":"Cultist","floor":5.0,"turns":3.0},{"damage":18.0,"enemies":"Lagavulin","floor":7.0,"turns":6.0},{"damage":17.0,"enemies":"Large Slime","floor":8.0,"turns":5.0},{"damage":18.0,"enemies":"Gremlin Gang","floor":10.0,"turns":4.0},{"damage":20.0,"enemies":"Exordium Wildlife","floor":12.0,"turns":4.0},{"damage":7.0,"enemies":"Looter","floor":14.0,"turns":3.0},{"damage":18.0,"enemies":"Slime Boss","floor":16.0,"turns":8.0},{"damage":0.0,"enemies":"Chosen","floor":18.0,"turns":2.0},{"damage":19.0,"enemies":"Spheric Guardian","floor":21.0,"turns":4.0},{"damage":19.0,"enemies":"Shelled Parasite and Fungi","floor":22.0,"turns":6.0},{"damage":24.0,"enemies":"Slavers","floor":23.0,"turns":5.0},{"damage":6.0,"enemies":"Snake Plant","floor":27.0,"turns":3.0},{"damage":4.0,"enemies":"Centurion and Healer","floor":28.0,"turns":7.0},{"damage":0.0,"enemies":"Collector","floor":33.0,"turns":11.0},{"damage":0.0,"enemies":"Orb Walker","floor":35.0,"turns":3.0},{"damage":0.0,"enemies":"3 Shapes","floor":37.0,"turns":4.0},{"damage":1.0,"enemies":"Sphere and 2 Shapes","floor":41.0,"turns":4.0},{"damage":6.0,"enemies":"Giant Head","floor":42.0,"turns":7.0},{"damage":0.0,"enemies":"4 Shapes","floor":45.0,"turns":5.0},{"damage":0.0,"enemies":"Reptomancer","floor":46.0,"turns":5.0},{"damage":0.0,"enemies":"Nemesis","floor":48.0,"turns":5.0},{"damage":14.0,"enemies":"Time Eater","floor":50.0,"turns":15.0},{"damage":21.0,"enemies":"Donu and Deca","floor":51.0,"turns":11.0},{"damage":20.0,"enemies":"Shield and Spear","floor":55.0,"turns":4.0},{"damage":52,"enemies":"The Heart","floor":56,"turns":3}],"seed_played":"267420832622799715","potions_obtained":[{"floor":4.0,"key":"Strength Potion"},{"floor":7.0,"key":"SkillPotion"},{"floor":8.0,"key":"Regen Potion"},{"floor":10.0,"key":"Block Potion"},{"floor":14.0,"key":"Swift Potion"},{"floor":22.0,"key":"BlessingOfTheForge"},{"floor":28.0,"key":"FocusPotion"},{"floor":33.0,"key":"Block Potion"},{"floor":35.0,"key":"SpeedPotion"},{"floor":39.0,"key":"DistilledChaos"},{"floor":39.0,"key":"FocusPotion"},{"floor":42.0,"key":"GamblersBrew"},{"floor":46.0,"key":"Block Potion"},{"floor":48.0,"key":"PowerPotion"}],"is_trial":false,"path_per_floor":["M","?","?","M","M","R","E","M","T","M","R","M","R","M","R","B",null,"M","?","$","M","M","E","R","?","T","M","M","R","?","?","R","B",null,"M","?","M","?","?","$","M","E","T","$","M","E","R","E","R","B","B",null,"R","$","E","B"],"character_chosen":"DEFECT","items_purchased":["Defragment","Meat on the Bone","Sunder","Lee\u0027s Waffle","Mummified Hand","TheAbacus","Heatsinks+1","Dark Shackles","Meteor Strike+1","Coolheaded","Bag of Preparation","Static Discharge+1"],"campfire_rested":3,"item_purchase_floors":[20,20,40,40,44,44,44,44,54,54,54,54],"current_hp_per_floor":[64,64,58,58,58,58,40,23,23,17,34,14,14,7,24,6,45,45,45,45,38,31,19,36,36,36,30,38,38,38,38,38,38,53,53,68,68,68,68,75,74,68,68,68,68,68,68,68,68,54,45,68,68,68,48,0,0],"gold":56,"neow_bonus":"ONE_RARE_RELIC","is_daily":false,"chose_seed":false,"campfire_upgraded":6,"win_rate":0.0,"timestamp":1610296023,"path_taken":["M","?","?","M","?","R","E","M","T","M","R","M","R","?","R","BOSS","M","?","$","?","M","E","R","?","T","?","M","R","?","?","R","BOSS","M","?","?","?","?","$","?","E","T","$","M","E","R","E","R","BOSS","BOSS","R","$","E","BOSS"],"items_purchased_type":["Card","Relic","Card","Relic","Relic","Relic","Card","Card","Card","Card","Relic","Card"],"build_version":"2020-12-22","purchased_purges":3,"victory":false,"max_hp_per_floor":[64,64,58,58,58,58,58,58,58,58,58,58,58,58,58,58,58,58,58,58,58,58,58,58,58,58,58,58,58,58,58,58,58,58,58,68,68,68,68,75,75,75,75,75,75,75,75,75,75,75,75,75,75,75,75,75,75],"relic_stats":{"Lee\u0027s Waffle":7,"counters":[27,144],"Golden Idol":184,"PreservedInsect":317,"Bag of Preparation":[4],"Orichalcum":[60],"Smiling Mask":125,"Boot":[10],"WarpedTongs":[98],"Blood Vial":2,"TheAbacus":[72],"Mummified Hand":[73],"Bronze Scales":[393],"Snecko Eye":[211,210,238,212],"obtain_stats":[{"Potion Belt":23,"Lee\u0027s Waffle":40,"Golden Idol":3,"PreservedInsect":26,"Bag of Preparation":54,"Orichalcum":31,"Frozen Egg 2":43,"Smiling Mask":25,"Boot":48,"WarpedTongs":19,"Blood Vial":55,"TheAbacus":44,"Mummified Hand":44,"Bronze Scales":7,"Snecko Eye":17,"Molten Egg 2":46,"Coffee Dripper":34,"Cracked Core":0,"FossilizedHelix":42,"Pocketwatch":0,"Meat on the Bone":20},{"Potion Belt":13,"Lee\u0027s Waffle":18,"Golden Idol":1,"PreservedInsect":13,"Bag of Preparation":25,"Orichalcum":15,"Frozen Egg 2":20,"Smiling Mask":13,"Boot":23,"WarpedTongs":10,"Blood Vial":26,"TheAbacus":20,"Mummified Hand":20,"Bronze Scales":4,"Snecko Eye":9,"Molten Egg 2":22,"Coffee Dripper":16,"Cracked Core":0,"FossilizedHelix":20,"Pocketwatch":0,"Meat on the Bone":10},{"Potion Belt":57,"Lee\u0027s Waffle":85,"Golden Idol":2,"PreservedInsect":57,"Bag of Preparation":137,"Orichalcum":67,"Frozen Egg 2":96,"Smiling Mask":57,"Boot":111,"WarpedTongs":42,"Blood Vial":141,"TheAbacus":96,"Mummified Hand":96,"Bronze Scales":16,"Snecko Eye":40,"Molten Egg 2":106,"Coffee Dripper":78,"Cracked Core":0,"FossilizedHelix":96,"Pocketwatch":0,"Meat on the Bone":42}],"Pocketwatch":[165],"Meat on the Bone":60},"card_choices":[{"not_picked":["Beam Cell","Gash"],"picked":"Conserve Battery","floor":1.0},{"not_picked":["Rebound","Self Repair"],"picked":"Ball Lightning","floor":4.0},{"not_picked":["Heatsinks","Rebound"],"picked":"Chaos","floor":5.0},{"not_picked":["Conserve Battery","Stack","Steam Power"],"picked":"SKIP","floor":7.0},{"not_picked":["Leap","Redo"],"picked":"Ball Lightning","floor":8.0},{"not_picked":["Rebound","Turbo"],"picked":"Lockon","floor":10.0},{"not_picked":["Scrape","Beam Cell"],"picked":"Defragment","floor":12.0},{"not_picked":["Go for the Eyes","Fusion"],"picked":"Cold Snap","floor":14.0},{"not_picked":["Creative AI","Amplify"],"picked":"Machine Learning","floor":16.0},{"not_picked":["Steam","Turbo+1"],"picked":"Force Field","floor":18.0},{"not_picked":["Hello World","Steam Power"],"picked":"Recycle","floor":21.0},{"not_picked":["Gash","Force Field"],"picked":"Capacitor","floor":22.0},{"not_picked":["Hologram","Hello World"],"picked":"Glacier+1","floor":23.0},{"not_picked":["Undo","Stack+1","Chaos"],"picked":"SKIP","floor":27.0},{"not_picked":["Undo","Stack+1"],"picked":"Chaos","floor":27.0},{"not_picked":["Hologram","Storm"],"picked":"Scrape+1","floor":28.0},{"not_picked":["Seek","Rainbow"],"picked":"All For One","floor":33.0},{"not_picked":["Turbo+1","Redo","Sweeping Beam"],"picked":"SKIP","floor":35.0},{"not_picked":["Streamline","BootSequence+1","Gash"],"picked":"SKIP","floor":37.0},{"not_picked":["Thunder Strike","Hologram"],"picked":"Capacitor","floor":41.0},{"not_picked":["Compile Driver","Sunder"],"picked":"Barrage+1","floor":42.0},{"not_picked":["Steam","Beam Cell","Streamline"],"picked":"SKIP","floor":45.0},{"not_picked":["FTL+1","Storm+1"],"picked":"Glacier","floor":46.0},{"not_picked":["Ball Lightning+1","Self Repair+1","Multi-Cast"],"picked":"SKIP","floor":48.0},{"not_picked":["Turbo","Scrape+1"],"picked":"Coolheaded+1","floor":55.0}],"player_experience":2530289,"relics_obtained":[{"floor":7.0,"key":"Bronze Scales"},{"floor":23.0,"key":"Potion Belt"},{"floor":25.0,"key":"Smiling Mask"},{"floor":26.0,"key":"PreservedInsect"},{"floor":42.0,"key":"FossilizedHelix"},{"floor":43.0,"key":"Frozen Egg 2"},{"floor":46.0,"key":"Molten Egg 2"},{"floor":48.0,"key":"Boot"},{"floor":55.0,"key":"Blood Vial"}],"event_choices":[{"damage_healed":0.0,"max_hp_gain":0.0,"max_hp_loss":0.0,"gold_gain":150.0,"event_name":"Liars Game","player_choice":"AGREE","floor":2.0,"gold_loss":0.0,"damage_taken":0.0,"cards_obtained":["Doubt"]},{"damage_healed":0.0,"max_hp_gain":0.0,"max_hp_loss":6.0,"gold_gain":0.0,"event_name":"Golden Idol","player_choice":"Lose Max HP","floor":3.0,"gold_loss":0.0,"damage_taken":0.0,"relics_obtained":["Golden Idol"]},{"damage_healed":0.0,"max_hp_gain":0.0,"max_hp_loss":0.0,"gold_gain":0.0,"event_name":"Accursed Blacksmith","player_choice":"Rummage","floor":19.0,"gold_loss":0.0,"damage_taken":0.0,"relics_obtained":["WarpedTongs"],"cards_obtained":["Pain"]},{"damage_healed":0.0,"max_hp_gain":0.0,"max_hp_loss":0.0,"gold_gain":0.0,"event_name":"Wheel of Change","player_choice":"Relic","floor":25.0,"gold_loss":0.0,"damage_taken":0.0},{"damage_healed":0.0,"max_hp_gain":0.0,"max_hp_loss":0.0,"gold_gain":0.0,"event_name":"Back to Basics","player_choice":"Simplicity","floor":30.0,"gold_loss":0.0,"damage_taken":0.0,"cards_upgraded":["Strike_B","Strike_B","Strike_B","Strike_B","Defend_B","Defend_B","Defend_B","Defend_B"]},{"damage_healed":0.0,"max_hp_gain":0.0,"max_hp_loss":0.0,"gold_gain":0.0,"event_name":"Addict","player_choice":"Obtained Relic","floor":31.0,"gold_loss":85.0,"damage_taken":0.0,"relics_obtained":["Orichalcum"]},{"cards_removed":["Machine Learning"],"damage_healed":5.0,"max_hp_gain":10.0,"max_hp_loss":0.0,"gold_gain":0.0,"event_name":"Bonfire Elementals","player_choice":"Offered Rare","floor":36.0,"gold_loss":0.0,"damage_taken":0.0},{"damage_healed":0.0,"max_hp_gain":0.0,"max_hp_loss":0.0,"gold_gain":999.0,"event_name":"MindBloom","player_choice":"Gold","floor":38.0,"gold_loss":0.0,"damage_taken":0.0,"cards_obtained":["Normality","Normality"]},{"damage_healed":0.0,"max_hp_gain":0.0,"max_hp_loss":0.0,"gold_gain":0.0,"event_name":"The Woman in Blue","player_choice":"Bought 3 Potions","floor":39.0,"gold_loss":0.0,"damage_taken":0.0}],"is_beta":false,"boss_relics":[{"not_picked":["FrozenCore","Ectoplasm"],"picked":"Snecko Eye"},{"not_picked":["Nuclear Battery","Cursed Key"],"picked":"Coffee Dripper"}],"items_purged_floors":[20,40,44],"is_endless":false,"potions_floor_spawned":[4,7,8,10,14,22,28,33,35,42,45,46,48],"killed_by":"The Heart","ascension_level":20}}