{"host":"9d9dhukr2jywmy0f","time":1610292127,"event":{"mods":["2.2 Compatiblity","Alarm Clock","BaseMod","Bestiary","Block Reminder","Colored Map","Colored Powertips","Curses Come First","DeckTracker","Energized Spire","Highlight Path","Key Reminder","Minty Spire (QoL Compilation)","Quick Restart","Rare Cards Sparkle","Relic Sorter","Relic Stats","Spire Birthday Party","StSLib","SuperFastMode","Synergy Search","Unceasing Turn Reminder","Unknown Chances"],"gold_per_floor":[116,116,132,132,151,151,76,76,76,76,88,99,119,137,137,214,214,232,246,171,190,200,200,227,227,227],"floor_reached":25,"playtime":849,"items_purged":["Strike_B"],"score":434,"play_id":"5d041f2b-e628-4f25-b3bb-1ef797624eca","local_time":"20210110232207","is_ascension_mode":true,"campfire_choices":[{"data":"Recycle","floor":6.0,"key":"SMITH"},{"floor":8.0,"key":"RECALL"},{"data":"Cold Snap","floor":10.0,"key":"SMITH"},{"data":"Streamline","floor":15.0,"key":"SMITH"},{"data":"Sunder","floor":23.0,"key":"SMITH"}],"circlet_count":0,"master_deck":["AscendersBane","Strike_B","Strike_B","Defend_B","Defend_B","Defend_B","Defend_B+1","Zap+1","Dualcast+1","Cold Snap+1","Recycle+1","Streamline+1","Gash","Chill","Biased Cognition","Skim+1","Sunder+1","Streamline+1","Redo+1"],"relics":["Cracked Core","NeowsBlessing","keyreminder:keyreminder","Question Card","energizedSpire:NeverEndingSparkler","Shuriken"],"acts_visited":["Exordium","TheCity"],"potions_floor_usage":[25],"damage_taken":[{"damage":0.0,"enemies":"Jaw Worm","floor":1.0,"turns":1.0},{"damage":0.0,"enemies":"2 Louse","floor":3.0,"turns":1.0},{"damage":0.0,"enemies":"Cultist","floor":5.0,"turns":1.0},{"damage":1.0,"enemies":"Blue Slaver","floor":11.0,"turns":4.0},{"damage":9.0,"enemies":"2 Fungi Beasts","floor":12.0,"turns":3.0},{"damage":6.0,"enemies":"Looter","floor":13.0,"turns":2.0},{"damage":0.0,"enemies":"Large Slime","floor":14.0,"turns":5.0},{"damage":10.0,"enemies":"The Guardian","floor":16.0,"turns":13.0},{"damage":21.0,"enemies":"Shell Parasite","floor":18.0,"turns":5.0},{"damage":6.0,"enemies":"Spheric Guardian","floor":19.0,"turns":4.0},{"damage":9.0,"enemies":"Centurion and Healer","floor":21.0,"turns":5.0},{"damage":2.0,"enemies":"3 Cultists","floor":22.0,"turns":5.0},{"damage":14.0,"enemies":"Gremlin Leader","floor":24.0,"turns":9.0},{"damage":0,"enemies":"Snecko","floor":25,"turns":2}],"seed_played":"703142454193946970","potions_obtained":[{"floor":11.0,"key":"DuplicationPotion"},{"floor":12.0,"key":"Dexterity Potion"},{"floor":19.0,"key":"DuplicationPotion"},{"floor":22.0,"key":"PotionOfCapacity"}],"is_trial":false,"path_per_floor":["M","?","M","?","M","R","?","R","T","R","M","M","M","M","R","B",null,"M","M","$","M","M","R","E","M"],"character_chosen":"DEFECT","items_purchased":[],"campfire_rested":0,"item_purchase_floors":[],"current_hp_per_floor":[64,43,43,43,43,43,43,43,43,43,42,33,27,27,27,17,58,37,31,31,22,20,20,6,6,6],"gold":227,"neow_bonus":"THREE_ENEMY_KILL","is_daily":false,"chose_seed":false,"campfire_upgraded":4,"win_rate":0.0,"timestamp":1610292127,"path_taken":["M","?","M","?","?","R","?","R","T","R","M","M","M","M","R","BOSS","M","M","$","M","M","R","E","M"],"items_purchased_type":[],"build_version":"2020-11-30","purchased_purges":1,"victory":false,"max_hp_per_floor":[71,71,71,71,71,71,71,71,71,71,71,71,71,71,71,71,71,71,71,71,71,71,71,71,71,71],"relic_stats":{"counters":[14,60],"Shuriken":[0],"Question Card":10,"obtain_stats":[{"keyreminder:keyreminder":8,"NeowsBlessing":0,"energizedSpire:NeverEndingSparkler":17,"Shuriken":24,"Cracked Core":0,"Question Card":9},{"keyreminder:keyreminder":3,"NeowsBlessing":0,"energizedSpire:NeverEndingSparkler":8,"Shuriken":13,"Cracked Core":0,"Question Card":3},{"keyreminder:keyreminder":3,"NeowsBlessing":0,"energizedSpire:NeverEndingSparkler":30,"Shuriken":58,"Cracked Core":0,"Question Card":3}]},"card_choices":[{"not_picked":["Gash","Compile Driver","Leap"],"picked":"SKIP","floor":1.0},{"not_picked":["Hologram","Conserve Battery"],"picked":"Cold Snap","floor":3.0},{"not_picked":["Conserve Battery","Tempest"],"picked":"Recycle","floor":5.0},{"not_picked":["Melter","Turbo","Sweeping Beam","Amplify"],"picked":"SKIP","floor":11.0},{"not_picked":["Hologram","Lockon","Sweeping Beam"],"picked":"Streamline","floor":12.0},{"not_picked":["Compile Driver","Leap","Beam Cell"],"picked":"Gash","floor":13.0},{"not_picked":["Lockon","Auto Shields","Rip and Tear"],"picked":"Chill","floor":14.0},{"not_picked":["All For One","Reboot","Thunder Strike"],"picked":"Biased Cognition","floor":16.0},{"not_picked":["Streamline","Scrape","Rip and Tear","Stack+1"],"picked":"SKIP","floor":18.0},{"not_picked":["Turbo","Double Energy+1","Lockon"],"picked":"Skim+1","floor":19.0},{"not_picked":["Hologram","Scrape","Conserve Battery"],"picked":"Sunder","floor":21.0},{"not_picked":["Go for the Eyes","Compile Driver","Gash+1"],"picked":"Streamline+1","floor":22.0},{"not_picked":["Lockon","Sunder","Darkness"],"picked":"Redo+1","floor":24.0}],"player_experience":820416,"relics_obtained":[{"floor":9.0,"key":"Question Card"},{"floor":24.0,"key":"Shuriken"}],"event_choices":[{"damage_healed":0.0,"max_hp_gain":0.0,"max_hp_loss":0.0,"gold_gain":0.0,"event_name":"Shining Light","player_choice":"Entered Light","floor":2.0,"gold_loss":0.0,"damage_taken":21.0,"cards_upgraded":["Dualcast","Defend_B"]},{"damage_healed":0.0,"max_hp_gain":0.0,"max_hp_loss":0.0,"gold_gain":0.0,"event_name":"Upgrade Shrine","player_choice":"Upgraded","floor":4.0,"gold_loss":0.0,"damage_taken":0.0,"cards_upgraded":["Zap"]},{"cards_removed":["Strike_B"],"damage_healed":0.0,"max_hp_gain":0.0,"max_hp_loss":0.0,"gold_gain":0.0,"event_name":"The Cleric","player_choice":"Card Removal","floor":7.0,"gold_loss":75.0,"damage_taken":0.0}],"is_beta":false,"boss_relics":[{"not_picked":["FrozenCore","Runic Pyramid"],"picked":"energizedSpire:NeverEndingSparkler"}],"items_purged_floors":[20],"is_endless":false,"potions_floor_spawned":[11,12,19,22],"killed_by":"Snecko","ascension_level":20}}