{"host":"w9yruvs4bqht6bhw","time":1610238103,"event":{"mods":["BaseMod","Colored Powertips","Minty Spire (QoL Compilation)"],"gold_per_floor":[110,130,141,2,2,2,41,41,41,85,85,101,114,139,139,258,258,271,271,21,35,11,11,11],"floor_reached":23,"playtime":701,"items_purged":[],"score":281,"play_id":"88b18130-ed73-4910-9afe-01e7b270db1e","local_time":"20210109192143","is_ascension_mode":true,"campfire_choices":[{"data":"Anger","floor":6,"key":"SMITH"},{"floor":11,"key":"REST"},{"data":"Flash of Steel","floor":15,"key":"SMITH"}],"circlet_count":0,"master_deck":["Strike_R","Strike_R","Strike_R","Strike_R","Strike_R+1","Defend_R+1","Defend_R+1","Defend_R","Defend_R+1","Bash","Anger+1","Flash of Steel+1","Shrug It Off","Armaments","Inflame+1","Reaper"],"relics":["Burning Blood","NeowsBlessing","Golden Idol","Shuriken","War Paint","Dream Catcher","Membership Card","Lantern"],"acts_visited":["Exordium","TheCity"],"potions_floor_usage":[7,7,10,12,16,21,23],"damage_taken":[{"damage":0,"enemies":"Small Slimes","floor":1,"turns":1},{"damage":0,"enemies":"Jaw Worm","floor":2,"turns":1},{"damage":0,"enemies":"Cultist","floor":3,"turns":1},{"damage":25,"enemies":"Lagavulin","floor":7,"turns":4},{"damage":6,"enemies":"3 Sentries","floor":10,"turns":6},{"damage":4,"enemies":"Gremlin Gang","floor":12,"turns":5},{"damage":2,"enemies":"Exordium Wildlife","floor":13,"turns":4},{"damage":3,"enemies":"Looter","floor":14,"turns":3},{"damage":44,"enemies":"Hexaghost","floor":16,"turns":7},{"damage":26,"enemies":"Shell Parasite","floor":18,"turns":6},{"damage":0,"enemies":"Chosen","floor":21,"turns":4},{"damage":72,"enemies":"Slavers","floor":23,"turns":5}],"seed_played":"7918376809999556039","potions_obtained":[{"floor":1,"key":"SneckoOil"},{"floor":2,"key":"FearPotion"},{"floor":10,"key":"Regen Potion"},{"floor":12,"key":"Strength Potion"}],"is_trial":false,"path_per_floor":["M","M","M","$","?","R","E","?","T","E","R","M","M","M","R","B",null,"M","?","$","M","$","E"],"character_chosen":"IRONCLAD","items_purchased":["AttackPotion","Flash of Steel","Membership Card","Lantern","AttackPotion","PowerPotion"],"campfire_rested":1,"item_purchase_floors":[4,4,20,20,20,22],"current_hp_per_floor":[78,80,80,80,74,74,55,40,40,40,62,74,74,74,74,36,65,45,45,45,51,51,0,0],"gold":11,"neow_bonus":"THREE_ENEMY_KILL","is_daily":false,"chose_seed":false,"campfire_upgraded":2,"win_rate":0.0,"timestamp":1610238103,"path_taken":["M","M","M","$","?","R","E","?","T","E","R","M","M","M","R","BOSS","M","?","$","M","$","E"],"items_purchased_type":["Potion","Card","Relic","Relic","Potion","Potion"],"build_version":"2020-12-22","purchased_purges":0,"victory":false,"max_hp_per_floor":[80,80,80,80,74,74,74,74,74,74,74,74,74,74,74,74,74,74,74,74,74,74,74,74],"card_choices":[{"not_picked":["Feel No Pain","Sword Boomerang","Burning Pact"],"picked":"SKIP","floor":1},{"not_picked":["Twin Strike","Body Slam"],"picked":"Anger","floor":2},{"not_picked":["Havoc","Fire Breathing","Perfected Strike"],"picked":"SKIP","floor":3},{"not_picked":["Reckless Charge","Fire Breathing","Flame Barrier"],"picked":"SKIP","floor":7},{"not_picked":["Disarm","Iron Wave"],"picked":"Shrug It Off","floor":10},{"not_picked":["Carnage","Flex"],"picked":"Armaments","floor":11},{"not_picked":["Reckless Charge","Heavy Blade","Body Slam"],"picked":"SKIP","floor":12},{"not_picked":["Wild Strike","Cleave","Feed"],"picked":"SKIP","floor":13},{"not_picked":["Iron Wave","Cleave"],"picked":"Inflame","floor":14},{"not_picked":["Barricade","Offering"],"picked":"Reaper","floor":16},{"not_picked":["Clothesline","Sword Boomerang","Clash"],"picked":"SKIP","floor":18},{"not_picked":["Burning Pact","Bloodletting","Thunderclap"],"picked":"SKIP","floor":21}],"player_experience":360558,"relics_obtained":[{"floor":7,"key":"Shuriken"},{"floor":9,"key":"War Paint"},{"floor":10,"key":"Dream Catcher"}],"event_choices":[{"damage_healed":0,"gold_gain":0,"player_choice":"Lose Max HP","damage_taken":0,"relics_obtained":["Golden Idol"],"max_hp_gain":0,"max_hp_loss":6,"event_name":"Golden Idol","floor":5,"gold_loss":0},{"damage_healed":0,"gold_gain":0,"player_choice":"Entered Light","damage_taken":15,"max_hp_gain":0,"max_hp_loss":0,"event_name":"Shining Light","floor":8,"gold_loss":0,"cards_upgraded":["Defend_R","Strike_R"]},{"damage_healed":0,"gold_gain":0,"player_choice":"Forge","damage_taken":0,"max_hp_gain":0,"max_hp_loss":0,"event_name":"Accursed Blacksmith","floor":19,"gold_loss":0,"cards_upgraded":["Inflame"]}],"is_beta":false,"boss_relics":[{"not_picked":["Pandora\u0027s Box","Astrolabe","Runic Pyramid"]}],"items_purged_floors":[],"is_endless":false,"potions_floor_spawned":[1,2,10,12],"killed_by":"Slavers","ascension_level":8}}