{"host":"aryhiqwk5b07l19u","time":1610248486,"event":{"mods":["Act Like it!","Arknights The Spire","BaseMod","Better Third Choice","Colored Powertips","Downfall","Gensokyo","HololiveMod","Koishi","Marisa£®ÏF”Í°°ƒß¿Ì…≥£©","Minty Spire (QoL Compilation)","Quick Restart","Rare Cards Sparkle","Reimu£®≤©¿ˆ¡È√Œ£©","Relic Stats","Remilia£®¿Ÿ√◊¿Ú—«£©","Replay The Spire","StSLib","The Administrix","The Construct","The Servant 0.9.4","Yakumo Yukari mod","Youmu£®ªÍ∆«—˝√Œ£©","Yuyuko"],"gold_per_floor":[99,118,133,9,9,9,9],"floor_reached":6,"playtime":267,"items_purged":[],"score":37,"play_id":"43b76a67-0704-48e3-ad1a-d91f29b59ddc","local_time":"20210110111446","is_ascension_mode":true,"campfire_choices":[{"floor":1,"key":"RECALL"}],"circlet_count":0,"master_deck":["ats:Strike C","ats:Strike G","ats:Strike S","ats:Strike V","ats:Armor Crushing Shot","ats:Defend","ats:Defend","ats:Defend","ats:Defend","ats:Emotion Absorption","ats:Flexible Camouflage","ats:Apocalypse","Gensokyo:TarnishedGold","Gensokyo:BlemishedSteel","Gensokyo:RustyChest","ats:Healing Strengthening+1"],"relics":["ats:Sanity","PreservedInsect"],"acts_visited":["Gensokyo:Gensokyo"],"potions_floor_usage":[],"damage_taken":[{"damage":14,"enemies":"Gensokyo:Gryphon","floor":2,"turns":5},{"damage":4,"enemies":"Gensokyo:2_Kodama","floor":3,"turns":4},{"damage":86,"enemies":"Gensokyo:Mamizou","floor":6,"turns":12}],"seed_played":"-1349802751985651543","potions_obtained":[],"is_trial":false,"path_per_floor":["R","M","M","COS","?","E"],"character_chosen":"DOCTOR_CLASS","items_purchased":[],"campfire_rested":0,"item_purchase_floors":[],"current_hp_per_floor":[72,58,54,54,54,0,0],"gold":9,"neow_bonus":"RANDOM_COMMON_RELIC","is_daily":false,"chose_seed":false,"campfire_upgraded":0,"win_rate":0.0,"timestamp":1610248486,"path_taken":["R","M","M","COS","?","E"],"items_purchased_type":[],"build_version":"2020-12-22","purchased_purges":0,"victory":false,"max_hp_per_floor":[72,72,72,72,72,72,72],"relic_stats":{"counters":[3,21],"PreservedInsect":23,"obtain_stats":[{"PreservedInsect":0,"ats:Sanity":0},{"PreservedInsect":0,"ats:Sanity":0},{"PreservedInsect":0,"ats:Sanity":0}]},"card_choices":[{"not_picked":["ats:Childhood Dance","ats:Leaping Hammer"],"picked":"ats:Flexible Camouflage","floor":2},{"not_picked":["ats:Demon Strength","ats:Cat Scratch"],"picked":"ats:Apocalypse","floor":3}],"player_experience":780788,"relics_obtained":[],"event_choices":[],"is_beta":false,"boss_relics":[],"items_purged_floors":[],"is_endless":false,"potions_floor_spawned":[],"killed_by":"Gensokyo:Mamizou","ascension_level":2}}