{"host":"gsmj583br51y3r1c","time":1610273865,"event":{"mods":["AchievementEnabler","BaseMod","Better Note","Better Third Choice","Colored Map","Dark Map","Downfall","Hermit","Highlight Path","Infinite Spire","Marisa????????","Minty Spire (QoL Compilation)","Permanent Neow","Quick Restart","StSLib","The Bug Knight","The Cursed","The Marked","The Mystic","The Servant 0.9.4","everything is the same but u backflip on backflip"],"gold_per_floor":[126,137,214,244,12,12,12,12,12,12,40,75,101,136,136,143,143],"floor_reached":16,"playtime":1078,"items_purged":[],"score":92,"play_id":"42dcdc38-d433-4879-b183-59308d23d004","local_time":"20210110121745","is_ascension_mode":false,"campfire_choices":[{"data":"hermit:DeadOrAlive","floor":6,"key":"SMITH"},{"data":"hermit:Scavenge","floor":10,"key":"SMITH"},{"data":"hermit:TakeCover","floor":15,"key":"SMITH"}],"circlet_count":0,"master_deck":["hermit:Strike_Hermit","hermit:Strike_Hermit","hermit:Strike_Hermit","hermit:Strike_Hermit","hermit:Defend_Hermit","hermit:Defend_Hermit","hermit:Defend_Hermit","hermit:Snapshot","hermit:Covet","hermit:DeadOrAlive+1","hermit:Horror","hermit:Scavenge+1","hermit:GhostlyPresence","Injury","hermit:TakeCover","hermit:TakeCover+1","hermit:LoneWolf"],"relics":["hermit:Momento","Eternal Feather","MealTicket","Golden Idol","White Beast Statue","Oddly Smooth Stone"],"acts_visited":["Exordium"],"potions_floor_usage":[16,16,16],"damage_taken":[{"damage":0,"enemies":"Cultist","floor":1,"turns":2},{"damage":0,"enemies":"2 Louse","floor":2,"turns":2},{"damage":1,"enemies":"Small Slimes","floor":4,"turns":2},{"damage":0,"enemies":"3 Louse","floor":11,"turns":3},{"damage":10,"enemies":"Looter","floor":12,"turns":2},{"damage":15,"enemies":"Exordium Wildlife","floor":14,"turns":3},{"damage":19,"enemies":"Slime Boss","floor":16,"turns":9}],"seed_played":"7538047222255961754","potions_obtained":[{"floor":2,"key":"Regen Potion"},{"floor":11,"key":"EssenceOfSteel"},{"floor":12,"key":"Dexterity Potion"},{"floor":14,"key":"hexamod:EctoCoolerPotion"}],"is_trial":false,"path_per_floor":["M","M","T","M","$","R","?","?","T","R","M","M","T","M","R","B"],"character_chosen":"HERMIT","items_purchased":["MealTicket","hermit:GhostlyPresence"],"campfire_rested":0,"item_purchase_floors":[5,5],"current_hp_per_floor":[68,68,68,67,67,68,61,61,61,67,67,57,57,42,51,47,47],"gold":143,"neow_bonus":"THREE_RARE_CARDS","is_daily":false,"chose_seed":false,"campfire_upgraded":3,"win_rate":0.0,"timestamp":1610273865,"path_taken":["M","M","?","M","?","R","?","?","T","R","M","M","?","M","R","BOSS"],"items_purchased_type":["Relic","Card"],"build_version":"2020-12-22","purchased_purges":0,"victory":false,"max_hp_per_floor":[68,68,68,68,68,68,68,68,68,68,68,68,68,68,68,68,68],"card_choices":[{"not_picked":["hermit:Adapt","hermit:Reprieve"],"picked":"hermit:DeadOrAlive","floor":0},{"not_picked":["hermit:DeadMansHand","hermit:HighCaliber"],"picked":"hermit:Horror","floor":1},{"not_picked":["hermit:Headshot","hermit:Snipe"],"picked":"hermit:Scavenge","floor":2},{"not_picked":["hermit:Snipe","hermit:Feint","hermit:Roulette"],"picked":"SKIP","floor":4},{"not_picked":["hermit:Snipe","hermit:Feint","hermit:Roulette"],"picked":"SKIP","floor":4},{"not_picked":["hermit:CursedWeapon","hermit:Maintenance"],"picked":"hermit:TakeCover","floor":11},{"not_picked":["hermit:Vantage","hermit:Shortfuse"],"picked":"hermit:TakeCover","floor":12},{"not_picked":["hermit:Combo","hermit:Coalescence"],"picked":"hermit:LoneWolf","floor":14}],"player_experience":376570,"relics_obtained":[{"floor":3,"key":"Eternal Feather"},{"floor":9,"key":"White Beast Statue"},{"floor":13,"key":"Oddly Smooth Stone"}],"event_choices":[{"cards_removed":["hermit:Defend_Hermit"],"damage_healed":0,"gold_gain":0,"player_choice":"Card Removal","damage_taken":7,"max_hp_gain":0,"max_hp_loss":0,"event_name":"Golden Wing","floor":7,"gold_loss":0},{"damage_healed":0,"gold_gain":0,"player_choice":"Take Wound","damage_taken":0,"relics_obtained":["Golden Idol"],"max_hp_gain":0,"max_hp_loss":0,"event_name":"Golden Idol","floor":8,"gold_loss":0,"cards_obtained":["Injury"]}],"is_beta":false,"boss_relics":[],"items_purged_floors":[],"is_endless":false,"potions_floor_spawned":[2,11,12,14],"killed_by":"Slime Boss","ascension_level":0}}