{"host":"idmgg8r816nmas40","time":1610241469,"event":{"mods":["AchievementEnabler","AlwaysNeverKeys","BaseMod","BetterRewards","Block Reminder","Colored Map","Colored Powertips","DeckTracker","Googly Eyes","Highlight Path","Hubris","Infinite Spire","Minty Spire (QoL Compilation)","Quick Restart","Relic Stats","Replay The Spire","Shop Mod","StSLib","SuperFastMode","Synergy Search","Transform Curses"],"gold_per_floor":[109,127,127,127,144,144,175,15,63,97,97,127,150,189,189,266,266,280,195,195,195,217,254,254,272,272,302,302,320,348,52,52,123,123,137,324,349,359,298,338,363,363,363,376,399,442,464,506,506,541,561,561,561,153,194,209],"floor_reached":57,"playtime":2349,"items_purged":["Writhe"],"score":4461,"play_id":"21474d37-9107-4fb2-b537-4419fd463576","local_time":"20210109181749","is_ascension_mode":true,"campfire_choices":[{"data":"White Noise","floor":6.0,"key":"SMITH"},{"floor":15.0,"key":"DIG"},{"floor":24,"key":"DIG"},{"floor":32,"key":"DIG"},{"floor":42,"key":"DIG"},{"floor":49,"key":"DIG"},{"floor":53,"key":"DIG"}],"circlet_count":0,"master_deck":["AscendersBane","Strike_B","Strike_B","Strike_B","Strike_B","Defend_B","Defend_B","Defend_B+1","Defend_B+1","Zap","Dualcast+1","Creative AI+1","Storm+1","All For One+1","Storm","Doom and Gloom","Barrage","Melter","Melter","White Noise+1","Genetic Algorithm","Loop","Seek","Redo+1","hubris:PowerSurge","Storm","Sunder+1","Steam+1","Static Discharge","Static Discharge","Conserve Battery","Conserve Battery","Defragment+1","Mayhem+1","Leap+1","Sadistic Nature+1","Gash+1","Gash+1","Sweeping Beam+1","Chill+1","Self Repair+1","Echo Form+1","Apotheosis+1","ReplayUltimateDefense+1","Distraction+1","Fire Breathing+1","Gash+1","White Noise+1","Specialist+1","ReplaySort+1","hubris:EnhanceAbility+1","CurseOfTheBell","hubris:DuctTapeCard","Pot Of Greed+1","Pot Of Greed+1","Pot Of Greed+1","Pot Of Greed+1","Pot Of Greed+1","Exhume+1","Armaments+1","Rage+1","hubris:PowerSurge+1","Metallicize+1","Storm+1","Pot Of Greed+1","Panache+1","Panache+1","Backstab+1","Limit Break+1","Leg Sweep+1","Parasite","Exhume+1","Chill+1","Doom and Gloom+1","Heatsinks+1","Heatsinks+1","White Noise+1"],"relics":["Cracked Core","hubris:TenFootPole","Replay:Bandana","Chemical X","ReplayTheSpireMod:TigerMarble","Bag of Preparation","BargainBundle","Bronze Scales","Boot","hubris:SlimyHat","Sling","ReplayTheSpireMod:Ninjato","ClockworkSouvenir","Bird Faced Urn","Runic Capacitor","Blood Vial","Vajra","infinitespire:FocusingShard","hubris:SphereOfDissonance","Kunai","ReplayTheSpireMod:Lightbulb","Regal Pillow","infinitespire:BottledMercury","OrangePellets","hubris:SoftwareUpdate","ReplayTheSpireMod:ShopPack","Replay:Baseball","MealTicket","Nunchaku","Membership Card","Ancient Tea Set","Anchor","War Paint","hubris:BallOfYels","Frozen Egg 2","DollysMirror","infinitespire:ShieldingShard","infinitespire:Lucky Rock","Toxic Egg 2","Iron Hammer","hubris:DuctTape","PrismaticShard","Golden Egg","Bottled Tornado","HornCleat","PreservedInsect","infinitespire:PuzzleCube","Shovel","Bag of Marbles","ReplayTheSpireMod:Shallot","Odd Mushroom","hubris:DeckOfHolding","infinitespire:Midas Blood","Calling Bell","infinitespire:Freezer","Mirror","Thread and Needle","Centennial Puzzle","Torii","Molten Egg 2","hubris:DisguiseKit","Guide Book","Replay:Rubber Ducky","DataDisk","Replay:Frozen Program","MerchantsRug","Onion Ring","infinitespire:WardingShard","hubris:CrystalStatue","Meat on the Bone","Akabeko","Replay:Accelerometer","Quantum Egg","Raider\u0027s Mask","FossilizedHelix","Pen Nib","Turnip"],"acts_visited":["Exordium","TheCity","TheBeyond","TheEnding"],"potions_floor_usage":[],"damage_taken":[{"damage":0.0,"enemies":"Small Slimes","floor":1.0,"turns":2.0},{"damage":0.0,"enemies":"2 Louse","floor":2.0,"turns":2.0},{"damage":0.0,"enemies":"Cultist","floor":5.0,"turns":2.0},{"damage":0.0,"enemies":"Replay:BlueRogue","floor":7.0,"turns":2.0},{"damage":0.0,"enemies":"Gremlin Nob","floor":10.0,"turns":2.0},{"damage":0.0,"enemies":"Blue Slaver","floor":12.0,"turns":2.0},{"damage":0.0,"enemies":"The Mushroom Lair","floor":13.0,"turns":2.0},{"damage":0.0,"enemies":"3 Sentries","floor":14.0,"turns":2.0},{"damage":0.0,"enemies":"The Guardian","floor":16.0,"turns":3.0},{"damage":0,"enemies":"Spheric Guardian","floor":18,"turns":1},{"damage":0,"enemies":"Shell Parasite","floor":22,"turns":2},{"damage":0,"enemies":"Slavers","floor":23,"turns":2},{"damage":0,"enemies":"Snake Plant","floor":25,"turns":1},{"damage":0,"enemies":"Gremlin Leader","floor":27,"turns":3},{"damage":0,"enemies":"Centurion and Healer","floor":29,"turns":2},{"damage":0,"enemies":"Slavers","floor":30,"turns":2},{"damage":0,"enemies":"Automaton","floor":33,"turns":2},{"damage":0,"enemies":"3 Darklings","floor":35,"turns":2},{"damage":0,"enemies":"Mind Bloom Boss Battle","floor":37,"turns":2},{"damage":0,"enemies":"Orb Walker","floor":38,"turns":2},{"damage":0,"enemies":"R_Hoarder","floor":40,"turns":3},{"damage":0,"enemies":"3 Darklings","floor":41,"turns":2},{"damage":0,"enemies":"Jaw Worm Horde","floor":44,"turns":1},{"damage":0,"enemies":"Writhing Mass","floor":45,"turns":2},{"damage":0,"enemies":"Reptomancer","floor":46,"turns":2},{"damage":0,"enemies":"Sphere and 2 Shapes","floor":47,"turns":1},{"damage":0,"enemies":"R_Hoarder","floor":48,"turns":2},{"damage":0,"enemies":"infinitespire:MassOfShapes","floor":50,"turns":3},{"damage":0,"enemies":"Donu and Deca","floor":51,"turns":2},{"damage":0,"enemies":"Shield and Spear","floor":55,"turns":1},{"damage":0,"enemies":"The Heart","floor":56,"turns":5}],"seed_played":"-1722863589855454864","potions_obtained":[{"floor":2.0,"key":"Energy Potion"},{"floor":10.0,"key":"Fire Potion"}],"is_trial":false,"path_per_floor":["M","M","?","?","M","R","E","$","T","E","?","M","?","E","R","B",null,"M","?","?","?","M","E","R","M","T","E","?","M","E","$","R","B",null,"M","?","?","M","$","E","M","R","T","M","M","E","M","E","R","B","B",null,"R","$","E","B",null],"character_chosen":"DEFECT","items_purchased":["hubris:TenFootPole","Replay:Bandana","Chemical X","Creative AI","ReplayTheSpireMod:TigerMarble","Storm","Bag of Preparation","All For One","BargainBundle","Bronze Scales","Boot","Storm","Doom and Gloom","Barrage","hubris:SlimyHat","Sling","Melter","White Noise","ReplayTheSpireMod:Ninjato","ClockworkSouvenir","Bird Faced Urn","Genetic Algorithm","Runic Capacitor","Loop","Seek","Blood Vial","Vajra","Redo+1","infinitespire:FocusingShard","hubris:SphereOfDissonance","Kunai","hubris:PowerSurge","ReplayTheSpireMod:Lightbulb","Regal Pillow","infinitespire:BottledMercury","OrangePellets","Storm","Sunder+1","hubris:SoftwareUpdate","ReplayTheSpireMod:ShopPack","Replay:Baseball","Steam+1","MealTicket","Nunchaku","Membership Card","Static Discharge","Ancient Tea Set","Anchor","War Paint","Conserve Battery","hubris:BallOfYels","Frozen Egg 2","Storm+1","DollysMirror","infinitespire:ShieldingShard","infinitespire:Lucky Rock","Defragment+1","Mayhem+1","Toxic Egg 2","Iron Hammer","Leap+1","hubris:DuctTape","Sadistic Nature+1","PrismaticShard","Golden Egg","Bottled Tornado","Gash","Sweeping Beam","Chill+1","HornCleat","Self Repair+1","Echo Form+1","Shovel","Storm+1","Guide Book","Replay:Rubber Ducky","Panache+1","Replay:Frozen Program","MerchantsRug","Raider\u0027s Mask","FossilizedHelix","Heatsinks+1","Pen Nib"],"campfire_rested":0,"item_purchase_floors":[0,0,0,0,0,0,0,0,0,0,0,0,0,0,0,0,0,0,0,0,0,0,0,0,0,0,0,0,0,0,0,0,0,0,0,0,0,0,0,0,0,0,0,0,0,0,0,0,0,0,0,0,0,0,0,0,0,0,0,0,0,0,0,0,0,0,0,0,0,0,0,0,8,31,31,31,31,39,39,54,54,54,54],"current_hp_per_floor":[71,71,71,69,71,71,71,71,71,71,61,69,71,71,71,71,71,71,71,71,71,71,71,71,71,71,71,71,71,71,71,71,71,71,71,57,71,71,71,71,71,71,71,71,71,71,71,71,71,71,71,71,71,71,71,71],"gold":209,"neow_bonus":"","is_daily":false,"chose_seed":false,"campfire_upgraded":1,"win_rate":0.0,"timestamp":1610241469,"path_taken":["M","M","?","?","?","R","E","$","T","E","?","M","?","E","R","BOSS","M","?","?","?","M","E","R","?","T","E","?","M","E","$","R","BOSS","M","?","?","M","?","E","M","R","T","?","M","E","M","E","R","BOSS","BOSS","R","$","E","BOSS"],"items_purchased_type":["Relic","Relic","Relic","Card","Relic","Card","Relic","Card","Relic","Relic","Relic","Card","Card","Card","Relic","Relic","Card","Card","Relic","Relic","Relic","Card","Relic","Card","Card","Relic","Relic","Card","Relic","Relic","Relic","Card","Relic","Relic","Relic","Relic","Card","Card","Relic","Relic","Relic","Card","Relic","Relic","Relic","Card","Relic","Relic","Relic","Card","Relic","Relic","Card","Relic","Relic","Relic","Card","Card","Relic","Relic","Card","Relic","Card","Relic","Relic","Relic","Card","Card","Card","Relic","Card","Card","Relic","Card","Relic","Relic","Card","Relic","Relic","Relic","Relic","Card","Relic"],"build_version":"2020-12-22","purchased_purges":1,"victory":true,"max_hp_per_floor":[71,71,71,71,71,71,71,71,71,71,71,71,71,71,71,71,71,71,71,71,71,71,71,71,71,71,71,71,71,71,71,71,71,71,71,71,71,71,71,71,71,71,71,71,71,71,71,71,71,71,71,71,71,71,71,71],"relic_stats":{"Regal Pillow":0,"Torii":0,"counters":[154,483],"PreservedInsect":494,"Pen Nib":[1],"Bag of Preparation":[62],"War Paint":["Turbo","Conserve Battery","Dualcast","Defend_B"],"Boot":[0],"Blood Vial":10,"OrangePellets":[51],"Nunchaku":[3],"Centennial Puzzle":[0],"Shovel":6,"Bronze Scales":[135],"Bird Faced Urn":[23],"MealTicket":0,"Turnip":[2],"Chemical X":[3],"Kunai":[0],"obtain_stats":[{"Replay:Accelerometer":77,"Golden Egg":98,"hubris:BallOfYels":98,"infinitespire:BottledMercury":0,"Ginger":110,"Bottled Tornado":0,"Sling":0,"Boot":0,"FrozenCore":138,"Blood Vial":0,"Replay:Ringing Soul":0,"infinitespire:ShieldingShard":98,"MealTicket":26,"hubris:DeckOfHolding":14,"HandDrill":22,"Kunai":0,"Replay:Wax Seal":98,"hubris:RGBLights":93,"hubris:MobiusCoin":9,"MerchantsRug":39,"Pear":98,"Counterbalance":0,"hubris:SphereOfDissonance":61,"Pen Nib":128,"Replay:Ancient Bell":34,"Akabeko":48,"SlaversCollar":69,"infinitespire:Broken Mirror":126,"MutagenicStrength":21,"Bird Faced Urn":0,"CultistMask":2,"hubris:TenFootPole":171,"StrikeDummy":0,"Unceasing Top":24,"infinitespire:PuzzleCube":7,"Regal Pillow":29,"Lantern":28,"Carrot":142,"Torii":23,"Blue Doll":65,"Replay:Multitool":89,"Bag of Preparation":0,"Ancient Tea Set":0,"Pet Ghost":7,"hubris:EvacipatedBox":98,"Replay:Rubber Ducky":34,"hubris:Backtick":17,"Shovel":8,"hubris:ScarierMask":104,"hubris:CuriousFeather":140,"Chemical X":0,"Replay:Bottled Eggs":43,"hubris:GlazedTorus":21,"Lee\u0027s Waffle":3,"Circlet":71,"Thread and Needle":17,"PreservedInsect":14,"Geode":60,"Omamori":98,"infinitespire:CheckeredPen":19,"infinitespire:Lucky Rock":26,"hubris:Towel":4,"Frozen Egg 2":0,"MawBank":78,"Nuclear Battery":121,"Orrery":25,"Turnip":55,"Art of War":6,"Garlic":62,"ReplayTheSpireMod:Lightbulb":0,"infinitespire:Midas Blood":113,"hubris:BottledRain":158,"infinitespire:Freezer":17,"Ice Cream":165,"Calipers":0,"hubris:CrystalStatue":132,"CeramicFish":20,"Vajra":6,"Runic Capacitor":0,"Raider\u0027s Mask":54,"hubris:TerracottaHorce":17,"Centennial Puzzle":25,"HornCleat":0,"Replay:Frozen Program":39,"DollysMirror":126,"Strawberry":147,"Honey Jar":90,"Prayer Wheel":79,"Philosopher\u0027s Stone":86,"Iron Hammer":0,"Toxic Egg 2":98,"Happy Flower":126,"hubris:DuctTape":0,"ReplayTheSpireMod:CursedCoin":76,"hubris:SoftwareUpdate":149,"hubris:FruitBowl":98,"Ring of Chaos":34,"War Paint":153,"hubris:Zylophone":98,"OrangePellets":0,"Replay:Baseball":0,"ReplayTheSpireMod:Shallot":10,"Shuriken":34,"Bronze Scales":152,"Onion Ring":56,"Simple Rune":98,"Molten Egg 2":24,"ReplayTheSpireMod:TigerMarble":22,"infinitespire:EmpoweringShard":97,"hubris:ToyBattleship":129,"Grinning Jar":21,"Mirror":17,"NlothsMask":109,"Meat on the Bone":46,"ReplayFunnel":27,"SacredBark":156,"Enchiridion":89,"Incense Burner":34,"hubris:SlimyHat":134,"Replay:Mystery Machine":112,"PrismaticShard":0,"ClockworkSouvenir":0,"Replay:Bandana":0,"Dream Catcher":95,"Nunchaku":0,"hubris:Icosahedron":88,"Mummified Hand":0,"Gambling Chip":170,"Red Mask":31,"Replay:Antivirus Software":7,"Cracked Core":0,"Gremlin Food":41,"hubris:DisguiseKit":27,"BargainBundle":0,"ReplayTheSpireMod:Ninjato":144,"Guide Book":98,"Quantum Egg":53,"hubris:MedicalManual":39,"infinitespire:FocusingShard":0,"Odd Mushroom":13,"Medical Kit":90,"Mercury Hourglass":130,"Peace Pipe":57,"Calling Bell":17,"DataDisk":9,"Anchor":9,"infinitespire:WardingShard":42,"ChewingGum":17,"hubris:BundleOfHerbs":26,"Bag of Marbles":23,"Snack Pack":25,"Coffee Dripper":173,"Membership Card":17,"PureWater":0,"hubris:Potato":12,"FossilizedHelix":96,"ReplayTheSpireMod:ShopPack":0},{"Replay:Accelerometer":77,"Golden Egg":88,"hubris:BallOfYels":88,"infinitespire:BottledMercury":123,"Ginger":95,"Bottled Tornado":123,"Sling":0,"Boot":123,"FrozenCore":109,"Blood Vial":123,"Replay:Ringing Soul":0,"infinitespire:ShieldingShard":88,"MealTicket":11,"hubris:DeckOfHolding":131,"HandDrill":32,"Kunai":123,"Replay:Wax Seal":88,"hubris:RGBLights":87,"hubris:MobiusCoin":4,"MerchantsRug":143,"Pear":88,"Counterbalance":20,"hubris:SphereOfDissonance":67,"Pen Nib":104,"Replay:Ancient Bell":52,"Akabeko":150,"SlaversCollar":73,"infinitespire:Broken Mirror":103,"MutagenicStrength":10,"Bird Faced Urn":123,"CultistMask":21,"hubris:TenFootPole":122,"StrikeDummy":35,"Unceasing Top":11,"infinitespire:PuzzleCube":127,"Regal Pillow":13,"Lantern":34,"Carrot":111,"Torii":135,"Blue Doll":71,"Replay:Multitool":85,"Bag of Preparation":123,"Ancient Tea Set":123,"Pet Ghost":4,"hubris:EvacipatedBox":88,"Replay:Rubber Ducky":52,"hubris:Backtick":29,"Shovel":127,"hubris:ScarierMask":91,"hubris:CuriousFeather":111,"Chemical X":123,"Replay:Bottled Eggs":58,"hubris:GlazedTorus":46,"Lee\u0027s Waffle":36,"Circlet":74,"Thread and Needle":132,"PreservedInsect":7,"Geode":67,"Omamori":88,"infinitespire:CheckeredPen":9,"infinitespire:Lucky Rock":34,"hubris:Towel":22,"Frozen Egg 2":123,"MawBank":77,"Nuclear Battery":101,"Orrery":11,"Turnip":153,"Art of War":39,"Garlic":68,"ReplayTheSpireMod:Lightbulb":123,"infinitespire:Midas Blood":96,"hubris:BottledRain":119,"infinitespire:Freezer":132,"Ice Cream":121,"Calipers":35,"hubris:CrystalStatue":105,"CeramicFish":46,"Vajra":4,"Runic Capacitor":123,"Raider\u0027s Mask":152,"hubris:TerracottaHorce":8,"Centennial Puzzle":11,"HornCleat":123,"Replay:Frozen Program":143,"DollysMirror":103,"Strawberry":113,"Honey Jar":85,"Prayer Wheel":78,"Philosopher\u0027s Stone":82,"Iron Hammer":123,"Toxic Egg 2":88,"Happy Flower":103,"hubris:DuctTape":123,"ReplayTheSpireMod:CursedCoin":76,"hubris:SoftwareUpdate":114,"hubris:FruitBowl":88,"Ring of Chaos":15,"War Paint":116,"hubris:Zylophone":88,"OrangePellets":0,"Replay:Baseball":123,"ReplayTheSpireMod:Shallot":128,"Shuriken":52,"Bronze Scales":116,"Onion Ring":65,"Simple Rune":88,"Molten Egg 2":135,"ReplayTheSpireMod:TigerMarble":32,"infinitespire:EmpoweringShard":88,"hubris:ToyBattleship":105,"Grinning Jar":133,"Mirror":132,"NlothsMask":94,"Meat on the Bone":148,"ReplayFunnel":48,"SacredBark":118,"Enchiridion":85,"Incense Burner":52,"hubris:SlimyHat":107,"Replay:Mystery Machine":96,"PrismaticShard":123,"ClockworkSouvenir":123,"Replay:Bandana":0,"Dream Catcher":87,"Nunchaku":123,"hubris:Icosahedron":83,"Mummified Hand":20,"Gambling Chip":122,"Red Mask":51,"Replay:Antivirus Software":24,"Cracked Core":0,"Gremlin Food":57,"hubris:DisguiseKit":137,"BargainBundle":123,"ReplayTheSpireMod:Ninjato":112,"Guide Book":88,"Quantum Egg":152,"hubris:MedicalManual":56,"infinitespire:FocusingShard":123,"Odd Mushroom":130,"Medical Kit":85,"Mercury Hourglass":105,"Peace Pipe":65,"Calling Bell":132,"DataDisk":25,"Anchor":40,"infinitespire:WardingShard":145,"ChewingGum":45,"hubris:BundleOfHerbs":136,"Bag of Marbles":33,"Snack Pack":34,"Coffee Dripper":123,"Membership Card":29,"PureWater":0,"hubris:Potato":6,"FossilizedHelix":87,"ReplayTheSpireMod:ShopPack":123},{"Replay:Accelerometer":330,"Golden Egg":366,"hubris:BallOfYels":366,"infinitespire:BottledMercury":419,"Ginger":380,"Bottled Tornado":419,"Sling":0,"Boot":419,"FrozenCore":399,"Blood Vial":419,"Replay:Ringing Soul":0,"infinitespire:ShieldingShard":366,"MealTicket":49,"hubris:DeckOfHolding":435,"HandDrill":114,"Kunai":419,"Replay:Wax Seal":366,"hubris:RGBLights":362,"hubris:MobiusCoin":16,"MerchantsRug":459,"Pear":366,"Counterbalance":75,"hubris:SphereOfDissonance":299,"Pen Nib":391,"Replay:Ancient Bell":199,"Akabeko":472,"SlaversCollar":319,"infinitespire:Broken Mirror":390,"MutagenicStrength":45,"Bird Faced Urn":419,"CultistMask":77,"hubris:TenFootPole":418,"StrikeDummy":126,"Unceasing Top":49,"infinitespire:PuzzleCube":427,"Regal Pillow":53,"Lantern":122,"Carrot":401,"Torii":443,"Blue Doll":310,"Replay:Multitool":358,"Bag of Preparation":419,"Ancient Tea Set":419,"Pet Ghost":16,"hubris:EvacipatedBox":366,"Replay:Rubber Ducky":199,"hubris:Backtick":103,"Shovel":427,"hubris:ScarierMask":375,"hubris:CuriousFeather":401,"Chemical X":419,"Replay:Bottled Eggs":236,"hubris:GlazedTorus":171,"Lee\u0027s Waffle":128,"Circlet":322,"Thread and Needle":438,"PreservedInsect":27,"Geode":299,"Omamori":366,"infinitespire:CheckeredPen":42,"infinitespire:Lucky Rock":122,"hubris:Towel":80,"Frozen Egg 2":419,"MawBank":330,"Nuclear Battery":388,"Orrery":49,"Turnip":478,"Art of War":139,"Garlic":302,"ReplayTheSpireMod:Lightbulb":419,"infinitespire:Midas Blood":381,"hubris:BottledRain":415,"infinitespire:Freezer":438,"Ice Cream":417,"Calipers":126,"hubris:CrystalStatue":394,"CeramicFish":171,"Vajra":16,"Runic Capacitor":419,"Raider\u0027s Mask":477,"hubris:TerracottaHorce":37,"Centennial Puzzle":49,"HornCleat":419,"Replay:Frozen Program":459,"DollysMirror":390,"Strawberry":405,"Honey Jar":358,"Prayer Wheel":334,"Philosopher\u0027s Stone":346,"Iron Hammer":419,"Toxic Egg 2":366,"Happy Flower":390,"hubris:DuctTape":419,"ReplayTheSpireMod:CursedCoin":328,"hubris:SoftwareUpdate":406,"hubris:FruitBowl":366,"Ring of Chaos":60,"War Paint":409,"hubris:Zylophone":366,"OrangePellets":0,"Replay:Baseball":419,"ReplayTheSpireMod:Shallot":429,"Shuriken":199,"Bronze Scales":409,"Onion Ring":295,"Simple Rune":366,"Molten Egg 2":443,"ReplayTheSpireMod:TigerMarble":114,"infinitespire:EmpoweringShard":366,"hubris:ToyBattleship":394,"Grinning Jar":439,"Mirror":438,"NlothsMask":378,"Meat on the Bone":469,"ReplayFunnel":177,"SacredBark":414,"Enchiridion":358,"Incense Burner":199,"hubris:SlimyHat":396,"Replay:Mystery Machine":381,"PrismaticShard":419,"ClockworkSouvenir":419,"Replay:Bandana":0,"Dream Catcher":362,"Nunchaku":419,"hubris:Icosahedron":348,"Mummified Hand":75,"Gambling Chip":418,"Red Mask":188,"Replay:Antivirus Software":86,"Cracked Core":0,"Gremlin Food":230,"hubris:DisguiseKit":447,"BargainBundle":419,"ReplayTheSpireMod:Ninjato":404,"Guide Book":366,"Quantum Egg":477,"hubris:MedicalManual":222,"infinitespire:FocusingShard":419,"Odd Mushroom":433,"Medical Kit":358,"Mercury Hourglass":394,"Peace Pipe":295,"Calling Bell":438,"DataDisk":88,"Anchor":142,"infinitespire:WardingShard":464,"ChewingGum":166,"hubris:BundleOfHerbs":444,"Bag of Marbles":118,"Snack Pack":122,"Coffee Dripper":419,"Membership Card":103,"PureWater":0,"hubris:Potato":24,"FossilizedHelix":362,"ReplayTheSpireMod:ShopPack":419}],"Meat on the Bone":0},"card_choices":[{"not_picked":["Magnetism","Master of Strategy"],"picked":"Apotheosis","floor":0.0},{"not_picked":["Purity","Violence"],"picked":"ReplayUltimateDefense","floor":0.0},{"not_picked":["Deadly Poison+1","CutThroughFate","SignatureMove"],"picked":"SKIP","floor":1.0},{"not_picked":["Coolheaded+1","Impatience+1"],"picked":"Distraction+1","floor":2.0},{"not_picked":["Ball Lightning","Heavy Blade"],"picked":"Fire Breathing+1","floor":5.0},{"not_picked":["Turbo+1","Iron Wave"],"picked":"Gash","floor":7.0},{"not_picked":["Defragment+1","Study+1"],"picked":"White Noise+1","floor":10.0},{"not_picked":["Warcry+1","Dagger Spray"],"picked":"Specialist+1","floor":12.0},{"not_picked":["Headbutt","Anger"],"picked":"ReplaySort+1","floor":14.0},{"not_picked":["SpiritShield+1","Atom Bomb"],"picked":"hubris:EnhanceAbility+1","floor":16.0},{"not_picked":["Quick Slash","Blade Dance+1","EmptyFist"],"picked":"SKIP","floor":18},{"not_picked":["Blade Dance+1","Life Link+1"],"picked":"Exhume+1","floor":22},{"not_picked":["Replay:Battleflow+1","Deadly Poison+1","Impatience+1"],"picked":"SKIP","floor":23},{"not_picked":["Heavy Blade+1","ReplayReversal+1"],"picked":"Armaments+1","floor":25},{"not_picked":["Predator+1","Hemokinesis+1"],"picked":"Rage+1","floor":27},{"not_picked":["BasicCrystalCard+1","FollowUp+1","Replay:AtTheReady+1"],"picked":"Metallicize","floor":29},{"not_picked":["Prepared+1","Sucker Punch+1","FlurryOfBlows+1","Pommel Strike"],"picked":"SKIP","floor":30},{"not_picked":["Scrawl+1","Doppelganger+1","Fiend Fire"],"picked":"Panache+1","floor":33},{"not_picked":["Dodge and Roll+1","FollowUp+1","Thunderclap+1","Shrug It Off"],"picked":"SKIP","floor":35},{"not_picked":["Leap+1","Thunderclap+1","FlyingSleeves+1","Pommel Strike"],"picked":"SKIP","floor":38},{"not_picked":["Dual Wield+1","Accuracy+1","Warcry"],"picked":"Backstab+1","floor":40},{"not_picked":["Clash+1","Dagger Spray+1","hubris:ReadiedAction"],"picked":"Limit Break+1","floor":41},{"not_picked":["Clothesline+1","Deflect+1","Warcry"],"picked":"Leg Sweep+1","floor":44},{"not_picked":["CutThroughFate+1","Evaluate+1","Twin Strike"],"picked":"Exhume+1","floor":45},{"not_picked":["Sucker Punch+1","FlurryOfBlows+1","Dual Wield"],"picked":"Chill+1","floor":46},{"not_picked":["Flying Knee+1","Replay:BasicMightCard+1","hubris:CleavingFinish"],"picked":"Doom and Gloom+1","floor":47},{"not_picked":["Doom and Gloom+1","Dual Wield+1","WindmillStrike+1","Bludgeon"],"picked":"SKIP","floor":48},{"not_picked":["Twin Strike+1","Dodge and Roll+1","Warcry"],"picked":"White Noise+1","floor":55}],"player_experience":1078132,"relics_obtained":[{"floor":7.0,"key":"infinitespire:PuzzleCube"},{"floor":9.0,"key":"Bag of Marbles"},{"floor":10.0,"key":"ReplayTheSpireMod:Shallot"},{"floor":13.0,"key":"Odd Mushroom"},{"floor":14.0,"key":"hubris:DeckOfHolding"},{"floor":15.0,"key":"infinitespire:Midas Blood"},{"floor":17.0,"key":"infinitespire:Freezer"},{"floor":17.0,"key":"Mirror"},{"floor":17.0,"key":"Thread and Needle"},{"floor":23,"key":"Torii"},{"floor":24,"key":"Molten Egg 2"},{"floor":26,"key":"hubris:BundleOfHerbs"},{"floor":27,"key":"hubris:DisguiseKit"},{"floor":32,"key":"DataDisk"},{"floor":40,"key":"Onion Ring"},{"floor":42,"key":"infinitespire:WardingShard"},{"floor":43,"key":"hubris:CrystalStatue"},{"floor":46,"key":"Meat on the Bone"},{"floor":48,"key":"Akabeko"},{"floor":49,"key":"Replay:Accelerometer"},{"floor":53,"key":"Quantum Egg"},{"floor":55,"key":"Turnip"}],"event_choices":[{"damage_healed":0.0,"max_hp_gain":0.0,"max_hp_loss":0.0,"gold_gain":0.0,"event_name":"Scrap Ooze","player_choice":"Success","floor":4.0,"gold_loss":0.0,"damage_taken":5.0,"relics_obtained":["PreservedInsect"]},{"damage_healed":0.0,"max_hp_gain":0.0,"max_hp_loss":0.0,"gold_gain":0.0,"event_name":"Shining Light","player_choice":"Entered Light","floor":11.0,"gold_loss":0.0,"damage_taken":21.0,"cards_upgraded":["Gash","Defend_B"]},{"damage_healed":0.0,"max_hp_gain":0.0,"max_hp_loss":0.0,"gold_gain":0.0,"event_name":"Mushrooms","player_choice":"Fought Mushrooms","floor":13.0,"gold_loss":0.0,"damage_taken":0.0},{"damage_healed":0,"gold_gain":0,"player_choice":"Obtained Relic","damage_taken":0,"relics_obtained":["Centennial Puzzle"],"max_hp_gain":0,"max_hp_loss":0,"event_name":"Addict","floor":19,"gold_loss":85},{"damage_healed":0,"gold_gain":0,"player_choice":"Opened","damage_taken":0,"relics_obtained":["Grinning Jar"],"max_hp_gain":0,"max_hp_loss":0,"event_name":"The Mausoleum","floor":21,"gold_loss":0,"cards_obtained":["Writhe"]},{"damage_healed":0,"gold_gain":0,"player_choice":"Read","damage_taken":0,"max_hp_gain":0,"max_hp_loss":0,"event_name":"The Library","floor":28,"gold_loss":0,"cards_obtained":["hubris:PowerSurge"]},{"damage_healed":0,"gold_gain":0,"player_choice":"Fight","damage_taken":0,"max_hp_gain":0,"max_hp_loss":0,"event_name":"MindBloom","floor":37,"gold_loss":0}],"is_beta":false,"boss_relics":[{"not_picked":["Astrolabe","Philosopher\u0027s Stone"],"picked":"Calling Bell"},{"not_picked":["Runic Pyramid","Painkiller Herb","hubris:CrackedHourglass"]}],"items_purged_floors":[54],"is_endless":false,"potions_floor_spawned":[2,10,14,23,25,30,37,40,44,45,48,55],"ascension_level":20}}