{"host":"sx74perrby2168l1","time":1610284062,"event":{"mods":["100% Spire Juice","AchievementEnabler","Act Like it!","Arknights The Spire","BaseMod","Better Third Choice","BetterRewards","Card Forge","CatGirl Mod","Colored Powertips","Conspire","Energized Spire","Friendly Minions","Highlight Path","Hubris","Infinite Spire","Minty Spire (QoL Compilation)","Quick Restart","Replay The Spire","Shop Mod","Spicy Shops","StSLib","SuperFastMode"],"gold_per_floor":[116,136,136,136,148,177,26,45,45,57,77,77,77,87,87,87,87],"floor_reached":16,"playtime":1033,"items_purged":[],"score":104,"play_id":"469ea5ec-b8db-4a37-977a-b522688d2a78","local_time":"20210110130742","is_ascension_mode":false,"campfire_choices":[{"floor":12,"key":"REST"},{"floor":15,"key":"REST"}],"circlet_count":0,"master_deck":["theCatGirl:Strike","theCatGirl:Strike","theCatGirl:Strike","theCatGirl:Defend","theCatGirl:Defend","theCatGirl:Defend","theCatGirl:ClawStrike","theCatGirl:Evasion","theCatGirl:Meow","theCatGirl:Meow","theCatGirl:Meow","theCatGirl:ElegantStrike"],"relics":["theCatGirl:TrainedRelic","Hammer of Thor","Seething Fire","Anvil of the Gods","NeowsBlessing","hubris:PeanutButter","Vajra","hubris:MobiusCoin"],"acts_visited":["Exordium"],"potions_floor_usage":[],"damage_taken":[{"damage":0,"enemies":"Cultist","floor":1,"turns":1},{"damage":0,"enemies":"Small Slimes","floor":2,"turns":1},{"damage":0,"enemies":"2 Louse","floor":5,"turns":1},{"damage":42,"enemies":"3 Sentries","floor":6,"turns":16},{"damage":0,"enemies":"Lots of Slimes","floor":8,"turns":6},{"damage":0,"enemies":"Blue Slaver","floor":10,"turns":4},{"damage":5,"enemies":"Exordium Thugs","floor":11,"turns":8},{"damage":6,"enemies":"Exordium Wildlife","floor":14,"turns":5},{"damage":81,"enemies":"Fading Forest","floor":16,"turns":7}],"seed_played":"-8967049858055059514","potions_obtained":[{"floor":1,"key":"SteroidPotion"},{"floor":10,"key":"AttackPotion"}],"is_trial":false,"path_per_floor":["M","M","?","?","M","E","$","M","T","M","M","R","?","M","R","B"],"character_chosen":"THE_CATGIRL","items_purchased":["Vajra"],"campfire_rested":2,"item_purchase_floors":[7],"current_hp_per_floor":[70,70,70,70,70,28,28,28,28,28,23,44,44,38,59,0,0],"gold":87,"neow_bonus":"THREE_ENEMY_KILL","is_daily":false,"chose_seed":false,"campfire_upgraded":0,"win_rate":0.0,"timestamp":1610284062,"path_taken":["M","?","?","?","M","E","$","M","T","M","M","R","?","?","R","BOSS"],"items_purchased_type":["Relic"],"build_version":"2020-12-22","purchased_purges":0,"victory":false,"max_hp_per_floor":[70,70,70,70,70,70,70,70,70,70,70,70,70,70,70,70,70],"card_choices":[{"not_picked":["theCatGirl:Stalk","theCatGirl:ScratchFlurry"],"picked":"theCatGirl:Meow","floor":1},{"not_picked":["theCatGirl:UnrelentingAssault","theCatGirl:BloodBath","theCatGirl:TwoStep"],"picked":"SKIP","floor":2},{"not_picked":["theCatGirl:FumblingBlow","theCatGirl:BloodBath"],"picked":"theCatGirl:Meow","floor":5},{"not_picked":["theCatGirl:ShockedWitness","theCatGirl:DecliningDefenses","theCatGirl:PlayAround"],"picked":"SKIP","floor":6},{"not_picked":["theCatGirl:DefensiveStance","theCatGirl:BloodBath"],"picked":"theCatGirl:Meow","floor":8},{"not_picked":["theCatGirl:SpinningStrike","theCatGirl:ExtremeSpeed","theCatGirl:AllIn"],"picked":"SKIP","floor":10},{"not_picked":["theCatGirl:ScratchFlurry","theCatGirl:TryingMyBest","theCatGirl:Prepared"],"picked":"SKIP","floor":11},{"not_picked":["theCatGirl:Growl","theCatGirl:ChangeOfPlans","theCatGirl:Misfire"],"picked":"SKIP","floor":14}],"player_experience":48532,"relics_obtained":[{"floor":6,"key":"hubris:PeanutButter"},{"floor":9,"key":"hubris:MobiusCoin"}],"event_choices":[{"damage_healed":0,"gold_gain":0,"player_choice":"Leave","damage_taken":0,"max_hp_gain":0,"max_hp_loss":0,"event_name":"conspire:Investor","floor":4,"gold_loss":0},{"damage_healed":0,"gold_gain":0,"cards_transformed":["theCatGirl:Defend"],"player_choice":"Transformed","damage_taken":0,"max_hp_gain":0,"max_hp_loss":0,"event_name":"Transmorgrifier","floor":13,"gold_loss":0,"cards_obtained":["theCatGirl:ElegantStrike"]}],"is_beta":false,"boss_relics":[],"items_purged_floors":[],"is_endless":false,"potions_floor_spawned":[1,10],"killed_by":"Fading Forest","ascension_level":0}}