{"host":"v9oq5ccz01n9mezq","time":1610238563,"event":{"mods":["BaseMod","Colored Map","Minty Spire (QoL Compilation)"],"gold_per_floor":[119,119,194,206,225,256,256,268,268,296,327,361,361,393,393,491,491,511,511,426,438,438,473,493,526,551,22,22,34,34,34,34],"floor_reached":31,"playtime":1139,"items_purged":["Strike_R"],"score":358,"play_id":"687b21a7-9266-486c-ae9d-6d2d2c40055d","local_time":"20210109192923","is_ascension_mode":true,"campfire_choices":[{"data":"Uppercut","floor":7,"key":"SMITH"},{"data":"Heavy Blade","floor":13,"key":"SMITH"},{"data":"Spot Weakness","floor":15,"key":"SMITH"},{"floor":28,"key":"REST"}],"circlet_count":0,"master_deck":["Strike_R+1","Strike_R","Strike_R","Strike_R+1","Defend_R","Defend_R","Defend_R","Defend_R","Bash","Corruption+1","Uppercut+1","Inflame","Twin Strike+1","Carnage","Spot Weakness+1","Anger","Heavy Blade+1","Limit Break","Burning Pact+1","Sword Boomerang","Disarm","Spot Weakness+1","Shrug It Off"],"relics":["Burning Blood","Thread and Needle","WingedGreaves","FossilizedHelix","Whetstone","Potion Belt","Gambling Chip","Black Star","Matryoshka","Dream Catcher","Pen Nib","Unceasing Top","Tiny Chest","Nunchaku","MawBank","Paper Frog","Oddly Smooth Stone"],"acts_visited":["Exordium","TheCity"],"potions_floor_usage":[6,16,18,23],"damage_taken":[{"damage":0,"enemies":"Small Slimes","floor":1,"turns":3},{"damage":8,"enemies":"Jaw Worm","floor":4,"turns":4},{"damage":6,"enemies":"Cultist","floor":5,"turns":3},{"damage":15,"enemies":"3 Sentries","floor":6,"turns":6},{"damage":3,"enemies":"Gremlin Gang","floor":8,"turns":4},{"damage":4,"enemies":"Gremlin Nob","floor":10,"turns":3},{"damage":6,"enemies":"Lagavulin","floor":11,"turns":6},{"damage":3,"enemies":"3 Sentries","floor":12,"turns":5},{"damage":6,"enemies":"Lagavulin","floor":14,"turns":5},{"damage":31,"enemies":"The Guardian","floor":16,"turns":8},{"damage":17,"enemies":"2 Thieves","floor":18,"turns":4},{"damage":18,"enemies":"Spheric Guardian","floor":21,"turns":4},{"damage":14,"enemies":"Gremlin Leader","floor":23,"turns":4},{"damage":0,"enemies":"Snecko","floor":24,"turns":4},{"damage":53,"enemies":"Book of Stabbing","floor":25,"turns":6},{"damage":15,"enemies":"Snake Plant","floor":29,"turns":5},{"damage":29,"enemies":"Centurion and Healer","floor":31,"turns":4}],"seed_played":"8108442552462055003","potions_obtained":[{"floor":1,"key":"Ancient Potion"},{"floor":5,"key":"DistilledChaos"},{"floor":6,"key":"Swift Potion"},{"floor":10,"key":"Weak Potion"},{"floor":14,"key":"Energy Potion"},{"floor":29,"key":"LiquidBronze"}],"is_trial":false,"path_per_floor":["M","?","?","M","M","E","R","M","T","E","E","E","R","E","R","B",null,"M","?","?","M","?","E","M","E","T","$","R","M","$","M"],"character_chosen":"IRONCLAD","items_purchased":["Shrug It Off","Paper Frog","Oddly Smooth Stone"],"campfire_rested":1,"item_purchase_floors":[27,27,27],"current_hp_per_floor":[80,64,53,51,51,42,42,45,45,47,47,50,50,50,50,25,80,69,69,69,57,57,49,55,8,8,8,32,23,23,0,0],"gold":34,"neow_bonus":"ONE_RANDOM_RARE_CARD","is_daily":false,"chose_seed":false,"campfire_upgraded":3,"win_rate":0.0,"timestamp":1610238563,"path_taken":["M","?","?","M","M","E","R","M","T","E","E","E","R","E","R","BOSS","M","?","?","M","?","E","M","E","T","$","R","?","$","M"],"items_purchased_type":["Card","Relic","Relic"],"build_version":"2020-12-22","purchased_purges":1,"victory":false,"max_hp_per_floor":[80,80,80,80,80,80,80,80,80,80,80,80,80,80,80,80,80,80,80,80,80,80,80,80,80,80,80,80,80,80,80,80],"card_choices":[{"not_picked":["Entrench","Rupture"],"picked":"Uppercut","floor":1},{"not_picked":["Warcry","Thunderclap"],"picked":"Inflame","floor":4},{"not_picked":["Combust","True Grit"],"picked":"Twin Strike","floor":5},{"not_picked":["Headbutt","Havoc","Flex"],"picked":"SKIP","floor":6},{"not_picked":["Ghostly Armor","Hemokinesis"],"picked":"Carnage","floor":8},{"not_picked":["Iron Wave","Cleave"],"picked":"Spot Weakness","floor":10},{"not_picked":["Demon Form","Body Slam"],"picked":"Anger","floor":11},{"not_picked":["Ghostly Armor","Twin Strike"],"picked":"Heavy Blade","floor":12},{"not_picked":["Brutality","Blood for Blood","Metallicize"],"picked":"SKIP","floor":14},{"not_picked":["Impervious","Reaper"],"picked":"Limit Break","floor":16},{"not_picked":["Blood for Blood","Clash"],"picked":"Burning Pact+1","floor":18},{"not_picked":["Sentinel","Uppercut","Sword Boomerang"],"picked":"SKIP","floor":21},{"not_picked":["Power Through","Exhume"],"picked":"Disarm","floor":23},{"not_picked":["Burning Pact","Sword Boomerang"],"picked":"Spot Weakness+1","floor":24},{"not_picked":["Perfected Strike","Clothesline","Headbutt+1"],"picked":"SKIP","floor":25},{"not_picked":["Flex","Wild Strike","Anger"],"picked":"SKIP","floor":29}],"player_experience":62393,"relics_obtained":[{"floor":6,"key":"Thread and Needle"},{"floor":9,"key":"WingedGreaves"},{"floor":10,"key":"FossilizedHelix"},{"floor":11,"key":"Whetstone"},{"floor":12,"key":"Potion Belt"},{"floor":14,"key":"Gambling Chip"},{"floor":23,"key":"Dream Catcher"},{"floor":23,"key":"Pen Nib"},{"floor":25,"key":"Unceasing Top"},{"floor":25,"key":"Tiny Chest"},{"floor":26,"key":"Nunchaku"},{"floor":26,"key":"MawBank"}],"event_choices":[{"damage_healed":0,"gold_gain":0,"player_choice":"Entered Light","damage_taken":16,"max_hp_gain":0,"max_hp_loss":0,"event_name":"Shining Light","floor":2,"gold_loss":0,"cards_upgraded":["Strike_R","Corruption"]},{"damage_healed":0,"gold_gain":75,"player_choice":"Gather Gold","damage_taken":11,"max_hp_gain":0,"max_hp_loss":0,"event_name":"World of Goop","floor":3,"gold_loss":0},{"damage_healed":0,"gold_gain":0,"player_choice":"Read","damage_taken":0,"max_hp_gain":0,"max_hp_loss":0,"event_name":"The Library","floor":19,"gold_loss":0,"cards_obtained":["Sword Boomerang"]},{"damage_healed":0,"gold_gain":0,"player_choice":"Obtained Relic","damage_taken":0,"relics_obtained":["Matryoshka"],"max_hp_gain":0,"max_hp_loss":0,"event_name":"Addict","floor":20,"gold_loss":85},{"damage_healed":0,"gold_gain":0,"player_choice":"Leave","damage_taken":0,"max_hp_gain":0,"max_hp_loss":0,"event_name":"FaceTrader","floor":22,"gold_loss":0}],"is_beta":false,"boss_relics":[{"not_picked":["Sozu","Busted Crown"],"picked":"Black Star"}],"items_purged_floors":[27],"is_endless":false,"potions_floor_spawned":[1,5,6,10,11,14,29],"killed_by":"Centurion and Healer","ascension_level":3}}