{"host":"l15sdf2mmi0nobpi","time":1610248838,"event":{"mods":["ATMod(°¢èªMod)","BaseMod","Highlight Path","Minty Spire (QoL Compilation)","Quick Restart","StSLib","¡¾¹¦ÄÜMod¡¿Neow½±Àø"],"gold_per_floor":[112,124,134,134,148,180,207,219,258,270,317,404,444,41,41,115,115,128,178,178,188,201,201,201,201],"floor_reached":24,"playtime":1123,"items_purged":["Strike_B"],"score":532,"play_id":"a95ef176-35e9-49c8-a64f-8dd0dab828d5","local_time":"20210110112038","is_ascension_mode":true,"campfire_choices":[{"data":"Coolheaded","floor":8.0,"key":"SMITH"},{"floor":10.0,"key":"REST"},{"data":"AT_RightCognition","floor":15,"key":"SMITH"},{"floor":23,"key":"REST"}],"circlet_count":0,"master_deck":["AscendersBane","Strike_B","Defend_B","Defend_B","Defend_B","Defend_B","Zap","Dualcast","AT_EssenceShift","FTL","Coolheaded+1","Ball Lightning","Echo Form","AT_RightCognition+1","Coolheaded","Self Repair","Skim","Defragment"],"relics":["Cracked Core","AT_ATBox","AT_SunfireAegis","MawBank","Bag of Preparation","AT_BellDemon","Art of War","DataDisk","Orrery","SlaversCollar"],"acts_visited":["Exordium","TheCity"],"potions_floor_usage":[16,21,24],"damage_taken":[{"damage":1.0,"enemies":"Cultist","floor":1.0,"turns":3.0},{"damage":7.0,"enemies":"Jaw Worm","floor":2.0,"turns":4.0},{"damage":1.0,"enemies":"2 Louse","floor":3.0,"turns":2.0},{"damage":2.0,"enemies":"2 Fungi Beasts","floor":5.0,"turns":3.0},{"damage":34.0,"enemies":"Gremlin Nob","floor":6.0,"turns":4.0},{"damage":0.0,"enemies":"3 Louse","floor":7.0,"turns":4.0},{"damage":4.0,"enemies":"Lagavulin","floor":11.0,"turns":5.0},{"damage":15.0,"enemies":"3 Sentries","floor":13.0,"turns":6.0},{"damage":0,"enemies":"The Guardian","floor":16,"turns":7},{"damage":18,"enemies":"Shell Parasite","floor":18,"turns":6},{"damage":12,"enemies":"3 Byrds","floor":21,"turns":4},{"damage":6,"enemies":"Snecko","floor":22,"turns":7},{"damage":52,"enemies":"Gremlin Leader","floor":24,"turns":4}],"seed_played":"-3327590891905633138","potions_obtained":[{"floor":2.0,"key":"LiquidMemories"},{"floor":3.0,"key":"SteroidPotion"},{"floor":6.0,"key":"PowerPotion"},{"floor":11.0,"key":"EssenceOfSteel"},{"floor":13.0,"key":"LiquidMemories"},{"floor":18,"key":"DistilledChaos"},{"floor":22,"key":"Block Potion"}],"is_trial":false,"path_per_floor":["M","M","M","?","M","E","M","R","T","R","E","?","E","$","R","B",null,"M","?","?","M","M","R","E"],"character_chosen":"DEFECT","items_purchased":["DataDisk","Orrery"],"campfire_rested":2,"item_purchase_floors":[14,14],"current_hp_per_floor":[63,56,55,55,53,19,19,19,19,40,36,25,10,10,10,10,56,38,38,38,26,27,48,0,0],"gold":201,"neow_bonus":"RANDOM_COMMON_RELIC","is_daily":false,"chose_seed":false,"campfire_upgraded":2,"win_rate":0.0,"timestamp":1610248838,"path_taken":["M","M","?","?","?","E","M","R","T","R","E","?","E","$","R","BOSS","M","?","?","M","M","R","E"],"items_purchased_type":["Relic","Relic"],"build_version":"2020-12-22","purchased_purges":1,"victory":false,"max_hp_per_floor":[71,71,71,71,71,71,71,71,71,71,71,71,71,71,71,71,71,71,71,71,71,71,71,71,71],"card_choices":[{"not_picked":["Beam Cell","AT_HeatAcrobatics"],"picked":"FTL","floor":1.0},{"not_picked":["Chaos","Redo","Reinforced Body"],"picked":"SKIP","floor":2.0},{"not_picked":["Rebound","Reprogram","Steam Power"],"picked":"SKIP","floor":3.0},{"not_picked":["Beam Cell","Scrape"],"picked":"Coolheaded","floor":5.0},{"not_picked":["Gash","Heatsinks","Sweeping Beam"],"picked":"SKIP","floor":6.0},{"not_picked":["Turbo","Redo"],"picked":"Ball Lightning","floor":7.0},{"not_picked":["Meteor Strike","White Noise"],"picked":"Echo Form","floor":11.0},{"not_picked":["Streamline","Steam","Auto Shields"],"picked":"SKIP","floor":13.0},{"not_picked":["Rebound","FTL"],"picked":"AT_RightCognition","floor":14},{"not_picked":["AT_HeatAcrobatics","Gash"],"picked":"Coolheaded","floor":14},{"not_picked":["Turbo","Hologram"],"picked":"Self Repair","floor":18},{"not_picked":["Barrage","Redo"],"picked":"Defragment","floor":21},{"not_picked":["Barrage","Streamline+1","Aggregate"],"picked":"SKIP","floor":22}],"player_experience":447430,"relics_obtained":[{"floor":6.0,"key":"MawBank"},{"floor":9.0,"key":"Bag of Preparation"},{"floor":11.0,"key":"AT_BellDemon"},{"floor":13.0,"key":"Art of War"}],"event_choices":[{"cards_removed":["Strike_B"],"damage_healed":0.0,"max_hp_gain":0.0,"max_hp_loss":0.0,"gold_gain":0.0,"event_name":"Wheel of Change","player_choice":"Card Removal","floor":4.0,"gold_loss":0.0,"damage_taken":0.0},{"damage_healed":0.0,"max_hp_gain":0.0,"max_hp_loss":0.0,"gold_gain":75.0,"event_name":"World of Goop","player_choice":"Gather Gold","floor":12.0,"gold_loss":0.0,"damage_taken":11.0},{"damage_healed":0,"gold_gain":50,"player_choice":"Stole From Cult","damage_taken":0,"max_hp_gain":0,"max_hp_loss":0,"event_name":"Nest","floor":19,"gold_loss":0},{"damage_healed":0,"gold_gain":0,"cards_transformed":["Strike_B"],"player_choice":"Transformed","damage_taken":0,"max_hp_gain":0,"max_hp_loss":0,"event_name":"Transmorgrifier","floor":20,"gold_loss":0,"cards_obtained":["Skim"]}],"is_beta":false,"boss_relics":[{"not_picked":["Busted Crown","Ectoplasm"],"picked":"SlaversCollar"}],"items_purged_floors":[14],"is_endless":false,"potions_floor_spawned":[2,3,6,11,13,18,22],"killed_by":"Gremlin Leader","ascension_level":20}}