{"host":"4id8injl4bo2b6ih","time":1610310753,"event":{"mods":["Act Like it!","BaseMod","Better Third Choice","Colored Map","Downfall","Friendly Minions","Hermit","Highlight Path","Ironclad Rager","Minty Spire (QoL Compilation)","Relic Stats","Robot Space Explorer","Shop Mod","Spicy Shops","StSLib"],"gold_per_floor":[99,110,127,143,156,169,196,121,106,123,139,173,173,6,23,23,23],"floor_reached":16,"playtime":1301,"items_purged":[],"score":106,"play_id":"f4261f1c-abb9-47fd-b8fc-1bf8a49b7c4b","local_time":"20210110213233","is_ascension_mode":false,"campfire_choices":[{"floor":1.0,"key":"RECALL"},{"data":"hermit:Showdown","floor":8,"key":"SMITH"},{"floor":13,"key":"REST"}],"circlet_count":0,"master_deck":["hermit:Strike_Hermit","hermit:Strike_Hermit","hermit:Strike_Hermit","hermit:Strike_Hermit","hermit:Defend_Hermit","hermit:Defend_Hermit","hermit:Defend_Hermit","hermit:Defend_Hermit","hermit:Snapshot","hermit:Covet","hermit:HoleUp","hermit:Snipe","hermit:Spite","hermit:Roughhouse","hermit:Showdown+1","hermit:WideOpen","hermit:Determination","hermit:Horror","hermit:Adapt","hermit:GhostlyPresence","hermit:Quickdraw"],"relics":["hermit:Momento","Ancient Tea Set","downfall:HeartBlessingRed","Blood Vial","Dream Catcher"],"acts_visited":["Exordium"],"potions_floor_usage":[12,16,16],"damage_taken":[{"damage":2,"enemies":"Cultist","floor":2,"turns":5},{"damage":0,"enemies":"2 Louse","floor":3,"turns":2},{"damage":0,"enemies":"Small Slimes","floor":4,"turns":3},{"damage":12,"enemies":"Exordium Thugs","floor":5,"turns":5},{"damage":17,"enemies":"Lots of Slimes","floor":6,"turns":6},{"damage":0,"enemies":"downfall:FleeingMerchant","floor":9,"turns":4},{"damage":7,"enemies":"3 Louse","floor":10,"turns":3},{"damage":6,"enemies":"2 Fungi Beasts","floor":11,"turns":3},{"damage":20,"enemies":"3 Sentries","floor":12,"turns":8},{"damage":5,"enemies":"downfall:FleeingMerchant","floor":14,"turns":4},{"damage":5,"enemies":"Red Slaver","floor":15,"turns":3},{"damage":40,"enemies":"downfall:Ironclad","floor":16,"turns":9}],"seed_played":"-5543183757068398200","potions_obtained":[{"floor":3,"key":"PowerPotion"},{"floor":5,"key":"champ:CounterPotion"},{"floor":10,"key":"LiquidMemories"},{"floor":12,"key":"Strength Potion"}],"is_trial":false,"path_per_floor":["R","M","M","M","M","M","T","R","$","M","M","E","R","$","M","B"],"character_chosen":"HERMIT","items_purchased":["Dream Catcher"],"campfire_rested":1,"item_purchase_floors":[14],"current_hp_per_floor":[82,80,80,80,68,51,51,51,51,44,38,18,42,39,36,0,0],"gold":23,"neow_bonus":"TEN_PERCENT_HP_BONUS","is_daily":false,"chose_seed":false,"campfire_upgraded":1,"win_rate":0.0,"timestamp":1610310753,"path_taken":["R","M","M","M","M","M","T","R","$","M","M","E","R","$","M","BOSS"],"items_purchased_type":["Relic"],"build_version":"2020-12-22","purchased_purges":0,"victory":false,"max_hp_per_floor":[82,82,82,82,82,82,82,82,82,82,82,82,82,82,82,82,82],"relic_stats":{"Blood Vial":6,"Dream Catcher":0,"counters":[12,55],"obtain_stats":[{"Blood Vial":12,"Dream Catcher":14,"downfall:HeartBlessingRed":8,"Ancient Tea Set":7,"hermit:Momento":0},{"Blood Vial":9,"Dream Catcher":10,"downfall:HeartBlessingRed":5,"Ancient Tea Set":5,"hermit:Momento":0},{"Blood Vial":39,"Dream Catcher":43,"downfall:HeartBlessingRed":21,"Ancient Tea Set":21,"hermit:Momento":0}]},"card_choices":[{"not_picked":["hermit:Dive","hermit:Grudge"],"picked":"hermit:HoleUp","floor":2},{"not_picked":["hermit:Misfire","hermit:Coalescence"],"picked":"hermit:Snipe","floor":3},{"not_picked":["hermit:ItchyTrigger","hermit:HighCaliber"],"picked":"hermit:Spite","floor":4},{"not_picked":["hermit:Ricochet","hermit:Quickdraw"],"picked":"hermit:Roughhouse","floor":5},{"not_picked":["hermit:LuckOfTheDraw","hermit:Desperado"],"picked":"hermit:Showdown","floor":6},{"not_picked":["hermit:ItchyTrigger","hermit:Feint"],"picked":"hermit:WideOpen","floor":9},{"not_picked":["hermit:Grudge","hermit:SprayPray"],"picked":"hermit:Determination","floor":10},{"not_picked":["hermit:Headshot","hermit:Manifest"],"picked":"hermit:Horror","floor":11},{"not_picked":["hermit:ItchyTrigger","hermit:Glare"],"picked":"hermit:Adapt","floor":12},{"not_picked":["hermit:FullyLoaded","hermit:Roulette"],"picked":"hermit:GhostlyPresence","floor":14},{"not_picked":["hermit:HeroicBravado","hermit:SprayPray"],"picked":"hermit:Quickdraw","floor":15}],"player_experience":415301,"relics_obtained":[{"floor":7,"key":"Ancient Tea Set"},{"floor":12,"key":"Blood Vial"}],"event_choices":[],"is_beta":false,"boss_relics":[],"items_purged_floors":[],"is_endless":false,"potions_floor_spawned":[3,5,10,12,15],"killed_by":"downfall:Ironclad","ascension_level":0}}