{"host":"jrtaucq9moweewpn","time":1610264157,"event":{"mods":["BaseMod","Better Third Choice","Downfall","GifTheSpireLib","Minty Spire (QoL Compilation)","Replay The Spire","Shade Mod","StSLib","The Construct","The Cursed"],"gold_per_floor":[116,116,164,182,198,198,242,257,257,257,290,290,308,327,327,457,457,480,151,250,82,82,128,128,193,269,116,116,179,179,228,228,353,416,430,445,8,47,62,62,75,75,122,122,138,138,154,174,174,174],"floor_reached":51,"playtime":4310,"items_purged":["ReplayTheSpireMod:Splinters","Normality"],"score":674,"play_id":"0590ff70-3dca-4eff-bd56-c623fc3da4bd","local_time":"20210110013557","is_ascension_mode":false,"campfire_choices":[{"data":"TheCursedMod:CursedWand","floor":6,"key":"SMITH"},{"floor":10,"key":"REST"},{"floor":15,"key":"REST"},{"data":"TheCursedMod:SoulReap","floor":24,"key":"SMITH"},{"floor":28,"key":"REST"},{"floor":30,"key":"REST"},{"data":"TheCursedMod:SpreadPlague","floor":32,"key":"SMITH"},{"floor":40,"key":"REST"},{"floor":46,"key":"REST"},{"floor":49,"key":"REST"}],"circlet_count":0,"master_deck":["TheCursedMod:Strike_TheCursed","TheCursedMod:Strike_TheCursed","TheCursedMod:Strike_TheCursed","TheCursedMod:Strike_TheCursed","TheCursedMod:Defend_TheCursed","TheCursedMod:Defend_TheCursed","TheCursedMod:Defend_TheCursed+1","TheCursedMod:Defend_TheCursed","TheCursedMod:CursedWand+1","TheCursedMod:Dregs","TheCursedMod:SoulReap+1","Injury","TheCursedMod:SmokeScreen","TheCursedMod:Hemoplague","TheCursedMod:Stigma","TheCursedMod:Torture","TheCursedMod:StingEye+1","TheCursedMod:VitalStrike","TheCursedMod:ForbiddenAlchemy+1","TheCursedMod:Torture+1","HandOfGreed+1","TheCursedMod:Stigma+1","TheCursedMod:Hemoplague","TheCursedMod:Stigma+1","TheCursedMod:SpreadPlague+1","TheCursedMod:CursedRelics+1","Parasite","TheCursedMod:CircleOfBlood+1","TheCursedMod:SurpriseAttack+1","TheCursedMod:SurpriseAttack"],"relics":["TheCursedMod:BlackMagic101","Strawberry","Golden Idol","InkBottle","Golden Egg","White Beast Statue","Gremlin Horn","Velvet Choker","Meat on the Bone","Replay:Baseball","ReplayTheSpireMod:Ninjato","ReplayTheSpireMod:CursedCoin","Orichalcum","Akabeko","Tiny House","Replay:Wax Seal","Garlic","Potion Belt"],"acts_visited":["Exordium","TheCity","TheBeyond"],"potions_floor_usage":[11,13,14,16,23,25,25,25,25,25,31,31,33,33,35,35,35,35,35,36,36,36,36,36,36,36,36,36,36,38,41,45,45,45,47,47,47,47,47,48,48,48,48,50,50,50,50,50,50,50,50],"damage_taken":[{"damage":0,"enemies":"Small Slimes","floor":1,"turns":3},{"damage":0,"enemies":"2 Louse","floor":4,"turns":2},{"damage":8,"enemies":"Cultist","floor":5,"turns":5},{"damage":19,"enemies":"Replay:BlueRogue","floor":7,"turns":7},{"damage":0,"enemies":"Large Slime","floor":8,"turns":6},{"damage":29,"enemies":"Gremlin Nob","floor":11,"turns":5},{"damage":7,"enemies":"Exordium Wildlife","floor":13,"turns":4},{"damage":0,"enemies":"Gremlin Gang","floor":14,"turns":4},{"damage":56,"enemies":"Slime Boss","floor":16,"turns":14},{"damage":0,"enemies":"3 Byrds","floor":18,"turns":4},{"damage":14,"enemies":"2 Thieves","floor":23,"turns":3},{"damage":21,"enemies":"Book of Stabbing","floor":25,"turns":4},{"damage":58,"enemies":"Slavers","floor":29,"turns":5},{"damage":4,"enemies":"Centurion and Healer","floor":31,"turns":5},{"damage":43,"enemies":"Automaton","floor":33,"turns":8},{"damage":9,"enemies":"3 Darklings","floor":35,"turns":4},{"damage":12,"enemies":"Orb Walker","floor":36,"turns":3},{"damage":24,"enemies":"4 Shapes","floor":38,"turns":3},{"damage":24,"enemies":"Writhing Mass","floor":39,"turns":4},{"damage":24,"enemies":"Transient","floor":41,"turns":5},{"damage":28,"enemies":"Maw","floor":45,"turns":7},{"damage":3,"enemies":"Writhing Mass","floor":47,"turns":3},{"damage":14,"enemies":"Transient","floor":48,"turns":5},{"damage":62,"enemies":"Awakened One","floor":50,"turns":9}],"seed_played":"1239597392309130214","potions_obtained":[{"floor":5,"key":"Block Potion"},{"floor":8,"key":"SteroidPotion"},{"floor":11,"key":"Energy Potion"},{"floor":13,"key":"SkillPotion"},{"floor":14,"key":"Dexterity Potion"},{"floor":16,"key":"Fire Potion"},{"floor":18,"key":"Guardian:BlockOnCardUsePotion"},{"floor":23,"key":"ColorlessPotion"},{"floor":25,"key":"SteroidPotion"},{"floor":29,"key":"Block Potion"},{"floor":31,"key":"DistilledChaos"},{"floor":33,"key":"Energy Potion"},{"floor":34,"key":"BlessingOfTheForge"},{"floor":35,"key":"SkillPotion"},{"floor":36,"key":"Fire Potion"},{"floor":38,"key":"Cursed Concoction"},{"floor":39,"key":"DuplicationPotion"},{"floor":41,"key":"BlessingOfTheForge"},{"floor":45,"key":"Doom Potion"},{"floor":47,"key":"Block Potion"},{"floor":48,"key":"SpeedPotion"}],"is_trial":false,"path_per_floor":["M","?","?","M","M","R","E","M","T","R","E","?","M","M","R","B",null,"M","$","?","$","?","M","R","E","T","$","R","E","R","M","R","B",null,"M","M","$","M","M","R","M","$","T","?","M","R","M","M","R","B",null],"character_chosen":"THE_CURSED","items_purchased":["Meat on the Bone","HandOfGreed","ReplayTheSpireMod:CursedCoin","Orichalcum","TheCursedMod:Stigma","Replay:Wax Seal","Garlic","TheCursedMod:CursedRelics"],"campfire_rested":7,"item_purchase_floors":[19,21,27,27,27,37,37,37],"current_hp_per_floor":[82,82,82,82,78,78,63,63,63,82,53,58,56,61,82,31,82,82,82,82,82,82,73,73,59,59,59,82,43,67,75,75,51,87,85,75,75,51,49,75,58,58,58,58,50,76,87,73,87,46],"gold":174,"neow_bonus":"RANDOM_COMMON_RELIC","is_daily":false,"chose_seed":false,"campfire_upgraded":3,"win_rate":0.0,"timestamp":1610264157,"path_taken":["M","?","?","M","M","R","E","M","T","R","E","?","?","M","R","BOSS","M","$","?","$","?","M","R","E","T","$","R","E","R","M","R","BOSS","M","M","$","M","?","R","M","$","T","?","M","R","M","M","R","BOSS"],"items_purchased_type":["Relic","Card","Relic","Relic","Card","Relic","Relic","Card"],"build_version":"2020-12-22","purchased_purges":2,"victory":true,"max_hp_per_floor":[82,82,82,82,82,82,82,82,82,82,82,82,82,82,82,82,82,82,82,82,82,82,82,82,82,82,82,82,82,82,82,82,82,87,87,87,87,87,87,87,87,87,87,87,87,87,87,87,87,87],"card_choices":[{"not_picked":["TheCursedMod:WearCloak","TheCursedMod:ReleasedStrength"],"picked":"TheCursedMod:SoulReap","floor":1},{"not_picked":["TheCursedMod:RapidMovement","TheCursedMod:CursedAmulet"],"picked":"TheCursedMod:SmokeScreen","floor":3},{"not_picked":["TheCursedMod:OutForBlood","TheCursedMod:VitalStrike"],"picked":"TheCursedMod:Hemoplague","floor":4},{"not_picked":["TheCursedMod:CircleOfFlame","TheCursedMod:SmokeScreen"],"picked":"TheCursedMod:CursedBlade","floor":5},{"not_picked":["TheCursedMod:BloodBarrier","TheCursedMod:UltimatePain"],"picked":"TheCursedMod:Stigma","floor":7},{"not_picked":["TheCursedMod:CursedBoomerang","TheCursedMod:Wield"],"picked":"TheCursedMod:Torture","floor":8},{"not_picked":["TheCursedMod:DoubleShield","TheCursedMod:CircleOfBlood"],"picked":"TheCursedMod:StingEye","floor":11},{"not_picked":["TheCursedMod:AshesToAshes","TheCursedMod:CursedMace","TheCursedMod:CursedSpellbook"],"picked":"SKIP","floor":13},{"not_picked":["TheCursedMod:RavingStaff","TheCursedMod:ManaBullet"],"picked":"TheCursedMod:VitalStrike","floor":14},{"not_picked":["TheCursedMod:DemonicPact","TheCursedMod:CollectTribute"],"picked":"TheCursedMod:ForbiddenAlchemy","floor":16},{"not_picked":["TheCursedMod:Stretching+1","TheCursedMod:CursedAmulet+1"],"picked":"TheCursedMod:Torture+1","floor":18},{"not_picked":["TheCursedMod:StingEye","TheCursedMod:ReleasedKnowledge+1"],"picked":"TheCursedMod:Stigma+1","floor":23},{"not_picked":["TheCursedMod:CursedStaff","TheCursedMod:ManaBullet"],"picked":"TheCursedMod:Hemoplague","floor":25},{"not_picked":["TheCursedMod:BloodBarrier+1","TheCursedMod:CursedMace","TheCursedMod:HellfireBreathing"],"picked":"SKIP","floor":29},{"not_picked":["TheCursedMod:TroublousMinions+1","TheCursedMod:Stretching"],"picked":"TheCursedMod:SpreadPlague","floor":31},{"not_picked":["TheCursedMod:CircleOfBlood","TheCursedMod:Obscuration+1","TheCursedMod:SpitefulPlan"],"picked":"SKIP","floor":35},{"not_picked":["TheCursedMod:CursedMace","TheCursedMod:RapidMovement","TheCursedMod:Stretching"],"picked":"SKIP","floor":36},{"not_picked":["TheCursedMod:CircleOfFocus","TheCursedMod:Stretching","TheCursedMod:PrepareRite+1"],"picked":"SKIP","floor":38},{"not_picked":["TheCursedMod:TacticalStrike+1","TheCursedMod:ReleasedKnowledge+1"],"picked":"TheCursedMod:CircleOfBlood+1","floor":39},{"not_picked":["TheCursedMod:Obscuration","TheCursedMod:Stretching","TheCursedMod:CursedArmor"],"picked":"SKIP","floor":41},{"not_picked":["TheCursedMod:CursedMace","TheCursedMod:Wield+1"],"picked":"TheCursedMod:SurpriseAttack+1","floor":45},{"not_picked":["TheCursedMod:CursedStaff","TheCursedMod:CursedMace+1","TheCursedMod:RavingStaff"],"picked":"SKIP","floor":47},{"not_picked":["TheCursedMod:CursedMace+1","TheCursedMod:CircleOfFocus+1"],"picked":"TheCursedMod:SurpriseAttack","floor":48}],"player_experience":513680,"relics_obtained":[{"floor":3,"key":"InkBottle"},{"floor":7,"key":"Golden Egg"},{"floor":9,"key":"White Beast Statue"},{"floor":11,"key":"Gremlin Horn"},{"floor":25,"key":"Replay:Baseball"},{"floor":26,"key":"ReplayTheSpireMod:Ninjato"},{"floor":29,"key":"Akabeko"},{"floor":43,"key":"Potion Belt"}],"event_choices":[{"damage_healed":0,"gold_gain":0,"player_choice":"Take Wound","damage_taken":0,"relics_obtained":["Golden Idol"],"max_hp_gain":0,"max_hp_loss":0,"event_name":"Golden Idol","floor":2,"gold_loss":0,"cards_obtained":["Injury"]},{"cards_removed":["TheCursedMod:CursedBlade"],"damage_healed":5,"gold_gain":0,"player_choice":"Offered Common","damage_taken":0,"max_hp_gain":0,"max_hp_loss":0,"event_name":"Bonfire Elementals","floor":12,"gold_loss":0},{"cards_removed":["TheCursedMod:CursedBlade"],"damage_healed":5,"gold_gain":0,"player_choice":"Offered Special","damage_taken":0,"max_hp_gain":0,"max_hp_loss":0,"event_name":"Bonfire Elementals","floor":12,"gold_loss":0},{"damage_healed":0,"gold_gain":99,"player_choice":"Steal","damage_taken":0,"max_hp_gain":0,"max_hp_loss":0,"event_name":"betterThird:BetterNest","floor":20,"gold_loss":0},{"damage_healed":0,"gold_gain":0,"player_choice":"Upgraded","damage_taken":0,"max_hp_gain":0,"max_hp_loss":0,"event_name":"Upgrade Shrine","floor":22,"gold_loss":0,"cards_upgraded":["TheCursedMod:StingEye"]},{"cards_removed":["TheCursedMod:CleanUpWorkshop"],"damage_healed":0,"gold_gain":0,"player_choice":"Removed Skill","damage_taken":0,"max_hp_gain":0,"max_hp_loss":0,"event_name":"Falling","floor":44,"gold_loss":0}],"is_beta":false,"boss_relics":[{"not_picked":["Replay:Ancient Bell","Philosopher\u0027s Stone"],"picked":"Velvet Choker"},{"not_picked":["Fusion Hammer","construct:WeddingRing"],"picked":"Tiny House"}],"items_purged_floors":[19,27],"is_endless":false,"potions_floor_spawned":[5,8,11,13,14,16,18,23,25,29,31,33,35,36,38,39,41,45,47,48],"ascension_level":0}}