{"host":"6qlyo3f7299xjl3s","time":1610274510,"event":{"mods":["BaseMod","Better Match","Better Vampires","BetterRewards","Card Forge","Colored Map","Colored Powertips","Custom Start","Downfall","Hermit","Highlight Path","Minty Spire (QoL Compilation)","Permanent Neow","Shop Mod","StSLib","The Jungle","Unceasing Turn Reminder","slay the spire mod where everything is the same but ironclad has a cowboy hat"],"gold_per_floor":[99,109,109,126,146,156,156,156,167,195,295,307,340,354,369,474,474,324,341,353,372,382,411,457,469,394,74,100,21,21,54,65,164,164,164,182,440,455,505,555,555,587,597,611,622,657,756,858,873,873,873,908,666,666,666],"floor_reached":56,"playtime":10824,"items_purged":[],"score":1585,"play_id":"249f67cc-1a62-4d72-aa2d-1bd81ec7edf3","local_time":"20210110112830","is_ascension_mode":false,"campfire_choices":[{"floor":1.0,"key":"RECALL"},{"floor":18,"key":"REST"},{"floor":26,"key":"REST"},{"floor":30,"key":"REST"},{"floor":35,"key":"REST"},{"floor":54,"key":"REST"}],"circlet_count":0,"master_deck":["Guardian:Strike_Guardian+1","Guardian:Strike_Guardian+1","Guardian:Strike_Guardian+1","Guardian:Defend_Guardian+1","Guardian:Defend_Guardian+1","Guardian:Defend_Guardian+1","Guardian:Defend_Guardian+1","Guardian:CurlUp+1","Guardian:TwinSlam+1","Guardian:Recover+1","Guardian:TimeBomb+1","Guardian:SpikerProtocol+1","Guardian:DonusPower+1","Guardian:DecasProtection+1","Guardian:AncientConstruct+1","Guardian:TemporalStrike+1","Guardian:Harden+1","Guardian:TimeBomb+1","Guardian:RollAttack+1","Guardian:StasisField+1","Guardian:PrismaticBeam+1","Guardian:ShieldCharger+1","Guardian:Suspension+1","Guardian:Preprogram+1","Guardian:Preprogram+1","Guardian:SpikerProtocol+1","Guardian:BaubleBeam+1","Guardian:ArmoredProtocol+1","Guardian:TimeCapacitor+1","Guardian:EvasiveProtocol+1","Guardian:ArmoredProtocol+1","Guardian:Repulse+1","Guardian:FloatingOrbs+1","Guardian:CompilePackage+1","Guardian:WalkerClaw+1"],"relics":["Guardian:ModeShifter","Hammer of Thor","Seething Fire","Anvil of the Gods","Ice Cream","Oddly Smooth Stone","downfall:CloakOfManyFaces","CultistMask","FaceOfCleric","NlothsMask","GremlinMask","SsserpentHead","Tiny Chest","SlaversCollar","downfall:HeartBlessingRed","downfall:HeartBlessingGreen","Shuriken","downfall:HeartBlessingBlue","MerchantsRug","Sling","Mummified Hand","Regal Pillow","Philosopher\u0027s Stone","Question Card","Ginger","Juzu Bracelet","Lantern","Calipers","Toy Ornithopter","Lee\u0027s Waffle"],"acts_visited":["Exordium","TheCity","TheBeyond","TheEnding"],"potions_floor_usage":[16,16,20,29,48],"damage_taken":[{"damage":2.0,"enemies":"Small Slimes","floor":2.0,"turns":3.0},{"damage":3.0,"enemies":"Small Slimes","floor":3.0,"turns":5.0},{"damage":0.0,"enemies":"2 Louse","floor":4.0,"turns":2.0},{"damage":0.0,"enemies":"Cultist","floor":5.0,"turns":5.0},{"damage":1.0,"enemies":"Red Slaver","floor":6.0,"turns":4.0},{"damage":2.0,"enemies":"Exordium Wildlife","floor":9.0,"turns":5.0},{"damage":6.0,"enemies":"Gremlin Nob","floor":10.0,"turns":5.0},{"damage":0.0,"enemies":"downfall:FaceTrader","floor":11.0,"turns":7.0},{"damage":5.0,"enemies":"Large Slime","floor":12.0,"turns":6.0},{"damage":3.0,"enemies":"Lagavulin","floor":13.0,"turns":7.0},{"damage":14.0,"enemies":"Gremlin Gang","floor":14.0,"turns":5.0},{"damage":6.0,"enemies":"Blue Slaver","floor":15.0,"turns":4.0},{"damage":8,"enemies":"downfall:Silent","floor":16,"turns":7},{"damage":2,"enemies":"3 Byrds","floor":19,"turns":3},{"damage":5,"enemies":"Cultist and Chosen","floor":20,"turns":6},{"damage":0,"enemies":"Shelled Parasite and Fungi","floor":21,"turns":7},{"damage":22,"enemies":"Centurion and Healer","floor":22,"turns":7},{"damage":9,"enemies":"Gremlin Leader","floor":23,"turns":7},{"damage":10,"enemies":"Snake Plant","floor":25,"turns":5},{"damage":0,"enemies":"downfall:FleeingMerchant","floor":27,"turns":4},{"damage":8,"enemies":"Slavers","floor":28,"turns":4},{"damage":0,"enemies":"downfall:FleeingMerchant","floor":29,"turns":4},{"damage":21,"enemies":"Gremlin Leader","floor":31,"turns":6},{"damage":2,"enemies":"3 Cultists","floor":32,"turns":4},{"damage":0,"enemies":"downfall:Defect","floor":33,"turns":7},{"damage":1,"enemies":"Orb Walker","floor":36,"turns":4},{"damage":3,"enemies":"downfall:FleeingMerchant","floor":37,"turns":3},{"damage":0,"enemies":"3 Shapes","floor":38,"turns":3},{"damage":14,"enemies":"Giant Head","floor":42,"turns":7},{"damage":22,"enemies":"Writhing Mass","floor":43,"turns":4},{"damage":0,"enemies":"Spire Growth","floor":44,"turns":4},{"damage":0,"enemies":"Jaw Worm Horde","floor":45,"turns":4},{"damage":12,"enemies":"Reptomancer","floor":46,"turns":6},{"damage":21,"enemies":"2 Orb Walkers","floor":48,"turns":5},{"damage":0,"enemies":"Writhing Mass","floor":49,"turns":5},{"damage":0,"enemies":"downfall:Ironclad","floor":50,"turns":15},{"damage":0,"enemies":"downfall:CharBossMerchant","floor":52,"turns":9},{"damage":0,"enemies":"downfall:NeowBoss","floor":55,"turns":21}],"seed_played":"-4944311172827270007","potions_obtained":[{"floor":2.0,"key":"Block Potion"},{"floor":4.0,"key":"Guardian:DefensiveModePotion"},{"floor":10.0,"key":"SteroidPotion"},{"floor":16,"key":"FearPotion"},{"floor":19,"key":"DistilledChaos"},{"floor":22,"key":"LiquidMemories"},{"floor":31,"key":"Weak Potion"},{"floor":33,"key":"champ:CounterPotion"},{"floor":44,"key":"champ:CounterPotion"},{"floor":48,"key":"DuplicationPotion"}],"is_trial":false,"path_per_floor":["R","M","?","M","M","M","T","?","M","E","?","M","E","M","M","B",null,"R","M","M","M","M","E","T","M","R","$","E","$","R","E","M","B",null,"R","M","$","M","?","?","T","E","M","M","M","E","T","?","M","B",null,"E","$","R","B",null],"character_chosen":"GUARDIAN","items_purchased":["MerchantsRug","Sling","EssenceOfSteel","FairyPotion","Guardian:ArmoredProtocol","Lee\u0027s Waffle","Guardian:Gem_Red","Guardian:Repulse"],"campfire_rested":5,"item_purchase_floors":[27,27,27,29,37,53,53,53],"current_hp_per_floor":[72,70,67,67,67,66,66,69,67,61,61,57,55,42,37,30,74,74,73,69,70,49,41,41,32,69,70,63,64,91,71,70,71,96,96,96,94,95,95,95,95,82,61,62,63,52,52,32,33,34,107,108,115,115,116],"gold":666,"neow_bonus":"ONE_RARE_RELIC","is_daily":false,"chose_seed":false,"campfire_upgraded":0,"win_rate":0.0,"timestamp":1610274510,"path_taken":["R","M","?","M","M","M","T","?","M","E","?","M","E","M","M","BOSS","R","M","M","M","M","E","T","M","R","?","E","$","R","E","M","BOSS","R","M","$","M","?","?","T","E","M","M","M","E","?","?","M","BOSS","E","$","R","BOSS"],"items_purchased_type":["Relic","Relic","Potion","Potion","Card","Relic","Card","Card"],"build_version":"2020-12-22","purchased_purges":0,"victory":true,"max_hp_per_floor":[72,72,72,72,72,72,72,69,69,69,69,70,71,72,73,74,74,74,75,76,77,78,79,79,80,90,91,92,93,93,94,95,96,96,96,97,98,99,99,99,99,100,101,102,103,104,104,105,106,107,107,108,115,115,116],"card_choices":[{"not_picked":["Guardian:FloatingOrbs","Guardian:Suspension"],"picked":"Guardian:Recover","floor":2.0},{"not_picked":["Guardian:Suspension","Guardian:TemporalStrike"],"picked":"Guardian:TimeBomb","floor":4.0},{"not_picked":["Guardian:ShieldCharger","Guardian:TemporalShield"],"picked":"Guardian:SpikerProtocol","floor":5.0},{"not_picked":["Guardian:PiercingHide","Guardian:RevengeProtocol"],"picked":"Guardian:DonusPower","floor":6.0},{"not_picked":["Guardian:Gem_Lightblue","Guardian:Gem_Cyan"],"picked":"Guardian:DecasProtection","floor":9.0},{"not_picked":["Guardian:GuardianWhirl","Guardian:Gem_Green"],"picked":"Guardian:AncientConstruct","floor":10.0},{"not_picked":["Guardian:Reroute","Guardian:MultiBeam"],"picked":"Guardian:TemporalStrike","floor":11.0},{"not_picked":["Guardian:BronzeArmor","Guardian:MultiBeam","Guardian:Clone"],"picked":"SKIP","floor":12.0},{"not_picked":["Guardian:Repulse","Guardian:TemporalShield"],"picked":"Guardian:Harden","floor":13.0},{"not_picked":["Guardian:Gem_Cyan","Guardian:SentryBeam"],"picked":"Guardian:TimeBomb","floor":14.0},{"not_picked":["Guardian:Reroute","Guardian:ChargeCore"],"picked":"Guardian:RollAttack","floor":15},{"not_picked":["Guardian:FastForward","Guardian:StasisStrike"],"picked":"Guardian:StasisField","floor":16},{"not_picked":["Guardian:Reroute","Guardian:ChargeCore"],"picked":"Guardian:PrismaticBeam+1","floor":19},{"not_picked":["Guardian:ShieldCharger","Guardian:PrimingBeam"],"picked":"Guardian:Gem_Fragmented","floor":20},{"not_picked":["Guardian:RollAttack+1","Guardian:WalkerClaw","Guardian:PrimingBeam"],"picked":"SKIP","floor":21},{"not_picked":["Guardian:Planning","Guardian:BronzeArmor+1"],"picked":"Guardian:ShieldCharger","floor":22},{"not_picked":["Guardian:TimeBomb","Guardian:PiercingHide"],"picked":"Guardian:Gem_Red","floor":23},{"not_picked":["Guardian:TemporalShield","Guardian:Harden"],"picked":"Guardian:Suspension+1","floor":25},{"not_picked":["Guardian:TimeCapacitor","Guardian:DecasProtection"],"picked":"Guardian:Preprogram+1","floor":27},{"not_picked":["Guardian:Emergency","Guardian:VentSteam"],"picked":"Guardian:Preprogram","floor":28},{"not_picked":["Guardian:Planning","Guardian:Gem_Lightblue"],"picked":"Guardian:SpikerProtocol","floor":29},{"not_picked":["Guardian:DonusPower+1","Guardian:ShieldCharger+1"],"picked":"Guardian:Gem_Fragmented","floor":31},{"not_picked":["Guardian:ChargeCore+1","Guardian:TemporalStrike"],"picked":"Guardian:BaubleBeam","floor":32},{"not_picked":["Guardian:ExploitGems","Guardian:ConstructionForm"],"picked":"Guardian:Gem_Orange","floor":33},{"not_picked":["Guardian:Gem_Lightblue","Guardian:TemporalShield+1","Guardian:PrismaticBarrier+1"],"picked":"SKIP","floor":36},{"not_picked":["Guardian:RefractedBeam+1","Guardian:PiercingHide"],"picked":"Guardian:Gem_Crimson","floor":37},{"not_picked":["Guardian:Emergency+1","Guardian:PrimingBeam+1","Guardian:RollAttack+1"],"picked":"SKIP","floor":38},{"not_picked":["Guardian:Planning","Guardian:Gem_Crimson","Guardian:PrimingBeam+1"],"picked":"Guardian:Gem_Blue","floor":42},{"not_picked":["Guardian:Gem_Green","Guardian:Gem_Lightblue","Guardian:Gem_Orange"],"picked":"Guardian:TimeCapacitor","floor":43},{"not_picked":["Guardian:PolyBeam","Guardian:TimeBomb","Guardian:Reroute+1","Guardian:VentSteam"],"picked":"SKIP","floor":44},{"not_picked":["Guardian:Reroute","Guardian:PiercingHide","Guardian:PrismaticBarrier+1","Guardian:RevengeProtocol"],"picked":"SKIP","floor":45},{"not_picked":["Guardian:Incinerate+1","Guardian:PrimingBeam","Guardian:Planning+1"],"picked":"Guardian:EvasiveProtocol","floor":46},{"not_picked":["Guardian:Reroute","Guardian:EvasiveProtocol+1","Guardian:BronzeOrb"],"picked":"Guardian:ArmoredProtocol+1","floor":48},{"not_picked":["Guardian:RollAttack","Guardian:Clone","Guardian:Harden","Guardian:TimeBomb"],"picked":"SKIP","floor":49},{"not_picked":["Guardian:Suspension+1","Guardian:RefractedBeam","Guardian:TimeSifter","Guardian:Gem_Green"],"picked":"SKIP","floor":52}],"player_experience":58622,"relics_obtained":[{"floor":10.0,"key":"Oddly Smooth Stone"},{"floor":11.0,"key":"downfall:CloakOfManyFaces"},{"floor":13.0,"key":"Tiny Chest"},{"floor":23,"key":"Shuriken"},{"floor":28,"key":"Mummified Hand"},{"floor":31,"key":"Regal Pillow"},{"floor":41,"key":"Question Card"},{"floor":42,"key":"Ginger"},{"floor":46,"key":"Juzu Bracelet"},{"floor":47,"key":"Lantern"},{"floor":48,"key":"Calipers"},{"floor":52,"key":"Toy Ornithopter"}],"event_choices":[{"damage_healed":18.0,"max_hp_gain":0.0,"max_hp_loss":0.0,"gold_gain":0.0,"event_name":"Mushrooms","player_choice":"Healed and dodged fight","floor":8.0,"gold_loss":0.0,"damage_taken":0.0,"cards_obtained":["Parasite"]},{"cards_removed":["Guardian:Strike_Guardian"],"damage_healed":0,"gold_gain":0,"player_choice":"Removed Attack","damage_taken":0,"max_hp_gain":0,"max_hp_loss":0,"event_name":"Falling","floor":39,"gold_loss":0},{"damage_healed":0,"gold_gain":0,"player_choice":"Fight","damage_taken":0,"max_hp_gain":0,"max_hp_loss":0,"event_name":"Mysterious Sphere","floor":48,"gold_loss":0}],"is_beta":false,"boss_relics":[{"not_picked":["Snecko Eye","Calling Bell"],"picked":"SlaversCollar"},{"not_picked":["Guardian:StasisSlotReductionRelic","SacredBark"],"picked":"Philosopher\u0027s Stone"}],"items_purged_floors":[],"is_endless":false,"potions_floor_spawned":[2,4,10,14,16,19,22,23,31,32,33,42,44,45,48],"ascension_level":0}}