{"host":"KYO","time":1610243717,"event":{"mods":["ATMod(°¢èªMod)","BaseMod","BetterRewards","Minty Spire (QoL Compilation)","Remove Card Discount Mod","Shop Mod","StSLib","SuperFastMode","The Marked","[IsaacMod]ÒÔÈö¼âËþ","¡¾ÒÅÎï¿¨ÅÆ¡¿REMEMod"],"gold_per_floor":[28,28,47,47,47,91,161,161,184,258,366,366,408,467,467,593,593,637,777,864,864,927,1099,1099,1153,1178,1024,1051,1051,1051,1161,1161,1282,1282,1374,1374,1374,1451,1451,1511,1608,1683,1683,1794,1934,1934,2020,2122,2122,2247,2247,2247,1682,1758,1783],"floor_reached":56,"playtime":2649,"items_purged":["theMarked:Strike","theMarked:Defend","theMarked:Strike","theMarked:Strike","theMarked:Strike","theMarked:Defend","theMarked:Defend","theMarked:Strike","theMarked:Defend","BettingIsNotGood","Judgement+1"],"score":1850,"play_id":"b86d84f2-5c32-437c-a1f2-9fc3006e3796","local_time":"20210110095517","is_ascension_mode":false,"campfire_choices":[{"data":"AT_KingSlayer","floor":8.0,"key":"SMITH"},{"data":"theMarked:SoldierOfQuellstein","floor":12.0,"key":"SMITH"},{"data":"Judgement","floor":15.0,"key":"SMITH"},{"data":"Good Instincts","floor":24.0,"key":"SMITH"},{"data":"Flash of Steel","floor":30.0,"key":"SMITH"},{"floor":32.0,"key":"RECALL"},{"data":"Panacea","floor":46,"key":"SMITH"},{"floor":49,"key":"REST"},{"floor":52,"key":"REST"}],"circlet_count":0,"master_deck":["theMarked:SoldierOfQuellstein+1","AT_KingSlayer+1","Flash of Steel+1","Good Instincts+1","Panacea+1","theMarked:EternalStudent"],"relics":["theMarked:BronzeBlade","HushsDoor","AT_ATBox","REME_ComplimentaryCards","GuppysPaw","REME_PuzzleBoxRelic","MerchantsRug","Juzu Bracelet","AT_PhaseBoots","Sling","Nunchaku","AT_MibuBalloonWealth","HowToJump","Meat on the Bone","AT_BladeRuinedKing","Omamori","REME_ChargedStone","BelialBook","Blood Vial","Centennial Puzzle","Akabeko","AT_ChloranthyRing","BookOfRevelations","GuppysTail","GuppysHead","REME_LimitBreaker","Blue Candle","Du-Vu Doll","TheBattery","AT_EbonyIvory","Strawberry","HandDrill","AT_ForceNature","TheBible"],"acts_visited":["Exordium","TheCity","TheBeyond","TheEnding"],"potions_floor_usage":[45,55,55,55],"damage_taken":[{"damage":3.0,"enemies":"Cultist","floor":1.0,"turns":2.0},{"damage":0.0,"enemies":"2 Louse","floor":3.0,"turns":1.0},{"damage":4.0,"enemies":"Lagavulin","floor":6.0,"turns":3.0},{"damage":0.0,"enemies":"Small Slimes","floor":7.0,"turns":1.0},{"damage":0.0,"enemies":"3 Sentries","floor":11.0,"turns":3.0},{"damage":0.0,"enemies":"Looter","floor":13.0,"turns":2.0},{"damage":3.0,"enemies":"Lagavulin","floor":14.0,"turns":2.0},{"damage":0.0,"enemies":"Hexaghost","floor":16.0,"turns":3.0},{"damage":3.0,"enemies":"Chosen","floor":18.0,"turns":1.0},{"damage":0.0,"enemies":"Hiden Room Battle","floor":19.0,"turns":4.0},{"damage":3.0,"enemies":"3 Byrds","floor":20.0,"turns":3.0},{"damage":9.0,"enemies":"Shelled Parasite and Fungi","floor":22.0,"turns":5.0},{"damage":7.0,"enemies":"Gremlin Leader","floor":23.0,"turns":8.0},{"damage":0.0,"enemies":"Book of Stabbing","floor":25.0,"turns":2.0},{"damage":0.0,"enemies":"Slavers","floor":31.0,"turns":1.0},{"damage":0.0,"enemies":"Automaton","floor":33.0,"turns":1.0},{"damage":0.0,"enemies":"3 Shapes","floor":35.0,"turns":2.0},{"damage":0.0,"enemies":"Giant Head","floor":40.0,"turns":2.0},{"damage":0.0,"enemies":"2 Orb Walkers","floor":41.0,"turns":1.0},{"damage":0.0,"enemies":"Mind Bloom Boss Battle","floor":42.0,"turns":1.0},{"damage":0,"enemies":"3 Darklings","floor":45,"turns":1},{"damage":0,"enemies":"Sphere and 2 Shapes","floor":47,"turns":1},{"damage":0,"enemies":"Reptomancer","floor":48,"turns":1},{"damage":0,"enemies":"Awakened One","floor":50,"turns":3},{"damage":0,"enemies":"Shield and Spear","floor":54,"turns":1},{"damage":0,"enemies":"The Heart","floor":55,"turns":3}],"seed_played":"2309184421088279724","potions_obtained":[{"floor":1.0,"key":"BlessingOfTheForge"},{"floor":3.0,"key":"Weak Potion"},{"floor":6.0,"key":"Strength Potion"},{"floor":14.0,"key":"Regen Potion"},{"floor":23.0,"key":"REME_GoldPotion"},{"floor":31.0,"key":"theMarked:ChargePotion"},{"floor":40.0,"key":"Weak Potion"},{"floor":42.0,"key":"LiquidBronze"},{"floor":45,"key":"Swift Potion"},{"floor":47,"key":"Dexterity Potion"},{"floor":48,"key":"SteroidPotion"}],"is_trial":false,"path_per_floor":["M","?","M","?","?","E","M","R","T","T","E","R","M","E","R","B",null,"M","?","M","?","M","E","R","E","T","$","T","?","R","E","R","B",null,"M","?","?","T","?","E","?","?","T","$","M","R","M","E","R","B",null,"R","$","E","B",null],"character_chosen":"THE_DEFAULT","items_purchased":["REME_PuzzleBoxRelic","MerchantsRug","Juzu Bracelet","AT_SpeedBoots","Flash of Steel","Sling","BelialBook","AT_ChloranthyRing","GuppysTail","GuppysHead","TheBattery","Strawberry","HandDrill","AT_ForceNature","Strength Potion"],"campfire_rested":2,"item_purchase_floors":[0,0,0,0,0,0,17,27,34,34,44,53,53,53,53],"current_hp_per_floor":[67,67,67,52,52,48,48,48,48,48,53,53,58,55,55,60,60,60,45,49,49,42,52,52,54,54,54,54,54,54,56,56,58,40,40,40,40,40,40,40,40,40,40,40,40,40,40,40,40,40,40,40,47,47,47],"gold":1783,"neow_bonus":"","is_daily":false,"chose_seed":false,"campfire_upgraded":6,"win_rate":0.0,"timestamp":1610243717,"path_taken":["M","?","M","?","?","E","M","R","T","?","E","R","M","E","R","BOSS","M","?","M","?","M","E","R","E","T","$","?","?","R","E","R","BOSS","M","?","?","?","?","E","?","?","T","$","M","R","M","E","R","BOSS","R","$","E","BOSS"],"items_purchased_type":["Relic","Relic","Relic","Relic","Card","Relic","Relic","Relic","Relic","Relic","Relic","Relic","Relic","Relic","Potion"],"build_version":"2020-12-18","purchased_purges":11,"victory":true,"max_hp_per_floor":[70,70,70,70,70,70,70,70,70,70,70,70,70,70,70,70,60,60,60,60,60,60,60,60,60,60,60,60,60,60,60,60,60,40,40,40,40,40,40,40,40,40,40,40,40,40,40,40,40,40,40,40,47,47,47],"card_choices":[{"not_picked":[],"picked":"BettingIsNotGood","floor":0.0},{"not_picked":["theMarked:AttractMetal","theMarked:Convert","theMarked:ElectricStrings"],"picked":"SKIP","floor":1.0},{"not_picked":["theMarked:HeritageOfTheMarked","theMarked:WardOff","theMarked:MysticalArsenal"],"picked":"SKIP","floor":3.0},{"not_picked":["theMarked:HeightenedSenses","theMarked:TwofoldDefense","theMarked:RepellingDischarge"],"picked":"SKIP","floor":6.0},{"not_picked":["theMarked:Reabsorb","theMarked:TwofoldDefense","theMarked:SwordAndMagic"],"picked":"SKIP","floor":7.0},{"not_picked":["theMarked:Improvise","theMarked:AttractMetal","theMarked:Opportunist"],"picked":"SKIP","floor":11.0},{"not_picked":["theMarked:Reabsorb","theMarked:ParalyzingBlade","theMarked:Overcharge"],"picked":"SKIP","floor":13.0},{"not_picked":["theMarked:ShockingTouch","theMarked:Improvise","theMarked:Convert"],"picked":"SKIP","floor":14.0},{"not_picked":["theMarked:SelfDefenseTraining","theMarked:Polarize","theMarked:WastefulAttack"],"picked":"SKIP","floor":18.0},{"not_picked":["theMarked:TakeCover","theMarked:EmpowerWeapon","theMarked:ElectricStrings"],"picked":"SKIP","floor":20.0},{"not_picked":["theMarked:Parkour+1","theMarked:SwordAndMagic+1","theMarked:TunnelVision"],"picked":"SKIP","floor":22.0},{"not_picked":["theMarked:GodGivenPower","theMarked:WastefulAttack","theMarked:Generate"],"picked":"SKIP","floor":23.0},{"not_picked":["theMarked:WastefulAttack","theMarked:StartUp","theMarked:WastefulDefense+1"],"picked":"SKIP","floor":25.0},{"not_picked":["theMarked:SuspiciousRaven","theMarked:MaelstromOfLightning","theMarked:TwofoldDefense+1"],"picked":"SKIP","floor":31.0},{"not_picked":["theMarked:TurnInvisible","theMarked:DispelDoubt"],"picked":"theMarked:MagicAdept","floor":33.0},{"not_picked":["theMarked:ElectricStrings+1","theMarked:ReduceFriction+1","theMarked:TwofoldDefense+1"],"picked":"SKIP","floor":35.0},{"not_picked":["AT_LightSaberMaster","Jack Of All Trades"],"picked":"Panacea","floor":39.0},{"not_picked":["theMarked:PowerFlow","theMarked:RogueSparks","theMarked:BanishingStrike"],"picked":"SKIP","floor":40.0},{"not_picked":["theMarked:WastefulDefense","theMarked:WastefulAttack","theMarked:WardOff"],"picked":"SKIP","floor":45},{"not_picked":["theMarked:ElementalBlade+1","theMarked:Parkour+1","theMarked:Frustration+1"],"picked":"SKIP","floor":47},{"not_picked":["theMarked:ComboAttacks","theMarked:Panic","theMarked:Polarize+1"],"picked":"SKIP","floor":48},{"not_picked":["theMarked:Static","theMarked:SwordAndMagic"],"picked":"theMarked:EternalStudent","floor":54}],"player_experience":594301,"relics_obtained":[{"floor":6.0,"key":"AT_MibuBalloonWealth"},{"floor":9.0,"key":"HowToJump"},{"floor":10.0,"key":"Meat on the Bone"},{"floor":11.0,"key":"AT_BladeRuinedKing"},{"floor":14.0,"key":"Omamori"},{"floor":19.0,"key":"SharpPlug"},{"floor":19.0,"key":"Blood Vial"},{"floor":23.0,"key":"Centennial Puzzle"},{"floor":25.0,"key":"Akabeko"},{"floor":28.0,"key":"BookOfRevelations"},{"floor":31.0,"key":"Happy Flower"},{"floor":38.0,"key":"REME_LimitBreaker"},{"floor":40.0,"key":"Blue Candle"},{"floor":41.0,"key":"Du-Vu Doll"},{"floor":42.0,"key":"D4"},{"floor":43.0,"key":"StoneCalendar"},{"floor":48,"key":"AT_EbonyIvory"},{"floor":54,"key":"TheBible"}],"event_choices":[{"damage_healed":0.0,"max_hp_gain":0.0,"max_hp_loss":0.0,"gold_gain":0.0,"event_name":"Match and Keep!","player_choice":"1 cards matched","floor":2.0,"gold_loss":0.0,"damage_taken":0.0,"cards_obtained":["Good Instincts"]},{"damage_healed":0.0,"max_hp_gain":0.0,"max_hp_loss":0.0,"gold_gain":0.0,"event_name":"The Cleric","player_choice":"Leave","floor":5.0,"gold_loss":0.0,"damage_taken":0.0},{"damage_healed":0.0,"max_hp_gain":0.0,"max_hp_loss":0.0,"gold_gain":0.0,"event_name":"HidenRoomEvent","player_choice":"Fight","floor":19.0,"gold_loss":0.0,"damage_taken":0.0},{"damage_healed":0.0,"max_hp_gain":0.0,"max_hp_loss":0.0,"gold_gain":0.0,"event_name":"Beggar","player_choice":"Ignored","floor":21.0,"gold_loss":0.0,"damage_taken":0.0},{"damage_healed":0.0,"max_hp_gain":0.0,"max_hp_loss":0.0,"gold_gain":0.0,"event_name":"N\u0027loth","player_choice":"Ignored","floor":29.0,"gold_loss":0.0,"damage_taken":0.0},{"cards_removed":["theMarked:MagicAdept"],"damage_healed":0.0,"max_hp_gain":0.0,"max_hp_loss":0.0,"gold_gain":0.0,"event_name":"Falling","player_choice":"Removed Power","floor":36.0,"gold_loss":0.0,"damage_taken":0.0},{"damage_healed":10.0,"max_hp_gain":0.0,"max_hp_loss":0.0,"gold_gain":0.0,"event_name":"Winding Halls","player_choice":"Writhe","floor":37.0,"gold_loss":0.0,"damage_taken":0.0,"cards_obtained":["Writhe"]},{"damage_healed":0.0,"max_hp_gain":0.0,"max_hp_loss":0.0,"gold_gain":0.0,"event_name":"SensoryStone","player_choice":"Memory 1","floor":39.0,"gold_loss":0.0,"damage_taken":0.0},{"damage_healed":0.0,"max_hp_gain":0.0,"max_hp_loss":0.0,"gold_gain":0.0,"event_name":"Mysterious Sphere","player_choice":"Fight","floor":41.0,"gold_loss":0.0,"damage_taken":0.0},{"damage_healed":0.0,"max_hp_gain":0.0,"max_hp_loss":0.0,"gold_gain":0.0,"event_name":"MindBloom","player_choice":"Fight","floor":42.0,"gold_loss":0.0,"damage_taken":0.0}],"is_beta":true,"boss_relics":[{"not_picked":["REME_DuelDisc","Empty Cage"],"picked":"REME_ChargedStone"},{"not_picked":[]},{"not_picked":["Coffee Dripper","theMarked:Eyepatch"],"picked":"theMarked:BronzeBlade"},{"not_picked":[]}],"items_purged_floors":[0,0,0,0,0,0,0,27,27,27,44],"is_endless":false,"potions_floor_spawned":[1,3,6,14,18,22,23,31,40,42,45,47,48],"ascension_level":0}}