{"host":"cny2hboix4qtzjgl","time":1610267191,"event":{"mods":["AchievementEnabler","BaseMod","Colored Map","Colored Powertips","Highlight Path","Minty Spire (QoL Compilation)","Relic Stats","Replay The Spire","Shop Mod","StSLib"],"gold_per_floor":[118,118,138,138,153,186,200,216,240,240,240,240,267,323,323,323,323],"floor_reached":16,"playtime":1073,"items_purged":[],"score":110,"play_id":"5f60b8d6-b27e-47bf-9cdb-98e9eb28d61f","local_time":"20210110162631","is_ascension_mode":false,"campfire_choices":[{"floor":10,"key":"REST"},{"floor":12,"key":"REST"}],"circlet_count":0,"master_deck":["Strike_G","Strike_G+1","Strike_G","Strike_G+1","Defend_G","Defend_G","Defend_G","Defend_G","Defend_G+1","Survivor","Neutralize","Bouncing Flask","Regret","Poisoned Stab+1","Deadly Poison","Crippling Poison"],"relics":["Ring of the Snake","NeowsBlessing","Snake Skull","Juzu Bracelet","Gremlin Food","Simple Rune","Blood Vial","Golden Idol"],"acts_visited":["Exordium"],"potions_floor_usage":[6,6,6,8,13],"damage_taken":[{"damage":0,"enemies":"Cultist","floor":1,"turns":1},{"damage":0,"enemies":"Small Slimes","floor":3,"turns":1},{"damage":0,"enemies":"2 Louse","floor":5,"turns":1},{"damage":35,"enemies":"3 Sentries","floor":6,"turns":11},{"damage":4,"enemies":"Looter","floor":7,"turns":3},{"damage":7,"enemies":"Blue Slaver","floor":8,"turns":3},{"damage":8,"enemies":"Gremlin Nob","floor":13,"turns":3},{"damage":8,"enemies":"Gremlin Nob","floor":14,"turns":3},{"damage":34,"enemies":"Fading Forest","floor":16,"turns":4}],"seed_played":"4689577343800460650","potions_obtained":[{"floor":3,"key":"Ancient Potion"},{"floor":4,"key":"Languid Potion"},{"floor":4,"key":"Fire Potion"},{"floor":6,"key":"Fire Potion"},{"floor":7,"key":"Adrenaline Potion"},{"floor":14,"key":"SkillPotion"}],"is_trial":false,"path_per_floor":["M","?","M","?","M","E","M","M","T","R","?","R","E","?","R_BF","B"],"character_chosen":"THE_SILENT","items_purchased":[],"campfire_rested":2,"item_purchase_floors":[],"current_hp_per_floor":[70,70,70,70,70,35,31,24,24,45,38,59,51,43,26,0,0],"gold":323,"neow_bonus":"THREE_ENEMY_KILL","is_daily":false,"chose_seed":false,"campfire_upgraded":0,"win_rate":0.0,"timestamp":1610267191,"path_taken":["M","?","M","?","?","E","M","M","T","R","?","R","E","?","R_BF","BOSS"],"items_purchased_type":[],"build_version":"2020-12-22","purchased_purges":0,"victory":false,"max_hp_per_floor":[70,70,70,70,70,70,70,70,70,70,70,70,70,70,70,70,70],"relic_stats":{"Blood Vial":2,"counters":[9,30],"Golden Idol":0,"Snake Skull":[37],"Juzu Bracelet":0,"obtain_stats":[{"Gremlin Food":9,"Blood Vial":14,"NeowsBlessing":0,"Golden Idol":15,"Simple Rune":13,"Snake Skull":2,"Juzu Bracelet":6,"Ring of the Snake":0},{"Gremlin Food":6,"Blood Vial":8,"NeowsBlessing":0,"Golden Idol":8,"Simple Rune":7,"Snake Skull":1,"Juzu Bracelet":4,"Ring of the Snake":0},{"Gremlin Food":20,"Blood Vial":26,"NeowsBlessing":0,"Golden Idol":26,"Simple Rune":23,"Snake Skull":1,"Juzu Bracelet":14,"Ring of the Snake":0}],"Ring of the Snake":[18]},"card_choices":[{"not_picked":["Bane","Underhanded Strike"],"picked":"Bouncing Flask","floor":1},{"not_picked":["Setup","Flechettes","Leg Sweep"],"picked":"SKIP","floor":3},{"not_picked":["Tactician","Dash"],"picked":"Poisoned Stab","floor":5},{"not_picked":["Sucker Punch","Cloak And Dagger","Dagger Throw"],"picked":"SKIP","floor":6},{"not_picked":["Footwork","PiercingWail"],"picked":"Deadly Poison","floor":7},{"not_picked":["Choke","Dagger Spray","Storm of Steel"],"picked":"SKIP","floor":8},{"not_picked":["Slice","All Out Attack"],"picked":"Crippling Poison","floor":13}],"player_experience":77925,"relics_obtained":[{"floor":6,"key":"Juzu Bracelet"},{"floor":9,"key":"Gremlin Food"},{"floor":13,"key":"Simple Rune"},{"floor":14,"key":"Blood Vial"}],"event_choices":[{"damage_healed":0,"gold_gain":0,"player_choice":"Box","damage_taken":0,"relics_obtained":["Snake Skull"],"max_hp_gain":0,"max_hp_loss":0,"event_name":"Big Fish","floor":2,"gold_loss":0,"cards_obtained":["Regret"]},{"damage_healed":0,"gold_gain":0,"player_choice":"Got Potions","damage_taken":0,"max_hp_gain":0,"max_hp_loss":0,"event_name":"Lab","floor":4,"gold_loss":0},{"cards_removed":["Strike_G"],"damage_healed":0,"gold_gain":0,"player_choice":"Card Removal","damage_taken":7,"max_hp_gain":0,"max_hp_loss":0,"event_name":"Golden Wing","floor":11,"gold_loss":0},{"damage_healed":0,"gold_gain":30,"player_choice":"Searched \u00273\u0027 times","damage_taken":0,"max_hp_gain":0,"max_hp_loss":0,"event_name":"Dead Adventurer","floor":14,"gold_loss":0},{"damage_healed":0,"gold_gain":0,"player_choice":"Take Damage","damage_taken":17,"relics_obtained":["Golden Idol"],"max_hp_gain":0,"max_hp_loss":0,"event_name":"Golden Idol","floor":15,"gold_loss":0}],"is_beta":false,"boss_relics":[],"items_purged_floors":[],"is_endless":false,"potions_floor_spawned":[3,5,6,7,14],"killed_by":"Fading Forest","ascension_level":0}}