{"host":"a1eatafr7pisesky","time":1610293319,"event":{"mods":["AchievementEnabler","BaseMod","Colored Map","Keyboard Shortcuts","Minty Spire (QoL Compilation)","Say the Spire","StSLib","SuperFastMode","everything is the same but u backflip on backflip"],"gold_per_floor":[111,111,286,299,51,85,85,104,104,138,157,187,202,219,219,321,321,341,341,355,255,267,267,267,296,320,195,222,253,264,289,289,401,401,413,440,457,307,307,334,346,408,420,107,124,140,140,155,155,155,155,155,8,52,52],"floor_reached":56,"playtime":2140,"items_purged":["Doubt","Strike_G","Defend_G","Strike_G","Strike_G"],"score":1638,"play_id":"94a04364-5529-479f-8a35-0434a6408fe6","local_time":"20210111004159","is_ascension_mode":true,"campfire_choices":[{"data":"Apotheosis","floor":7.0,"key":"SMITH"},{"floor":15.0,"key":"REST"},{"floor":23.0,"key":"REST"},{"floor":32.0,"key":"REST"},{"floor":41.0,"key":"REST"},{"data":"Strike_G","floor":47.0,"key":"PURGE"},{"floor":49.0,"key":"RECALL"},{"data":"Strike_G","floor":52.0,"key":"PURGE"}],"circlet_count":0,"master_deck":["Defend_G","Defend_G","Defend_G","Defend_G","Survivor","Neutralize","Dagger Spray","Riddle With Holes","Apotheosis+1","Backstab","PiercingWail","Poisoned Stab","Blade Dance","Cloak And Dagger","Venomology","Ghostly","Ghostly","Ghostly","Ghostly","Ghostly","Eviscerate+1","Crippling Poison","Terror","Envenom","Caltrops+1","Finisher+1","PiercingWail+1"],"relics":["Ring of the Snake","NeowsBlessing","Du-Vu Doll","Gambling Chip","TungstenRod","Molten Egg 2","Philosopher\u0027s Stone","CeramicFish","Potion Belt","Lantern","Nunchaku","SacredBark","MawBank","Peace Pipe","Boot","Snake Skull"],"acts_visited":["Exordium","TheCity","TheBeyond","TheEnding"],"potions_floor_usage":[55,55,55,55],"damage_taken":[{"damage":0.0,"enemies":"2 Louse","floor":1.0,"turns":1.0},{"damage":0.0,"enemies":"Small Slimes","floor":4.0,"turns":1.0},{"damage":0.0,"enemies":"Gremlin Nob","floor":6.0,"turns":1.0},{"damage":0.0,"enemies":"Jaw Worm","floor":8.0,"turns":2.0},{"damage":7.0,"enemies":"Lagavulin","floor":10.0,"turns":5.0},{"damage":8.0,"enemies":"Exordium Thugs","floor":11.0,"turns":4.0},{"damage":11.0,"enemies":"3 Sentries","floor":12.0,"turns":5.0},{"damage":2.0,"enemies":"Looter","floor":13.0,"turns":2.0},{"damage":11.0,"enemies":"Large Slime","floor":14.0,"turns":4.0},{"damage":24.0,"enemies":"The Guardian","floor":16.0,"turns":12.0},{"damage":12.0,"enemies":"3 Byrds","floor":18.0,"turns":4.0},{"damage":7.0,"enemies":"Chosen","floor":20.0,"turns":6.0},{"damage":0.0,"enemies":"Snecko","floor":22.0,"turns":4.0},{"damage":9.0,"enemies":"Chosen and Byrds","floor":25.0,"turns":7.0},{"damage":11.0,"enemies":"Snake Plant","floor":28.0,"turns":5.0},{"damage":0.0,"enemies":"Slavers","floor":29.0,"turns":5.0},{"damage":0.0,"enemies":"3 Cultists","floor":30.0,"turns":5.0},{"damage":0.0,"enemies":"Gremlin Leader","floor":31.0,"turns":5.0},{"damage":14.0,"enemies":"Automaton","floor":33.0,"turns":14.0},{"damage":0.0,"enemies":"Orb Walker","floor":35.0,"turns":4.0},{"damage":0.0,"enemies":"3 Darklings","floor":36.0,"turns":6.0},{"damage":0.0,"enemies":"Transient","floor":37.0,"turns":5.0},{"damage":27.0,"enemies":"Nemesis","floor":40.0,"turns":9.0},{"damage":0.0,"enemies":"Mind Bloom Boss Battle","floor":42.0,"turns":7.0},{"damage":0.0,"enemies":"Writhing Mass","floor":45.0,"turns":5.0},{"damage":0.0,"enemies":"Spire Growth","floor":46.0,"turns":4.0},{"damage":0.0,"enemies":"4 Shapes","floor":48.0,"turns":3.0},{"damage":33.0,"enemies":"Awakened One","floor":50.0,"turns":13.0},{"damage":1.0,"enemies":"Shield and Spear","floor":54.0,"turns":6.0},{"damage":1,"enemies":"The Heart","floor":55,"turns":7}],"seed_played":"2920638738933996198","potions_obtained":[{"floor":4.0,"key":"Swift Potion"},{"floor":8.0,"key":"Swift Potion"},{"floor":10.0,"key":"FearPotion"},{"floor":11.0,"key":"BlessingOfTheForge"},{"floor":13.0,"key":"LiquidBronze"},{"floor":20.0,"key":"Fire Potion"},{"floor":22.0,"key":"CunningPotion"},{"floor":31.0,"key":"FairyPotion"},{"floor":33.0,"key":"LiquidMemories"},{"floor":36.0,"key":"PowerPotion"},{"floor":40.0,"key":"Fire Potion"},{"floor":45.0,"key":"SneckoOil"},{"floor":46.0,"key":"Strength Potion"}],"is_trial":false,"path_per_floor":["M","?","?","M","$","E","R","M","T","E","M","E","M","M","R","B",null,"M","?","M","$","M","R","?","M","T","$","M","E","M","E","R","B",null,"M","M","M","$","?","E","R","?","T","$","M","M","R","M","R","B",null,"R","$","E","B",null],"character_chosen":"THE_SILENT","items_purchased":["Apotheosis","Boot","Finisher+1","GamblersBrew","Dexterity Potion"],"campfire_rested":4,"item_purchase_floors":[5,44,53,53,53],"current_hp_per_floor":[63,68,68,68,68,68,68,68,68,61,53,42,40,29,51,27,63,51,37,30,30,30,37,37,28,28,28,17,17,17,17,28,14,31,31,31,31,31,31,4,14,14,14,14,14,14,14,14,14,10,29,29,29,28,27],"gold":52,"neow_bonus":"THREE_ENEMY_KILL","is_daily":false,"chose_seed":false,"campfire_upgraded":1,"win_rate":0.0,"timestamp":1610293319,"path_taken":["M","?","?","M","?","E","R","M","T","E","M","E","M","M","R","BOSS","M","?","M","$","M","R","?","M","T","$","M","E","M","E","R","BOSS","M","M","M","$","?","E","R","?","T","$","M","M","R","M","R","BOSS","R","$","E","BOSS"],"items_purchased_type":["Card","Relic","Card","Potion","Potion"],"build_version":"2020-12-22","purchased_purges":5,"victory":true,"max_hp_per_floor":[70,75,75,75,75,75,75,75,75,75,75,75,75,75,75,75,75,75,37,37,37,37,37,37,37,37,37,37,37,37,37,37,37,37,37,37,37,37,35,35,35,35,35,35,35,35,35,35,35,35,35,35,35,35,35],"card_choices":[{"not_picked":["Acrobatics","Prepared"],"picked":"Dagger Spray","floor":1.0},{"not_picked":["Escape Plan","Deadly Poison"],"picked":"Riddle With Holes","floor":4.0},{"not_picked":["Flechettes","Deadly Poison"],"picked":"Backstab","floor":6.0},{"not_picked":["Choke","Infinite Blades"],"picked":"PiercingWail","floor":8.0},{"not_picked":["Outmaneuver","Choke","Dodge and Roll"],"picked":"SKIP","floor":10.0},{"not_picked":["Deadly Poison","Dagger Spray"],"picked":"Poisoned Stab","floor":11.0},{"not_picked":["Bane+1","Finisher+1","Distraction"],"picked":"SKIP","floor":12.0},{"not_picked":["Backstab+1","Doppelganger"],"picked":"Blade Dance","floor":13.0},{"not_picked":["All Out Attack+1","Concentrate"],"picked":"Cloak And Dagger","floor":14.0},{"not_picked":["Glass Knife+1","Bullet Time"],"picked":"Venomology","floor":16.0},{"not_picked":["PiercingWail","Slice+1","Underhanded Strike+1"],"picked":"SKIP","floor":18.0},{"not_picked":["Escape Plan","Distraction"],"picked":"Eviscerate+1","floor":20.0},{"not_picked":["Deadly Poison+1","Dodge and Roll","Flying Knee+1"],"picked":"SKIP","floor":22.0},{"not_picked":["Cloak And Dagger","Endless Agony+1"],"picked":"Crippling Poison","floor":25.0},{"not_picked":["Underhanded Strike+1","Venomology"],"picked":"Terror","floor":28.0},{"not_picked":["Riddle With Holes+1","Setup+1","Escape Plan"],"picked":"SKIP","floor":29.0},{"not_picked":["PiercingWail","Concentrate","Dagger Throw+1"],"picked":"SKIP","floor":30.0},{"not_picked":["Die Die Die+1","Deflect","Quick Slash+1"],"picked":"SKIP","floor":31.0},{"not_picked":["Burst","Storm of Steel"],"picked":"Envenom","floor":33.0},{"not_picked":["Deflect","PiercingWail+1","Deadly Poison+1"],"picked":"SKIP","floor":35.0},{"not_picked":["Acrobatics+1","Predator+1"],"picked":"Caltrops+1","floor":36.0},{"not_picked":["Acrobatics+1","Deadly Poison+1","Distraction+1"],"picked":"SKIP","floor":37.0},{"not_picked":["Concentrate","Outmaneuver","Well Laid Plans"],"picked":"SKIP","floor":40.0},{"not_picked":["Cloak And Dagger+1","Dodge and Roll","Concentrate"],"picked":"SKIP","floor":45.0},{"not_picked":["Backflip+1","Outmaneuver","Prepared"],"picked":"SKIP","floor":46.0},{"not_picked":["Bane+1","Bullet Time","Deflect+1"],"picked":"SKIP","floor":48.0},{"not_picked":["Terror+1","Cloak And Dagger+1"],"picked":"PiercingWail+1","floor":54.0}],"player_experience":304243,"relics_obtained":[{"floor":6.0,"key":"Du-Vu Doll"},{"floor":9.0,"key":"Gambling Chip"},{"floor":10.0,"key":"TungstenRod"},{"floor":12.0,"key":"Molten Egg 2"},{"floor":26.0,"key":"Potion Belt"},{"floor":29.0,"key":"Lantern"},{"floor":31.0,"key":"Nunchaku"},{"floor":40.0,"key":"MawBank"},{"floor":42.0,"key":"Peace Pipe"},{"floor":54.0,"key":"Snake Skull"}],"event_choices":[{"damage_healed":0.0,"max_hp_gain":5.0,"max_hp_loss":0.0,"gold_gain":0.0,"event_name":"Big Fish","player_choice":"Donut","floor":2.0,"gold_loss":0.0,"damage_taken":0.0},{"damage_healed":0.0,"max_hp_gain":0.0,"max_hp_loss":0.0,"gold_gain":175.0,"event_name":"Liars Game","player_choice":"AGREE","floor":3.0,"gold_loss":0.0,"damage_taken":0.0,"cards_obtained":["Doubt"]},{"damage_healed":0.0,"max_hp_gain":0.0,"max_hp_loss":38.0,"gold_gain":0.0,"event_name":"Ghosts","player_choice":"Became a Ghost","floor":19.0,"gold_loss":0.0,"damage_taken":0.0,"cards_obtained":["Ghostly","Ghostly","Ghostly","Ghostly","Ghostly"]},{"damage_healed":0.0,"max_hp_gain":0.0,"max_hp_loss":0.0,"gold_gain":0.0,"event_name":"The Mausoleum","player_choice":"Opened","floor":24.0,"gold_loss":0.0,"damage_taken":0.0,"relics_obtained":["CeramicFish"]},{"damage_healed":0.0,"max_hp_gain":0.0,"max_hp_loss":2.0,"gold_gain":0.0,"event_name":"Winding Halls","player_choice":"Max HP","floor":39.0,"gold_loss":0.0,"damage_taken":0.0},{"damage_healed":0.0,"max_hp_gain":0.0,"max_hp_loss":0.0,"gold_gain":0.0,"event_name":"MindBloom","player_choice":"Fight","floor":42.0,"gold_loss":0.0,"damage_taken":0.0}],"is_beta":false,"boss_relics":[{"not_picked":["Ectoplasm","Velvet Choker"],"picked":"Philosopher\u0027s Stone"},{"not_picked":["HoveringKite","Astrolabe"],"picked":"SacredBark"}],"items_purged_floors":[5,21,27,38,44],"is_endless":false,"potions_floor_spawned":[4,8,10,11,13,20,22,31,33,36,40,45,46],"ascension_level":6}}