{"host":"ecuvtzmejf7hhjpv","time":1610290751,"event":{"mods":["AchievementEnabler","Act Like it!","Aspiration","BaseMod","Better Altar","Better Match","Better Note","Better Sensory Stone","Better Skull","Better Third Choice","BetterRewards","Conspire","Custom Start","Gensokyo","GifTheSpireLib","Hallownest","Hermit","Hubris","Kratos Character Expansion","Marisa????????","Minty Spire (QoL Compilation)","Prisma Mod","Replay The Spire","Spicy Shops","StSLib","The Animator","The Blackbeard","The Bug Knight","The Forsaken","The Hierophant","The Jungle","The Necromancer","The Poker Player","The Wild Card"],"gold_per_floor":[111,130,142,160,160,190,190,208,208,237,237,250,283,283,283,385,485,505,262,282,302,318,347,497,532,532,551,401,415,415,455,455,567,567,587,538,538,563,672,708,734,767,767,798,808,408,408,446,446,446,446,446,446,479,479],"floor_reached":56,"playtime":2453,"items_purged":["Looming Evil"],"score":2024,"play_id":"ff4a7e42-ab4c-48ed-a65e-a7376489346f","local_time":"20210110085911","is_ascension_mode":true,"campfire_choices":[{"data":"Uppercut","floor":7,"key":"SMITH"},{"data":"Rampage","floor":15,"key":"SMITH"},{"data":"Burning Pact","floor":32,"key":"SMITH"},{"floor":47,"key":"RECALL"},{"data":"Metallicize","floor":49,"key":"SMITH"},{"data":"Berserk","floor":52,"key":"SMITH"}],"circlet_count":0,"master_deck":["Strike_R","Strike_R","Strike_R","Strike_R","Strike_R","Defend_R","Defend_R","Defend_R","Defend_R","Bash","hubris:EnhanceAbility+1","Inflame","Shrug It Off","Replay:Sssssssssshield","Uppercut+1","Rampage+1","True Grit","Metallicize+1","Fiend Fire","Burning Pact+1","Battle Trance","Corruption","Armaments","Dramatic Entrance","Iron Wave","Inflame","Dropkick","Rampage","Feel No Pain","Berserk+1","Shrug It Off","Pommel Strike","Shrug It Off+1","Iron Wave","Impervious","Iron Wave+1"],"relics":["Burning Blood","Pear","Happy Flower","Medical Kit","aspiration:HummingbirdHeart","Turnip","Ancient Tea Set","hubris:Icosahedron","hubris:Teleporter","Replay:WaspNest","Blood Vial","aspiration:ChemicalBlood","Replay:Wanted Poster","Bag of Marbles","Ginger","Sling","ReplayTheSpireMod:CursedCoin","hubris:PeanutButter","Oddly Smooth Stone","CeramicFish","theForsaken:Lifeblossom","Mirror","Anchor","Replay:Rubber Ducky","aspiration:SeaSaltIceCream","Replay:Mystery Machine","conspire:DeflatedDodgeball","Replay:Grab Bag","Mark of Pain","Philosopher\u0027s Stone","Black Star","Red Skull","Smiling Mask","hubris:BottledRain","ReplayTheSpireMod:Lightbulb","hubris:FunFungus","Mercury Hourglass","Nunchaku","Question Card","Mummified Hand","ClockworkSouvenir","Charon\u0027s Ashes","Gremlin Food","hubris:BundleOfHerbs","Pantograph"],"acts_visited":["Exordium","TheCity","TheBeyond","TheEnding"],"potions_floor_usage":[10,20,23,25,33,40,44,54,55],"damage_taken":[{"damage":0,"enemies":"Jaw Worm","floor":1,"turns":4},{"damage":0,"enemies":"Small Slimes","floor":2,"turns":4},{"damage":0,"enemies":"Cultist","floor":3,"turns":3},{"damage":2,"enemies":"Lots of Slimes","floor":4,"turns":6},{"damage":4,"enemies":"Gremlin Nob","floor":6,"turns":4},{"damage":0,"enemies":"2 Fungi Beasts","floor":8,"turns":5},{"damage":1,"enemies":"HollowMod:MossKnight","floor":10,"turns":8},{"damage":3,"enemies":"Gremlin Gang","floor":12,"turns":6},{"damage":13,"enemies":"Gremlin Nob","floor":13,"turns":4},{"damage":20,"enemies":"Slime Boss","floor":16,"turns":8},{"damage":0,"enemies":"3 Byrds","floor":18,"turns":6},{"damage":5,"enemies":"Spheric Guardian","floor":20,"turns":6},{"damage":1,"enemies":"Centurion and Healer","floor":21,"turns":6},{"damage":0,"enemies":"Snake Plant","floor":22,"turns":4},{"damage":16,"enemies":"Slavers","floor":23,"turns":4},{"damage":0,"enemies":"Replay:Snechameleon","floor":25,"turns":5},{"damage":0,"enemies":"3 Cultists","floor":27,"turns":5},{"damage":0,"enemies":"Cultist and Chosen","floor":29,"turns":5},{"damage":0,"enemies":"conspire:SneckoGhost","floor":31,"turns":7},{"damage":0,"enemies":"Champ","floor":33,"turns":9},{"damage":0,"enemies":"Orb Walker","floor":35,"turns":4},{"damage":0,"enemies":"3 Shapes","floor":38,"turns":3},{"damage":0,"enemies":"Giant Head","floor":40,"turns":7},{"damage":0,"enemies":"3 Darklings","floor":41,"turns":6},{"damage":0,"enemies":"Nemesis","floor":42,"turns":5},{"damage":0,"enemies":"Reptomancer","floor":44,"turns":5},{"damage":0,"enemies":"Sphere and 2 Shapes","floor":45,"turns":5},{"damage":0,"enemies":"R_Hoarder","floor":48,"turns":6},{"damage":48,"enemies":"conspire:OrnateMirror","floor":50,"turns":8},{"damage":0,"enemies":"Shield and Spear","floor":54,"turns":6},{"damage":0,"enemies":"The Heart","floor":55,"turns":11}],"seed_played":"4865509755182599045","potions_obtained":[{"floor":4,"key":"Adrenaline Potion"},{"floor":8,"key":"Strength Potion"},{"floor":13,"key":"FearPotion"},{"floor":16,"key":"LifebloodPotion"},{"floor":29,"key":"BloodPotion"},{"floor":33,"key":"Strength Potion"},{"floor":35,"key":"Strength Potion"},{"floor":38,"key":"BloodPotion"},{"floor":44,"key":"AttackPotion"}],"is_trial":false,"path_per_floor":["M","M","M","M","?","E","R","M","T","E","?","M","E","?","R","B",null,"M","$","M","M","M","E","$","E","T","M","$","M","?","E","R","B",null,"M","$","?","M","?","E","M","E","T","E","M","$","R","E","R","B",null,"R","$","E","B",null],"character_chosen":"IRONCLAD","items_purchased":["hubris:EnhanceAbility","Inflame","Shrug It Off","Pear","Happy Flower","Medical Kit","aspiration:HummingbirdHeart","Turnip","Ancient Tea Set","Replay:Sssssssssshield","Bag of Marbles","Dramatic Entrance","Sling","ReplayTheSpireMod:CursedCoin","hubris:PeanutButter","Oddly Smooth Stone","CeramicFish","theForsaken:Lifeblossom","Replay:Rubber Ducky","Pommel Strike","Mummified Hand","ClockworkSouvenir"],"campfire_rested":0,"item_purchase_floors":[0,0,0,0,0,0,0,0,0,0,19,19,24,24,24,24,24,24,28,36,46,46],"current_hp_per_floor":[48,54,60,64,64,66,66,72,72,77,77,82,77,77,77,65,90,90,90,90,90,90,80,18,32,32,46,46,60,60,74,74,88,90,90,90,90,90,40,54,68,82,82,90,90,90,90,90,90,51,90,90,90,90,90],"gold":479,"neow_bonus":"","is_daily":false,"chose_seed":false,"campfire_upgraded":5,"win_rate":0.0,"timestamp":1610290751,"path_taken":["M","M","M","M","?","E","R","M","T","E","?","?","E","?","R","BOSS","M","$","M","M","M","E","?","E","T","M","$","?","?","E","R","BOSS","M","$","?","M","?","E","?","E","T","E","M","$","R","E","R","BOSS","R","$","E","BOSS"],"items_purchased_type":["Card","Card","Card","Relic","Relic","Relic","Relic","Relic","Relic","Card","Relic","Card","Relic","Relic","Relic","Relic","Relic","Relic","Relic","Card","Relic","Relic"],"build_version":"2020-12-22","purchased_purges":1,"victory":true,"max_hp_per_floor":[90,90,90,90,90,90,90,90,90,90,90,90,90,90,90,90,90,90,90,90,90,90,90,90,90,90,90,90,90,90,90,90,90,90,90,90,90,90,90,90,90,90,90,90,90,90,90,90,90,90,90,90,90,90,90],"card_choices":[{"not_picked":["Life Link","Sword Boomerang"],"picked":"Uppercut","floor":1},{"not_picked":["Flex","Body Slam"],"picked":"Rampage","floor":2},{"not_picked":["Sword Boomerang","Clash"],"picked":"True Grit","floor":3},{"not_picked":["Shrug It Off","Sword Boomerang","True Grit"],"picked":"SKIP","floor":4},{"not_picked":["Thunderclap","Sword Boomerang"],"picked":"Metallicize","floor":6},{"not_picked":["Headbutt","Thunderclap"],"picked":"Fiend Fire","floor":8},{"not_picked":["Replay:Undeath\u0027s Touch","Havoc"],"picked":"Burning Pact","floor":10},{"not_picked":["Replay:Undeath\u0027s Touch","Clothesline","Sentinel"],"picked":"SKIP","floor":12},{"not_picked":["ReplayReversal","Shrug It Off"],"picked":"Battle Trance","floor":13},{"not_picked":["hubris:StunningStrike","Eclipse"],"picked":"Corruption","floor":16},{"not_picked":["Headbutt+1","Pummel+1"],"picked":"Armaments","floor":18},{"not_picked":["True Grit","Combust"],"picked":"Iron Wave","floor":20},{"not_picked":["Heavy Blade","Shrug It Off"],"picked":"Inflame","floor":21},{"not_picked":["Headbutt","Warcry"],"picked":"Dropkick","floor":22},{"not_picked":["Cleave+1","Anger+1"],"picked":"Rampage","floor":23},{"not_picked":["Juggernaut","Flex","Warcry"],"picked":"SKIP","floor":25},{"not_picked":["Cleave","Reckless Charge+1","Heavy Blade"],"picked":"SKIP","floor":27},{"not_picked":["hubris:SharpeningStone+1","Armaments","Heavy Blade"],"picked":"SKIP","floor":29},{"not_picked":["Blood for Blood","Wild Strike+1"],"picked":"Feel No Pain","floor":31},{"not_picked":["Immolate","Fiend Fire"],"picked":"Berserk","floor":33},{"not_picked":["Wild Strike+1","Sword Boomerang"],"picked":"Shrug It Off","floor":35},{"not_picked":["Havoc+1","Headbutt+1"],"picked":"Shrug It Off+1","floor":38},{"not_picked":["conspire:Charge+1","Clash"],"picked":"Iron Wave","floor":40},{"not_picked":["Havoc","Battle Trance"],"picked":"Impervious","floor":41},{"not_picked":["ReplayTheSpireMod:Muscle Training+1","hubris:SharpeningStone+1","Replay:Undeath\u0027s Touch+1"],"picked":"SKIP","floor":42},{"not_picked":["Run Through","Twin Strike","hubris:ReadiedAction+1"],"picked":"SKIP","floor":44},{"not_picked":["Iron Wave","Carnage","Clothesline+1","Flex+1"],"picked":"SKIP","floor":45},{"not_picked":["True Grit+1","Cleave","Pummel"],"picked":"Iron Wave+1","floor":48},{"not_picked":["Run Through","Ghostly Armor+1","Clash","Blood for Blood"],"picked":"SKIP","floor":54}],"player_experience":931428,"relics_obtained":[{"floor":6,"key":"hubris:Teleporter"},{"floor":9,"key":"Replay:WaspNest"},{"floor":10,"key":"Blood Vial"},{"floor":13,"key":"aspiration:ChemicalBlood"},{"floor":23,"key":"Ginger"},{"floor":25,"key":"Mirror"},{"floor":26,"key":"Anchor"},{"floor":31,"key":"conspire:DeflatedDodgeball"},{"floor":40,"key":"hubris:BottledRain"},{"floor":40,"key":"ReplayTheSpireMod:Lightbulb"},{"floor":42,"key":"hubris:FunFungus"},{"floor":42,"key":"Mercury Hourglass"},{"floor":44,"key":"Nunchaku"},{"floor":44,"key":"Question Card"},{"floor":48,"key":"Charon\u0027s Ashes"},{"floor":48,"key":"Gremlin Food"},{"floor":54,"key":"hubris:BundleOfHerbs"},{"floor":54,"key":"Pantograph"}],"event_choices":[{"damage_healed":0,"gold_gain":0,"player_choice":"2","damage_taken":0,"max_hp_gain":0,"max_hp_loss":0,"event_name":"betterMatch:BetterMatch","floor":11,"gold_loss":0,"cards_obtained":[]},{"damage_healed":0,"gold_gain":0,"player_choice":"Forge","damage_taken":0,"max_hp_gain":0,"max_hp_loss":0,"event_name":"Accursed Blacksmith","floor":14,"gold_loss":0,"cards_upgraded":["hubris:EnhanceAbility"]},{"damage_healed":0,"gold_gain":0,"player_choice":"Gave Potion","damage_taken":0,"relics_obtained":["aspiration:SeaSaltIceCream"],"max_hp_gain":0,"max_hp_loss":0,"event_name":"WeMeetAgain","floor":30,"gold_loss":0},{"damage_healed":0,"gold_gain":109,"player_choice":"RE GO RE ","damage_taken":55,"relics_obtained":["Red Skull","Smiling Mask"],"max_hp_gain":0,"max_hp_loss":0,"event_name":"betterSkull:BetterSkull","floor":39,"gold_loss":0,"cards_upgraded":[]}],"is_beta":false,"boss_relics":[{"not_picked":["Painkiller Herb","SlaversCollar"],"picked":"Replay:Wanted Poster"},{"not_picked":["Tiny House","Runic Cube"],"picked":"Replay:Grab Bag"},{"not_picked":["theForsaken:PaleLantern","conspire:RoyalGoblet"],"picked":"Mark of Pain"},{"not_picked":["conspire:SlowCooker","ReplayTheSpireMod:Onyx Gauntlets"],"picked":"Philosopher\u0027s Stone"},{"not_picked":["Replay:Drink Me","Snecko Eye"],"picked":"Black Star"}],"items_purged_floors":[24],"is_endless":false,"potions_floor_spawned":[4,8,13,16,20,21,22,29,33,35,38,44],"ascension_level":1}}