{"host":"sum4dy402bbv9y4o","time":1610238149,"event":{"mods":["Aspiration","BaseMod","Conspire","Highlight Path","Minty Spire (QoL Compilation)","StSLib"],"gold_per_floor":[118,118,118,133,154,154,192,213,238,269,269,269,287,300,300,399,399,422,96,11,11,11,50,64,103,127,127,150,150,150,150],"floor_reached":30,"playtime":836,"items_purged":["Worship+1"],"score":706,"play_id":"4484dcdb-0988-43e0-a809-00b696d112a2","local_time":"20210110032229","is_ascension_mode":true,"campfire_choices":[{"data":"Eruption","floor":6,"key":"SMITH"},{"data":"LikeWater","floor":12,"key":"SMITH"},{"data":"EmptyFist","floor":15,"key":"SMITH"}],"circlet_count":0,"master_deck":["AscendersBane","Defend_P","Eruption+1","Vigilance","BowlingBash","Backstab","Endless Agony","Prepared","BowlingBash","CarveReality","EmptyFist+1","LikeWater+1","CutThroughFate","Halt","FlurryOfBlows","DeceiveReality+1","BowlingBash+1","Conclude","Perseverance","Prostrate","RitualDagger","TalkToTheHand+1","EmptyMind","Evaluate","Writhe","FlurryOfBlows"],"relics":["PureWater","aspiration:Nostalgia","Cracked Core","Golden Idol","Lizard Tail","Art of War","MealTicket","Astrolabe","CaptainsWheel","Akabeko","Toy Ornithopter","Centennial Puzzle","Dream Catcher","MutagenicStrength"],"acts_visited":["Exordium","TheCity"],"potions_floor_usage":[10,16,18,18,23,23,25],"damage_taken":[{"damage":0,"enemies":"Small Slimes","floor":1,"turns":3},{"damage":2,"enemies":"Jaw Worm","floor":4,"turns":3},{"damage":0,"enemies":"2 Louse","floor":5,"turns":2},{"damage":16,"enemies":"Gremlin Nob","floor":7,"turns":3},{"damage":8,"enemies":"Blue Slaver","floor":8,"turns":3},{"damage":0,"enemies":"3 Sentries","floor":10,"turns":2},{"damage":0,"enemies":"Exordium Wildlife","floor":13,"turns":2},{"damage":0,"enemies":"3 Louse","floor":14,"turns":4},{"damage":0,"enemies":"Slime Boss","floor":16,"turns":4},{"damage":24,"enemies":"Shell Parasite","floor":18,"turns":3},{"damage":22,"enemies":"Book of Stabbing","floor":23,"turns":5},{"damage":0,"enemies":"Spheric Guardian","floor":24,"turns":3},{"damage":20,"enemies":"Slavers","floor":25,"turns":4},{"damage":27,"enemies":"Centurion and Healer","floor":28,"turns":4},{"damage":20,"enemies":"Snake Plant","floor":30,"turns":1}],"seed_played":"6949110709734463354","potions_obtained":[{"floor":4,"key":"BottledMiracle"},{"floor":7,"key":"PowerPotion"},{"floor":13,"key":"FearPotion"},{"floor":16,"key":"Fire Potion"},{"floor":24,"key":"Explosive Potion"},{"floor":28,"key":"CultistPotion"}],"is_trial":false,"path_per_floor":["M","?","?","M","M","R","E","M","T","E","?","R","M","M","R","B",null,"M","$","?","?","$","E","M","E","T","?","M","?","M"],"character_chosen":"WATCHER","items_purchased":["Perseverance","Prostrate","Block Potion","ColorlessPotion"],"campfire_rested":0,"item_purchase_floors":[19,19,19,19],"current_hp_per_floor":[61,38,38,36,36,36,20,12,12,12,5,5,5,5,5,5,52,28,43,43,37,52,30,30,10,10,10,17,17,0,0],"gold":150,"neow_bonus":"NOSTALGIA","is_daily":false,"chose_seed":false,"campfire_upgraded":3,"win_rate":0.0,"timestamp":1610238149,"path_taken":["M","?","?","M","M","R","E","M","T","E","?","R","M","M","R","BOSS","M","$","?","?","$","E","M","E","T","?","M","?","M"],"items_purchased_type":["Card","Card","Potion","Potion"],"build_version":"2020-12-22","purchased_purges":1,"victory":false,"max_hp_per_floor":[68,68,68,68,68,68,68,68,68,68,68,68,68,68,68,68,68,68,68,68,68,68,68,68,68,68,68,68,68,68,68],"card_choices":[{"not_picked":["Conclude","CutThroughFate"],"picked":"BowlingBash","floor":1},{"not_picked":["Pray","ReachHeaven"],"picked":"BowlingBash","floor":4},{"not_picked":["WindmillStrike","JustLucky"],"picked":"CarveReality","floor":5},{"not_picked":["JustLucky","Alpha"],"picked":"EmptyFist","floor":7},{"not_picked":["WindmillStrike","CarveReality"],"picked":"LikeWater","floor":8},{"not_picked":["ThirdEye","Devotion"],"picked":"CutThroughFate","floor":10},{"not_picked":["WheelKick","WaveOfTheHand"],"picked":"Halt","floor":13},{"not_picked":["ThirdEye","CarveReality"],"picked":"FlurryOfBlows","floor":14},{"not_picked":["CutThroughFate","ForeignInfluence"],"picked":"Conclude","floor":18},{"not_picked":["Meditate","ForeignInfluence"],"picked":"TalkToTheHand+1","floor":23},{"not_picked":["CrushJoints","SignatureMove"],"picked":"EmptyMind","floor":24},{"not_picked":["Nirvana","Indignation"],"picked":"Evaluate","floor":25},{"not_picked":["ClearTheMind","Halt+1"],"picked":"FlurryOfBlows","floor":28}],"player_experience":2920215,"relics_obtained":[{"floor":7,"key":"Lizard Tail"},{"floor":9,"key":"Art of War"},{"floor":10,"key":"MealTicket"},{"floor":23,"key":"Akabeko"},{"floor":25,"key":"Toy Ornithopter"},{"floor":26,"key":"Centennial Puzzle"}],"event_choices":[{"damage_healed":0,"gold_gain":0,"player_choice":"Take Damage","damage_taken":23,"relics_obtained":["Golden Idol"],"max_hp_gain":0,"max_hp_loss":0,"event_name":"Golden Idol","floor":2,"gold_loss":0},{"cards_removed":["Strike_P"],"damage_healed":0,"gold_gain":0,"player_choice":"Card Removal","damage_taken":7,"max_hp_gain":0,"max_hp_loss":0,"event_name":"Golden Wing","floor":11,"gold_loss":0},{"damage_healed":0,"gold_gain":0,"player_choice":"Obtained Relic","damage_taken":0,"relics_obtained":["CaptainsWheel"],"max_hp_gain":0,"max_hp_loss":0,"event_name":"Addict","floor":20,"gold_loss":85},{"damage_healed":0,"gold_gain":0,"player_choice":"Joined the Cult","damage_taken":6,"max_hp_gain":0,"max_hp_loss":0,"event_name":"Nest","floor":21,"gold_loss":0,"cards_obtained":["RitualDagger"]},{"damage_healed":0,"gold_gain":0,"player_choice":"Opened","damage_taken":0,"relics_obtained":["Dream Catcher"],"max_hp_gain":0,"max_hp_loss":0,"event_name":"The Mausoleum","floor":27,"gold_loss":0,"cards_obtained":["Writhe"]},{"damage_healed":0,"gold_gain":0,"player_choice":"Inject Mutagens","damage_taken":0,"relics_obtained":["MutagenicStrength"],"max_hp_gain":0,"max_hp_loss":0,"event_name":"Drug Dealer","floor":29,"gold_loss":0}],"is_beta":false,"boss_relics":[{"not_picked":["Black Star","HolyWater"],"picked":"Astrolabe"}],"items_purged_floors":[19],"is_endless":false,"potions_floor_spawned":[4,7,8,13,16,24,28],"killed_by":"Snake Plant","ascension_level":20}}