{"host":"b3qi48j7z53ln4gi","time":1610278917,"event":{"mods":["100% Spire Juice","2.2 Compatiblity","AchievementEnabler","Act Like it!","Aspiration","BaseMod","Better Third Choice","CapriCore","Colored Powertips","Curses Come First","Dota2Spire","Elementarium","Gensokyo","GungeonMod","HololiveMod","Infinite Spire","Jorbs\u0027s Wanderer Trilogy","Koishi","Menagerie","Minty Spire (QoL Compilation)","Permanent Neow","Prisma Mod","Reimu£¨ÚÏ???£©","Relic Stats","Remilia£¨?Ú·×é?£©","Remove Card Discount Mod","Say the Spire","Shade Mod","Shop Mod","Spicy Shops","StSLib","Td1madao Mod","The Administrix","The Construct","The Dragon Tamer","The Factory","The Immortal","The Jungle","The Saiyan","The Senshi","The Servant 0.9.4","¡¼?Úª?ø«¡½REMEMod"],"gold_per_floor":[113,123,26,39,39,39,51,79,79,92,104,104,135,150,150,289,289,320,320,350,369,422,477,477,493,493,559,559,576,576,590,590,686,686,764,394,443,454,485,485,550,550,577,626,626,626,645,50,50,192,192,206,194,194],"floor_reached":53,"playtime":6029,"items_purged":["Strike_RM","Defend_RM","Defend_RM","Defend_RM","Strike_RM","Strike_RM","Defend_RM","Strike_RM","EmergencyRegeneration","CharismaGuard","construct:HyperBeam","QueenOfMidnight","Stigmanizer","RedMoon","Shame","HellCatastrophe","ScarletDevil","EquivalentExchange"],"score":897,"play_id":"a83e2ab6-a55a-4017-bd05-cf0505a641ff","local_time":"20210110204157","is_ascension_mode":false,"campfire_choices":[{"floor":6,"key":"RECALL"},{"data":"ScarletImprint","floor":12,"key":"SMITH"},{"data":"FavorOfDestiny","floor":15,"key":"SMITH"},{"data":"infinitespire:Punishment","floor":24,"key":"SMITH"},{"data":"MastersStateliness","floor":30,"key":"SMITH"},{"data":"Stigmanizer","floor":32,"key":"SMITH"},{"data":"ChaoticDestiny","floor":40,"key":"SMITH"},{"data":"ScarletShoot","floor":42,"key":"SMITH"},{"data":"infinitespire:Oblivion","floor":45,"key":"SMITH"},{"data":"UnstableMagic","floor":49,"key":"SMITH"}],"circlet_count":0,"master_deck":["ScarletShoot+1","StarOfDavid","infinitespire:Punishment+1","ScarletImprint+1","MastersStateliness+1","UnstableMagic+1","FavorOfDestiny+1","infinitespire:FutureSight","FavorOfDestiny+1","MillenniumVampire","Stigmanizer+1","DiffusionOfMisfortune+1","ScarletDream+1","FitfulNightmare+1","ChaoticDestiny+1","BloodAndWine+1","StarOfDavid+1","UnstableMagic+1","infinitespire:Oblivion+1","MastersStateliness+1","infinitespire:FutureSight","TransientEternity"],"relics":["ScarletHat","REME_ComplimentaryCards","aspiration:Nostalgia","PrismaMod:PrismaTraceOnUpgrade","FairyMaid","infinitespire:BottledMercury","Dota2Spire:Dagon","Letter Opener","aspiration:RunicSpoon","Shuriken","Dota2Spire:ArmletOfMordiggian","DemoMod:BlueGuonStone","Coffee Dripper","aspiration:TomeofQuesting","HandDrill","Centennial Puzzle","Gremlin Horn","Blood Vial","DollysMirror","DemoMod:GlassGuonStoneRelic"],"acts_visited":["Exordium","TheCity","TheCity","Menagerie:Menagerie"],"potions_floor_usage":[8,13,16,22,22,23,23,25,25,25,29,29,31,33,33,35,37,38,39,39,41,41,44,44,47,50,50],"damage_taken":[{"damage":1,"enemies":"2 Louse","floor":1,"turns":3},{"damage":0,"enemies":"Cultist","floor":2,"turns":1},{"damage":0,"enemies":"Small Slimes","floor":4,"turns":1},{"damage":0,"enemies":"Red Slaver","floor":7,"turns":1},{"damage":15,"enemies":"Lagavulin","floor":8,"turns":3},{"damage":10,"enemies":"Looter","floor":10,"turns":3},{"damage":8,"enemies":"Gremlin Gang","floor":11,"turns":3},{"damage":8,"enemies":"Gremlin Nob","floor":13,"turns":2},{"damage":5,"enemies":"Large Slime","floor":14,"turns":2},{"damage":3,"enemies":"Slime Boss","floor":16,"turns":4},{"damage":0,"enemies":"Chosen","floor":18,"turns":3},{"damage":0,"enemies":"Shell Parasite","floor":20,"turns":5},{"damage":0,"enemies":"Snecko","floor":21,"turns":1},{"damage":6,"enemies":"3 Cultists","floor":22,"turns":2},{"damage":13,"enemies":"Nightmare","floor":23,"turns":5},{"damage":0,"enemies":"Centurion and Healer","floor":25,"turns":3},{"damage":10,"enemies":"Gremlin Leader","floor":27,"turns":3},{"damage":5,"enemies":"Snake Plant","floor":29,"turns":3},{"damage":4,"enemies":"3 Cultists","floor":31,"turns":3},{"damage":1,"enemies":"Champ","floor":33,"turns":4},{"damage":0,"enemies":"theFactory:BigBot","floor":35,"turns":5},{"damage":3,"enemies":"theFactory:2_Experiment_Personnel","floor":37,"turns":4},{"damage":0,"enemies":"theFactory:6_Mini-Bots","floor":38,"turns":1},{"damage":3,"enemies":"theFactory:DecayingSentinel","floor":39,"turns":4},{"damage":7,"enemies":"theFactory:Sentries_and_Big_Bot","floor":41,"turns":3},{"damage":7,"enemies":"Nightmare","floor":44,"turns":5},{"damage":3,"enemies":"theFactory:Sentry and Guards","floor":47,"turns":2},{"damage":6,"enemies":"theFactory:Experiment01","floor":50,"turns":3},{"damage":1,"enemies":"Menagerie:MonstrousExperiment","floor":52,"turns":1},{"damage":0,"enemies":"Menagerie:WhisperingWraith","floor":53,"turns":2}],"seed_played":"-2547096760062737116","potions_obtained":[{"floor":2,"key":"PowerPotion"},{"floor":10,"key":"Explosive Potion"},{"floor":11,"key":"SkillPotion"},{"floor":16,"key":"infinitespire:BlackPotion"},{"floor":18,"key":"DistilledChaos"},{"floor":23,"key":"SkillPotion"},{"floor":27,"key":"SpeedPotion"},{"floor":33,"key":"LiquidMemories"},{"floor":37,"key":"Explosive Potion"},{"floor":39,"key":"ColorlessPotion"},{"floor":50,"key":"SpeedPotion"}],"is_trial":false,"path_per_floor":["M","M","$","M","?","R","M","E","T","M","M","R","E","M","R","B",null,"M","AVR","M","M","M","NM","R","M","T","E","?","M","R","M","R","B",null,"M","$","M","M","M","R","M","R","T","NM","R","?","M","$","R","B",null,"M","M"],"character_chosen":"REMILIA","items_purchased":["FairyMaid","aspiration:TomeofQuesting","HandDrill","ChaoticDestiny","Blood Vial","DollysMirror"],"campfire_rested":0,"item_purchase_floors":[3,36,36,36,48,48],"current_hp_per_floor":[74,74,74,75,57,57,60,65,65,67,67,67,70,72,72,75,75,75,75,75,75,71,62,62,65,65,65,75,71,71,75,75,75,75,75,75,75,75,75,75,75,75,75,75,75,75,72,72,72,72,75,74,75,75],"gold":194,"neow_bonus":"NOSTALGIA","is_daily":false,"chose_seed":false,"campfire_upgraded":9,"win_rate":0.0,"timestamp":1610278917,"path_taken":["M","M","$","M","?","R","M","E","T","M","M","R","E","M","R","BOSS","M","AVR","M","M","M","NM","R","M","T","E","?","?","R","M","R","BOSS","M","$","M","M","M","R","M","R","T","NM","R","?","?","$","R","BOSS","M","M"],"items_purchased_type":["Relic","Relic","Relic","Card","Relic","Relic"],"build_version":"2020-12-22","purchased_purges":18,"victory":false,"max_hp_per_floor":[75,75,75,75,75,75,75,75,75,75,75,75,75,75,75,75,75,75,75,75,75,75,75,75,75,75,75,75,75,75,75,75,75,75,75,75,75,75,75,75,75,75,75,75,75,75,75,75,75,75,75,75,75,75],"relic_stats":{"Blood Vial":3,"Centennial Puzzle":[9],"Gremlin Horn":[3,3],"counters":[30,85],"Shuriken":[41],"aspiration:RunicSpoon":[106],"HandDrill":[14],"Letter Opener":[295],"obtain_stats":[{"infinitespire:BottledMercury":8,"DemoMod:BlueGuonStone":27,"Gremlin Horn":44,"aspiration:Nostalgia":0,"Dota2Spire:Dagon":9,"aspiration:RunicSpoon":17,"Dota2Spire:ArmletOfMordiggian":23,"FairyMaid":3,"aspiration:TomeofQuesting":36,"DemoMod:GlassGuonStoneRelic":2,"Letter Opener":13,"ScarletHat":0,"PrismaMod:PrismaTraceOn":0,"Blood Vial":48,"Centennial Puzzle":43,"PrismaMod:PrismaTraceOnUpgrade":51,"Shuriken":19,"DollysMirror":48,"Coffee Dripper":34,"HandDrill":36,"REME_ComplimentaryCards":0},{"infinitespire:BottledMercury":5,"DemoMod:BlueGuonStone":17,"Gremlin Horn":26,"aspiration:Nostalgia":0,"Dota2Spire:Dagon":5,"aspiration:RunicSpoon":10,"Dota2Spire:ArmletOfMordiggian":15,"FairyMaid":2,"aspiration:TomeofQuesting":21,"DemoMod:GlassGuonStoneRelic":2,"Letter Opener":8,"ScarletHat":0,"PrismaMod:PrismaTraceOn":0,"Blood Vial":27,"Centennial Puzzle":25,"PrismaMod:PrismaTraceOnUpgrade":28,"Shuriken":11,"DollysMirror":27,"Coffee Dripper":20,"HandDrill":21,"REME_ComplimentaryCards":0},{"infinitespire:BottledMercury":9,"DemoMod:BlueGuonStone":45,"Gremlin Horn":77,"aspiration:Nostalgia":0,"Dota2Spire:Dagon":9,"aspiration:RunicSpoon":23,"Dota2Spire:ArmletOfMordiggian":39,"FairyMaid":4,"aspiration:TomeofQuesting":60,"DemoMod:GlassGuonStoneRelic":4,"Letter Opener":17,"ScarletHat":0,"PrismaMod:PrismaTraceOn":0,"Blood Vial":79,"Centennial Puzzle":72,"PrismaMod:PrismaTraceOnUpgrade":82,"Shuriken":26,"DollysMirror":79,"Coffee Dripper":55,"HandDrill":60,"REME_ComplimentaryCards":0}]},"card_choices":[{"not_picked":["NightDance","AfternoonTea"],"picked":"ScarletDevilSign","floor":1},{"not_picked":["EndlessAdversity","TricksterDevil"],"picked":"StarOfDavid","floor":2},{"not_picked":["DiffusionOfMisfortune","VampireClaw"],"picked":"EmergencyRegeneration","floor":4},{"not_picked":["infinitespire:TheBestDefense","infinitespire:Starlight"],"picked":"infinitespire:Punishment","floor":5},{"not_picked":["VampireClaw","NightLord"],"picked":"ScarletImprint","floor":7},{"not_picked":["VampireSweep","DiffusionOfMisfortune"],"picked":"CharismaGuard","floor":8},{"not_picked":["DiffusionOfMisfortune","RedNightlessCastle"],"picked":"ScarletDevil","floor":10},{"not_picked":["DevilSight","DiffusionOfMisfortune"],"picked":"MastersStateliness","floor":11},{"not_picked":["BadLadyScramble","VampirishNight"],"picked":"UnstableMagic","floor":13},{"not_picked":["NightDance","UnderTheZenith"],"picked":"FavorOfDestiny","floor":14},{"not_picked":["TricksterDevil","BloodRain"],"picked":"EquivalentExchange","floor":16},{"not_picked":["NightLord+1","UnstableMagic"],"picked":"VampireKiss","floor":18},{"not_picked":["NightDance","UnstableMagic"],"picked":"FavorOfDestiny+1","floor":20},{"not_picked":["ChainGang","VampirishNight+1","BloodHunter"],"picked":"SKIP","floor":21},{"not_picked":["BlasphemousPunishment","UnstableMagic"],"picked":"MillenniumVampire","floor":22},{"not_picked":["ScarletImprint","UnstableMagic"],"picked":"Stigmanizer","floor":23},{"not_picked":["VampireKiss","BloodHunter+1"],"picked":"DiffusionOfMisfortune+1","floor":25},{"not_picked":["TwelveNightmare","BloodAndWine"],"picked":"ScarletDream+1","floor":27},{"not_picked":["StarOfDavid","MiserableFate"],"picked":"FitfulNightmare+1","floor":29},{"not_picked":["DiffusionOfMisfortune","NightDance+1"],"picked":"Stigmanizer","floor":31},{"not_picked":["ScarletMeister","BloodySeventeenLaser"],"picked":"QueenOfMidnight","floor":33},{"not_picked":["BlasphemousPunishment","ScarletDevil","RedRainbow+1"],"picked":"SKIP","floor":35},{"not_picked":["TwelveNightmare+1","Septette"],"picked":"BloodAndWine+1","floor":37},{"not_picked":["VampireKiss","Stigmanizer","HeartBreak"],"picked":"SKIP","floor":38},{"not_picked":["VampireKiss+1","ScarletDevil"],"picked":"StarOfDavid+1","floor":39},{"not_picked":["BloodHunter","NightDance+1"],"picked":"UnstableMagic+1","floor":41},{"not_picked":["infinitespire:FinalStrike","infinitespire:Fortify"],"picked":"infinitespire:Oblivion","floor":44},{"not_picked":["DevilSight+1","RedRainbow"],"picked":"MastersStateliness+1","floor":44},{"not_picked":["AfternoonTea","MillenniumVampire","UnderTheZenith+1"],"picked":"SKIP","floor":47},{"not_picked":["ForecastOfChange","HeartBreak"],"picked":"TransientEternity","floor":50},{"not_picked":["CharismaGuard","EmergencyRegeneration","ReincarnationDial"],"picked":"SKIP","floor":52}],"player_experience":114973,"relics_obtained":[{"floor":8,"key":"infinitespire:BottledMercury"},{"floor":9,"key":"Dota2Spire:Dagon"},{"floor":13,"key":"Letter Opener"},{"floor":23,"key":"Dota2Spire:ArmletOfMordiggian"},{"floor":27,"key":"DemoMod:BlueGuonStone"},{"floor":43,"key":"Centennial Puzzle"},{"floor":44,"key":"Gremlin Horn"}],"event_choices":[{"cards_removed":["ScarletDevilSign"],"damage_healed":10,"gold_gain":0,"player_choice":"Offered Uncommon","damage_taken":0,"max_hp_gain":0,"max_hp_loss":0,"event_name":"Bonfire Elementals","floor":28,"gold_loss":0},{"damage_healed":0,"gold_gain":0,"cards_transformed":["VampireKiss"],"player_choice":"Transformed","damage_taken":0,"max_hp_gain":0,"max_hp_loss":0,"event_name":"Transmorgrifier","floor":46,"gold_loss":0,"cards_obtained":["HellCatastrophe"]}],"is_beta":false,"boss_relics":[{"not_picked":["aspiration:RitualDagger","aspiration:WatcherSkillbook"],"picked":"aspiration:RunicSpoon"},{"not_picked":["aspiration:PoetsPen","APieceOfRedMist"],"picked":"Coffee Dripper"},{"not_picked":["Astrolabe","Snecko Eye"],"picked":"PrismaMod:PrismaTraceOnUpgrade"}],"items_purged_floors":[3,3,3,3,3,3,3,3,36,36,36,36,36,36,36,48,48,48],"is_endless":true,"potions_floor_spawned":[2,10,11,16,18,23,27,33,37,39,47,50],"killed_by":"Menagerie:WhisperingWraith","ascension_level":0}}