{"host":"nj4msrt0z6tj4wtb","time":1610255992,"event":{"mods":["AchievementEnabler","BaseMod","Colored Map","Colored Powertips","DeckTracker","Highlight Path","Minty Spire (QoL Compilation)","Quick Restart","Random Character Button","StSLib","SuperFastMode"],"gold_per_floor":[114,114,133,146,158,158,192,204,216,258,281,306,318,356,368,483,545,571,481,512,544,567,126,126,145,145,145,45,79,90,115,115,211,211,227,23,23,34,46,46,96,109,133,149,149,149,183,193,193,193,193],"floor_reached":50,"playtime":3422,"items_purged":["Strike_B","Strike_B","Strike_B"],"score":634,"play_id":"940a81b9-4952-4306-9d3d-33c6fe2b4242","local_time":"20210110141952","is_ascension_mode":true,"campfire_choices":[{"data":"Zap","floor":6.0,"key":"SMITH"},{"floor":15.0,"key":"REST"},{"data":"Genetic Algorithm","floor":24.0,"key":"SMITH"},{"data":"Dualcast","floor":27.0,"key":"SMITH"},{"floor":32.0,"key":"REST"},{"floor":40.0,"key":"REST"},{"floor":46.0,"key":"REST"},{"floor":49.0,"key":"RECALL"}],"circlet_count":0,"master_deck":["Defend_B","Defend_B","Defend_B","Zap+1","Dualcast+1","Cold Snap+1","Cold Snap","Sunder+1","Turbo","Cold Snap","Genetic Algorithm+1","Skim+1","Conserve Battery+1","Hologram+1","Rainbow+1","Darkness+1","Compile Driver+1","Melter+1","Redo+1","Deep Breath+1","Fusion+1","Coolheaded+1","Heatsinks","Conserve Battery+1","FTL","Leap+1","Thunder Strike+1","Loop","Rebound","Self Repair","FTL+1","Stack+1","Streamline"],"relics":["Cracked Core","NeowsBlessing","MawBank","Incense Burner","Toxic Egg 2","Matryoshka","Odd Mushroom","Tiny House","Dream Catcher","Medical Kit","Sundial","Akabeko","Omamori","Gremlin Horn","Fusion Hammer","Ice Cream","Anchor","Whetstone"],"acts_visited":["Exordium","TheCity","TheBeyond"],"potions_floor_usage":[50,50,50],"damage_taken":[{"damage":0.0,"enemies":"Jaw Worm","floor":1.0,"turns":1.0},{"damage":0.0,"enemies":"Cultist","floor":3.0,"turns":1.0},{"damage":0.0,"enemies":"Small Slimes","floor":4.0,"turns":1.0},{"damage":9.0,"enemies":"Blue Slaver","floor":5.0,"turns":3.0},{"damage":17.0,"enemies":"Gremlin Nob","floor":7.0,"turns":4.0},{"damage":7.0,"enemies":"3 Sentries","floor":10.0,"turns":6.0},{"damage":1.0,"enemies":"2 Fungi Beasts","floor":11.0,"turns":3.0},{"damage":6.0,"enemies":"Gremlin Gang","floor":12.0,"turns":5.0},{"damage":14.0,"enemies":"The Mushroom Lair","floor":14.0,"turns":3.0},{"damage":8.0,"enemies":"Hexaghost","floor":16.0,"turns":16.0},{"damage":0.0,"enemies":"3 Byrds","floor":18.0,"turns":4.0},{"damage":8.0,"enemies":"Spheric Guardian","floor":20.0,"turns":4.0},{"damage":0.0,"enemies":"Snecko","floor":21.0,"turns":4.0},{"damage":9.0,"enemies":"Centurion and Healer","floor":22.0,"turns":10.0},{"damage":11.0,"enemies":"3 Cultists","floor":25.0,"turns":5.0},{"damage":32.0,"enemies":"Gremlin Leader","floor":29.0,"turns":10.0},{"damage":0.0,"enemies":"Shelled Parasite and Fungi","floor":30.0,"turns":4.0},{"damage":0.0,"enemies":"Book of Stabbing","floor":31.0,"turns":6.0},{"damage":33.0,"enemies":"Automaton","floor":33.0,"turns":10.0},{"damage":0.0,"enemies":"3 Shapes","floor":35.0,"turns":4.0},{"damage":1.0,"enemies":"3 Darklings","floor":38.0,"turns":6.0},{"damage":52.0,"enemies":"Transient","floor":39.0,"turns":5.0},{"damage":20.0,"enemies":"Mind Bloom Boss Battle","floor":41.0,"turns":5.0},{"damage":0.0,"enemies":"Sphere and 2 Shapes","floor":42.0,"turns":4.0},{"damage":0.0,"enemies":"3 Darklings","floor":44.0,"turns":5.0},{"damage":48.0,"enemies":"Giant Head","floor":47.0,"turns":9.0},{"damage":0.0,"enemies":"Transient","floor":48.0,"turns":5.0},{"damage":43,"enemies":"Donu and Deca","floor":50,"turns":6}],"seed_played":"1845830072253860573","potions_obtained":[{"floor":5.0,"key":"Block Potion"},{"floor":7.0,"key":"AttackPotion"},{"floor":14.0,"key":"Weak Potion"},{"floor":16.0,"key":"Block Potion"},{"floor":17.0,"key":"Block Potion"},{"floor":20.0,"key":"ColorlessPotion"},{"floor":22.0,"key":"SmokeBomb"},{"floor":25.0,"key":"SpeedPotion"},{"floor":30.0,"key":"Fire Potion"},{"floor":35.0,"key":"Block Potion"},{"floor":42.0,"key":"PotionOfCapacity"},{"floor":44.0,"key":"SteroidPotion"},{"floor":47.0,"key":"SneckoOil"},{"floor":48.0,"key":"SkillPotion"}],"is_trial":false,"path_per_floor":["M","?","M","M","M","R","E","?","T","E","M","M","$","?","R","B",null,"M","?","M","M","M","$","R","M","T","R","$","E","M","E","R","B",null,"M","$","?","M","M","R","?","M","T","M","$","R","E","M","R","B"],"character_chosen":"DEFECT","items_purchased":["Medical Kit","Deep Breath+1","Fusion+1","Coolheaded+1","Loop"],"campfire_rested":4,"item_purchase_floors":[23,23,23,23,36],"current_hp_per_floor":[75,75,75,75,66,66,49,31,31,24,23,17,17,3,25,17,80,80,80,72,72,63,63,63,52,52,52,52,20,20,20,44,11,80,80,80,80,79,27,51,38,38,38,45,45,69,28,35,35,0,0],"gold":193,"neow_bonus":"THREE_ENEMY_KILL","is_daily":false,"chose_seed":false,"campfire_upgraded":3,"win_rate":0.0,"timestamp":1610255992,"path_taken":["M","?","M","?","M","R","E","?","T","E","M","M","$","?","R","BOSS","M","?","M","M","?","$","R","M","T","R","?","E","M","E","R","BOSS","M","$","?","M","?","R","?","M","T","M","?","R","E","M","R","BOSS"],"items_purchased_type":["Relic","Card","Card","Card","Card"],"build_version":"2020-12-22","purchased_purges":3,"victory":false,"max_hp_per_floor":[75,75,75,75,75,75,75,75,75,75,75,75,75,75,75,75,80,80,80,80,80,80,80,80,80,80,80,80,80,80,80,80,80,80,80,80,80,80,80,80,80,80,80,80,80,80,80,80,80,80,80],"card_choices":[{"not_picked":["Barrage","Beam Cell"],"picked":"Cold Snap","floor":1.0},{"not_picked":["Rebound","Gash"],"picked":"Sunder","floor":3.0},{"not_picked":["Reinforced Body","Steam"],"picked":"Turbo","floor":4.0},{"not_picked":["Stack","Steam Power"],"picked":"Cold Snap","floor":5.0},{"not_picked":["Gash","Leap"],"picked":"Genetic Algorithm","floor":7.0},{"not_picked":["Lockon","Multi-Cast+1"],"picked":"Skim+1","floor":10.0},{"not_picked":["Cold Snap","Hello World"],"picked":"Conserve Battery+1","floor":11.0},{"not_picked":["White Noise+1","Static Discharge"],"picked":"Hologram+1","floor":12.0},{"not_picked":["Seek+1","Amplify+1"],"picked":"Rainbow+1","floor":16.0},{"not_picked":["Leap+1","Conserve Battery+1"],"picked":"Darkness+1","floor":17.0},{"not_picked":["Go for the Eyes","Sunder"],"picked":"Compile Driver+1","floor":18.0},{"not_picked":["Turbo+1","Steam+1"],"picked":"Melter+1","floor":20.0},{"not_picked":["Conserve Battery+1","Reprogram+1"],"picked":"Redo+1","floor":21.0},{"not_picked":["Compile Driver+1","Beam Cell","Cold Snap"],"picked":"SKIP","floor":22.0},{"not_picked":["Barrage","Beam Cell","Reboot+1"],"picked":"SKIP","floor":25.0},{"not_picked":["Lockon","Steam Power+1"],"picked":"Heatsinks","floor":29.0},{"not_picked":["Genetic Algorithm+1","Steam+1"],"picked":"Conserve Battery+1","floor":30.0},{"not_picked":["Coolheaded+1","Tempest+1"],"picked":"FTL","floor":31.0},{"not_picked":["Steam+1","Gash"],"picked":"Leap+1","floor":32.0},{"not_picked":["Hyperbeam","Meteor Strike"],"picked":"Thunder Strike","floor":33.0},{"not_picked":["Hologram+1","Beam Cell","Cold Snap"],"picked":"SKIP","floor":35.0},{"not_picked":["Gash+1","Barrage+1","Coolheaded+1"],"picked":"SKIP","floor":38.0},{"not_picked":["Aggregate+1","Cold Snap+1","Stack+1"],"picked":"SKIP","floor":39.0},{"not_picked":["Sunder","Barrage"],"picked":"Self Repair","floor":40.0},{"not_picked":["Rebound+1","Steam Power+1"],"picked":"FTL+1","floor":42.0},{"not_picked":["Rebound","Sweeping Beam"],"picked":"Stack+1","floor":44.0},{"not_picked":["Conserve Battery+1","Leap+1"],"picked":"Streamline","floor":46.0},{"not_picked":["Sweeping Beam","Rebound","Multi-Cast+1"],"picked":"SKIP","floor":47.0},{"not_picked":["Beam Cell","Gash+1","Rip and Tear+1"],"picked":"SKIP","floor":48.0}],"player_experience":626177,"relics_obtained":[{"floor":7.0,"key":"MawBank"},{"floor":9.0,"key":"Toxic Egg 2"},{"floor":10.0,"key":"Matryoshka"},{"floor":14.0,"key":"Odd Mushroom"},{"floor":26.0,"key":"Sundial"},{"floor":26.0,"key":"Akabeko"},{"floor":29.0,"key":"Omamori"},{"floor":31.0,"key":"Gremlin Horn"},{"floor":41.0,"key":"Ice Cream"},{"floor":43.0,"key":"Anchor"},{"floor":47.0,"key":"Whetstone"}],"event_choices":[{"damage_healed":0.0,"max_hp_gain":0.0,"max_hp_loss":0.0,"gold_gain":0.0,"cards_transformed":["Strike_B"],"event_name":"Transmorgrifier","player_choice":"Transformed","floor":2.0,"gold_loss":0.0,"damage_taken":0.0,"cards_obtained":["Cold Snap"]},{"damage_healed":0.0,"max_hp_gain":0.0,"max_hp_loss":0.0,"gold_gain":0.0,"event_name":"Scrap Ooze","player_choice":"Success","floor":8.0,"gold_loss":0.0,"damage_taken":18.0,"relics_obtained":["Incense Burner"]},{"damage_healed":0.0,"max_hp_gain":0.0,"max_hp_loss":0.0,"gold_gain":0.0,"event_name":"Mushrooms","player_choice":"Fought Mushrooms","floor":14.0,"gold_loss":0.0,"damage_taken":0.0},{"damage_healed":0.0,"max_hp_gain":0.0,"max_hp_loss":0.0,"gold_gain":0.0,"event_name":"WeMeetAgain","player_choice":"Paid Gold","floor":19.0,"gold_loss":102.0,"damage_taken":0.0,"relics_obtained":["Dream Catcher"]},{"damage_healed":0.0,"max_hp_gain":0.0,"max_hp_loss":0.0,"gold_gain":0.0,"cards_transformed":["Defend_B"],"event_name":"Transmorgrifier","player_choice":"Transformed","floor":37.0,"gold_loss":0.0,"damage_taken":0.0,"cards_obtained":["Rebound"]},{"damage_healed":0.0,"max_hp_gain":0.0,"max_hp_loss":0.0,"gold_gain":0.0,"event_name":"MindBloom","player_choice":"Fight","floor":41.0,"gold_loss":0.0,"damage_taken":0.0}],"is_beta":false,"boss_relics":[{"not_picked":["Philosopher\u0027s Stone","Busted Crown"],"picked":"Tiny House"},{"not_picked":["Empty Cage","Runic Pyramid"],"picked":"Fusion Hammer"}],"items_purged_floors":[23,28,36],"is_endless":false,"potions_floor_spawned":[5,7,14,16,20,22,25,30,35,42,44,47,48],"killed_by":"Donu and Deca","ascension_level":3}}