{"host":"91kqwblrqvon3fcz","time":1610316874,"event":{"mods":["Act Like it!","BaseMod","Elementarium","Hermit","Minty Spire (QoL Compilation)","Quick Restart","StSLib"],"gold_per_floor":[110,40,115,115,115,115,147,164,190,190,190,204,253,263,263,359,359,372,372,267,257,272,272,292,305,332,360,372,372],"floor_reached":28,"playtime":815,"items_purged":[],"score":240,"play_id":"fda5e6e7-2516-4939-9139-ea70d646a997","local_time":"20210110141434","is_ascension_mode":true,"campfire_choices":[{"floor":6.0,"key":"REST"},{"floor":10.0,"key":"REST"},{"floor":15.0,"key":"REST"},{"floor":23.0,"key":"REST"}],"circlet_count":0,"master_deck":["hermit:Strike_Hermit+1","hermit:Strike_Hermit","hermit:Strike_Hermit","hermit:Strike_Hermit","hermit:Defend_Hermit","hermit:Defend_Hermit","hermit:Defend_Hermit","hermit:Defend_Hermit","hermit:Snapshot","hermit:Covet","hermit:GhostlyPresence","hermit:FullyLoaded+1","hermit:Determination","hermit:Maintenance","hermit:Gestalt","hermit:Vantage","hermit:BlackWind","hermit:Desperado+1","hermit:Combo","hermit:Showdown","Elementarium:GildedEssence","hermit:Misfire+1","hermit:GoldenBullet","hermit:FlashPowder","hermit:Maintenance+1"],"relics":["hermit:Momento","Omamori","Mummified Hand","Anchor","Cursed Key","MawBank"],"acts_visited":["Elementarium:Elementarium"],"potions_floor_usage":[],"damage_taken":[{"damage":0.0,"enemies":"Cultist","floor":1.0,"turns":4.0},{"damage":37.0,"enemies":"Gremlin Nob","floor":7.0,"turns":5.0},{"damage":7.0,"enemies":"Jaw Worm","floor":8.0,"turns":4.0},{"damage":0.0,"enemies":"Small Slimes","floor":12.0,"turns":3.0},{"damage":0.0,"enemies":"Gremlin Gang","floor":14.0,"turns":4.0},{"damage":68.0,"enemies":"Hexaghost","floor":16.0,"turns":17.0},{"damage":20.0,"enemies":"Elementarium:2_ELEMENTALS","floor":18.0,"turns":5.0},{"damage":19.0,"enemies":"Elementarium:VoidCorruption","floor":22.0,"turns":5.0},{"damage":20.0,"enemies":"Elementarium:VoidBeast","floor":24.0,"turns":6.0},{"damage":28.0,"enemies":"Elementarium:VOID_CORRUPTION_AND_TAR_GOLEM","floor":25.0,"turns":6.0},{"damage":4.0,"enemies":"Elementarium:3_ELEMENTALS","floor":27.0,"turns":4.0},{"damage":9,"enemies":"Elementarium:STONE_GOLEMS","floor":28,"turns":3}],"seed_played":"-251517682292245513","potions_obtained":[{"floor":1.0,"key":"Weak Potion"},{"floor":7.0,"key":"Fire Potion"},{"floor":22.0,"key":"ColorlessPotion"}],"is_trial":false,"path_per_floor":["M","$","?","?","$","R","E","M","T","R","$","M","T","M","R","B",null,"M","?","$","?","M","R","M","M","T","M","M"],"character_chosen":"HERMIT","items_purchased":["hermit:FullyLoaded","hermit:Combo","hermit:Showdown"],"campfire_rested":4,"item_purchase_floors":[2,20,20],"current_hp_per_floor":[75,75,64,49,49,71,34,27,27,49,49,49,49,49,71,3,75,55,55,55,55,36,58,38,10,10,6,0,0],"gold":372,"neow_bonus":"RANDOM_COMMON_RELIC","is_daily":false,"chose_seed":false,"campfire_upgraded":0,"win_rate":0.0,"timestamp":1610316874,"path_taken":["M","$","?","?","?","R","E","M","T","R","$","?","?","M","R","BOSS","M","?","$","?","M","R","?","M","T","M","M"],"items_purchased_type":["Card","Card","Card"],"build_version":"2020-12-22","purchased_purges":0,"victory":false,"max_hp_per_floor":[75,75,75,75,75,75,75,75,75,75,75,75,75,75,75,75,75,75,74,74,74,74,74,74,74,74,74,74,74],"card_choices":[{"not_picked":["hermit:Brawl","hermit:HoleUp"],"picked":"hermit:GhostlyPresence","floor":1.0},{"not_picked":["hermit:WideOpen","hermit:SprayPray"],"picked":"hermit:Determination","floor":7.0},{"not_picked":["hermit:Grudge","hermit:BodyArmor"],"picked":"hermit:Maintenance","floor":8.0},{"not_picked":["hermit:Glare","hermit:Roulette"],"picked":"hermit:Gestalt","floor":12.0},{"not_picked":["hermit:BigShot","hermit:Scavenge"],"picked":"hermit:Vantage","floor":14.0},{"not_picked":["hermit:Reprieve","hermit:FromBeyond"],"picked":"hermit:BlackWind","floor":16.0},{"not_picked":["hermit:PistolWhip","hermit:Quickdraw+1"],"picked":"hermit:Desperado+1","floor":18.0},{"not_picked":["hermit:CalledShot","hermit:DeadMansHand+1"],"picked":"hermit:Misfire+1","floor":22.0},{"not_picked":["hermit:Dive","hermit:Desperado+1"],"picked":"hermit:GoldenBullet","floor":24.0},{"not_picked":["hermit:SprayPray","hermit:HoleUp"],"picked":"hermit:FlashPowder","floor":25.0},{"not_picked":["hermit:PistolWhip+1","hermit:Midnight"],"picked":"hermit:Maintenance+1","floor":27.0}],"player_experience":408318,"relics_obtained":[{"floor":7.0,"key":"Mummified Hand"},{"floor":9.0,"key":"Anchor"},{"floor":26.0,"key":"MawBank"}],"event_choices":[{"damage_healed":0.0,"max_hp_gain":0.0,"max_hp_loss":0.0,"gold_gain":75.0,"event_name":"World of Goop","player_choice":"Gather Gold","floor":3.0,"gold_loss":0.0,"damage_taken":11.0},{"damage_healed":0.0,"max_hp_gain":0.0,"max_hp_loss":0.0,"gold_gain":0.0,"event_name":"Shining Light","player_choice":"Entered Light","floor":4.0,"gold_loss":0.0,"damage_taken":15.0,"cards_upgraded":["hermit:FullyLoaded","hermit:Strike_Hermit"]},{"damage_healed":0.0,"max_hp_gain":0.0,"max_hp_loss":1.0,"gold_gain":0.0,"event_name":"Elementarium:OtherworldlyPassage","player_choice":"Detour","floor":19.0,"gold_loss":0.0,"damage_taken":0.0},{"damage_healed":0.0,"max_hp_gain":0.0,"max_hp_loss":0.0,"gold_gain":0.0,"event_name":"Elementarium:OnrushingOffering","player_choice":"Toss","floor":21.0,"gold_loss":10.0,"damage_taken":0.0,"cards_obtained":["Elementarium:GildedEssence"]}],"is_beta":false,"boss_relics":[{"not_picked":["hermit:BartenderGlass","SacredBark"],"picked":"Cursed Key"}],"items_purged_floors":[],"is_endless":false,"potions_floor_spawned":[1,7,22],"killed_by":"Elementarium:STONE_GOLEMS","ascension_level":2}}