{"host":"dw2ay8i719i7xlef","time":1610247679,"event":{"mods":["BaseMod","Minty Spire (QoL Compilation)"],"gold_per_floor":[119,129,129,129,146,172,172,190,190,205,205,221,256,256,256,327,327,347,365,365,383,400,426,445,445,526,526,134,134,149,165,165,242,242,253,271,271,271],"floor_reached":39,"playtime":9940,"items_purged":["Defend_R"],"score":1024,"play_id":"cfa42a0e-138b-4378-aa6e-9d1a7444e158","local_time":"20210109210119","is_ascension_mode":true,"campfire_choices":[{"floor":7.0,"key":"REST"},{"data":"1","floor":11.0,"key":"LIFT"},{"data":"2","floor":15.0,"key":"LIFT"},{"floor":25.0,"key":"REST"},{"data":"Armaments","floor":29,"key":"SMITH"},{"data":"Armaments","floor":32,"key":"SMITH"}],"circlet_count":0,"master_deck":["AscendersBane","Strike_R","Strike_R","Strike_R","Strike_R","Strike_R","Defend_R","Defend_R","Defend_R","Bash","Barricade","Cleave","Metallicize","Bloodletting","True Grit","Armaments+1","Armaments+1","Disarm","Feed","Thunderclap","Bloodletting","Shrug It Off","Seeing Red","Necronomicurse","Blind","Rupture","Headbutt","Offering"],"relics":["Burning Blood","StrikeDummy","Girya","Pocketwatch","Gambling Chip","Runic Pyramid","Darkstone Periapt","Pear","Necronomicon","OrangePellets","Runic Dome"],"acts_visited":["Exordium","TheCity","TheBeyond"],"potions_floor_usage":[33,38,38],"damage_taken":[{"damage":5.0,"enemies":"Small Slimes","floor":1.0,"turns":4.0},{"damage":3.0,"enemies":"Jaw Worm","floor":2.0,"turns":5.0},{"damage":3.0,"enemies":"2 Louse","floor":5.0,"turns":2.0},{"damage":40.0,"enemies":"3 Sentries","floor":6.0,"turns":9.0},{"damage":8.0,"enemies":"Exordium Wildlife","floor":8.0,"turns":3.0},{"damage":11.0,"enemies":"Blue Slaver","floor":10.0,"turns":2.0},{"damage":8.0,"enemies":"3 Louse","floor":12.0,"turns":2.0},{"damage":7.0,"enemies":"Lagavulin","floor":13.0,"turns":7.0},{"damage":14.0,"enemies":"The Guardian","floor":16.0,"turns":10.0},{"damage":9.0,"enemies":"2 Thieves","floor":18.0,"turns":4.0},{"damage":14.0,"enemies":"3 Byrds","floor":19.0,"turns":7.0},{"damage":16.0,"enemies":"Centurion and Healer","floor":21.0,"turns":5.0},{"damage":24.0,"enemies":"Shelled Parasite and Fungi","floor":22.0,"turns":5.0},{"damage":9.0,"enemies":"Book of Stabbing","floor":23.0,"turns":5.0},{"damage":21.0,"enemies":"Snake Plant","floor":24.0,"turns":5.0},{"damage":6,"enemies":"Sentry and Sphere","floor":30,"turns":4},{"damage":13,"enemies":"Centurion and Healer","floor":31,"turns":6},{"damage":40,"enemies":"Automaton","floor":33,"turns":10},{"damage":28,"enemies":"3 Darklings","floor":35,"turns":4},{"damage":6,"enemies":"3 Shapes","floor":36,"turns":3},{"damage":83,"enemies":"Time Eater","floor":38,"turns":12}],"seed_played":"-8069386572888740567","potions_obtained":[{"floor":5.0,"key":"Energy Potion"},{"floor":12.0,"key":"Regen Potion"},{"floor":13.0,"key":"Block Potion"},{"floor":16.0,"key":"EntropicBrew"},{"floor":21.0,"key":"Swift Potion"},{"floor":22.0,"key":"Ancient Potion"},{"floor":24.0,"key":"Strength Potion"},{"floor":35,"key":"Energy Potion"}],"is_trial":false,"path_per_floor":["M","M","?","?","M","E","R","M","T","M","R","M","E","?","R","B",null,"M","M","?","M","M","E","M","R","T","?","$","R","M","M","R","B",null,"M","M","?","B",null],"character_chosen":"IRONCLAD","items_purchased":["OrangePellets","Blind","Rupture"],"campfire_rested":2,"item_purchase_floors":[28,28,28],"current_hp_per_floor":[73,76,76,58,61,27,51,49,49,44,44,42,56,56,56,48,72,72,67,50,44,30,31,20,52,62,52,52,52,56,53,53,23,107,89,92,92,15],"gold":271,"neow_bonus":"ONE_RANDOM_RARE_CARD","is_daily":false,"chose_seed":false,"campfire_upgraded":2,"win_rate":0.0,"timestamp":1610247679,"path_taken":["M","M","?","?","M","E","R","M","T","M","R","M","E","?","R","BOSS","M","M","?","M","M","E","M","R","T","?","$","R","M","M","R","BOSS","M","M","?","BOSS"],"items_purchased_type":["Relic","Card","Card"],"build_version":"2020-12-22","purchased_purges":1,"victory":true,"max_hp_per_floor":[80,80,80,80,80,80,80,80,80,80,80,80,80,80,80,80,80,83,86,91,95,99,103,107,107,117,123,123,123,127,131,131,135,135,139,142,142,142],"card_choices":[{"not_picked":["Headbutt","Carnage"],"picked":"Cleave","floor":1.0},{"not_picked":["Twin Strike","Infernal Blade"],"picked":"Metallicize","floor":2.0},{"not_picked":["Seeing Red","Dark Embrace"],"picked":"Bloodletting","floor":5.0},{"not_picked":["Dark Embrace","Sentinel","Perfected Strike"],"picked":"SKIP","floor":6.0},{"not_picked":["Infernal Blade","Thunderclap"],"picked":"True Grit","floor":8.0},{"not_picked":["Anger","Perfected Strike"],"picked":"Armaments","floor":10.0},{"not_picked":["Feel No Pain","Havoc"],"picked":"Armaments","floor":12.0},{"not_picked":["Twin Strike","Rupture"],"picked":"Disarm","floor":13.0},{"not_picked":["Impervious","Offering"],"picked":"Feed","floor":16.0},{"not_picked":["Dual Wield","Armaments"],"picked":"Thunderclap","floor":18.0},{"not_picked":["Dropkick","Seeing Red"],"picked":"Bloodletting","floor":19.0},{"not_picked":["Headbutt","Heavy Blade","True Grit"],"picked":"SKIP","floor":21.0},{"not_picked":["Clothesline","Pommel Strike"],"picked":"Shrug It Off","floor":22.0},{"not_picked":["Iron Wave","Thunderclap"],"picked":"Seeing Red","floor":23.0},{"not_picked":["Carnage","Searing Blow","Clash"],"picked":"SKIP","floor":24.0},{"not_picked":["Feed","Perfected Strike"],"picked":"Headbutt","floor":30},{"not_picked":["True Grit","Sentinel","Hemokinesis+1"],"picked":"SKIP","floor":31},{"not_picked":["Juggernaut","Bludgeon"],"picked":"Offering","floor":33},{"not_picked":["Inflame+1","Disarm","True Grit"],"picked":"SKIP","floor":35},{"not_picked":["Anger+1","Dark Embrace","Feel No Pain"],"picked":"SKIP","floor":36}],"player_experience":1225577,"relics_obtained":[{"floor":6.0,"key":"Girya"},{"floor":9.0,"key":"Pocketwatch"},{"floor":13.0,"key":"Gambling Chip"},{"floor":23.0,"key":"Darkstone Periapt"},{"floor":26.0,"key":"Pear"},{"floor":27,"key":"Necronomicon"}],"event_choices":[{"damage_healed":0.0,"max_hp_gain":0.0,"max_hp_loss":0.0,"gold_gain":0.0,"event_name":"Liars Game","player_choice":"Ignored","floor":3.0,"gold_loss":0.0,"damage_taken":0.0},{"damage_healed":0.0,"max_hp_gain":0.0,"max_hp_loss":0.0,"gold_gain":0.0,"event_name":"Scrap Ooze","player_choice":"Success","floor":4.0,"gold_loss":0.0,"damage_taken":18.0,"relics_obtained":["StrikeDummy"]},{"damage_healed":0.0,"max_hp_gain":0.0,"max_hp_loss":0.0,"gold_gain":0.0,"event_name":"Golden Wing","player_choice":"Ignored","floor":14.0,"gold_loss":0.0,"damage_taken":0.0},{"damage_healed":0.0,"max_hp_gain":5.0,"max_hp_loss":0.0,"gold_gain":0.0,"event_name":"Forgotten Altar","player_choice":"Shed Blood","floor":20.0,"gold_loss":0.0,"damage_taken":22.0},{"damage_healed":0,"gold_gain":0,"player_choice":"Obtained Book","damage_taken":16,"max_hp_gain":0,"max_hp_loss":0,"event_name":"Cursed Tome","floor":27,"gold_loss":0},{"damage_healed":0,"gold_gain":0,"player_choice":"Took Portal","damage_taken":0,"max_hp_gain":0,"max_hp_loss":0,"event_name":"SecretPortal","floor":37,"gold_loss":0}],"is_beta":false,"boss_relics":[{"not_picked":["Calling Bell","Tiny House"],"picked":"Runic Pyramid"},{"not_picked":["Velvet Choker","Pandora\u0027s Box"],"picked":"Runic Dome"}],"items_purged_floors":[28],"is_endless":false,"potions_floor_spawned":[5,12,13,16,21,22,24,31,35],"ascension_level":13}}