{"host":"fm9e0lfunjlbhzxv","time":1610238093,"event":{"mods":["2.2 Compatiblity","Astrologer","BaseMod","Better Match","Better Skull","Better Third Choice","Colored Map","Colored Powertips","Downfall","Key Reminder","Marisa????????","Minty Spire (QoL Compilation)","Permanent Neow","Rare Cards Sparkle","Relic Stats","Remilia??????","Spicy Shops","StSLib","The Administrix","The Bug Knight","The Disciple","The Servant 0.9.4","The Vixen","slay the spire mod where everything is the same but ironclad has a cowboy hat"],"gold_per_floor":[113,125,26,45,45,45,72,72,72,97,154,154,188,188,188,283,283,301,271,0,0,11,45,60,26,26,46,79,79,79,105,105,203,203,213,213,224,241,241,241,270,270,322,348,348,382,382,392,392,392,392,392,15,48,48],"floor_reached":56,"playtime":7039,"items_purged":["KidneyShot","Defend_S","Defend_S","Defend_S"],"score":1898,"play_id":"27a0074c-6b4e-4247-9382-18cf4a6e791f","local_time":"20210109162133","is_ascension_mode":true,"campfire_choices":[{"data":"ShatteredReality","floor":6,"key":"SMITH"},{"data":"Dilation","floor":8,"key":"SMITH"},{"floor":12,"key":"REST"},{"floor":15,"key":"REST"},{"data":"FloweringNight","floor":30,"key":"SMITH"},{"floor":32,"key":"RECALL"},{"data":"MurderousAura","floor":40,"key":"SMITH"},{"data":"StarChef","floor":45,"key":"SMITH"},{"data":"StarChef","floor":47,"key":"SMITH"},{"data":"StarChef","floor":49,"key":"SMITH"},{"data":"TimeWarp","floor":52,"key":"SMITH"}],"circlet_count":0,"master_deck":["Strike_S","Strike_S","Strike_S","Defend_S","Exchange","TimeWarp","TimeWarp+1","ShatteredReality+1","StarChef+1","Dilation+1","FlawlessForm","Hightail+1","Berserk+1","FloweringNight+1","Defy+1","MoonPhase","Defy+1","TimeTheft+1","SpecialFormula+1","Revamp+1","Alleviate+1","MurderousAura+1","TimeWarp+1","StarChef+1","Panache","Dark Shackles+1","Secret Technique+1","ShiftingGears+1","Potential+1","StarChef+1","Apotheosis+1","Defy+1","KillingDoll"],"relics":["Runic Pyramid","HollowMod:LifeEnderRelic","Toxic Egg 2","Lantern","Mummified Hand","Mercury Hourglass","Juzu Bracelet","MysterySword","Membership Card","Question Card","Gremlin Horn","CaptainsWheel","Pantograph","Black Star","Akabeko","Nunchaku","Oddly Smooth Stone","Dream Catcher","PaperSwan","Ice Cream","Letter Opener","Pear","Sundial","Thread and Needle","FossilizedHelix"],"acts_visited":["Exordium","TheCity","TheBeyond","TheEnding"],"potions_floor_usage":[10,11,23,23,28,44,48,55,55],"damage_taken":[{"damage":5,"enemies":"Jaw Worm","floor":1,"turns":5},{"damage":6,"enemies":"2 Louse","floor":2,"turns":3},{"damage":1,"enemies":"Cultist","floor":4,"turns":3},{"damage":6,"enemies":"HollowMod:MossKnight","floor":7,"turns":8},{"damage":11,"enemies":"Lagavulin","floor":10,"turns":6},{"damage":9,"enemies":"Lagavulin Event","floor":11,"turns":6},{"damage":0,"enemies":"HollowMod:MossKnight","floor":13,"turns":18},{"damage":0,"enemies":"Slime Boss","floor":16,"turns":9},{"damage":25,"enemies":"Shell Parasite","floor":18,"turns":5},{"damage":0,"enemies":"Spheric Guardian","floor":22,"turns":4},{"damage":11,"enemies":"Book of Stabbing","floor":23,"turns":5},{"damage":0,"enemies":"Centurion and Healer","floor":24,"turns":6},{"damage":5,"enemies":"Snake Plant","floor":27,"turns":5},{"damage":0,"enemies":"HollowMod:Nosk","floor":28,"turns":6},{"damage":0,"enemies":"Gremlin Leader","floor":31,"turns":4},{"damage":0,"enemies":"Automaton","floor":33,"turns":8},{"damage":18,"enemies":"3 Darklings","floor":35,"turns":5},{"damage":0,"enemies":"Orb Walker","floor":37,"turns":5},{"damage":0,"enemies":"3 Darklings","floor":38,"turns":4},{"damage":0,"enemies":"HollowMod:StalkingDevout","floor":41,"turns":5},{"damage":20,"enemies":"Reptomancer","floor":44,"turns":7},{"damage":0,"enemies":"Giant Head","floor":46,"turns":6},{"damage":5,"enemies":"Transient","floor":48,"turns":5},{"damage":70,"enemies":"Awakened One","floor":50,"turns":11},{"damage":25,"enemies":"Shield and Spear","floor":54,"turns":3},{"damage":0,"enemies":"The Heart","floor":55,"turns":8}],"seed_played":"-1757070886018242931","potions_obtained":[{"floor":7,"key":"Fire Potion"},{"floor":10,"key":"Weak Potion"},{"floor":11,"key":"sneckomod:MuddlingPotion"},{"floor":18,"key":"LiquidMemories"},{"floor":19,"key":"CultistPotion"},{"floor":27,"key":"SkillPotion"},{"floor":28,"key":"CultistPotion"},{"floor":37,"key":"PowerPotion"},{"floor":38,"key":"Swift Potion"},{"floor":44,"key":"SkillPotion"}],"is_trial":false,"path_per_floor":["M","M","$","M","?","R","E","R","T","E","?","R","E","?","R","B",null,"M","?","$","T","M","E","M","$","T","M","E","?","R","E","R","B",null,"M","?","M","M","?","R","E","T","T","E","R","E","R","M","R","B",null,"R","$","E","B",null],"character_chosen":"THE_SERVANT","items_purchased":["ShatteredReality","Membership Card","MoonPhase","Weak Potion","SpecialFormula+1","Apotheosis+1","Sundial","Defy+1"],"campfire_rested":2,"item_purchase_floors":[3,20,20,20,25,53,53,53],"current_hp_per_floor":[60,54,54,53,46,46,40,40,40,29,20,39,39,27,46,46,65,40,40,40,40,40,29,29,29,29,32,40,29,29,37,37,70,70,52,52,60,66,56,56,64,64,64,52,52,70,70,73,73,6,76,76,76,59,76],"gold":48,"neow_bonus":"BOSS_RELIC","is_daily":false,"chose_seed":false,"campfire_upgraded":8,"win_rate":0.0,"timestamp":1610238093,"path_taken":["M","M","$","M","?","R","E","R","T","E","?","R","E","?","R","BOSS","M","?","$","?","M","E","M","$","T","M","E","?","R","E","R","BOSS","M","?","M","M","?","R","E","?","T","E","R","E","R","M","R","BOSS","R","$","E","BOSS"],"items_purchased_type":["Card","Relic","Card","Potion","Card","Card","Relic","Card"],"build_version":"2020-12-22","purchased_purges":4,"victory":true,"max_hp_per_floor":[65,65,65,65,65,65,65,65,65,65,65,65,65,65,65,65,65,65,65,65,65,65,65,65,65,65,65,65,70,70,70,70,70,70,70,66,66,66,66,66,66,66,66,66,66,76,76,76,76,76,76,76,76,76,76],"relic_stats":{"Gremlin Horn":[20,21],"counters":[26,160],"Juzu Bracelet":1,"Letter Opener":[170],"Question Card":18,"Mercury Hourglass":[435],"Nunchaku":[11],"Dream Catcher":0,"Mummified Hand":[119],"Sundial":[2],"Pantograph":45,"Black Star":4,"obtain_stats":[{"Ice Cream":44,"Lantern":10,"Gremlin Horn":23,"Uniform":0,"Juzu Bracelet":14,"Nunchaku":41,"Dream Catcher":43,"Mummified Hand":11,"Sundial":53,"Pantograph":31,"Toxic Egg 2":9,"Runic Pyramid":0,"HollowMod:LifeEnderRelic":7,"Pear":46,"Oddly Smooth Stone":42,"Thread and Needle":54,"PaperSwan":44,"Letter Opener":46,"Question Card":21,"Akabeko":41,"Mercury Hourglass":13,"keyreminder:keyreminder":13,"CaptainsWheel":28,"MysterySword":17,"Black Star":34,"Membership Card":20,"FossilizedHelix":54},{"Ice Cream":21,"Lantern":5,"Gremlin Horn":11,"Uniform":0,"Juzu Bracelet":7,"Nunchaku":20,"Dream Catcher":20,"Mummified Hand":6,"Sundial":24,"Pantograph":15,"Toxic Egg 2":4,"Runic Pyramid":0,"HollowMod:LifeEnderRelic":4,"Pear":22,"Oddly Smooth Stone":20,"Thread and Needle":25,"PaperSwan":21,"Letter Opener":22,"Question Card":9,"Akabeko":20,"Mercury Hourglass":7,"keyreminder:keyreminder":7,"CaptainsWheel":14,"MysterySword":8,"Black Star":16,"Membership Card":9,"FossilizedHelix":25},{"Ice Cream":127,"Lantern":25,"Gremlin Horn":72,"Uniform":0,"Juzu Bracelet":49,"Nunchaku":120,"Dream Catcher":120,"Mummified Hand":31,"Sundial":149,"Pantograph":93,"Toxic Egg 2":19,"Runic Pyramid":0,"HollowMod:LifeEnderRelic":19,"Pear":133,"Oddly Smooth Stone":120,"Thread and Needle":152,"PaperSwan":127,"Letter Opener":133,"Question Card":63,"Akabeko":120,"Mercury Hourglass":49,"keyreminder:keyreminder":49,"CaptainsWheel":89,"MysterySword":58,"Black Star":101,"Membership Card":63,"FossilizedHelix":152}]},"card_choices":[{"not_picked":["BottledTime","ShatteredReality"],"picked":"TimeWarp","floor":1},{"not_picked":["Defy","Misdirection"],"picked":"TimeWarp","floor":2},{"not_picked":["Shuttle","Starlight"],"picked":"StarChef","floor":4},{"not_picked":["Spin","InstantArmor"],"picked":"Dilation","floor":7},{"not_picked":["TimeWarp","Alleviate+1"],"picked":"FlawlessForm","floor":10},{"not_picked":["Starlight","Gouge"],"picked":"Hightail+1","floor":11},{"not_picked":["InstantArmor+1","Defy+1","Spin"],"picked":"SKIP","floor":13},{"not_picked":["SoulSculpture","SilverMatrix"],"picked":"FloweringNight","floor":16},{"not_picked":["RealityMarble","Potential"],"picked":"Defy+1","floor":18},{"not_picked":["Rewind+1","Rearm+1","TimeWarp"],"picked":"Defy+1","floor":22},{"not_picked":["Rearm+1","Solidify+1","TimeWarp"],"picked":"TimeTheft+1","floor":23},{"not_picked":["Starlight","ReturningBlade","Manipulate+1","Orbit"],"picked":"SKIP","floor":24},{"not_picked":["DoubleEdge","Hightail+1","Ricochet"],"picked":"Revamp+1","floor":27},{"not_picked":["Ricochet+1","InstantArmor+1","Replace+1"],"picked":"Alleviate+1","floor":28},{"not_picked":["Hightail+1","Starlight","WasteNot","Misdirection+1"],"picked":"SKIP","floor":31},{"not_picked":["PendulumOfEternity","Initiator","ForgedInTime+1"],"picked":"MurderousAura","floor":33},{"not_picked":["FastForward+1","Rearm+1","Revamp+1"],"picked":"TimeWarp+1","floor":35},{"not_picked":["Unruled+1","Spin","ShiftingGears+1"],"picked":"StarChef","floor":37},{"not_picked":["Manipulate+1","Alleviate+1","Read+1","DoubleEdge"],"picked":"SKIP","floor":38},{"not_picked":["expansioncontent:Corrupt+1","Madness+1","expansioncontent:TimeRipple"],"picked":"Panache","floor":39},{"not_picked":["Secret Weapon+1","Master of Strategy+1","expansioncontent:Sear"],"picked":"Dark Shackles+1","floor":39},{"not_picked":["The Bomb+1","Blind+1","PanicButton+1"],"picked":"Secret Technique+1","floor":39},{"not_picked":["Rewind+1","SoulSculpture","GearUp+1"],"picked":"ShiftingGears+1","floor":41},{"not_picked":["Spin","Rearm+1","Alleviate+1"],"picked":"Potential+1","floor":44},{"not_picked":["Unruled","SurpressingFire+1","SilverBlades"],"picked":"StarChef","floor":46},{"not_picked":["SurpressingFire","RealityMarble","MoonPhase+1","TimeWarp+1"],"picked":"SKIP","floor":48},{"not_picked":["Ricochet","Unruled+1","Alleviate+1"],"picked":"KillingDoll","floor":54}],"player_experience":720340,"relics_obtained":[{"floor":7,"key":"HollowMod:LifeEnderRelic"},{"floor":9,"key":"Toxic Egg 2"},{"floor":10,"key":"Lantern"},{"floor":11,"key":"Mummified Hand"},{"floor":13,"key":"Mercury Hourglass"},{"floor":21,"key":"Question Card"},{"floor":23,"key":"Gremlin Horn"},{"floor":28,"key":"CaptainsWheel"},{"floor":31,"key":"Pantograph"},{"floor":41,"key":"Akabeko"},{"floor":41,"key":"Nunchaku"},{"floor":42,"key":"Oddly Smooth Stone"},{"floor":43,"key":"Dream Catcher"},{"floor":44,"key":"PaperSwan"},{"floor":44,"key":"Ice Cream"},{"floor":46,"key":"Letter Opener"},{"floor":46,"key":"Pear"},{"floor":54,"key":"Thread and Needle"},{"floor":54,"key":"FossilizedHelix"}],"event_choices":[{"cards_removed":["Strike_S"],"damage_healed":0,"gold_gain":0,"player_choice":"Card Removal","damage_taken":7,"max_hp_gain":0,"max_hp_loss":0,"event_name":"Golden Wing","floor":5,"gold_loss":0},{"damage_healed":0,"gold_gain":30,"player_choice":"Searched \u00272\u0027 times","damage_taken":0,"max_hp_gain":0,"max_hp_loss":0,"event_name":"Dead Adventurer","floor":11,"gold_loss":0},{"damage_healed":0,"gold_gain":0,"player_choice":"Bought 2 Potions","damage_taken":0,"max_hp_gain":0,"max_hp_loss":0,"event_name":"The Woman in Blue","floor":19,"gold_loss":0},{"damage_healed":0,"gold_gain":0,"player_choice":"Shed Blood","damage_taken":16,"max_hp_gain":5,"max_hp_loss":0,"event_name":"Forgotten Altar","floor":29,"gold_loss":0},{"damage_healed":0,"gold_gain":0,"player_choice":"Max HP","damage_taken":0,"max_hp_gain":0,"max_hp_loss":4,"event_name":"Winding Halls","floor":36,"gold_loss":0},{"damage_healed":0,"gold_gain":0,"player_choice":"Memory 3","damage_taken":10,"max_hp_gain":0,"max_hp_loss":0,"event_name":"SensoryStone","floor":39,"gold_loss":0}],"is_beta":false,"boss_relics":[{"not_picked":["Astrolabe","Runic Dome"],"picked":"MysterySword"},{"not_picked":["Cursed Key","StoneMask"],"picked":"Black Star"}],"items_purged_floors":[3,20,53,53],"is_endless":false,"potions_floor_spawned":[7,10,11,18,27,28,37,38,44],"ascension_level":4}}