{"host":"g9j9vd829oaopzs7","time":1610250814,"event":{"mods":["BaseMod","CapriCore","Friendly Minions","Gremlin Skip","Grow up Mod","Kiyohime（清姬）","LagranYue(拉格朗·月)","Marisa（霧雨　魔理沙）","Minty Spire (QoL Compilation)","Remilia（蕾米莉?）","Replay The Spire","RumiaBox-露米?的神秘盒子","SOS（斯巴?之子）","Shop Mod","Spicy Shops","StSLib","The Immortal","The Servant 0.9.4","Yuyuko"],"gold_per_floor":[-85,-85,-68,-56,19,19,45,45,71,103,31,45,63,74,74,172,172,192,1,19,33,303,330,342,371,424,19,19],"floor_reached":27,"playtime":1776,"items_purged":["MasterSpark"],"score":297,"play_id":"1fc70b4d-820b-4455-a407-9eea8dc6b146","local_time":"20210110115334","is_ascension_mode":false,"campfire_choices":[{"data":"MagicChant","floor":6,"key":"SMITH"},{"floor":8,"key":"REST"},{"floor":15,"key":"RECALL"}],"circlet_count":0,"master_deck":["Strike_MRS","Strike_MRS","Strike_MRS","Strike_MRS","Defend_MRS","Defend_MRS","Defend_MRS","Defend_MRS","UpSweep","MagicChant+1","ChargingUp","LuminesStrike","CasketOfStar","Occultation","MilkyWay","MagicAbsorber","UltimateShortwave","RefractionSpark","MysteriousBeam+1","ChargingUp+1","Pain","OpenUniverse","DoubleSpark","PowerUp"],"relics":["MiniHakkero","LagranYue:RandomDrawCardRelic","AddBug","SecretRecord","SecretRecord","Baka2"],"acts_visited":["Exordium","TheCity"],"potions_floor_usage":[12,16,16,18,23,25],"damage_taken":[{"damage":0,"enemies":"Small Slimes","floor":1,"turns":3},{"damage":0,"enemies":"Cultist","floor":3,"turns":3},{"damage":0,"enemies":"2 Louse","floor":4,"turns":2},{"damage":38,"enemies":"Gremlin Nob","floor":7,"turns":5},{"damage":16,"enemies":"3 Sentries","floor":10,"turns":5},{"damage":9,"enemies":"Gremlin Gang","floor":12,"turns":3},{"damage":0,"enemies":"Large Slime","floor":13,"turns":3},{"damage":7,"enemies":"Exordium Wildlife","floor":14,"turns":2},{"damage":50,"enemies":"The Guardian","floor":16,"turns":9},{"damage":5,"enemies":"Spheric Guardian","floor":18,"turns":3},{"damage":10,"enemies":"Chosen","floor":20,"turns":2},{"damage":56,"enemies":"Centurion and Healer","floor":21,"turns":7},{"damage":25,"enemies":"Replay:Snechameleon","floor":23,"turns":6},{"damage":51,"enemies":"Sentry and Sphere","floor":24,"turns":6},{"damage":64,"enemies":"Cultist and Chosen","floor":25,"turns":9}],"seed_played":"-2638883125863077178","potions_obtained":[{"floor":1,"key":"SneckoOil"},{"floor":4,"key":"Fire Potion"},{"floor":10,"key":"Languid Potion"},{"floor":12,"key":"DistilledChaos"},{"floor":13,"key":"Fire Potion"},{"floor":18,"key":"SteroidPotion"},{"floor":21,"key":"Energy Potion"},{"floor":23,"key":"SneckoOil"},{"floor":25,"key":"FearPotion"}],"is_trial":false,"path_per_floor":["M","$","M","M","?","R","E","R","T","E","$","M","M","M","R","B",null,"M","$","M","M","?","E","M","M","T","$"],"character_chosen":"MARISA","items_purchased":["Replay:Rubber Ducky","ReplayTheSpireMod:Lightbulb","Replay:Bottled Eggs","MoreBug"],"campfire_rested":1,"item_purchase_floors":[11,19,27,27],"current_hp_per_floor":[102,112,122,132,129,139,111,169,179,173,183,190,200,203,213,173,262,267,277,277,231,214,199,158,104,114,114,114],"gold":19,"neow_bonus":"TEN_PERCENT_HP_BONUS","is_daily":false,"chose_seed":false,"campfire_upgraded":1,"win_rate":0.0,"timestamp":1610250814,"path_taken":["M","$","M","M","?","R","E","R","T","E","?","M","M","M","R","BOSS","M","$","M","M","?","E","M","?","T","$"],"items_purchased_type":["Relic","Relic","Relic","Relic"],"build_version":"2020-12-22","purchased_purges":1,"victory":false,"max_hp_per_floor":[102,112,122,132,142,152,162,172,182,192,202,212,222,232,242,252,262,272,282,292,302,312,322,332,342,352,352,352],"card_choices":[{"not_picked":["GravityBeat","RefractionSpark"],"picked":"MagicChant","floor":1},{"not_picked":["GravityBeat","GrandCross"],"picked":"ChargingUp","floor":3},{"not_picked":["GrandCross","GravityBeat"],"picked":"LuminesStrike","floor":4},{"not_picked":["SprinkleStarSeal","SuperPerseids"],"picked":"CasketOfStar","floor":7},{"not_picked":["SporeBomb","WitchLeyline"],"picked":"Occultation","floor":10},{"not_picked":["SporeBomb","DeepEcoloBomb","GasGiant"],"picked":"SKIP","floor":12},{"not_picked":["WitchOfGreed","OortCloud"],"picked":"MilkyWay","floor":13},{"not_picked":["GalacticHalo","ChargingUp"],"picked":"MagicAbsorber","floor":14},{"not_picked":["EscapeVelocity","BlazingStar"],"picked":"UltimateShortwave","floor":16},{"not_picked":["SporeBomb","DragonMeteor+1"],"picked":"RefractionSpark","floor":18},{"not_picked":["SporeBomb+1","AsteroidBelt"],"picked":"MysteriousBeam+1","floor":20},{"not_picked":["StarlightTyphoon+1","IllusionStar"],"picked":"ChargingUp+1","floor":21},{"not_picked":["MagicAbsorber","SuperNova"],"picked":"OpenUniverse","floor":23},{"not_picked":["AlicesGift","LuminesStrike"],"picked":"DoubleSpark","floor":24},{"not_picked":["SporeBomb","IllusionStar"],"picked":"PowerUp","floor":25}],"player_experience":8772,"relics_obtained":[{"floor":1,"key":"Baka"},{"floor":1,"key":"AddBug"},{"floor":7,"key":"LagranYue:MagicReflectiveArmorRelic"},{"floor":9,"key":"LagranYue:GuidanceLightRelic"},{"floor":10,"key":"AntiCross"},{"floor":13,"key":"SecretRecord"},{"floor":18,"key":"Baka2"},{"floor":23,"key":"Replay:Bottled Snecko"},{"floor":26,"key":"ReplayTheSpireMod:TigerMarble"}],"event_choices":[{"damage_healed":0,"gold_gain":75,"player_choice":"Touch","damage_taken":13,"max_hp_gain":0,"max_hp_loss":0,"event_name":"FaceTrader","floor":5,"gold_loss":0},{"damage_healed":0,"gold_gain":270,"player_choice":"GOLD GOLD GOLD ","damage_taken":27,"max_hp_gain":0,"max_hp_loss":0,"event_name":"Knowing Skull","floor":22,"potions_obtained":[],"gold_loss":0,"cards_obtained":[]}],"is_beta":false,"boss_relics":[{"not_picked":["Calling Bell","Tiny House"],"picked":"Sozu"}],"items_purged_floors":[27],"is_endless":false,"potions_floor_spawned":[1,4,10,12,13,18,21,23],"ascension_level":0}}