{"host":"p5axfb00mxhraew6","time":1610294096,"event":{"mods":["Abigail Mod","Act Like it!","BaseMod","CapriCore","Friendly Minions","GifTheSpireLib","Jedi Mod","KomeijiMod","Lobotomy","MarisaÅiñ∂âJÅ@ñÇóùçπÅj","Minty Spire (QoL Compilation)","Prisma Mod","ReimuÅiîé??öÎÅj","RemiliaÅiÂQïƒ‰ª?Åj","SOSÅiézîb?îVéqÅj","StSLib","Td1madao Mod","The Alterego","The Immortal","The Problem Sleuth","Yakumo Yukari mod"],"gold_per_floor":[111,128,196,48,13,13,39,39,39,71,71,18,18,28,28,129,129,148,163,7,17,17,17,34,34,61,72,82,82,110,110,110,205,205,216,113,163,176,29,55,55,74,144,144,172,172,172,191,191,191,191,191,191,41,73,73],"floor_reached":57,"playtime":1836,"items_purged":["ShyLook"],"score":1892,"play_id":"a68f2086-b194-4761-a8fa-c8b4bd783682","local_time":"20210111005456","is_ascension_mode":true,"campfire_choices":[{"floor":44,"key":"RECALL"},{"data":"Regret_ego","floor":46,"key":"SMITH"},{"data":"Regret_ego","floor":53,"key":"SMITH"}],"circlet_count":0,"master_deck":["SpecialBullet","SpecialBullet","SpecialBullet","SpecialBullet","SpecialBullet","SpecialBullet","SpecialBullet","SpecialBullet","InformationCode","SecurityCode","ExtractionCode","Justitia","RapturousDream","Moonlight","BlackSwan_ego","Ecstasy","WristCuter","Penitence","GoldRush","OldLady","Lantern","WristCuter","VoidDream","WristCuter","BeautyBeast","WristCuter","Gaze","Pleasure+1","Heaven+1","CentralCode","CrimsonScar+1","SpiderBud","UniverseFragment","OSAHOGD","GoldRush","TrainingCode","Lantern","Noise","RapturousDream+1","Mimicry","Regret_ego+1","Bloodbath","Noise+1","Regret_ego+1","Regret_ego+1","WristCuter+1","SpecialBullet","SpecialBullet","SpecialBullet","Regret_ego"],"relics":["CogitoBucket","RabbitCall","jedi:shrinkray","Kunai","Dream Catcher","Sozu","Bronze Scales","Vajra","Smiling Mask","Coffee Dripper","Du-Vu Doll","Bag of Marbles","Question Card","Bag of Preparation","Bird Faced Urn"],"acts_visited":["Exordium","TheCity","TheBeyond","TheEnding"],"potions_floor_usage":[],"damage_taken":[{"damage":6,"enemies":"Cultist","floor":1,"turns":3},{"damage":12,"enemies":"Jaw Worm","floor":2,"turns":2},{"damage":16,"enemies":"Gremlin Nob","floor":7,"turns":3},{"damage":10,"enemies":"3 Sentries","floor":10,"turns":3},{"damage":14,"enemies":"2 Louse","floor":14,"turns":2},{"damage":44,"enemies":"Hexaghost","floor":16,"turns":4},{"damage":11,"enemies":"2 Thieves","floor":18,"turns":3},{"damage":18,"enemies":"Shell Parasite","floor":19,"turns":3},{"damage":16,"enemies":"Centurion and Healer","floor":21,"turns":4},{"damage":15,"enemies":"Cultist and Chosen","floor":24,"turns":3},{"damage":0,"enemies":"Snecko","floor":27,"turns":2},{"damage":4,"enemies":"Sentry and Sphere","floor":28,"turns":3},{"damage":26,"enemies":"Slavers","floor":30,"turns":3},{"damage":6,"enemies":"Automaton","floor":33,"turns":8},{"damage":2,"enemies":"3 Shapes","floor":35,"turns":3},{"damage":24,"enemies":"Mind Bloom Boss Battle","floor":37,"turns":2},{"damage":0,"enemies":"3 Darklings","floor":38,"turns":1},{"damage":10,"enemies":"Giant Head","floor":40,"turns":6},{"damage":0,"enemies":"Jaw Worm Horde","floor":42,"turns":2},{"damage":0,"enemies":"Reptomancer","floor":45,"turns":4},{"damage":12,"enemies":"Maw","floor":48,"turns":4},{"damage":30,"enemies":"Awakened One","floor":50,"turns":8},{"damage":0,"enemies":"Shield and Spear","floor":55,"turns":4},{"damage":15,"enemies":"The Heart","floor":56,"turns":8}],"seed_played":"-1063308920498744510","potions_obtained":[{"floor":7,"key":"ColorlessPotion"},{"floor":14,"key":"SpeedPotion"},{"floor":16,"key":"Energy Potion"}],"is_trial":false,"path_per_floor":["M","M","?","$","?","R","E","R","T","E","?","$","R","M","R","B",null,"M","M","$","M","$","R","M","R","T","M","M","R","E","?","R","B",null,"M","$","?","M","$","E","R","M","T","R","E","R","?","M","R","B",null,null,"R","$","E","B",null],"character_chosen":"Angela","items_purchased":["Ecstasy","WristCuter","Penitence","WristCuter","Bronze Scales","Lantern","Mimicry","Bag of Preparation"],"campfire_rested":0,"item_purchase_floors":[4,4,4,12,20,36,39,54],"current_hp_per_floor":[65,61,61,61,70,70,62,62,62,64,64,64,64,62,62,34,70,75,69,69,74,74,74,87,90,90,94,98,98,91,97,102,102,102,102,102,90,102,102,102,102,106,106,106,106,106,106,106,106,106,106,106,106,106,106,106],"gold":73,"neow_bonus":"ONE_RANDOM_RARE_CARD","is_daily":false,"chose_seed":false,"campfire_upgraded":2,"win_rate":0.0,"timestamp":1610294096,"path_taken":["M","?","?","$","?","R","E","R","T","E","?","?","R","M","R","BOSS","M","M","$","?","$","R","M","R","T","M","?","R","E","?","R","BOSS","M","$","?","M","?","E","R","?","T","R","E","R","?","M","R","BOSS","R","$","E","BOSS"],"items_purchased_type":["Card","Card","Card","Card","Relic","Card","Card","Relic"],"build_version":"2020-12-22","purchased_purges":1,"victory":true,"max_hp_per_floor":[70,70,70,70,70,70,70,70,70,74,74,74,74,78,78,82,82,86,86,86,86,86,86,90,90,90,94,98,98,102,102,102,102,102,102,102,102,102,102,102,102,106,106,106,106,106,106,106,106,106,106,106,106,106,106,106],"card_choices":[{"not_picked":["Hornet"],"picked":"RapturousDream","floor":1},{"not_picked":["FeatherOfHonor"],"picked":"Moonlight","floor":1},{"not_picked":["Beak"],"picked":"BlackSwan_ego","floor":2},{"not_picked":["RapturousDream"],"picked":"GoldRush","floor":7},{"not_picked":["CENSORED","CrumblingArmor"],"picked":"OldLady","floor":10},{"not_picked":["Galaxy"],"picked":"Lantern","floor":10},{"not_picked":["GalaxyChild","OSAHOGD"],"picked":"VoidDream","floor":14},{"not_picked":["Beak"],"picked":"WristCuter","floor":14},{"not_picked":["CherryBlossom","Tough"],"picked":"SKIP","floor":14},{"not_picked":["CherryBlossoms","SpiderBud"],"picked":"BeautyBeast","floor":16},{"not_picked":["GalaxyChild","NakedNest"],"picked":"ShyLook","floor":18},{"not_picked":["CherryBlossom+1"],"picked":"WristCuter","floor":18},{"not_picked":["Heaven+1"],"picked":"Gaze","floor":19},{"not_picked":["FourthMatchFlame+1","Beak"],"picked":"SKIP","floor":19},{"not_picked":["LifeForTheDareDevil"],"picked":"Pleasure+1","floor":21},{"not_picked":["RapturousDream"],"picked":"Heaven+1","floor":21},{"not_picked":["GreedKing","SnowQueen"],"picked":"QueenOfHatred","floor":24},{"not_picked":["Beak"],"picked":"CrimsonScar+1","floor":24},{"not_picked":["SingingMachine","Murderer"],"picked":"SpiderBud","floor":27},{"not_picked":["LifeForTheDareDevil","CrimsonScar+1"],"picked":"SKIP","floor":27},{"not_picked":["Porccubus","Mercenary"],"picked":"UniverseFragment","floor":28},{"not_picked":["Reverberation","Pleasure"],"picked":"SKIP","floor":28},{"not_picked":["Bloodbath","Murderer"],"picked":"OSAHOGD","floor":30},{"not_picked":["Laetitia_ego"],"picked":"GoldRush","floor":30},{"not_picked":["Adoration"],"picked":"DaCapo","floor":33},{"not_picked":["Laetitia_ego","BlackSwan_ego"],"picked":"SKIP","floor":35},{"not_picked":["CUTE"],"picked":"Noise","floor":37},{"not_picked":["Noise"],"picked":"RapturousDream+1","floor":38},{"not_picked":["Pleasure+1"],"picked":"Regret_ego","floor":40},{"not_picked":["FourthMatchFlame+1","ShedSkin"],"picked":"SKIP","floor":40},{"not_picked":["BigBird","Rudolta"],"picked":"Bloodbath","floor":42},{"not_picked":["ParadiseLost"],"picked":"Noise+1","floor":42},{"not_picked":["Reverberation"],"picked":"Regret_ego+1","floor":45},{"not_picked":["Loneliness+1","Beak+1"],"picked":"Regret_ego","floor":48},{"not_picked":["ShedSkin","BearPaw"],"picked":"WristCuter+1","floor":48},{"not_picked":["Soda+1","CUTE"],"picked":"Regret_ego","floor":55}],"player_experience":1241968,"relics_obtained":[{"floor":7,"key":"jedi:shrinkray"},{"floor":9,"key":"Kunai"},{"floor":10,"key":"Dream Catcher"},{"floor":26,"key":"Vajra"},{"floor":30,"key":"Smiling Mask"},{"floor":37,"key":"Du-Vu Doll"},{"floor":40,"key":"Bag of Marbles"},{"floor":45,"key":"Question Card"},{"floor":55,"key":"Bird Faced Urn"}],"event_choices":[{"damage_healed":0,"gold_gain":68,"player_choice":"Gained Gold","damage_taken":0,"max_hp_gain":0,"max_hp_loss":0,"event_name":"Golden Wing","floor":3,"gold_loss":0},{"damage_healed":17,"gold_gain":0,"player_choice":"Healed","damage_taken":0,"max_hp_gain":0,"max_hp_loss":0,"event_name":"The Cleric","floor":5,"gold_loss":35},{"cards_removed":["QueenOfHatred"],"damage_healed":0,"gold_gain":0,"player_choice":"Purged","damage_taken":0,"max_hp_gain":0,"max_hp_loss":0,"event_name":"Purifier","floor":31,"gold_loss":0},{"damage_healed":0,"gold_gain":0,"player_choice":"Fight","damage_taken":0,"max_hp_gain":0,"max_hp_loss":0,"event_name":"MindBloom","floor":37,"gold_loss":0},{"cards_removed":["DaCapo"],"damage_healed":0,"gold_gain":0,"player_choice":"Removed Skill","damage_taken":0,"max_hp_gain":0,"max_hp_loss":0,"event_name":"Falling","floor":47,"gold_loss":0}],"is_beta":false,"boss_relics":[{"not_picked":["Ectoplasm","RedLine:ReiMu"],"picked":"Sozu"},{"not_picked":["jedi:hotpepper","Tiny House"],"picked":"Coffee Dripper"}],"items_purged_floors":[36],"is_endless":false,"potions_floor_spawned":[7,14,16,21,30,33,37,38,55],"ascension_level":10}}