{"host":"874fb0d5vod5mibr","time":1610282557,"event":{"mods":["BaseMod","Colored Map","Downfall","KinomotoSakuraMod(ƒæ÷Æ±æ”£)","KomeijiMod","Lobotomy","Marisa£®ÏF”Í°°ƒß¿Ì…≥£©","Minty Spire (QoL Compilation)","Reimu£®≤©¿ˆ¡È√Œ£©","Remilia£®¿Ÿ√◊¿Ú—«£©","Replay The Spire","StSLib","The Administrix","The Bug Knight","The Construct","The Cursed","The Runesmith","The Servant 0.9.4","Waifu the Spire","WarShipGirlsR/’ΩΩ¢…Ÿ≈ÆR mod","Youmu£®ªÍ∆«—˝√Œ£©","Yuyuko","[IsaacMod]“‘»ˆº‚À˛","vexMod"],"gold_per_floor":[118,159,178,17,36,61,77,88,88,38,38,65,65,81,81,178,178,197,197,214,91,161,174,201,218,218,218,234,254,254,254],"floor_reached":30,"playtime":2290,"items_purged":[],"score":364,"play_id":"20e1addc-71b9-4e86-a132-b5a40ce6cacb","local_time":"20210110204237","is_ascension_mode":false,"campfire_choices":[{"data":"RoshinSou+1","floor":11,"key":"SWEEP"},{"floor":15,"key":"RECALL"}],"circlet_count":0,"master_deck":["Strike_Komeiji+1","Strike_Komeiji+1","Strike_Komeiji+1","Defend_Komeiji","Defend_Komeiji","Defend_Komeiji","Dash_Komeiji","KouPou+1","NarrowSpark","NingyouYunhei+1","MajikuruSanhai+1","LunaDial","MissingPower","JigokuNoTaiyou","NingyouSP+1","RoshinSou+1","LunaticRedEyes","WumiGaWareru","OoedoNingyou+1","SatsujinDooru+1","IceTornado","LittleLegion","RikonNoKama+1"],"relics":["KomeijisEye","SpellCardsRule","MusicBox","HushsDoor","HowToJump","Shuriken","vexMod:MemoryStick","CrystalOfMemory","Replay:Bottled Eggs","AnarchistCookbook","GremlinMask","Fusion Hammer","GuppysHairball","GoodDreamPillow","Replay:Bottled Snecko","Bottled Tornado","Mango"],"acts_visited":["Exordium","TheCity"],"potions_floor_usage":[6,24,29],"damage_taken":[{"damage":0,"enemies":"Small Slimes","floor":1,"turns":9},{"damage":0,"enemies":"Jaw Worm","floor":3,"turns":2},{"damage":2,"enemies":"Cultist","floor":5,"turns":6},{"damage":0,"enemies":"Gremlin Nob","floor":6,"turns":4},{"damage":0,"enemies":"2 Fungi Beasts","floor":7,"turns":4},{"damage":0,"enemies":"Red Slaver","floor":8,"turns":4},{"damage":0,"enemies":"HollowMod:MossKnight","floor":12,"turns":4},{"damage":0,"enemies":"Lots of Slimes","floor":14,"turns":1},{"damage":0,"enemies":"Slime Boss","floor":16,"turns":3},{"damage":2,"enemies":"3 Byrds","floor":18,"turns":2},{"damage":0,"enemies":"Spheric Guardian","floor":20,"turns":2},{"damage":0,"enemies":"3 Cultists","floor":23,"turns":2},{"damage":14,"enemies":"Replay:Snechameleon","floor":24,"turns":6},{"damage":10,"enemies":"Chosen and Byrds","floor":25,"turns":4},{"damage":5,"enemies":"Shelled Parasite and Fungi","floor":28,"turns":2},{"damage":12,"enemies":"Snake Plant","floor":29,"turns":4}],"seed_played":"7257792039077864335","potions_obtained":[{"floor":1,"key":"Venom Potion"},{"floor":6,"key":"Toxic Potion"},{"floor":16,"key":"Block Potion"},{"floor":23,"key":"Explosive Potion"},{"floor":25,"key":"Block Potion"},{"floor":28,"key":"Elixir"}],"is_trial":false,"path_per_floor":["M","?","M","$","M","E","M","M","T","$","R","E","?","M","R","B",null,"M","?","M","?","T","M","E","M","T","?","M","M","?"],"character_chosen":"KomeijiSatori","items_purchased":["LunaDial","NingyouSP+1","GuppysHairball"],"campfire_rested":0,"item_purchase_floors":[4,10,17],"current_hp_per_floor":[45,33,33,33,31,31,31,31,31,31,36,36,36,36,36,36,40,38,33,33,33,33,33,19,9,23,23,18,6,0,0],"gold":254,"neow_bonus":"TRANSFORM_TWO_CARDS","is_daily":false,"chose_seed":false,"campfire_upgraded":0,"win_rate":0.0,"timestamp":1610282557,"path_taken":["M","?","M","$","M","E","M","M","T","$","R","E","?","?","R","BOSS","M","?","?","?","?","M","E","?","T","?","M","M","?"],"items_purchased_type":["Card","Card","Relic"],"build_version":"2020-12-22","purchased_purges":0,"victory":false,"max_hp_per_floor":[50,50,50,50,50,50,50,50,50,50,50,50,50,50,50,50,40,40,45,45,45,45,45,45,45,59,59,59,59,59,59],"card_choices":[{"not_picked":[],"picked":"ChaosCard","floor":0},{"not_picked":["KinbakuJin+1","DochyakuKami+1"],"picked":"NingyouYunhei+1","floor":1},{"not_picked":["DochyakuKami+1","Sabishigari+1"],"picked":"MajikuruSanhai+1","floor":2},{"not_picked":["SeekerDolls","KeiseiJin+1"],"picked":"SenyouGoraku+1","floor":2},{"not_picked":["HagoromoKu","DemonLordCradle"],"picked":"Bomb","floor":3},{"not_picked":["HagoromoKu","Sabishigari+1"],"picked":"Bomb","floor":5},{"not_picked":["NingyouSP+1","JyouchiJin+1"],"picked":"MissingPower","floor":6},{"not_picked":["MusuNoYume","KeiseiJin+1","SeekerWire+1"],"picked":"SKIP","floor":7},{"not_picked":["NingyouShinki+1","DochyakuKami+1"],"picked":"JigokuNoTaiyou","floor":8},{"not_picked":["Mishyaguji+1","JyouchiJin+1"],"picked":"LunaticRedEyes","floor":12},{"not_picked":["SelfTokamak","KouPou+1","ShyakuBuku"],"picked":"SKIP","floor":14},{"not_picked":["TerribleSouvenir","MusouMyousyu"],"picked":"WumiGaWareru","floor":16},{"not_picked":["Mishyaguji+1","MakuraSeki"],"picked":"OoedoNingyou+1","floor":18},{"not_picked":["SeekerDolls","RikonNoKama+1"],"picked":"SatsujinDooru+1","floor":20},{"not_picked":["KinbakuJin+1","NingyouShinki+1","JyouchiJin+1"],"picked":"SKIP","floor":23},{"not_picked":["HagoromoMizu","Agarareta+1"],"picked":"IceTornado","floor":24},{"not_picked":["Melting+1","Sabishigari+1"],"picked":"LittleLegion","floor":25},{"not_picked":["OoedoNingyou+1","RikonNoKama+1","Sabishigari+1"],"picked":"SKIP","floor":28},{"not_picked":["Sabishigari+1","KeiseiJin+1"],"picked":"RikonNoKama+1","floor":29}],"player_experience":29532,"relics_obtained":[{"floor":2,"key":"Shuriken"},{"floor":6,"key":"vexMod:MemoryStick"},{"floor":6,"key":"CrystalOfMemory"},{"floor":9,"key":"Replay:Bottled Eggs"},{"floor":12,"key":"AnarchistCookbook"},{"floor":22,"key":"Replay:Bottled Snecko"},{"floor":24,"key":"Bottled Tornado"},{"floor":26,"key":"Mango"}],"event_choices":[{"damage_healed":0,"gold_gain":0,"player_choice":"Trade","damage_taken":0,"relics_obtained":["GremlinMask"],"max_hp_gain":0,"max_hp_loss":0,"event_name":"FaceTrader","floor":13,"gold_loss":0},{"damage_healed":0,"gold_gain":0,"player_choice":"Shed Blood","damage_taken":10,"max_hp_gain":5,"max_hp_loss":0,"event_name":"Forgotten Altar","floor":19,"gold_loss":0}],"is_beta":false,"boss_relics":[{"not_picked":["Runesmith:UraniumAnvil","vexMod:ImprovementManual"],"picked":"Fusion Hammer"},{"not_picked":[]}],"items_purged_floors":[],"is_endless":false,"potions_floor_spawned":[1,6,16,23,25,28],"ascension_level":0}}