{"host":"u1dfzl6o6mfmauc3","time":1610253130,"event":{"mods":["2.2 Compatiblity","AchievementEnabler","BaseMod","Block Reminder","Dark Map","Hermit","Minty Spire (QoL Compilation)","Relic Stats","StSLib"],"gold_per_floor":[113,128,203,278,278,278,307,307,378,378,390,390,424,437,437,567,567,583,599,599,514,524,524,553,553,553,582,620,632,31,50,50,151,151,167,177,77,77,40,40,54,79,102,102,102,121,153,163,163,163,163],"floor_reached":50,"playtime":7674,"items_purged":["Strike_B","Self Repair+1"],"score":630,"play_id":"b6c4c5d2-f00c-43c6-999e-a0642c051858","local_time":"20210109233210","is_ascension_mode":true,"campfire_choices":[{"data":"Glacier","floor":6,"key":"SMITH"},{"data":"Machine Learning","floor":8,"key":"SMITH"},{"data":"Zap","floor":10,"key":"SMITH"},{"floor":15,"key":"REST"},{"data":"Sunder","floor":23,"key":"SMITH"},{"data":"Electrodynamics","floor":25,"key":"SMITH"},{"data":"Self Repair","floor":29,"key":"SMITH"},{"data":"Dualcast","floor":32,"key":"SMITH"},{"data":"Echo Form","floor":40,"key":"SMITH"},{"data":"Chaos","floor":44,"key":"SMITH"},{"floor":49,"key":"REST"}],"circlet_count":0,"master_deck":["Defend_B","Defend_B","Zap+1","Dualcast+1","Doom and Gloom+1","Leap+1","Creative AI+1","Glacier+1","Machine Learning+1","Consume+1","Chaos+1","Double Energy+1","Electrodynamics+1","Darkness+1","Sunder+1","Coolheaded+1","Echo Form+1","Hologram+1","Rip and Tear+1","Glacier+1","Barrage+1","Darkness+1","Conserve Battery+1","Defragment+1","Loop+1"],"relics":["Astrolabe","Kunai","Pear","Bloody Idol","Orichalcum","Sozu","War Paint","Mummified Hand","MawBank","Unceasing Top","Toxic Egg 2","Molten Egg 2","Runic Dome","Smiling Mask","Bag of Preparation","Centennial Puzzle"],"acts_visited":["Exordium","TheCity","TheBeyond"],"potions_floor_usage":[24,50],"damage_taken":[{"damage":7,"enemies":"Small Slimes","floor":1,"turns":3},{"damage":3,"enemies":"Jaw Worm","floor":2,"turns":9},{"damage":15,"enemies":"Gremlin Nob","floor":7,"turns":4},{"damage":3,"enemies":"2 Louse","floor":11,"turns":2},{"damage":6,"enemies":"Lagavulin","floor":13,"turns":7},{"damage":13,"enemies":"Large Slime","floor":14,"turns":5},{"damage":22,"enemies":"Slime Boss","floor":16,"turns":10},{"damage":6,"enemies":"Chosen","floor":18,"turns":6},{"damage":0,"enemies":"Spheric Guardian","floor":19,"turns":6},{"damage":10,"enemies":"Snecko","floor":22,"turns":4},{"damage":32,"enemies":"Slavers","floor":24,"turns":6},{"damage":38,"enemies":"Shelled Parasite and Fungi","floor":27,"turns":4},{"damage":18,"enemies":"Book of Stabbing","floor":28,"turns":8},{"damage":6,"enemies":"Sentry and Sphere","floor":31,"turns":6},{"damage":42,"enemies":"Automaton","floor":33,"turns":10},{"damage":0,"enemies":"3 Darklings","floor":35,"turns":3},{"damage":6,"enemies":"3 Shapes","floor":36,"turns":2},{"damage":3,"enemies":"Maw","floor":41,"turns":7},{"damage":0,"enemies":"Giant Head","floor":42,"turns":7},{"damage":3,"enemies":"4 Shapes","floor":46,"turns":3},{"damage":22,"enemies":"Nemesis","floor":47,"turns":5},{"damage":6,"enemies":"Writhing Mass","floor":48,"turns":6},{"damage":76,"enemies":"Awakened One","floor":50,"turns":8}],"seed_played":"-2835078353786348265","potions_obtained":[{"floor":2,"key":"Ancient Potion"},{"floor":7,"key":"FearPotion"},{"floor":14,"key":"Weak Potion"}],"is_trial":false,"path_per_floor":["M","M","?","?","?","R","E","R","T","R","M","?","E","M","R","B",null,"M","M","?","?","M","R","E","R","T","M","E","R","$","M","R","B",null,"M","M","$","?","$","R","M","E","T","R","?","M","E","M","R","B"],"character_chosen":"DEFECT","items_purchased":["Toxic Egg 2","Molten Egg 2","Coolheaded+1","Glacier+1"],"campfire_rested":2,"item_purchase_floors":[30,30,30,39],"current_hp_per_floor":[68,65,65,54,54,54,39,39,49,49,46,46,40,27,50,28,79,73,79,79,79,79,79,59,59,59,38,37,42,47,56,56,29,79,79,79,79,75,75,75,75,75,75,75,75,75,58,57,75,0,0],"gold":163,"neow_bonus":"BOSS_RELIC","is_daily":false,"chose_seed":false,"campfire_upgraded":9,"win_rate":0.0,"timestamp":1610253130,"path_taken":["M","M","?","?","?","R","E","R","T","R","M","?","E","?","R","BOSS","M","M","?","?","?","R","E","R","T","M","E","R","$","M","R","BOSS","M","?","$","?","$","R","M","E","T","R","?","?","E","M","R","BOSS"],"items_purchased_type":["Relic","Relic","Card","Card"],"build_version":"2020-12-22","purchased_purges":2,"victory":false,"max_hp_per_floor":[75,75,75,75,75,75,75,75,85,85,85,79,79,79,79,79,79,79,79,79,79,79,79,79,79,79,79,79,79,79,79,79,79,79,79,79,79,75,75,75,75,75,75,75,75,75,75,75,75,75,75],"relic_stats":{"counters":[23,131],"Astrolabe":["Doom and Gloom","Leap","Creative AI"],"Bag of Preparation":[8],"Orichalcum":[96],"War Paint":["Consume","Double Energy"],"MawBank":48,"Smiling Mask":0,"Sozu":7,"Centennial Puzzle":[6],"Mummified Hand":[155],"Bloody Idol":64,"Kunai":[4],"obtain_stats":[{"Pear":9,"Golden Idol":12,"Astrolabe":0,"Bag of Preparation":43,"Orichalcum":13,"War Paint":21,"MawBank":26,"Smiling Mask":42,"Sozu":17,"Runic Dome":34,"Centennial Puzzle":47,"Mummified Hand":24,"Bloody Idol":20,"Molten Egg 2":30,"Kunai":7,"Toxic Egg 2":30,"Cracked Core":0,"Unceasing Top":28},{"Pear":3,"Golden Idol":4,"Astrolabe":0,"Bag of Preparation":19,"Orichalcum":5,"War Paint":9,"MawBank":11,"Smiling Mask":19,"Sozu":7,"Runic Dome":15,"Centennial Puzzle":21,"Mummified Hand":11,"Bloody Idol":9,"Molten Egg 2":13,"Kunai":3,"Toxic Egg 2":13,"Cracked Core":0,"Unceasing Top":13},{"Pear":16,"Golden Idol":18,"Astrolabe":0,"Bag of Preparation":109,"Orichalcum":25,"War Paint":52,"MawBank":62,"Smiling Mask":109,"Sozu":40,"Runic Dome":90,"Centennial Puzzle":117,"Mummified Hand":62,"Bloody Idol":52,"Molten Egg 2":74,"Kunai":16,"Toxic Egg 2":74,"Cracked Core":0,"Unceasing Top":74}],"Unceasing Top":[32]},"card_choices":[{"not_picked":["Turbo","Sweeping Beam","BootSequence"],"picked":"SKIP","floor":1},{"not_picked":["Compile Driver","Hello World"],"picked":"Glacier","floor":2},{"not_picked":["Turbo","Barrage","Aggregate"],"picked":"SKIP","floor":7},{"not_picked":["Streamline","Rebound"],"picked":"Consume","floor":11},{"not_picked":["Skim","Undo"],"picked":"Chaos","floor":13},{"not_picked":["Reinforced Body","Turbo"],"picked":"Double Energy","floor":14},{"not_picked":["Multi-Cast","Machine Learning"],"picked":"Electrodynamics","floor":16},{"not_picked":["Reprogram+1","Hologram+1"],"picked":"Self Repair","floor":18},{"not_picked":["Hello World","Cold Snap"],"picked":"Darkness+1","floor":19},{"not_picked":["Sweeping Beam","Scrape"],"picked":"Sunder","floor":22},{"not_picked":["Melter","Cold Snap","Consume"],"picked":"SKIP","floor":24},{"not_picked":["Rebound","Chaos","Sunder"],"picked":"SKIP","floor":27},{"not_picked":["Streamline","Cold Snap","Gash"],"picked":"SKIP","floor":28},{"not_picked":["Sunder+1","Storm","Barrage+1"],"picked":"SKIP","floor":31},{"not_picked":["Electrodynamics","Multi-Cast+1"],"picked":"Echo Form","floor":33},{"not_picked":["Self Repair+1","Beam Cell+1"],"picked":"Hologram+1","floor":35},{"not_picked":["Reprogram+1","Cold Snap+1"],"picked":"Rip and Tear+1","floor":36},{"not_picked":["Melter+1","Hologram+1","Leap+1"],"picked":"SKIP","floor":41},{"not_picked":["Go for the Eyes+1","FTL+1"],"picked":"Barrage+1","floor":42},{"not_picked":["Gash+1","Melter+1"],"picked":"Conserve Battery+1","floor":46},{"not_picked":["Coolheaded+1","Lockon+1"],"picked":"Defragment+1","floor":47},{"not_picked":["Blizzard+1","Aggregate+1"],"picked":"Loop+1","floor":48}],"player_experience":40217,"relics_obtained":[{"floor":7,"key":"Kunai"},{"floor":9,"key":"Pear"},{"floor":13,"key":"Orichalcum"},{"floor":24,"key":"Mummified Hand"},{"floor":26,"key":"MawBank"},{"floor":28,"key":"Unceasing Top"},{"floor":42,"key":"Smiling Mask"},{"floor":43,"key":"Bag of Preparation"},{"floor":47,"key":"Centennial Puzzle"}],"event_choices":[{"damage_healed":0,"gold_gain":75,"player_choice":"Gained Gold","damage_taken":0,"max_hp_gain":0,"max_hp_loss":0,"event_name":"Golden Wing","floor":3,"gold_loss":0},{"damage_healed":0,"gold_gain":75,"player_choice":"Gather Gold","damage_taken":11,"max_hp_gain":0,"max_hp_loss":0,"event_name":"World of Goop","floor":4,"gold_loss":0},{"damage_healed":0,"gold_gain":0,"cards_transformed":["Defend_B"],"player_choice":"Change","damage_taken":0,"max_hp_gain":0,"max_hp_loss":0,"event_name":"Living Wall","floor":5,"gold_loss":0,"cards_obtained":["Machine Learning"]},{"damage_healed":0,"gold_gain":0,"player_choice":"Lose Max HP","damage_taken":0,"relics_obtained":["Golden Idol"],"max_hp_gain":0,"max_hp_loss":6,"event_name":"Golden Idol","floor":12,"gold_loss":0},{"damage_healed":0,"gold_gain":0,"player_choice":"Gave Idol","damage_taken":0,"relics_obtained":["Bloody Idol"],"max_hp_gain":0,"max_hp_loss":0,"event_name":"Forgotten Altar","floor":20,"relics_lost":["Golden Idol"],"gold_loss":0},{"damage_healed":0,"gold_gain":0,"player_choice":"Obtained Relic","damage_taken":0,"relics_obtained":["War Paint"],"max_hp_gain":0,"max_hp_loss":0,"event_name":"Addict","floor":21,"gold_loss":85},{"damage_healed":0,"gold_gain":0,"player_choice":"Max HP","damage_taken":0,"max_hp_gain":0,"max_hp_loss":4,"event_name":"Winding Halls","floor":38,"gold_loss":0},{"damage_healed":0,"gold_gain":0,"cards_transformed":["Strike_B"],"player_choice":"Transformed","damage_taken":0,"max_hp_gain":0,"max_hp_loss":0,"event_name":"Transmorgrifier","floor":45,"gold_loss":0,"cards_obtained":["Darkness"]}],"is_beta":false,"boss_relics":[{"not_picked":["Tiny House","Busted Crown"],"picked":"Sozu"},{"not_picked":["Nuclear Battery","Runic Pyramid"],"picked":"Runic Dome"}],"items_purged_floors":[30,37],"is_endless":false,"potions_floor_spawned":[2,7,14,18,19,22,33,36,41,42],"killed_by":"Awakened One","ascension_level":2}}