{"host":"qljev0q3rb9h3k1a","time":1610313286,"event":{"mods":["AchievementEnabler","Ascension Unlocker","BaseMod","Colored Map","Minty Spire (QoL Compilation)","Permanent Neow","Quick Restart","Relic Filter","StSLib","SuperFastMode"],"gold_per_floor":[110,71,98,98,98,98,116,116,116,66,106,106,150,170,170,296,296,312,312,339,352,377,377,224,499,499,511,523,549,575,607,619,631,631],"floor_reached":33,"playtime":1008,"items_purged":["Strike_G"],"score":253,"play_id":"de69656d-470d-415e-8990-88a4cfad0dbe","local_time":"20210110161446","is_ascension_mode":false,"campfire_choices":[{"data":"Bouncing Flask","floor":6.0,"key":"SMITH"},{"data":"Neutralize","floor":8.0,"key":"SMITH"},{"data":"Noxious Fumes","floor":15.0,"key":"SMITH"},{"data":"Adrenaline","floor":23.0,"key":"SMITH"},{"data":"Bouncing Flask","floor":28.0,"key":"SMITH"},{"floor":32.0,"key":"REST"}],"circlet_count":0,"master_deck":["Strike_G","Strike_G","Defend_G","Defend_G","Defend_G","Defend_G","Defend_G","Survivor","Neutralize+1","Corpse Explosion","Bouncing Flask+1","Noxious Fumes+1","Adrenaline+1","Bouncing Flask+1","Deadly Poison","Blur","Regret"],"relics":["Ring of the Snake","Lantern","Golden Idol","Unceasing Top","StoneCalendar","Boot","Snecko Eye","Enchiridion","Bag of Marbles","MawBank"],"acts_visited":["Exordium","TheCity"],"potions_floor_usage":[33,33,33],"damage_taken":[{"damage":2.0,"enemies":"Cultist","floor":1.0,"turns":4.0},{"damage":0.0,"enemies":"Jaw Worm","floor":7.0,"turns":3.0},{"damage":14.0,"enemies":"Gremlin Nob","floor":11.0,"turns":4.0},{"damage":21.0,"enemies":"3 Sentries","floor":13.0,"turns":5.0},{"damage":0.0,"enemies":"Small Slimes","floor":14.0,"turns":3.0},{"damage":16.0,"enemies":"The Guardian","floor":16.0,"turns":7.0},{"damage":2.0,"enemies":"Shell Parasite","floor":18.0,"turns":4.0},{"damage":0.0,"enemies":"Spheric Guardian","floor":21.0,"turns":3.0},{"damage":16.0,"enemies":"Shelled Parasite and Fungi","floor":22.0,"turns":4.0},{"damage":11.0,"enemies":"3 Cultists","floor":29.0,"turns":3.0},{"damage":8.0,"enemies":"Chosen and Byrds","floor":30.0,"turns":4.0},{"damage":3.0,"enemies":"Snake Plant","floor":31.0,"turns":3.0},{"damage":36,"enemies":"Collector","floor":33,"turns":6}],"seed_played":"1116989109966842267","potions_obtained":[{"floor":1.0,"key":"Block Potion"},{"floor":14.0,"key":"SpeedPotion"},{"floor":16.0,"key":"ColorlessPotion"},{"floor":29.0,"key":"SneckoOil"},{"floor":30.0,"key":"Poison Potion"},{"floor":31.0,"key":"AttackPotion"}],"is_trial":false,"path_per_floor":["M","$","T","$","?","R","M","R","T","?","E","?","E","M","R","B",null,"M","?","T","M","M","R","$","?","T","$","R","M","M","M","R","B"],"character_chosen":"THE_SILENT","items_purchased":["Noxious Fumes","Blur"],"campfire_rested":1,"item_purchase_floors":[2,24],"current_hp_per_floor":[68,68,68,68,65,65,65,65,65,65,51,51,30,30,30,14,65,63,47,47,47,31,31,31,31,31,31,31,20,12,9,28,0,0],"gold":631,"neow_bonus":"ONE_RANDOM_RARE_CARD","is_daily":false,"chose_seed":false,"campfire_upgraded":5,"win_rate":0.0,"timestamp":1610313286,"path_taken":["M","$","?","$","?","R","?","R","T","?","E","?","E","?","R","BOSS","M","?","?","?","M","R","$","?","T","$","R","M","?","M","R","BOSS"],"items_purchased_type":["Card","Card"],"build_version":"2020-12-22","purchased_purges":1,"victory":false,"max_hp_per_floor":[70,70,70,70,65,65,65,65,65,65,65,65,65,65,65,65,65,65,65,65,65,65,65,65,65,65,65,65,65,65,65,65,65,65],"card_choices":[{"not_picked":["Flechettes","Sucker Punch"],"picked":"Bouncing Flask","floor":1.0},{"not_picked":["Dodge and Roll","Dagger Throw","Quick Slash"],"picked":"SKIP","floor":7.0},{"not_picked":["Glass Knife","Infinite Blades","Outmaneuver"],"picked":"SKIP","floor":11.0},{"not_picked":["Infinite Blades","Caltrops","Prepared"],"picked":"SKIP","floor":13.0},{"not_picked":["Dagger Throw","Distraction","Bane"],"picked":"SKIP","floor":14.0},{"not_picked":["Wraith Form v2","Die Die Die"],"picked":"Adrenaline","floor":16.0},{"not_picked":["Skewer+1","Backstab"],"picked":"Bouncing Flask","floor":18.0},{"not_picked":["Backflip","All Out Attack","Flechettes+1"],"picked":"SKIP","floor":21.0},{"not_picked":["Blade Dance","Dagger Throw"],"picked":"Deadly Poison","floor":22.0},{"not_picked":["Backflip","Flying Knee","Acrobatics"],"picked":"SKIP","floor":29.0},{"not_picked":["Dagger Spray","Slice","Dagger Throw"],"picked":"SKIP","floor":30.0},{"not_picked":["Underhanded Strike","Phantasmal Killer","Backflip"],"picked":"SKIP","floor":31.0}],"player_experience":2222,"relics_obtained":[{"floor":3.0,"key":"Lantern"},{"floor":9.0,"key":"Unceasing Top"},{"floor":11.0,"key":"StoneCalendar"},{"floor":13.0,"key":"Boot"},{"floor":19.0,"key":"Enchiridion"},{"floor":20.0,"key":"Bag of Marbles"},{"floor":26.0,"key":"MawBank"}],"event_choices":[{"damage_healed":0.0,"max_hp_gain":0.0,"max_hp_loss":5.0,"gold_gain":0.0,"event_name":"Golden Idol","player_choice":"Lose Max HP","floor":5.0,"gold_loss":0.0,"damage_taken":0.0,"relics_obtained":["Golden Idol"]},{"cards_removed":["Strike_G"],"damage_healed":0.0,"max_hp_gain":0.0,"max_hp_loss":0.0,"gold_gain":0.0,"event_name":"The Cleric","player_choice":"Card Removal","floor":10.0,"gold_loss":50.0,"damage_taken":0.0},{"cards_removed":["Strike_G"],"damage_healed":0.0,"max_hp_gain":0.0,"max_hp_loss":0.0,"gold_gain":0.0,"event_name":"Purifier","player_choice":"Purged","floor":12.0,"gold_loss":0.0,"damage_taken":0.0},{"damage_healed":0.0,"max_hp_gain":0.0,"max_hp_loss":0.0,"gold_gain":0.0,"event_name":"Cursed Tome","player_choice":"Obtained Book","floor":19.0,"gold_loss":0.0,"damage_taken":16.0},{"damage_healed":0.0,"max_hp_gain":0.0,"max_hp_loss":0.0,"gold_gain":275.0,"event_name":"Golden Shrine","player_choice":"Desecrate","floor":25.0,"gold_loss":0.0,"damage_taken":0.0,"cards_obtained":["Regret"]}],"is_beta":false,"boss_relics":[{"not_picked":["Runic Dome","HoveringKite"],"picked":"Snecko Eye"}],"items_purged_floors":[24],"is_endless":false,"potions_floor_spawned":[1,14,16,29,30,31],"killed_by":"Collector","ascension_level":0}}