{"host":"wby4rs3xnry3zy6c","time":1610251260,"event":{"mods":["AchievementEnabler","BaseMod","BetterRewards","Colored Map","Colored Powertips","Downfall","Hubris","Infinite Spire","Minty Spire (QoL Compilation)","Replay The Spire","Shop Mod","StSLib","The Cursed","The Necromancer"],"gold_per_floor":[111,111,111,121,121,121,136,136,136,16,16,41,1,22,22,141,141,165,165,165,189,89,102,102,122,122,146,146,169,208,221,221,351,351,390,390,390,438,486,486,537,585,660,660,660,660,716,786,786,786],"floor_reached":51,"playtime":3113,"items_purged":["Strike_R","hubris:Gluttony","Languid"],"score":888,"play_id":"64f7dab4-53fc-440d-9ea6-b38e73c03524","local_time":"20210109220100","is_ascension_mode":false,"campfire_choices":[{"data":"Ghostly Armor","floor":6,"key":"SMITH"},{"data":"hubris:ReadiedAction","floor":8,"key":"SMITH"},{"data":"Armaments","floor":15,"key":"SMITH"},{"data":"ReplayTheSpireMod:Book of Names","floor":24,"key":"SMITH"},{"data":"hubris:Fate","floor":28,"key":"SMITH"},{"data":"Reckless Charge","floor":32,"key":"SMITH"},{"data":"Fire Breathing","floor":40,"key":"SMITH"},{"floor":44,"key":"REST"},{"data":"Anger","floor":46,"key":"SMITH"}],"circlet_count":0,"master_deck":["Strike_R","Strike_R","Strike_R","Defend_R","Defend_R","Defend_R","Defend_R","Bash","Ghostly Armor+1","Metallicize+1","hubris:ReadiedAction+1","Armaments+1","Anger+1","Fire Breathing+1","Reckless Charge+1","ReplayTheSpireMod:Book of Names+1","hubris:Fate+1","Anger","CurseOfTheBell","Anger","Parasite","Fire Breathing+1","Parasite"],"relics":["Burning Blood","Eternal Feather","hubris:Spice","Golden Idol","Replay:Grab Bag","Busted Crown","Sozu","Black Star","hubris:SlimyHat","Durian","Calling Bell","Dream Catcher","infinitespire:FocusingShard","infinitespire:EvilPickle","hubris:Towel","ReplayTheSpireMod:TigerMarble","hubris:Icosahedron"],"acts_visited":["Exordium","TheCity","TheBeyond"],"potions_floor_usage":[],"damage_taken":[{"damage":2,"enemies":"Small Slimes","floor":1,"turns":6},{"damage":0,"enemies":"Jaw Worm","floor":4,"turns":8},{"damage":7,"enemies":"2 Louse","floor":7,"turns":4},{"damage":1,"enemies":"Exordium Wildlife","floor":12,"turns":5},{"damage":9,"enemies":"Lots of Slimes","floor":14,"turns":7},{"damage":45,"enemies":"The Guardian","floor":16,"turns":12},{"damage":1,"enemies":"Spheric Guardian","floor":18,"turns":6},{"damage":0,"enemies":"Shell Parasite","floor":21,"turns":4},{"damage":0,"enemies":"Shelled Parasite and Fungi","floor":23,"turns":1},{"damage":0,"enemies":"Snecko","floor":25,"turns":3},{"damage":0,"enemies":"3 Cultists","floor":27,"turns":1},{"damage":0,"enemies":"Centurion and Healer","floor":29,"turns":1},{"damage":36,"enemies":"Slavers","floor":30,"turns":3},{"damage":0,"enemies":"Cultist and Chosen","floor":31,"turns":5},{"damage":22,"enemies":"Pondfish","floor":33,"turns":7},{"damage":2,"enemies":"3 Shapes","floor":35,"turns":4},{"damage":34,"enemies":"3 Darklings","floor":38,"turns":6},{"damage":9,"enemies":"Transient","floor":39,"turns":5},{"damage":25,"enemies":"Writhing Mass","floor":41,"turns":8},{"damage":39,"enemies":"Spire Growth","floor":42,"turns":4},{"damage":8,"enemies":"3 Darklings","floor":47,"turns":4},{"damage":1,"enemies":"Writhing Mass","floor":48,"turns":6},{"damage":42,"enemies":"infinitespire:MassOfShapes","floor":50,"turns":9}],"seed_played":"4513264259632552588","potions_obtained":[{"floor":1,"key":"SpeedPotion"},{"floor":12,"key":"Elixir"},{"floor":16,"key":"SmokeBomb"}],"is_trial":false,"path_per_floor":["M","?","T","M","?","R","M","R","T","$","?","M","$","M","R","B",null,"M","?","AVR","M","$","M","R","M","T","M","R","M","E","M","R","B",null,"M","?","?","M","M","R","M","M","T","R","AVR","R","M","M","R_BF","B",null],"character_chosen":"IRONCLAD","items_purchased":["Armaments","Fire Breathing"],"campfire_rested":1,"item_purchase_floors":[10,13],"current_hp_per_floor":[80,80,80,80,80,80,79,80,88,88,66,71,71,68,74,35,88,88,88,88,88,88,88,88,88,88,88,88,88,71,77,86,70,93,93,88,88,60,57,69,50,17,17,54,54,66,64,69,81,45],"gold":786,"neow_bonus":"TRANSFORM_CARD","is_daily":false,"chose_seed":false,"campfire_upgraded":8,"win_rate":0.0,"timestamp":1610251260,"path_taken":["M","?","?","M","?","R","?","R","T","?","?","M","$","M","R","BOSS","M","?","AVR","M","$","M","R","M","T","M","R","M","E","M","R","BOSS","M","?","?","M","M","R","M","M","T","R","AVR","R","M","M","R_BF","BOSS"],"items_purchased_type":["Card","Card"],"build_version":"2020-12-22","purchased_purges":3,"victory":true,"max_hp_per_floor":[80,80,80,80,80,80,80,80,88,88,88,88,88,88,88,88,88,88,88,88,88,88,88,88,88,88,88,88,88,101,101,101,101,93,93,93,93,93,93,93,93,93,85,85,85,85,85,85,85,85],"card_choices":[{"not_picked":["Clothesline","Pommel Strike"],"picked":"Metallicize","floor":1},{"not_picked":["Reckless Charge","Wild Strike","Blood for Blood"],"picked":"SKIP","floor":4},{"not_picked":["Havoc","Headbutt"],"picked":"hubris:ReadiedAction","floor":7},{"not_picked":["Perfected Strike","Sword Boomerang"],"picked":"Anger","floor":12},{"not_picked":["Havoc","Body Slam","Replay:Many Hands"],"picked":"SKIP","floor":14},{"not_picked":[],"picked":"Reckless Charge","floor":18},{"not_picked":["ReplayTheSpireMod:Haul","infinitespire:Collect"],"picked":"ReplayTheSpireMod:Book of Names","floor":19},{"not_picked":["Massacre"],"picked":"SKIP","floor":21},{"not_picked":["Havoc+1"],"picked":"SKIP","floor":23},{"not_picked":["Body Slam"],"picked":"SKIP","floor":25},{"not_picked":["Clash"],"picked":"SKIP","floor":27},{"not_picked":[],"picked":"Anger","floor":29},{"not_picked":["ReplayTheSpireMod:Strike From Hell"],"picked":"SKIP","floor":30},{"not_picked":["Clothesline+1"],"picked":"SKIP","floor":31},{"not_picked":["Pommel Strike"],"picked":"SKIP","floor":35},{"not_picked":["hubris:ReadiedAction+1"],"picked":"SKIP","floor":38},{"not_picked":[],"picked":"Anger","floor":39},{"not_picked":[],"picked":"Fire Breathing+1","floor":41},{"not_picked":["Sentinel"],"picked":"SKIP","floor":42},{"not_picked":["Flame Barrier+1"],"picked":"SKIP","floor":47},{"not_picked":["Carnage"],"picked":"SKIP","floor":48}],"player_experience":106836,"relics_obtained":[{"floor":3,"key":"Eternal Feather"},{"floor":9,"key":"hubris:Spice"},{"floor":26,"key":"hubris:SlimyHat"},{"floor":30,"key":"Durian"},{"floor":30,"key":"hubris:Spice"},{"floor":34,"key":"Dream Catcher"},{"floor":34,"key":"infinitespire:FocusingShard"},{"floor":34,"key":"hubris:Spice"},{"floor":43,"key":"hubris:Spice"}],"event_choices":[{"damage_healed":0,"gold_gain":0,"player_choice":"Ignored","damage_taken":0,"max_hp_gain":0,"max_hp_loss":0,"event_name":"Liars Game","floor":2,"gold_loss":0},{"damage_healed":0,"gold_gain":0,"player_choice":"Grow","damage_taken":0,"max_hp_gain":0,"max_hp_loss":0,"event_name":"Living Wall","floor":5,"gold_loss":0,"cards_upgraded":["Metallicize"]},{"damage_healed":0,"gold_gain":0,"player_choice":"Take Damage","damage_taken":22,"relics_obtained":["Golden Idol"],"max_hp_gain":0,"max_hp_loss":0,"event_name":"Golden Idol","floor":11,"gold_loss":0},{"damage_healed":0,"gold_gain":0,"player_choice":"Memory 2","damage_taken":5,"max_hp_gain":0,"max_hp_loss":0,"event_name":"SensoryStone","floor":36,"gold_loss":0}],"is_beta":false,"boss_relics":[{"not_picked":["hubris:Spice","Replay:Wanted Poster"],"picked":"Replay:Grab Bag"},{"not_picked":["Ectoplasm","hubris:RunicObelisk"],"picked":"Busted Crown"},{"not_picked":["Velvet Choker","hubris:CrackedHourglass"],"picked":"Sozu"},{"not_picked":["Astrolabe","infinitespire:Burning Sword"],"picked":"Black Star"},{"not_picked":["hubris:Spice","Cursed Key"],"picked":"Calling Bell"}],"items_purged_floors":[10,20,22],"is_endless":false,"potions_floor_spawned":[1,12,16,21,27,29,31,33,41,42],"ascension_level":0}}