{"host":"ha6p5pdchuduffeg","time":1610261365,"event":{"mods":["Act Like it!","BaseMod","Gensokyo","KinomotoSakuraMod(ƒæ÷Æ±æ”£)","Koishi","Marisa£®ÏF”Í°°ƒß¿Ì…≥£©","Minty Spire (QoL Compilation)","Reimu£®≤©¿ˆ¡È√Œ£©","Remilia£®¿Ÿ√◊¿Ú—«£©","Replay The Spire","StSLib","The Servant 0.9.4","Youmu£®ªÍ∆«—˝√Œ£©"],"gold_per_floor":[117,131,131,131,154,198,198,198,273,273,296,471,471,73,73,196,196,235,265,298,223,69,69,69,69,69,96,96,121,61,61,61,172,172,197,197,203,203,203,228,243,288,288,288,320,339,395,417,417,425],"floor_reached":51,"playtime":2595,"items_purged":["Regret","Doubt"],"score":961,"play_id":"500ccf31-49dc-476d-880a-b828e55dc0be","local_time":"20210110144925","is_ascension_mode":true,"campfire_choices":[{"floor":7.0,"key":"REST"},{"floor":10.0,"key":"REST"},{"data":"FlawlessForm","floor":13.0,"key":"SMITH"},{"floor":15.0,"key":"REST"},{"data":"PendulumOfEternity","floor":23.0,"key":"SMITH"},{"floor":32.0,"key":"DIG"},{"data":"SilverBlades","floor":44.0,"key":"SMITH"},{"floor":49,"key":"REST"}],"circlet_count":1,"master_deck":["Strike_S","Strike_S","Strike_S","Strike_S","Defend_S+1","Defend_S+1","Defend_S+1","Defend_S","KidneyShot+1","Exchange","ShatteredReality","Rearm","Injury","Barrier+1","FlawlessForm+1","SilverBlades+1","PendulumOfEternity+1","ReplayTheSpireMod:Doomed","Languid","Barrier+1","FanOfKnives+1","Duplication+1","ShiftingGears+1","Madness","Madness","LightFlow+1","SurpressingFire+1","DualDimension+1"],"relics":["Uniform","NeowsBlessing","Bloody Idol","Gremlin Food","Replay:WaspNest","Garlic","Iron Hammer","Replay:Ancient Bell","Replay:Bandana","AntiCross","Torii","Bronze Scales","Molten Egg 2","Black Star","CaptainsWheel","KneeBrace","War Paint","StoneCalendar","ReplayTheSpireMod:Ninjato","Circlet","Bottled Lightning","Pondfish Scales","PureWhite:ReiMu"],"acts_visited":["Exordium","TheCity","TheBeyond"],"potions_floor_usage":[50],"damage_taken":[{"damage":0.0,"enemies":"Jaw Worm","floor":1.0,"turns":1.0},{"damage":0.0,"enemies":"Small Slimes","floor":2.0,"turns":1.0},{"damage":0.0,"enemies":"Cultist","floor":5.0,"turns":1.0},{"damage":49.0,"enemies":"Lagavulin","floor":6.0,"turns":14.0},{"damage":5.0,"enemies":"Looter","floor":11.0,"turns":4.0},{"damage":5.0,"enemies":"The Guardian","floor":16.0,"turns":17.0},{"damage":0.0,"enemies":"3 Byrds","floor":18.0,"turns":6.0},{"damage":6.0,"enemies":"Shell Parasite","floor":19.0,"turns":4.0},{"damage":8.0,"enemies":"Centurion and Healer","floor":20.0,"turns":6.0},{"damage":0.0,"enemies":"Chosen and Byrds","floor":27.0,"turns":5.0},{"damage":0.0,"enemies":"Sentry and Sphere","floor":29.0,"turns":5.0},{"damage":0.0,"enemies":"Champ","floor":33.0,"turns":9.0},{"damage":0.0,"enemies":"3 Darklings","floor":35.0,"turns":4.0},{"damage":0.0,"enemies":"Orb Walker","floor":37.0,"turns":5.0},{"damage":0.0,"enemies":"R_Hoarder","floor":40.0,"turns":9.0},{"damage":7.0,"enemies":"4 Shapes","floor":41.0,"turns":5.0},{"damage":0.0,"enemies":"Nemesis","floor":42.0,"turns":5.0},{"damage":19,"enemies":"R_Hoarder","floor":45,"turns":9},{"damage":0,"enemies":"Sphere and 2 Shapes","floor":46,"turns":3},{"damage":47,"enemies":"2 Orb Walkers","floor":47,"turns":6},{"damage":21,"enemies":"Spire Growth","floor":48,"turns":5},{"damage":10,"enemies":"Time Eater","floor":50,"turns":13}],"seed_played":"-2781539436108731309","potions_obtained":[{"floor":1.0,"key":"Languid Potion"},{"floor":6.0,"key":"FairyPotion"},{"floor":11.0,"key":"Swift Potion"},{"floor":20.0,"key":"AttackPotion"},{"floor":27.0,"key":"Strength Potion"},{"floor":40.0,"key":"Death Potion"},{"floor":42.0,"key":"Ancient Potion"},{"floor":47,"key":"FairyPotion"}],"is_trial":false,"path_per_floor":["M","M","?","?","M","E","R","?","T","R","M","?","R","$","R","B",null,"M","M","M","?","$","R","$","?","T","M","?","M","?","$","R","B",null,"M","?","M","?","?","E","M","E","T","R","E","M","?","M","R","B",null],"character_chosen":"THE_SERVANT","items_purchased":["Iron Hammer","SilverBlades","Barrier+1"],"campfire_rested":4,"item_purchase_floors":[14,14,22],"current_hp_per_floor":[65,65,65,65,65,16,35,35,35,54,49,49,49,49,65,60,65,65,59,51,51,51,51,51,51,51,51,51,56,56,56,56,61,65,65,65,65,57,57,62,60,65,65,65,51,65,23,7,26,16],"gold":425,"neow_bonus":"THREE_ENEMY_KILL","is_daily":false,"chose_seed":false,"campfire_upgraded":3,"win_rate":0.0,"timestamp":1610261365,"path_taken":["M","M","?","?","M","E","R","?","T","R","?","?","R","$","R","BOSS","M","M","M","?","$","R","$","?","T","?","?","M","?","?","R","BOSS","M","?","M","?","?","E","M","E","T","R","E","M","?","M","R","BOSS"],"items_purchased_type":["Relic","Card","Card"],"build_version":"2020-12-22","purchased_purges":2,"victory":true,"max_hp_per_floor":[65,65,65,65,65,65,65,65,65,65,65,65,65,65,65,65,65,65,65,65,65,65,65,65,65,65,65,65,65,65,65,65,65,65,65,65,65,65,65,65,65,65,65,65,65,65,65,65,65,65],"card_choices":[{"not_picked":["SurpressingFire","Rewind"],"picked":"ShatteredReality","floor":1.0},{"not_picked":["Spin","Replace"],"picked":"Rearm","floor":2.0},{"not_picked":["Rearm","DoubleEdge"],"picked":"Barrier","floor":5.0},{"not_picked":["TrueSight","ShatteredReality","TimeWarp"],"picked":"SKIP","floor":6.0},{"not_picked":["Rearm","Revamp","Starlight"],"picked":"SKIP","floor":11.0},{"not_picked":["FlawlessForm","Sunlight"],"picked":"PendulumOfEternity","floor":16.0},{"not_picked":["Shame","Doubt"],"picked":"ReplayTheSpireMod:Doomed","floor":17.0},{"not_picked":["ReplayTheSpireMod:Restless Dread","Writhe"],"picked":"Languid","floor":17.0},{"not_picked":["Envy_TH","Overencumbered"],"picked":"Spreading Infection","floor":17.0},{"not_picked":["WasteNot","Rewind","Sabotage"],"picked":"SKIP","floor":18.0},{"not_picked":["Potential","Rearm+1","Rewind+1"],"picked":"SKIP","floor":19.0},{"not_picked":["Unruled","Misdirection","Starlight"],"picked":"SKIP","floor":20.0},{"not_picked":["Revamp","InstantArmor+1"],"picked":"FanOfKnives+1","floor":27.0},{"not_picked":["Moondial+1","Revamp","Replace"],"picked":"SKIP","floor":29.0},{"not_picked":["FloweringNight","PendulumOfEternity+1"],"picked":"Duplication","floor":33.0},{"not_picked":["Alleviate+1","Unruled+1","BottledTime"],"picked":"SKIP","floor":35.0},{"not_picked":["Rewind","Starlight+1"],"picked":"ShiftingGears+1","floor":37.0},{"not_picked":["Dilation","Advance+1","Alleviate+1"],"picked":"SKIP","floor":40.0},{"not_picked":["Spin+1","FastForward","Potential+1"],"picked":"SKIP","floor":41.0},{"not_picked":["Gouge+1","BottledTime"],"picked":"LightFlow+1","floor":42.0},{"not_picked":["GearUp","Rearm"],"picked":"SurpressingFire+1","floor":45},{"not_picked":["ShatteredReality+1","Defy"],"picked":"DualDimension+1","floor":46},{"not_picked":["InstantArmor+1","ShatteredReality+1","ShiftingGears+1"],"picked":"SKIP","floor":48}],"player_experience":46895,"relics_obtained":[{"floor":6.0,"key":"Replay:WaspNest"},{"floor":9.0,"key":"Garlic"},{"floor":26.0,"key":"Molten Egg 2"},{"floor":32.0,"key":"Dead Branch"},{"floor":40.0,"key":"CaptainsWheel"},{"floor":40.0,"key":"KneeBrace"},{"floor":42.0,"key":"War Paint"},{"floor":42.0,"key":"StoneCalendar"},{"floor":43.0,"key":"ReplayTheSpireMod:Ninjato"},{"floor":45,"key":"Bottled Lightning"},{"floor":45,"key":"Pondfish Scales"},{"floor":47,"key":"PureWhite:ReiMu"}],"event_choices":[{"damage_healed":0.0,"max_hp_gain":0.0,"max_hp_loss":0.0,"gold_gain":0.0,"event_name":"Golden Idol","player_choice":"Take Wound","floor":3.0,"gold_loss":0.0,"damage_taken":0.0,"relics_obtained":["Golden Idol"],"cards_obtained":["Injury"]},{"damage_healed":0.0,"max_hp_gain":0.0,"max_hp_loss":0.0,"gold_gain":0.0,"event_name":"Big Fish","player_choice":"Box","floor":4.0,"gold_loss":0.0,"damage_taken":0.0,"relics_obtained":["Gremlin Food"],"cards_obtained":["Regret"]},{"damage_healed":0.0,"max_hp_gain":0.0,"max_hp_loss":0.0,"gold_gain":0.0,"event_name":"Match and Keep!","player_choice":"1 cards matched","floor":8.0,"gold_loss":0.0,"damage_taken":0.0,"cards_obtained":["FlawlessForm"]},{"damage_healed":0.0,"max_hp_gain":0.0,"max_hp_loss":0.0,"gold_gain":175.0,"event_name":"Liars Game","player_choice":"AGREE","floor":12.0,"gold_loss":0.0,"damage_taken":0.0,"cards_obtained":["Doubt"]},{"cards_removed":["Spreading Infection"],"damage_healed":0.0,"max_hp_gain":0.0,"max_hp_loss":0.0,"gold_gain":0.0,"event_name":"Beggar","player_choice":"Gave Gold","floor":21.0,"gold_loss":75.0,"damage_taken":0.0},{"damage_healed":0.0,"max_hp_gain":0.0,"max_hp_loss":0.0,"gold_gain":0.0,"event_name":"WeMeetAgain","player_choice":"Gave Potion","floor":25.0,"gold_loss":0.0,"damage_taken":0.0,"relics_obtained":["Bronze Scales"]},{"damage_healed":0.0,"max_hp_gain":0.0,"max_hp_loss":0.0,"gold_gain":0.0,"event_name":"Forgotten Altar","player_choice":"Gave Idol","floor":28.0,"relics_lost":["Golden Idol"],"gold_loss":0.0,"damage_taken":0.0,"relics_obtained":["Bloody Idol"]},{"damage_healed":0.0,"max_hp_gain":0.0,"max_hp_loss":0.0,"gold_gain":0.0,"event_name":"SensoryStone","player_choice":"Memory 1","floor":36.0,"gold_loss":0.0,"damage_taken":0.0},{"damage_healed":0.0,"max_hp_gain":0.0,"max_hp_loss":0.0,"gold_gain":0.0,"event_name":"Winding Halls","player_choice":"Embrace Madness","floor":38.0,"gold_loss":0.0,"damage_taken":8.0,"cards_obtained":["Madness","Madness"]},{"damage_healed":0.0,"max_hp_gain":0.0,"max_hp_loss":0.0,"gold_gain":0.0,"event_name":"Tomb of Lord Red Mask","player_choice":"Ignored","floor":39.0,"gold_loss":0.0,"damage_taken":0.0},{"damage_healed":0,"gold_gain":0,"player_choice":"Fight","damage_taken":0,"max_hp_gain":0,"max_hp_loss":0,"event_name":"Mysterious Sphere","floor":47,"gold_loss":0}],"is_beta":false,"boss_relics":[{"not_picked":["StoneMask","SlaversCollar"],"picked":"Replay:Ancient Bell"},{"not_picked":["Pet Ghost","RuthlessExorcism:ReiMu"],"picked":"Replay:Bandana"},{"not_picked":["Letter Opener","Shuriken"],"picked":"AntiCross"},{"not_picked":["PocketWatch","WingedGreaves"],"picked":"Torii"},{"not_picked":["Sozu","Abe\u0027s Treasure"],"picked":"Black Star"}],"items_purged_floors":[14,22],"is_endless":false,"potions_floor_spawned":[1,6,11,20,27,29,33,40,42,46,47,48],"ascension_level":2}}