{"host":"ukx402utdi8v8522","time":1610245316,"event":{"mods":["AchievementEnabler","BaseMod","Colored Map","Downfall","Minty Spire (QoL Compilation)","StSLib"],"gold_per_floor":[99,118,218,232,232,261,261,261,186,361,389,402,434,454,473,572,572,572,588,159,174,191,216,216,216,248,173,202,213,213,213,231,333,333,333,347,365,382,431,431,456,381,414,425,92,92,125,10,26,26],"floor_reached":51,"playtime":2854,"items_purged":["Slimebound:Strike_Slimebound","Slimebound:Defend_Slimebound"],"score":951,"play_id":"baf86437-fd19-4a3a-9dbd-c37a5a84eee2","local_time":"20210110132156","is_ascension_mode":true,"campfire_choices":[{"data":"Slimebound:Split","floor":1,"key":"SMITH"},{"floor":9,"key":"REST"},{"floor":18,"key":"RECALL"},{"data":"Slimebound:OneTwoCombo","floor":27,"key":"SMITH"},{"data":"Slimebound:Teamwork","floor":30,"key":"SMITH"},{"data":"Slimebound:LeadByExample","floor":35,"key":"SMITH"},{"data":"Slimebound:DivideAndConquer","floor":40,"key":"SMITH"},{"data":"Transmutation","floor":42,"key":"SMITH"},{"data":"Slimebound:SlimeBarrage","floor":46,"key":"SMITH"}],"circlet_count":0,"master_deck":["Slimebound:Tackle","Slimebound:Defend_Slimebound","Slimebound:Defend_Slimebound","Slimebound:Defend_Slimebound","Slimebound:Split+1","Slimebound:CorrosiveSpit","Slimebound:SplitLeeching","Slimebound:RejuvenatingLick","Slimebound:SplitSpecialist+1","Doubt","Slimebound:SplitBruiser","Slimebound:Teamwork+1","Slimebound:LeadByExample+1","Slimebound:OneTwoCombo+1","Slimebound:PressTheAttack","Transmutation+1","Slimebound:SplitBruiser","Bite","Bite","Bite","Bite","Bite","Slimebound:SplitLeeching","Slimebound:ProtectTheBoss+1","Slimebound:ServeAndProtect","Slimebound:MassRepurpose","Slimebound:DivideAndConquer+1","Slimebound:SlimeBarrage+1","Slimebound:SplitSpecialist","Slimebound:SplitLeeching"],"relics":["Slimebound:AbsorbEndCombat","Kunai","Anchor","Meat on the Bone","downfall:HeartBlessingGreen","Bird Faced Urn","Calipers","SlaversCollar","Art of War","Bag of Marbles","White Beast Statue","Ancient Tea Set","downfall:HeartBlessingRed","Red Mask","Slimebound:TarBlob","Unceasing Top","downfall:HeartBlessingBlue","Lantern","Ornamental Fan"],"acts_visited":["Exordium","TheCity","TheBeyond"],"potions_floor_usage":[6,16,16,20,22,26,43,47,49,50],"damage_taken":[{"damage":13,"enemies":"Jaw Worm","floor":2,"turns":3},{"damage":12,"enemies":"Small Slimes","floor":4,"turns":3},{"damage":63,"enemies":"3 Sentries","floor":6,"turns":10},{"damage":26,"enemies":"Gremlin Nob","floor":11,"turns":4},{"damage":19,"enemies":"2 Louse","floor":12,"turns":3},{"damage":26,"enemies":"Lagavulin","floor":13,"turns":6},{"damage":26,"enemies":"Large Slime","floor":14,"turns":4},{"damage":15,"enemies":"2 Fungi Beasts","floor":15,"turns":3},{"damage":64,"enemies":"downfall:Ironclad","floor":16,"turns":10},{"damage":32,"enemies":"3 Byrds","floor":19,"turns":5},{"damage":20,"enemies":"downfall:FleeingMerchant","floor":20,"turns":4},{"damage":31,"enemies":"3 Cultists","floor":21,"turns":4},{"damage":37,"enemies":"Snake Plant","floor":22,"turns":4},{"damage":60,"enemies":"Slavers","floor":23,"turns":4},{"damage":49,"enemies":"Book of Stabbing","floor":26,"turns":5},{"damage":12,"enemies":"Masked Bandits","floor":28,"turns":2},{"damage":24,"enemies":"Cultist and Chosen","floor":29,"turns":4},{"damage":20,"enemies":"3 Cultists","floor":32,"turns":4},{"damage":45,"enemies":"downfall:Watcher","floor":33,"turns":10},{"damage":12,"enemies":"3 Shapes","floor":36,"turns":2},{"damage":53,"enemies":"3 Darklings","floor":37,"turns":6},{"damage":56,"enemies":"4 Shapes","floor":38,"turns":5},{"damage":75,"enemies":"2 Orb Walkers","floor":39,"turns":4},{"damage":48,"enemies":"Reptomancer","floor":43,"turns":5},{"damage":60,"enemies":"Maw","floor":44,"turns":7},{"damage":42,"enemies":"Giant Head","floor":47,"turns":6},{"damage":30,"enemies":"downfall:FleeingMerchant","floor":48,"turns":4},{"damage":35,"enemies":"3 Darklings","floor":49,"turns":4},{"damage":80,"enemies":"downfall:Silent","floor":50,"turns":8}],"seed_played":"2949135460915641543","potions_obtained":[{"floor":4,"key":"DistilledChaos"},{"floor":13,"key":"PowerPotion"},{"floor":14,"key":"Swift Potion"},{"floor":15,"key":"Energy Potion"},{"floor":19,"key":"LiquidBronze"},{"floor":22,"key":"SneckoOil"},{"floor":26,"key":"FairyPotion"},{"floor":28,"key":"Ancient Potion"},{"floor":29,"key":"FairyPotion"},{"floor":32,"key":"Swift Potion"},{"floor":39,"key":"CultistPotion"},{"floor":43,"key":"DistilledChaos"},{"floor":44,"key":"Block Potion"},{"floor":47,"key":"FearPotion"},{"floor":49,"key":"Fire Potion"}],"is_trial":false,"path_per_floor":["R","M","?","M","T","E","T","?","R","?","E","M","E","M","M","B",null,"R","M","$","M","M","E","T","?","E","R","?","M","R","?","M","B",null,"R","M","M","M","?","R","T","R","E","M","?","R","E","$","M","B",null],"character_chosen":"SLIMEBOUND","items_purchased":["Art of War","Transmutation"],"campfire_rested":1,"item_purchase_floors":[20,20],"current_hp_per_floor":[60,57,57,60,60,17,17,17,35,35,35,46,46,48,51,39,60,60,52,58,47,48,30,30,30,31,31,49,56,56,46,60,61,65,65,65,65,57,59,59,59,69,71,69,84,84,84,84,82,84],"gold":26,"neow_bonus":"RANDOM_COMMON_RELIC","is_daily":false,"chose_seed":false,"campfire_upgraded":7,"win_rate":0.0,"timestamp":1610245316,"path_taken":["R","M","?","M","?","E","T","?","R","?","E","M","E","M","M","BOSS","R","M","$","M","M","E","T","?","E","R","?","M","R","?","M","BOSS","R","M","M","M","?","R","T","R","E","M","?","R","E","?","M","BOSS"],"items_purchased_type":["Relic","Card"],"build_version":"2020-12-22","purchased_purges":2,"victory":true,"max_hp_per_floor":[60,60,60,60,60,60,60,60,60,60,60,60,60,60,60,60,60,60,60,60,60,60,60,60,60,60,60,60,60,60,65,65,65,65,65,65,65,65,65,65,65,75,75,75,84,84,84,84,84,84],"card_choices":[{"not_picked":["Slimebound:LeechingTouch","Slimebound:GoopSpray"],"picked":"Slimebound:SplitLeeching","floor":2},{"not_picked":["Slimebound:LeechEnergy","Slimebound:LeechingTouch"],"picked":"Slimebound:RejuvenatingLick","floor":4},{"not_picked":["Slimebound:TongueLash","Slimebound:Schlurp"],"picked":"Slimebound:SplitSpecialist","floor":6},{"not_picked":["Slimebound:LeechingTouch","Slimebound:ServeAndProtect"],"picked":"Slimebound:SplitBruiser","floor":11},{"not_picked":["Slimebound:HauntingLick","Slimebound:Nibble"],"picked":"Slimebound:Teamwork","floor":12},{"not_picked":["Slimebound:GrowthPunch","Slimebound:DouseInSlime"],"picked":"Slimebound:LeadByExample","floor":13},{"not_picked":["Slimebound:RollThrough","Slimebound:LeechEnergy","Slimebound:SplitAcid"],"picked":"SKIP","floor":14},{"not_picked":["Slimebound:ProtectTheBoss","Slimebound:LeechEnergy","Slimebound:GoopSpray"],"picked":"SKIP","floor":15},{"not_picked":["Slimebound:MassFeed","Slimebound:PrepareCrush"],"picked":"Slimebound:OneTwoCombo","floor":16},{"not_picked":["Slimebound:Gluttony","Slimebound:HungryTackle","Slimebound:RainOfGoop"],"picked":"SKIP","floor":19},{"not_picked":["Slimebound:LeechEnergy","Slimebound:RainOfGoop"],"picked":"Slimebound:PressTheAttack","floor":20},{"not_picked":["Slimebound:FirmFortitude","Slimebound:SlimeSpikes"],"picked":"Slimebound:SplitBruiser","floor":21},{"not_picked":["Slimebound:ItLooksTasty","Slimebound:SlimeSpikes","Slimebound:PressTheAttack"],"picked":"SKIP","floor":22},{"not_picked":["Slimebound:ForwardTackle+1","Slimebound:Nibble","Slimebound:LeechingTouch"],"picked":"SKIP","floor":23},{"not_picked":["Slimebound:WasteNot","Slimebound:Gluttony","Slimebound:Schlurp"],"picked":"SKIP","floor":26},{"not_picked":["Slimebound:SamplingLick","Slimebound:ViciousTackle"],"picked":"Slimebound:SplitLeeching","floor":28},{"not_picked":["Slimebound:RainOfGoop","Slimebound:PressTheAttack"],"picked":"Slimebound:ProtectTheBoss+1","floor":29},{"not_picked":["Slimebound:DisruptingSlam","Slimebound:GoopSpray+1"],"picked":"Slimebound:ServeAndProtect","floor":32},{"not_picked":["Slimebound:PrepareCrush","Slimebound:Teamwork"],"picked":"Slimebound:MassRepurpose","floor":33},{"not_picked":["Slimebound:ViciousTackle","Slimebound:SlimeTap+1","Slimebound:RejuvenatingLick+1"],"picked":"SKIP","floor":36},{"not_picked":["Slimebound:GrowthPunch","Slimebound:SplitBruiser+1","Slimebound:GoopSpray+1"],"picked":"SKIP","floor":37},{"not_picked":["Slimebound:LeechEnergy+1","Slimebound:SplitLeeching","Slimebound:ServeAndProtect"],"picked":"SKIP","floor":38},{"not_picked":["Slimebound:PressTheAttack","Slimebound:SplitBruiser"],"picked":"Slimebound:DivideAndConquer","floor":39},{"not_picked":["Slimebound:FirmFortitude","Slimebound:Recycling","Slimebound:Schlurp"],"picked":"SKIP","floor":43},{"not_picked":["Slimebound:DivideAndConquer","Slimebound:SplitBruiser"],"picked":"Slimebound:SlimeBarrage","floor":44},{"not_picked":["Slimebound:PressTheAttack+1","Slimebound:ViciousTackle+1","Slimebound:Schlurp+1"],"picked":"SKIP","floor":47},{"not_picked":["Slimebound:LeechingTouch+1","Slimebound:FormOfPuddle+1"],"picked":"Slimebound:SplitSpecialist","floor":48},{"not_picked":["Slimebound:LeechingTouch","Slimebound:FirmFortitude"],"picked":"Slimebound:SplitLeeching","floor":49}],"player_experience":516751,"relics_obtained":[{"floor":5,"key":"Kunai"},{"floor":6,"key":"Anchor"},{"floor":7,"key":"Meat on the Bone"},{"floor":11,"key":"Bird Faced Urn"},{"floor":13,"key":"Calipers"},{"floor":23,"key":"Bag of Marbles"},{"floor":24,"key":"White Beast Statue"},{"floor":26,"key":"Ancient Tea Set"},{"floor":28,"key":"Red Mask"},{"floor":39,"key":"Unceasing Top"},{"floor":43,"key":"Lantern"},{"floor":47,"key":"Ornamental Fan"}],"event_choices":[{"damage_healed":0,"gold_gain":0,"player_choice":"Grow","damage_taken":0,"max_hp_gain":0,"max_hp_loss":0,"event_name":"Living Wall","floor":8,"gold_loss":0,"cards_upgraded":["Slimebound:SplitSpecialist"]},{"damage_healed":0,"gold_gain":0,"player_choice":"Became a vampire (Vial)","damage_taken":0,"max_hp_gain":0,"max_hp_loss":0,"event_name":"Vampires","floor":25,"relics_lost":["Blood Vial"],"gold_loss":0,"cards_obtained":["Bite","Bite","Bite","Bite","Bite"]},{"damage_healed":0,"gold_gain":0,"player_choice":"Fought Bandits","damage_taken":0,"max_hp_gain":0,"max_hp_loss":0,"event_name":"Masked Bandits","floor":28,"gold_loss":0},{"damage_healed":0,"gold_gain":0,"player_choice":"Fight","damage_taken":0,"max_hp_gain":0,"max_hp_loss":0,"event_name":"Mysterious Sphere","floor":39,"gold_loss":0}],"is_beta":false,"boss_relics":[{"not_picked":["Runic Dome","Black Star"],"picked":"SlaversCollar"},{"not_picked":["Cursed Key","Empty Cage"],"picked":"Slimebound:TarBlob"}],"items_purged_floors":[20,48],"is_endless":false,"potions_floor_spawned":[4,13,14,15,19,22,26,28,29,32,33,36,37,38,39,43,44,47,48,49],"ascension_level":3}}