{"host":"kwvcf9gzgu4x9g41","time":1610311813,"event":{"mods":["AchievementEnabler","AlwaysNeverKeys","BaseMod","BetterRewards","Block Reminder","Colored Map","Colored Powertips","Custom Start","Highlight Path","Keyboard Shortcuts","Minty Spire (QoL Compilation)","Permanent Neow","Rare Cards Sparkle","Relic Stats","Spicy Shops","StSLib","The Cursed","The Servant 0.9.4"],"gold_per_floor":[110,122,122,122,122,122,122,149,196,222,297,327,175,187,187,283,283,298,298,298,298,223,250,250,281,281,316,316,646,398,431,431,526,526,545,103,103,103,103,132,157,191,191,220,220,270,270,270,270,270],"floor_reached":51,"playtime":1795,"items_purged":["Shame"],"score":1502,"play_id":"64799992-5c46-4aa9-8f3e-da14db35033c","local_time":"20210110145013","daily_mods":["Time Dilation","Flight"],"is_ascension_mode":true,"campfire_choices":[{"data":"Cloak And Dagger","floor":6,"key":"SMITH"},{"data":"Cloak And Dagger","floor":15,"key":"SMITH"},{"data":"J.A.X.","floor":24,"key":"SMITH"},{"floor":28,"key":"REST"},{"floor":32,"key":"REST"},{"floor":45,"key":"REST"},{"floor":47,"key":"REST"},{"floor":49,"key":"REST"}],"circlet_count":0,"master_deck":["Accuracy+1","Accuracy+1","Envenom+1","After Image+1","Accuracy+1","Accuracy+1","Cloak And Dagger+1","Cloak And Dagger+1","Cloak And Dagger+1","J.A.X.+1"],"relics":["Ring of the Snake","Bag of Preparation","Bird Faced Urn","Black Star","Blood Vial","Burning Blood","WristBlade","TwistedFunnel","Snake Skull","The Specimen","Ninja Scroll","White Beast Statue","Toy Ornithopter","SacredBark","Potion Belt","OrangePellets","TungstenRod","MealTicket","Orichalcum","Dream Catcher","Juzu Bracelet","Incense Burner","Singing Bowl","Anchor","Cursed Key","Ice Cream","FossilizedHelix","Lantern","Bag of Marbles","Kunai","Pear","Darkstone Periapt","Old Coin","War Paint","Molten Egg 2","Oddly Smooth Stone","Tough Bandages","Busted Crown","Ancient Tea Set","PreservedInsect","Sling","CeramicFish","Frozen Egg 2","Pen Nib","Question Card","Eternal Feather","Toxic Egg 2","Whetstone","Gambling Chip"],"acts_visited":["Exordium","TheCity","TheBeyond"],"potions_floor_usage":[],"damage_taken":[{"damage":0,"enemies":"Small Slimes","floor":1,"turns":1},{"damage":0,"enemies":"2 Louse","floor":2,"turns":1},{"damage":0,"enemies":"Gremlin Nob","floor":8,"turns":1},{"damage":0,"enemies":"3 Sentries","floor":10,"turns":2},{"damage":0,"enemies":"Gremlin Nob","floor":12,"turns":1},{"damage":0,"enemies":"Cultist","floor":14,"turns":1},{"damage":0,"enemies":"Slime Boss","floor":16,"turns":3},{"damage":0,"enemies":"3 Byrds","floor":18,"turns":2},{"damage":2,"enemies":"Slavers","floor":23,"turns":1},{"damage":0,"enemies":"Book of Stabbing","floor":25,"turns":1},{"damage":0,"enemies":"Slavers","floor":27,"turns":1},{"damage":0,"enemies":"Gremlin Leader","floor":29,"turns":1},{"damage":0,"enemies":"Slavers","floor":31,"turns":1},{"damage":0,"enemies":"Collector","floor":33,"turns":1},{"damage":0,"enemies":"Orb Walker","floor":35,"turns":1},{"damage":0,"enemies":"Giant Head","floor":40,"turns":1},{"damage":0,"enemies":"Reptomancer","floor":41,"turns":1},{"damage":0,"enemies":"Giant Head","floor":42,"turns":1},{"damage":0,"enemies":"Reptomancer","floor":44,"turns":1},{"damage":0,"enemies":"Mind Bloom Boss Battle","floor":46,"turns":1},{"damage":32,"enemies":"Awakened One","floor":50,"turns":4}],"seed_played":"-5841289828753345072","potions_obtained":[{"floor":1,"key":"Dexterity Potion"},{"floor":2,"key":"CunningPotion"},{"floor":8,"key":"ColorlessPotion"},{"floor":10,"key":"GamblersBrew"},{"floor":12,"key":"Explosive Potion"},{"floor":16,"key":"GhostInAJar"},{"floor":18,"key":"EssenceOfSteel"},{"floor":29,"key":"CunningPotion"}],"is_trial":true,"path_per_floor":["M","M","?","$","?","R","?","E","T","E","?","E","$","M","R","B",null,"M","?","T","?","$","E","R","E","T","E","R","E","$","E","R","B",null,"M","$","$","?","?","E","E","E","T","E","R","?","R","?","R","B",null],"character_chosen":"THE_SILENT","items_purchased":["Anchor","Molten Egg 2","Ancient Tea Set","PreservedInsect","Sling"],"campfire_rested":5,"item_purchase_floors":[13,30,36,36,36],"current_hp_per_floor":[70,70,70,70,70,70,70,70,70,70,60,72,72,74,74,76,76,78,78,78,78,78,80,80,82,82,94,96,98,98,100,102,104,104,106,106,106,101,101,103,105,107,107,109,111,113,115,115,117,91],"gold":270,"neow_bonus":"","is_daily":false,"chose_seed":false,"campfire_upgraded":3,"win_rate":0.0,"timestamp":1610311813,"path_taken":["M","M","?","$","?","R","?","E","T","E","?","E","?","M","R","BOSS","M","?","?","?","$","E","R","E","T","E","R","E","$","E","R","BOSS","M","$","$","?","?","E","E","E","T","E","R","?","R","?","R","BOSS"],"items_purchased_type":["Relic","Relic","Relic","Relic","Relic"],"build_version":"2020-12-22","purchased_purges":1,"victory":true,"max_hp_per_floor":[70,70,70,70,70,70,70,70,70,70,70,72,72,74,74,76,76,78,78,78,78,78,80,80,82,82,94,96,98,98,100,102,104,104,106,106,106,101,101,103,105,107,107,109,111,113,115,115,117,117],"relic_stats":{"Darkstone Periapt":0,"Singing Bowl":42,"CeramicFish":0,"Snake Skull":[112],"Bag of Preparation":[0],"Juzu Bracelet":2,"Whetstone":[],"Cursed Key":1,"Burning Blood":10,"Blood Vial":2,"Dream Catcher":5,"Tough Bandages":[9],"Gambling Chip":[3],"MealTicket":0,"Kunai":[12],"Ring of the Snake":[42],"counters":[21,28],"Eternal Feather":0,"PreservedInsect":368,"Pen Nib":[2],"Orichalcum":[6],"War Paint":[],"Question Card":5,"OrangePellets":[0],"Busted Crown":18,"Bird Faced Urn":[6],"Black Star":12,"obtain_stats":[{"TwistedFunnel":0,"Ice Cream":20,"CeramicFish":40,"Whetstone":44,"Sling":36,"Old Coin":29,"Blood Vial":0,"MealTicket":8,"Kunai":25,"Toxic Egg 2":44,"Pear":27,"Oddly Smooth Stone":31,"Eternal Feather":42,"Pen Nib":41,"War Paint":29,"Question Card":42,"OrangePellets":0,"Bird Faced Urn":0,"Molten Egg 2":30,"Black Star":0,"Darkstone Periapt":27,"Lantern":23,"Singing Bowl":12,"SacredBark":0,"Snake Skull":0,"Bag of Preparation":0,"Juzu Bracelet":10,"Incense Burner":12,"Cursed Key":17,"Ancient Tea Set":36,"Burning Blood":0,"Dream Catcher":10,"Tough Bandages":31,"WristBlade":0,"Ninja Scroll":0,"Gambling Chip":46,"Ring of the Snake":0,"Potion Belt":0,"The Specimen":0,"PreservedInsect":36,"Orichalcum":9,"Frozen Egg 2":40,"White Beast Statue":0,"Anchor":13,"Busted Crown":34,"Bag of Marbles":25,"Toy Ornithopter":0,"TungstenRod":8,"FossilizedHelix":23},{"TwistedFunnel":0,"Ice Cream":8,"CeramicFish":16,"Whetstone":19,"Sling":15,"Old Coin":12,"Blood Vial":0,"MealTicket":3,"Kunai":10,"Toxic Egg 2":19,"Pear":11,"Oddly Smooth Stone":13,"Eternal Feather":18,"Pen Nib":17,"War Paint":12,"Question Card":18,"OrangePellets":0,"Bird Faced Urn":0,"Molten Egg 2":12,"Black Star":0,"Darkstone Periapt":11,"Lantern":9,"Singing Bowl":5,"SacredBark":0,"Snake Skull":0,"Bag of Preparation":0,"Juzu Bracelet":4,"Incense Burner":5,"Cursed Key":7,"Ancient Tea Set":15,"Burning Blood":0,"Dream Catcher":4,"Tough Bandages":13,"WristBlade":0,"Ninja Scroll":0,"Gambling Chip":20,"Ring of the Snake":0,"Potion Belt":0,"The Specimen":0,"PreservedInsect":15,"Orichalcum":3,"Frozen Egg 2":16,"White Beast Statue":0,"Anchor":5,"Busted Crown":14,"Bag of Marbles":10,"Toy Ornithopter":0,"TungstenRod":3,"FossilizedHelix":9},{"TwistedFunnel":0,"Ice Cream":12,"CeramicFish":20,"Whetstone":23,"Sling":19,"Old Coin":16,"Blood Vial":0,"MealTicket":3,"Kunai":14,"Toxic Egg 2":23,"Pear":15,"Oddly Smooth Stone":17,"Eternal Feather":22,"Pen Nib":21,"War Paint":16,"Question Card":22,"OrangePellets":0,"Bird Faced Urn":0,"Molten Egg 2":16,"Black Star":0,"Darkstone Periapt":15,"Lantern":13,"Singing Bowl":6,"SacredBark":0,"Snake Skull":0,"Bag of Preparation":0,"Juzu Bracelet":5,"Incense Burner":6,"Cursed Key":10,"Ancient Tea Set":19,"Burning Blood":0,"Dream Catcher":5,"Tough Bandages":17,"WristBlade":0,"Ninja Scroll":0,"Gambling Chip":24,"Ring of the Snake":0,"Potion Belt":0,"The Specimen":0,"PreservedInsect":19,"Orichalcum":3,"Frozen Egg 2":20,"White Beast Statue":0,"Anchor":6,"Busted Crown":18,"Bag of Marbles":14,"Toy Ornithopter":0,"TungstenRod":3,"FossilizedHelix":13}],"Toy Ornithopter":0,"TungstenRod":4},"card_choices":[{"not_picked":["PiercingWail","Skewer","Setup"],"picked":"SKIP","floor":1},{"not_picked":["Flying Knee","PiercingWail","Slice"],"picked":"SKIP","floor":2},{"not_picked":["Bane","Poisoned Stab","Cloak And Dagger"],"picked":"SKIP","floor":8},{"not_picked":["Bane","Backflip","Sucker Punch"],"picked":"SKIP","floor":10},{"not_picked":["Escape Plan","Dodge and Roll","Concentrate"],"picked":"Singing Bowl","floor":12},{"not_picked":["PiercingWail","Slice","Heel Hook"],"picked":"Singing Bowl","floor":14},{"not_picked":["Night Terror","Bullet Time","Tools of the Trade"],"picked":"Singing Bowl","floor":16},{"not_picked":["Tactician","Poisoned Stab+1","Flechettes+1"],"picked":"Singing Bowl","floor":18},{"not_picked":["Bouncing Flask","Cloak And Dagger+1","Bullet Time"],"picked":"Singing Bowl","floor":23},{"not_picked":["Underhanded Strike+1","Backstab","Sucker Punch+1"],"picked":"Singing Bowl","floor":25},{"not_picked":["Cloak And Dagger","Flying Knee","Acrobatics+1"],"picked":"Singing Bowl","floor":27},{"not_picked":["Infinite Blades","Sucker Punch","Dagger Spray+1"],"picked":"Singing Bowl","floor":28},{"not_picked":["Prepared","Tools of the Trade","Sucker Punch+1"],"picked":"Singing Bowl","floor":29},{"not_picked":["Footwork+1","Escape Plan+1","Prepared"],"picked":"Singing Bowl","floor":31},{"not_picked":["Masterful Stab+1","Reflex+1","Flechettes+1"],"picked":"Singing Bowl","floor":32},{"not_picked":["A Thousand Cuts","Die Die Die+1","Malaise"],"picked":"Singing Bowl","floor":33},{"not_picked":["Underhanded Strike+1"],"picked":"Singing Bowl","floor":35},{"not_picked":["Noxious Fumes+1"],"picked":"Singing Bowl","floor":40},{"not_picked":["Dodge and Roll+1"],"picked":"Singing Bowl","floor":41},{"not_picked":["Masterful Stab+1"],"picked":"Singing Bowl","floor":42},{"not_picked":["Acrobatics+1","Cloak And Dagger+1"],"picked":"Singing Bowl","floor":44},{"not_picked":["Concentrate+1","Dagger Throw+1"],"picked":"Singing Bowl","floor":45},{"not_picked":["Backstab+1","Sucker Punch+1"],"picked":"Singing Bowl","floor":46},{"not_picked":["Dagger Throw+1","Choke+1"],"picked":"Singing Bowl","floor":47},{"not_picked":["Caltrops+1","Prepared+1"],"picked":"Singing Bowl","floor":49}],"player_experience":344001,"relics_obtained":[{"floor":8,"key":"TungstenRod"},{"floor":8,"key":"MealTicket"},{"floor":9,"key":"Orichalcum"},{"floor":10,"key":"Dream Catcher"},{"floor":10,"key":"Juzu Bracelet"},{"floor":12,"key":"Incense Burner"},{"floor":12,"key":"Singing Bowl"},{"floor":20,"key":"Ice Cream"},{"floor":23,"key":"FossilizedHelix"},{"floor":23,"key":"Lantern"},{"floor":25,"key":"Bag of Marbles"},{"floor":25,"key":"Kunai"},{"floor":27,"key":"Pear"},{"floor":27,"key":"Darkstone Periapt"},{"floor":29,"key":"Old Coin"},{"floor":29,"key":"War Paint"},{"floor":31,"key":"Oddly Smooth Stone"},{"floor":31,"key":"Tough Bandages"},{"floor":40,"key":"CeramicFish"},{"floor":40,"key":"Frozen Egg 2"},{"floor":41,"key":"Pen Nib"},{"floor":42,"key":"Question Card"},{"floor":42,"key":"Eternal Feather"},{"floor":44,"key":"Toxic Egg 2"},{"floor":44,"key":"Whetstone"},{"floor":46,"key":"Gambling Chip"}],"event_choices":[{"damage_healed":0,"gold_gain":0,"player_choice":"Ignored","damage_taken":0,"max_hp_gain":0,"max_hp_loss":0,"event_name":"Golden Wing","floor":3,"gold_loss":0},{"damage_healed":0,"gold_gain":0,"player_choice":"Ignored","damage_taken":0,"max_hp_gain":0,"max_hp_loss":0,"event_name":"Liars Game","floor":5,"gold_loss":0},{"damage_healed":0,"gold_gain":0,"player_choice":"Grow","damage_taken":0,"max_hp_gain":0,"max_hp_loss":0,"event_name":"Living Wall","floor":7,"gold_loss":0,"cards_upgraded":["Cloak And Dagger"]},{"damage_healed":0,"gold_gain":75,"player_choice":"Gather Gold","damage_taken":11,"max_hp_gain":0,"max_hp_loss":0,"event_name":"World of Goop","floor":11,"gold_loss":0},{"damage_healed":0,"gold_gain":0,"player_choice":"Obtain J.A.X.","damage_taken":0,"max_hp_gain":0,"max_hp_loss":0,"event_name":"Drug Dealer","floor":19,"gold_loss":0,"cards_obtained":["J.A.X."]},{"damage_healed":0,"gold_gain":0,"player_choice":"Ignored","damage_taken":0,"max_hp_gain":0,"max_hp_loss":0,"event_name":"N\u0027loth","floor":21,"gold_loss":0},{"damage_healed":0,"gold_gain":0,"player_choice":"Max HP","damage_taken":0,"max_hp_gain":0,"max_hp_loss":5,"event_name":"Winding Halls","floor":38,"gold_loss":0},{"cards_removed":["Cloak And Dagger"],"damage_healed":0,"gold_gain":0,"player_choice":"Removed Skill","damage_taken":0,"max_hp_gain":0,"max_hp_loss":0,"event_name":"Falling","floor":39,"gold_loss":0},{"damage_healed":0,"gold_gain":0,"player_choice":"Fight","damage_taken":0,"max_hp_gain":0,"max_hp_loss":0,"event_name":"MindBloom","floor":46,"gold_loss":0},{"damage_healed":0,"gold_gain":0,"player_choice":"Ignored","damage_taken":0,"max_hp_gain":0,"max_hp_loss":0,"event_name":"Transmorgrifier","floor":48,"gold_loss":0}],"is_beta":false,"boss_relics":[{"not_picked":["Runic Dome","Pandora\u0027s Box"],"picked":"Cursed Key"},{"not_picked":["Empty Cage","WristBlade"],"picked":"Busted Crown"}],"items_purged_floors":[22],"is_endless":false,"potions_floor_spawned":[1,2,8,10,12,14,16,18,23,25,27,29,31,33,35,40,41,42,44,46],"ascension_level":1}}