{"host":"6p0attdrtjqaih7v","time":1610257587,"event":{"mods":["2.2 Compatiblity","AchievementEnabler","Bard","BaseMod","Better Skull","Better Third Choice","Colored Powertips","Hermit","Highlight Path","Jorbs\u0027s Wanderer Trilogy","Key Reminder","Minty Spire (QoL Compilation)","Permanent Neow","Quick Restart","Random Character Button","Relic Stats","Replay The Spire","Robot Space Explorer","StSLib"],"gold_per_floor":[110,160,172,192,29,55,55,85,110,122,152,170,170,193,193,276,357,379,216,216,240,266,266,298,298,325,348,371,371,39,70,70,150,159,179,189,214,241,269,307,307,340,410,410,10,30,30,52,52,52,52],"floor_reached":52,"playtime":3077,"items_purged":["Perfected Strike","Bludgeon","Bash"],"score":2252,"play_id":"6f4f158f-2e80-46cc-80c5-1439f01be360","local_time":"20210110004627","is_ascension_mode":true,"campfire_choices":[{"data":"Armaments","floor":7,"key":"SMITH"},{"data":"Immolate","floor":13,"key":"SMITH"},{"data":"ReplayTheSpireMod:Limb From Limb","floor":15,"key":"SMITH"},{"data":"Shockwave","floor":23,"key":"SMITH"},{"data":"Feel No Pain","floor":25,"key":"SMITH"},{"data":"Body Slam","floor":32,"key":"SMITH"},{"data":"Evolve","floor":41,"key":"SMITH"},{"data":"Feel No Pain","floor":44,"key":"SMITH"},{"data":"Feel No Pain","floor":47,"key":"SMITH"},{"data":"Corruption","floor":49,"key":"SMITH"}],"circlet_count":0,"master_deck":["AscendersBane","Immolate+1","Iron Wave+1","Armaments+1","True Grit","Offering","Pommel Strike","Pommel Strike","ReplayTheSpireMod:Limb From Limb+1","Corruption+1","Rampage","Seeing Red","Feel No Pain+1","Second Wind","Reckless Charge","True Grit","Warcry+1","Feel No Pain+1","Feel No Pain+1","Shockwave+1","True Grit+1","Body Slam+1","Evolve+1","Pot Of Greed","Pot Of Greed","Pot Of Greed+1","True Grit","Exhume+1","CurseOfTheBell","Anger+1","Dark Embrace+1","Shockwave","Sentinel+1","Flex+1","Impervious"],"relics":["Burning Blood","Bronze Scales","Replay:Mystery Machine","Whetstone","CeramicFish","Pandora\u0027s Box","Blue Doll","Replay:Rubber Ducky","BargainBundle","Grinning Jar","Replay:Wax Seal","Calling Bell","Snack Pack","Ginger","War Paint","Pen Nib","Magic Flower","Eternal Feather","ReplayTheSpireMod:Ninjato"],"acts_visited":["Exordium","TheCity","TheBeyond"],"potions_floor_usage":[11,16,16,27,28,31,46,50],"damage_taken":[{"damage":4.0,"enemies":"Jaw Worm","floor":1.0,"turns":3.0},{"damage":1.0,"enemies":"Cultist","floor":3.0,"turns":3.0},{"damage":7.0,"enemies":"Small Slimes","floor":4.0,"turns":3.0},{"damage":21.0,"enemies":"Lagavulin","floor":6.0,"turns":4.0},{"damage":21,"enemies":"3 Sentries","floor":8,"turns":4},{"damage":9,"enemies":"Blue Slaver","floor":10,"turns":2},{"damage":11,"enemies":"Gremlin Nob","floor":11,"turns":3},{"damage":9,"enemies":"Gremlin Gang","floor":12,"turns":2},{"damage":6,"enemies":"Looter","floor":14,"turns":1},{"damage":31,"enemies":"The Guardian","floor":16,"turns":14},{"damage":9,"enemies":"2 Thieves","floor":18,"turns":3},{"damage":21,"enemies":"Spheric Guardian","floor":21,"turns":5},{"damage":15,"enemies":"Centurion and Healer","floor":22,"turns":8},{"damage":9,"enemies":"Replay:Snechameleon","floor":24,"turns":6},{"damage":17,"enemies":"Sentry and Sphere","floor":27,"turns":6},{"damage":16,"enemies":"3 Cultists","floor":28,"turns":4},{"damage":6,"enemies":"Book of Stabbing","floor":31,"turns":4},{"damage":20,"enemies":"Automaton","floor":33,"turns":11},{"damage":11,"enemies":"Orb Walker","floor":35,"turns":3},{"damage":25,"enemies":"3 Darklings","floor":36,"turns":4},{"damage":10,"enemies":"4 Shapes","floor":37,"turns":8},{"damage":12,"enemies":"Sphere and 2 Shapes","floor":38,"turns":4},{"damage":6,"enemies":"Maw","floor":39,"turns":4},{"damage":7,"enemies":"Reptomancer","floor":40,"turns":5},{"damage":12,"enemies":"R_Hoarder","floor":42,"turns":4},{"damage":55,"enemies":"Transient","floor":46,"turns":6},{"damage":15,"enemies":"4 Shapes","floor":48,"turns":2},{"damage":6,"enemies":"Time Eater","floor":50,"turns":6},{"damage":19,"enemies":"Awakened One","floor":51,"turns":5}],"seed_played":"-4834569294580578479","potions_obtained":[{"floor":1.0,"key":"Reflective Coating"},{"floor":4.0,"key":"Weak Potion"},{"floor":8,"key":"Ancient Potion"},{"floor":12,"key":"SpeedPotion"},{"floor":24,"key":"Elixir"},{"floor":27,"key":"LiquidMemories"},{"floor":28,"key":"SkillPotion"},{"floor":33,"key":"Doom Potion"},{"floor":36,"key":"Venom Potion"},{"floor":48,"key":"Swift Potion"}],"is_trial":false,"path_per_floor":["M","?","M","M","$","E","R","E","T","M","E","M","R","M","R","B",null,"M","$","?","M","M","R","E","R","T","M","M","?","$","E","R","B",null,"M","M","M","M","M","E","R","E","T","R","$","M","R","M","R","B","B",null],"character_chosen":"IRONCLAD","items_purchased":["Offering","Feel No Pain","Fire Potion","BargainBundle","Evolve","Grinning Jar","True Grit","ReplayTheSpireMod:Ninjato"],"campfire_rested":0,"item_purchase_floors":[5,19,19,30,30,30,30,45],"current_hp_per_floor":[70,70,75,74,74,59,59,44,44,41,36,33,33,33,33,8,58,55,55,55,40,31,31,28,28,28,17,7,75,75,75,75,61,72,67,52,48,46,54,67,67,61,61,75,75,59,75,72,75,75,75],"gold":52,"neow_bonus":"ONE_RANDOM_RARE_CARD","is_daily":false,"chose_seed":false,"campfire_upgraded":10,"win_rate":0.0,"timestamp":1610257587,"path_taken":["M","?","M","M","$","E","R","E","T","M","E","M","R","M","R","BOSS","M","$","?","M","M","R","E","R","T","M","M","?","$","E","R","BOSS","M","M","M","?","M","E","R","E","T","R","$","M","R","M","R","BOSS","BOSS"],"items_purchased_type":["Card","Card","Potion","Relic","Card","Relic","Card","Relic"],"build_version":"2020-12-22","purchased_purges":3,"victory":true,"max_hp_per_floor":[75,75,75,75,75,75,75,75,75,75,75,75,75,75,75,75,75,75,75,75,75,75,75,75,75,75,75,75,75,75,75,75,75,75,75,75,75,75,75,75,75,75,75,75,75,75,75,75,75,75,75],"relic_stats":{"counters":[29,137],"Bronze Scales":[310],"CeramicFish":270,"Magic Flower":[24],"Pandora\u0027s Box":["Combust","Rampage","Seeing Red","Feel No Pain","Bludgeon","Second Wind","Reckless Charge","True Grit","Perfected Strike"],"Eternal Feather":33,"Pen Nib":[10],"Whetstone":["Strike_R","Iron Wave"],"Ginger":[7],"War Paint":["Exhume","Pot Of Greed"],"obtain_stats":[{"BargainBundle":30,"ReplayTheSpireMod:Ninjato":45,"CeramicFish":11,"Magic Flower":42,"Blue Doll":24,"Eternal Feather":43,"Pen Nib":40,"Whetstone":9,"Ginger":34,"Replay:Mystery Machine":8,"War Paint":34,"Burning Blood":0,"Replay:Rubber Ducky":26,"Calling Bell":34,"Bronze Scales":6,"Pandora\u0027s Box":17,"Snack Pack":34,"Grinning Jar":30,"Replay:Wax Seal":31},{"BargainBundle":16,"ReplayTheSpireMod:Ninjato":25,"CeramicFish":7,"Magic Flower":25,"Blue Doll":14,"Eternal Feather":25,"Pen Nib":24,"Whetstone":5,"Ginger":18,"Replay:Mystery Machine":5,"War Paint":18,"Burning Blood":0,"Replay:Rubber Ducky":14,"Calling Bell":18,"Bronze Scales":4,"Pandora\u0027s Box":10,"Snack Pack":18,"Grinning Jar":16,"Replay:Wax Seal":17},{"BargainBundle":71,"ReplayTheSpireMod:Ninjato":118,"CeramicFish":22,"Magic Flower":118,"Blue Doll":61,"Eternal Feather":118,"Pen Nib":114,"Whetstone":17,"Ginger":86,"Replay:Mystery Machine":17,"War Paint":86,"Burning Blood":0,"Replay:Rubber Ducky":61,"Calling Bell":86,"Bronze Scales":13,"Pandora\u0027s Box":39,"Snack Pack":86,"Grinning Jar":71,"Replay:Wax Seal":75}],"Burning Blood":171},"card_choices":[{"not_picked":["Rage","Clothesline"],"picked":"Iron Wave","floor":1.0},{"not_picked":["Cleave","Seeing Red"],"picked":"Armaments","floor":3.0},{"not_picked":["Cleave","Twin Strike"],"picked":"True Grit","floor":4.0},{"not_picked":["Heavy Blade","Armaments"],"picked":"Pommel Strike","floor":6.0},{"not_picked":["Demonic Infusion","Shrug It Off"],"picked":"Pommel Strike","floor":8},{"not_picked":["Sword Boomerang","Warcry","Heavy Blade"],"picked":"SKIP","floor":10},{"not_picked":["Bloodletting","Combust","Perfected Strike"],"picked":"SKIP","floor":11},{"not_picked":["Iron Wave","Heavy Blade","Cleave"],"picked":"SKIP","floor":12},{"not_picked":["Rupture","Heavy Blade"],"picked":"ReplayTheSpireMod:Limb From Limb","floor":14},{"not_picked":["Immolate","Exhume"],"picked":"Corruption","floor":16},{"not_picked":["Dropkick","Iron Wave"],"picked":"Warcry+1","floor":18},{"not_picked":["True Grit","Armaments"],"picked":"Feel No Pain","floor":21},{"not_picked":["Shrug It Off","Body Slam"],"picked":"Shockwave","floor":22},{"not_picked":["Havoc","Iron Wave","Infernal Blade"],"picked":"SKIP","floor":24},{"not_picked":["Berserk","Cleave"],"picked":"True Grit+1","floor":27},{"not_picked":["Heavy Blade+1","Clothesline"],"picked":"Body Slam","floor":28},{"not_picked":["ReplayTheSpireMod:Muscle Training","Metallicize","Evolve"],"picked":"SKIP","floor":31},{"not_picked":["Limit Break","Brutality"],"picked":"Exhume","floor":33},{"not_picked":["True Grit","Iron Wave"],"picked":"Anger+1","floor":35},{"not_picked":["Heavy Blade","Life Link","Ghostly Armor"],"picked":"SKIP","floor":36},{"not_picked":["Dropkick","Perfected Strike"],"picked":"Dark Embrace+1","floor":37},{"not_picked":["Uppercut","Cleave"],"picked":"Shockwave","floor":38},{"not_picked":["Headbutt+1","Pommel Strike"],"picked":"Sentinel+1","floor":39},{"not_picked":["Immolate","Thunderclap+1"],"picked":"Flex+1","floor":40},{"not_picked":["Headbutt","Pommel Strike+1","Armaments"],"picked":"SKIP","floor":42},{"not_picked":["Cleave","Twin Strike+1","Clash+1"],"picked":"SKIP","floor":46},{"not_picked":["Heavy Blade+1","Twin Strike"],"picked":"Impervious","floor":48}],"player_experience":808084,"relics_obtained":[{"floor":6.0,"key":"Bronze Scales"},{"floor":8,"key":"Replay:Mystery Machine"},{"floor":9,"key":"Whetstone"},{"floor":11,"key":"CeramicFish"},{"floor":24,"key":"Blue Doll"},{"floor":26,"key":"Replay:Rubber Ducky"},{"floor":31,"key":"Replay:Wax Seal"},{"floor":34,"key":"Snack Pack"},{"floor":34,"key":"Ginger"},{"floor":34,"key":"War Paint"},{"floor":40,"key":"Pen Nib"},{"floor":42,"key":"Magic Flower"},{"floor":43,"key":"Eternal Feather"}],"event_choices":[{"damage_healed":0.0,"max_hp_gain":0.0,"max_hp_loss":0.0,"gold_gain":50.0,"event_name":"Golden Shrine","player_choice":"Pray","floor":2.0,"gold_loss":0.0,"damage_taken":0.0},{"damage_healed":0,"gold_gain":0,"player_choice":"Ignored","damage_taken":0,"max_hp_gain":0,"max_hp_loss":0,"event_name":"The Mausoleum","floor":20,"gold_loss":0},{"cards_removed":["Combust"],"damage_healed":68,"gold_gain":0,"player_choice":"Offered Uncommon","damage_taken":0,"max_hp_gain":0,"max_hp_loss":0,"event_name":"Bonfire Elementals","floor":29,"gold_loss":0}],"is_beta":false,"boss_relics":[{"not_picked":["Runic Dome","Replay:Wanted Poster"],"picked":"Pandora\u0027s Box"},{"not_picked":["SacredBark","Tiny House"],"picked":"Calling Bell"}],"items_purged_floors":[19,30,45],"is_endless":false,"potions_floor_spawned":[1,4,8,12,14,24,27,28,33,36,37,38,48],"ascension_level":20}}