{"host":"7v9v7e0ijfujyvc8","time":1610314460,"event":{"mods":["BaseMod","Better Altar","Better Note","Better Skull","Better Third Choice","BetterRewards","Evolution","Gold Saver","Highlight Path","Minty Spire (QoL Compilation)","RNG Fix","Rare Cards Sparkle","Shop Mod","Spicy Shops","StSLib","SuperFastMode","The Exordian Avenger"],"gold_per_floor":[188,188,188,204,204,204,204,204,255,73,92,107,134,153,153,250,250,265,284,284,294,310,341,376,405,405,439,457,471,471,496,496,496,496],"floor_reached":33,"playtime":2665,"items_purged":[],"score":377,"play_id":"e4e64396-dab2-44b8-92ff-414977657fa2","local_time":"20210110223420","is_ascension_mode":false,"campfire_choices":[{"data":"Cleave","floor":6.0,"key":"SMITH"},{"data":"Body Slam","floor":8.0,"key":"SMITH"},{"data":"Armaments","floor":15.0,"key":"SMITH"},{"data":"Seeing Red","floor":32.0,"key":"SMITH"}],"circlet_count":0,"master_deck":["Cleave+1","Strike_R","Strike_R","Strike_R+1","Defend_R","Defend_R","Defend_R","Defend_R","Bash","Body Slam+1","Armaments+1","Double Tap","Pommel Strike+1","Seeing Red+1","Body Slam+1"],"relics":["Burning Blood","EVO:Axolotl","Pen Nib","Meat on the Bone","Anchor","Happy Flower","PreservedInsect","Black Star","Blood Vial","Potion Belt","Red Mask","Vajra","Torii","Kunai","Pear","Bottled Lightning","Whetstone","Mango"],"acts_visited":["Exordium","TheCity"],"potions_floor_usage":[],"damage_taken":[{"damage":2.0,"enemies":"2 Louse","floor":1.0,"turns":2.0},{"damage":2.0,"enemies":"Small Slimes","floor":4.0,"turns":4.0},{"damage":0.0,"enemies":"Cultist","floor":11.0,"turns":2.0},{"damage":2.0,"enemies":"Blue Slaver","floor":12.0,"turns":3.0},{"damage":14.0,"enemies":"Gremlin Nob","floor":13.0,"turns":3.0},{"damage":3.0,"enemies":"Large Slime","floor":14.0,"turns":5.0},{"damage":49.0,"enemies":"Hexaghost","floor":16.0,"turns":11.0},{"damage":12.0,"enemies":"Shell Parasite","floor":18.0,"turns":8.0},{"damage":0.0,"enemies":"Chosen","floor":19.0,"turns":3.0},{"damage":4.0,"enemies":"3 Cultists","floor":21.0,"turns":4.0},{"damage":22.0,"enemies":"Shelled Parasite and Fungi","floor":22.0,"turns":6.0},{"damage":22.0,"enemies":"Slavers","floor":23.0,"turns":4.0},{"damage":9.0,"enemies":"Masked Bandits","floor":24.0,"turns":4.0},{"damage":29.0,"enemies":"Book of Stabbing","floor":25.0,"turns":4.0},{"damage":24.0,"enemies":"Gremlin Leader","floor":27.0,"turns":4.0},{"damage":10.0,"enemies":"Snecko","floor":28.0,"turns":4.0},{"damage":0.0,"enemies":"Centurion and Healer","floor":29.0,"turns":4.0},{"damage":13.0,"enemies":"Book of Stabbing","floor":31.0,"turns":3.0},{"damage":82,"enemies":"Collector","floor":33,"turns":6}],"seed_played":"-4134751001820549627","potions_obtained":[{"floor":1.0,"key":"SteroidPotion"},{"floor":4.0,"key":"BlessingOfTheForge"},{"floor":18.0,"key":"EssenceOfSteel"},{"floor":21.0,"key":"AttackPotion"},{"floor":22.0,"key":"BloodPotion"},{"floor":23.0,"key":"SpeedPotion"},{"floor":29.0,"key":"BloodPotion"}],"is_trial":false,"path_per_floor":["M","?","?","M","$","R","T","R","T","$","M","M","E","M","R","B",null,"M","M","?","M","M","E","?","E","T","E","M","M","?","E","R","B"],"character_chosen":"IRONCLAD","items_purchased":["Happy Flower","Armaments"],"campfire_rested":0,"item_purchase_floors":[10,10],"current_hp_per_floor":[88,88,88,88,88,88,88,88,88,88,88,88,80,83,83,52,88,82,88,88,88,72,56,55,46,46,52,62,70,70,79,79,0,0],"gold":496,"neow_bonus":"TEN_PERCENT_HP_BONUS","is_daily":false,"chose_seed":false,"campfire_upgraded":4,"win_rate":0.0,"timestamp":1610314460,"path_taken":["M","?","?","M","$","R","?","R","T","$","M","M","E","M","R","BOSS","M","M","?","?","M","E","?","E","T","E","M","?","?","E","R","BOSS"],"items_purchased_type":["Relic","Card"],"build_version":"2020-12-22","purchased_purges":0,"victory":false,"max_hp_per_floor":[88,88,88,88,88,88,88,88,88,88,88,88,88,88,88,88,88,88,88,88,88,88,88,88,88,88,98,98,98,98,112,112,112,112],"card_choices":[{"not_picked":["Clothesline","Thunderclap","Second Wind"],"picked":"SKIP","floor":1.0},{"not_picked":["Clash","Wild Strike"],"picked":"Body Slam","floor":4.0},{"not_picked":["Thunderclap","Power Through","Burning Pact"],"picked":"SKIP","floor":11.0},{"not_picked":["Twin Strike","Clash","Cleave"],"picked":"SKIP","floor":12.0},{"not_picked":["Evolve","Twin Strike","Sever Soul"],"picked":"SKIP","floor":13.0},{"not_picked":["Evolve","Cleave","Feel No Pain"],"picked":"SKIP","floor":14.0},{"not_picked":["Limit Break","Offering"],"picked":"Double Tap","floor":16.0},{"not_picked":["Spot Weakness","Clash+1"],"picked":"Pommel Strike","floor":18.0},{"not_picked":["Sword Boomerang","Wild Strike+1","Dark Embrace"],"picked":"SKIP","floor":19.0},{"not_picked":["Iron Wave+1","Evolve","Perfected Strike"],"picked":"SKIP","floor":21.0},{"not_picked":["Disarm","Reckless Charge+1","Rupture"],"picked":"SKIP","floor":22.0},{"not_picked":["Reckless Charge","Immolate","Twin Strike"],"picked":"SKIP","floor":23.0},{"not_picked":["Clothesline","Berserk","Warcry"],"picked":"SKIP","floor":25.0},{"not_picked":["Reckless Charge","Armaments","Whirlwind"],"picked":"SKIP","floor":27.0},{"not_picked":["Carnage","Clash"],"picked":"Seeing Red","floor":28.0},{"not_picked":["Headbutt+1","Pummel","Rage+1"],"picked":"SKIP","floor":29.0},{"not_picked":["Thunderclap","Iron Wave"],"picked":"Body Slam+1","floor":31.0}],"player_experience":41630,"relics_obtained":[{"floor":7.0,"key":"Meat on the Bone"},{"floor":9.0,"key":"Anchor"},{"floor":13.0,"key":"PreservedInsect"},{"floor":23.0,"key":"Blood Vial"},{"floor":23.0,"key":"Potion Belt"},{"floor":24.0,"key":"Red Mask"},{"floor":25.0,"key":"Vajra"},{"floor":25.0,"key":"Torii"},{"floor":26.0,"key":"Kunai"},{"floor":27.0,"key":"Pear"},{"floor":27.0,"key":"Bottled Lightning"},{"floor":31.0,"key":"Whetstone"},{"floor":31.0,"key":"Mango"}],"event_choices":[{"damage_healed":0.0,"max_hp_gain":0.0,"max_hp_loss":0.0,"gold_gain":0.0,"event_name":"WeMeetAgain","player_choice":"Gave Potion","floor":2.0,"gold_loss":0.0,"damage_taken":0.0,"relics_obtained":["Pen Nib"]},{"cards_removed":["Strike_R"],"damage_healed":0.0,"max_hp_gain":0.0,"max_hp_loss":0.0,"gold_gain":0.0,"event_name":"Living Wall","player_choice":"Forget","floor":3.0,"gold_loss":0.0,"damage_taken":0.0},{"cards_removed":["Armaments"],"damage_healed":0.0,"max_hp_gain":0.0,"max_hp_loss":0.0,"gold_gain":0.0,"event_name":"betterNote:BetterNote","player_choice":"Give","floor":20.0,"gold_loss":0.0,"damage_taken":0.0,"cards_obtained":["Iron Wave"]},{"damage_healed":0.0,"max_hp_gain":0.0,"max_hp_loss":0.0,"gold_gain":0.0,"event_name":"Masked Bandits","player_choice":"Fought Bandits","floor":24.0,"gold_loss":0.0,"damage_taken":0.0},{"damage_healed":0.0,"max_hp_gain":0.0,"max_hp_loss":0.0,"gold_gain":0.0,"event_name":"Ghosts","player_choice":"Ignored","floor":30.0,"gold_loss":0.0,"damage_taken":0.0}],"is_beta":false,"boss_relics":[{"not_picked":["Tiny House","Philosopher\u0027s Stone"],"picked":"Black Star"}],"items_purged_floors":[],"is_endless":false,"potions_floor_spawned":[1,4,18,21,22,23,29],"killed_by":"Collector","ascension_level":0}}