{"host":"exhp4inpfmbngj23","time":1610302352,"event":{"mods":["Abigail Mod","BaseMod","Beaked The Cultist","Friendly Minions","Gremlin Mod","Kiyohime????","Minty Spire (QoL Compilation)","StSLib","The Alterego"],"gold_per_floor":[116,130,150,150,250,278,293,321,321,354,354,354,33,52,52,175,175,199,199,222,86,86,86,109,130,130,130,130,151,151,151,151,272,272,293,293,246,579,579,611,611,628,705,705,705,359,372,62,62,62,62,62,62,91,91,91],"floor_reached":55,"playtime":4017,"items_purged":[],"score":852,"play_id":"3fca6182-fa3b-49b5-bccf-d58d3ad89ddf","local_time":"20210110101232","is_ascension_mode":true,"campfire_choices":[{"floor":12,"key":"REST"},{"floor":15,"key":"REST"},{"data":"alterego_mod:Venus","floor":23,"key":"SMITH"},{"data":"alterego_mod:Venus","floor":27,"key":"SMITH"},{"floor":30,"key":"RECALL"},{"data":"alterego_mod:Impale","floor":32,"key":"SMITH"},{"floor":41,"key":"REST"},{"data":"alterego_mod:DiscoLights","floor":44,"key":"SMITH"},{"floor":49,"key":"REST"},{"data":"Master of Strategy","floor":52,"key":"SMITH"}],"circlet_count":0,"master_deck":["alterego_mod:Defend","alterego_mod:Defend","alterego_mod:Defend+1","alterego_mod:Defend","alterego_mod:Impale+1","alterego_mod:BigMeatyClaws","alterego_mod:BrynhildrsRune","alterego_mod:Mirror","alterego_mod:Jiggle","alterego_mod:Stockings","alterego_mod:Cooking","alterego_mod:Skirt","alterego_mod:SakuraPetals","Blind","alterego_mod:GoddessCore","alterego_mod:TrickOrTreatment","Bite","Bite","Bite","Bite","Bite","alterego_mod:Venus+1","alterego_mod:Venus+1","alterego_mod:Mirror","alterego_mod:DiscoLights+1","alterego_mod:DeftHands+1","Jack Of All Trades","Master of Strategy+1","alterego_mod:Cooking","alterego_mod:RidiculouslyBig+1"],"relics":["alterego_mod:MasochisticConstitution","Strawberry","StoneCalendar","Pear","Letter Opener","Orichalcum","Busted Crown","Lizard Tail","Bag of Preparation","Black Star","Question Card","Regal Pillow","Mercury Hourglass","beaked:ShinyBauble","ClockworkSouvenir","Calipers","Mango","Pocketwatch"],"acts_visited":["Exordium","TheCity","TheBeyond","TheEnding"],"potions_floor_usage":[8,8,24,29,33,40,50,55,55,55],"damage_taken":[{"damage":25,"enemies":"Jaw Worm","floor":1,"turns":8},{"damage":0,"enemies":"2 Louse","floor":2,"turns":3},{"damage":4,"enemies":"Cultist","floor":3,"turns":4},{"damage":31,"enemies":"3 Sentries","floor":6,"turns":10},{"damage":5,"enemies":"Large Slime","floor":7,"turns":7},{"damage":6,"enemies":"Gremlin Nob","floor":8,"turns":3},{"damage":39,"enemies":"3 Sentries","floor":10,"turns":7},{"damage":25,"enemies":"Exordium Wildlife","floor":14,"turns":7},{"damage":53,"enemies":"Hexaghost","floor":16,"turns":15},{"damage":0,"enemies":"3 Byrds","floor":18,"turns":5},{"damage":6,"enemies":"Chosen","floor":20,"turns":4},{"damage":7,"enemies":"3 Cultists","floor":24,"turns":4},{"damage":6,"enemies":"Centurion and Healer","floor":25,"turns":6},{"damage":16,"enemies":"Snake Plant","floor":29,"turns":3},{"damage":56,"enemies":"Automaton","floor":33,"turns":8},{"damage":29,"enemies":"3 Shapes","floor":35,"turns":7},{"damage":65,"enemies":"Giant Head","floor":40,"turns":8},{"damage":14,"enemies":"Orb Walker","floor":42,"turns":3},{"damage":32,"enemies":"3 Darklings","floor":47,"turns":6},{"damage":92,"enemies":"Donu and Deca","floor":50,"turns":7},{"damage":97,"enemies":"Shield and Spear","floor":54,"turns":7},{"damage":140,"enemies":"The Heart","floor":55,"turns":9}],"seed_played":"4094746321020628952","potions_obtained":[{"floor":2,"key":"GamblersBrew"},{"floor":7,"key":"DistilledChaos"},{"floor":14,"key":"Ancient Potion"},{"floor":18,"key":"AttackPotion"},{"floor":24,"key":"LiquidBronze"},{"floor":25,"key":"EntropicBrew"},{"floor":42,"key":"LiquidMemories"},{"floor":54,"key":"SteroidPotion"}],"is_trial":false,"path_per_floor":["M","M","M","?","?","E","M","E","T","E","?","R","$","M","R","B",null,"M","?","M","$","?","R","M","M","T","R","?","M","R","T","R","B",null,"M","?","$","?","T","E","R","M","T","R","?","$","M","$","R","B",null,"R","$","E","B"],"character_chosen":"The_Alterego","items_purchased":["Orichalcum","alterego_mod:SakuraPetals","Blind","alterego_mod:Venus","alterego_mod:DiscoLights","ClockworkSouvenir","Master of Strategy","Calipers"],"campfire_rested":4,"item_purchase_floors":[13,13,13,21,37,46,46,48],"current_hp_per_floor":[60,67,71,55,55,32,42,37,47,35,12,39,39,27,55,8,95,95,95,96,96,96,96,96,98,98,98,98,95,95,95,95,65,100,98,98,98,98,98,47,92,86,86,86,86,86,70,70,104,24,105,105,105,47,0,0],"gold":91,"neow_bonus":"RANDOM_COMMON_RELIC","is_daily":false,"chose_seed":false,"campfire_upgraded":5,"win_rate":0.0,"timestamp":1610302352,"path_taken":["M","M","M","?","?","E","?","E","T","E","?","R","?","M","R","BOSS","M","?","M","$","?","R","M","?","T","R","?","?","R","?","R","BOSS","M","?","$","?","?","E","R","?","T","R","?","?","M","$","R","BOSS","R","$","E","BOSS"],"items_purchased_type":["Relic","Card","Card","Card","Card","Relic","Card","Relic"],"build_version":"2020-12-22","purchased_purges":0,"victory":false,"max_hp_per_floor":[78,78,79,79,79,80,81,82,92,93,93,93,93,94,94,95,95,95,95,96,96,96,96,97,98,98,98,98,99,99,99,99,100,100,101,101,101,101,101,102,102,103,103,103,103,103,104,104,104,105,105,105,105,120,120,120],"card_choices":[{"not_picked":["alterego_mod:Birthday","alterego_mod:Punishment"],"picked":"alterego_mod:Mirror","floor":1},{"not_picked":["alterego_mod:HighServant","alterego_mod:TrashNCrash"],"picked":"alterego_mod:Jiggle","floor":2},{"not_picked":["alterego_mod:TrashNCrash","alterego_mod:Jiggle","alterego_mod:Support"],"picked":"SKIP","floor":3},{"not_picked":["alterego_mod:SakuraPetals","alterego_mod:Maid"],"picked":"alterego_mod:Stockings","floor":6},{"not_picked":["alterego_mod:Pet","alterego_mod:HighServant"],"picked":"alterego_mod:Cooking","floor":7},{"not_picked":["alterego_mod:SuperDuperMasochism","alterego_mod:GoddessCore"],"picked":"alterego_mod:Skirt","floor":8},{"not_picked":["alterego_mod:PerceptionDisorder","alterego_mod:Santa","alterego_mod:Bloomers"],"picked":"SKIP","floor":10},{"not_picked":["alterego_mod:Alter","alterego_mod:HighServant"],"picked":"alterego_mod:GoddessCore","floor":14},{"not_picked":["alterego_mod:GIGAMILK","alterego_mod:IdEs"],"picked":"alterego_mod:TrickOrTreatment","floor":16},{"not_picked":["alterego_mod:Smother"],"picked":"SKIP","floor":18},{"not_picked":["alterego_mod:PerceptionDisorder+1"],"picked":"SKIP","floor":20},{"not_picked":[],"picked":"alterego_mod:Mirror","floor":24},{"not_picked":["alterego_mod:Belle"],"picked":"SKIP","floor":25},{"not_picked":["alterego_mod:Jiggle"],"picked":"SKIP","floor":29},{"not_picked":["alterego_mod:Table"],"picked":"SKIP","floor":35},{"not_picked":["alterego_mod:MagicResistance"],"picked":"alterego_mod:DeftHands+1","floor":40},{"not_picked":["alterego_mod:Santa","alterego_mod:1TonWallop+1"],"picked":"SKIP","floor":42},{"not_picked":["Purity"],"picked":"Jack Of All Trades","floor":45},{"not_picked":["alterego_mod:Cycle"],"picked":"alterego_mod:Cooking","floor":47},{"not_picked":["alterego_mod:Birthday"],"picked":"alterego_mod:RidiculouslyBig+1","floor":54}],"player_experience":1949719,"relics_obtained":[{"floor":6,"key":"StoneCalendar"},{"floor":8,"key":"Blood Vial"},{"floor":9,"key":"Pear"},{"floor":10,"key":"Letter Opener"},{"floor":26,"key":"Lizard Tail"},{"floor":28,"key":"Bag of Preparation"},{"floor":39,"key":"Question Card"},{"floor":40,"key":"Regal Pillow"},{"floor":40,"key":"Mercury Hourglass"},{"floor":43,"key":"beaked:ShinyBauble"},{"floor":54,"key":"Mango"},{"floor":54,"key":"Pocketwatch"}],"event_choices":[{"damage_healed":0,"gold_gain":0,"player_choice":"Entered Light","damage_taken":16,"max_hp_gain":0,"max_hp_loss":0,"event_name":"Shining Light","floor":4,"gold_loss":0,"cards_upgraded":["alterego_mod:Defend","alterego_mod:Strike"]},{"damage_healed":0,"gold_gain":100,"player_choice":"Pray","damage_taken":0,"max_hp_gain":0,"max_hp_loss":0,"event_name":"Golden Shrine","floor":5,"gold_loss":0},{"damage_healed":0,"gold_gain":0,"player_choice":"Take Damage","damage_taken":23,"relics_obtained":["Golden Idol"],"max_hp_gain":0,"max_hp_loss":0,"event_name":"Golden Idol","floor":11,"gold_loss":0},{"damage_healed":0,"gold_gain":0,"player_choice":"Became a vampire (Vial)","damage_taken":0,"max_hp_gain":0,"max_hp_loss":0,"event_name":"Vampires","floor":19,"relics_lost":["Blood Vial"],"gold_loss":0,"cards_obtained":["Bite","Bite","Bite","Bite","Bite"]},{"damage_healed":0,"gold_gain":0,"player_choice":"Copied","damage_taken":0,"max_hp_gain":0,"max_hp_loss":0,"event_name":"Duplicator","floor":22,"gold_loss":0,"cards_obtained":["alterego_mod:Venus"]},{"damage_healed":0,"gold_gain":0,"player_choice":"Relic","damage_taken":0,"max_hp_gain":0,"max_hp_loss":0,"event_name":"Wheel of Change","floor":28,"gold_loss":0},{"damage_healed":0,"gold_gain":0,"player_choice":"Ignored","damage_taken":0,"max_hp_gain":0,"max_hp_loss":0,"event_name":"Tomb of Lord Red Mask","floor":36,"gold_loss":0},{"damage_healed":0,"gold_gain":333,"player_choice":"Gave Idol","damage_taken":0,"max_hp_gain":0,"max_hp_loss":0,"event_name":"The Moai Head","floor":38,"relics_lost":["Golden Idol"],"gold_loss":0},{"damage_healed":0,"gold_gain":0,"player_choice":"Memory 1","damage_taken":0,"max_hp_gain":0,"max_hp_loss":0,"event_name":"SensoryStone","floor":45,"gold_loss":0}],"is_beta":false,"boss_relics":[{"not_picked":["Calling Bell","Fusion Hammer"],"picked":"Busted Crown"},{"not_picked":["beaked:MawFillet","beaked:SacredDeck"],"picked":"Black Star"}],"items_purged_floors":[],"is_endless":false,"potions_floor_spawned":[2,7,14,18,24,25,35,42,47,54],"killed_by":"The Heart","ascension_level":2}}