{"host":"08t08ld674si40tv","time":1610241464,"event":{"mods":["AchievementEnabler","BaseMod","Colored Map","Minty Spire (QoL Compilation)","StSLib","SuperFastMode"],"gold_per_floor":[154,154,185,241,260,260,286,236,236,236,306,358,21,21,21,95,95,138,138,63,77,77,77,105,105,105,105,105,105],"floor_reached":28,"playtime":756,"items_purged":[],"score":415,"play_id":"1802984d-c1d1-464d-a2c3-ebd09d21442a","local_time":"20210110101744","is_ascension_mode":true,"campfire_choices":[{"data":"HandOfGreed","floor":6.0,"key":"SMITH"},{"data":"Chaos","floor":10.0,"key":"SMITH"},{"data":"Recycle","floor":15,"key":"SMITH"},{"data":"Defragment","floor":23,"key":"SMITH"},{"floor":25,"key":"REST"},{"data":"Multi-Cast","floor":27,"key":"SMITH"}],"circlet_count":0,"master_deck":["AscendersBane","Strike_B","Strike_B","Defend_B","Defend_B","Defend_B","Defend_B","Zap","Dualcast","HandOfGreed+1","Chill","Turbo","Blizzard","Chaos+1","Undo","Recycle+1","Glacier","Multi-Cast+1","Chill","Defragment+1","Hologram"],"relics":["Cracked Core","Burning Blood","Toy Ornithopter","HornCleat","TungstenRod","Sundial","Runic Dome","Gambling Chip"],"acts_visited":["Exordium","TheCity"],"potions_floor_usage":[12,16,28],"damage_taken":[{"damage":2.0,"enemies":"2 Louse","floor":1.0,"turns":4.0},{"damage":1.0,"enemies":"Cultist","floor":3.0,"turns":3.0},{"damage":1.0,"enemies":"Small Slimes","floor":4.0,"turns":4.0},{"damage":8.0,"enemies":"Looter","floor":5.0,"turns":3.0},{"damage":28.0,"enemies":"Gremlin Nob","floor":7.0,"turns":5.0},{"damage":8.0,"enemies":"2 Fungi Beasts","floor":11.0,"turns":5.0},{"damage":21,"enemies":"Lagavulin","floor":12,"turns":6},{"damage":21,"enemies":"Hexaghost","floor":16,"turns":12},{"damage":6,"enemies":"Shell Parasite","floor":18,"turns":10},{"damage":2,"enemies":"3 Byrds","floor":21,"turns":6},{"damage":55,"enemies":"Gremlin Leader","floor":24,"turns":11},{"damage":0,"enemies":"Colosseum Slavers","floor":28,"turns":4},{"damage":77,"enemies":"Colosseum Nobs","floor":28,"turns":5}],"seed_played":"-6140031535845633032","potions_obtained":[{"floor":5.0,"key":"LiquidBronze"},{"floor":7.0,"key":"ColorlessPotion"},{"floor":18,"key":"CultistPotion"},{"floor":24,"key":"Weak Potion"}],"is_trial":false,"path_per_floor":["M","?","M","M","M","R","E","?","T","R","M","E","$","?","R","B",null,"M","$","?","M","?","R","E","R","T","R","?"],"character_chosen":"DEFECT","items_purchased":["Glacier","Sundial"],"campfire_rested":1,"item_purchase_floors":[13,13],"current_hp_per_floor":[64,64,64,64,62,62,40,40,40,40,38,28,28,33,33,23,58,58,58,58,62,62,62,13,33,33,33,0,0],"gold":105,"neow_bonus":"RANDOM_COLORLESS_2","is_daily":false,"chose_seed":false,"campfire_upgraded":5,"win_rate":0.0,"timestamp":1610241464,"path_taken":["M","?","?","M","M","R","E","?","T","R","M","E","$","?","R","BOSS","M","$","?","M","?","R","E","R","T","R","?"],"items_purchased_type":["Card","Relic"],"build_version":"2020-12-22","purchased_purges":0,"victory":false,"max_hp_per_floor":[64,64,64,64,64,64,64,64,64,64,64,64,64,69,69,69,69,69,69,69,69,69,69,69,69,69,69,69,69],"card_choices":[{"not_picked":["Panache","Sadistic Nature"],"picked":"HandOfGreed","floor":0.0},{"not_picked":["Streamline","Gash"],"picked":"Chill","floor":1.0},{"not_picked":["Force Field","Streamline","Steam"],"picked":"SKIP","floor":3.0},{"not_picked":["Ball Lightning","Hello World"],"picked":"Turbo","floor":4.0},{"not_picked":["Meteor Strike","Steam"],"picked":"Blizzard","floor":5.0},{"not_picked":["Barrage","Hyperbeam"],"picked":"Chaos","floor":7.0},{"not_picked":["Barrage","Leap"],"picked":"Undo","floor":11.0},{"not_picked":["Consume","Reinforced Body"],"picked":"Recycle","floor":12},{"not_picked":["Thunder Strike","Electrodynamics"],"picked":"Multi-Cast","floor":16},{"not_picked":["Ball Lightning","Compile Driver"],"picked":"Chill","floor":18},{"not_picked":["Scrape","Redo"],"picked":"Defragment","floor":21},{"not_picked":["Steam","FTL"],"picked":"Hologram","floor":24}],"player_experience":212907,"relics_obtained":[{"floor":7.0,"key":"Toy Ornithopter"},{"floor":9.0,"key":"HornCleat"},{"floor":12,"key":"TungstenRod"},{"floor":24,"key":"Gambling Chip"}],"event_choices":[{"damage_healed":0.0,"max_hp_gain":0.0,"max_hp_loss":0.0,"gold_gain":0.0,"event_name":"FaceTrader","player_choice":"Trade","floor":2.0,"gold_loss":0.0,"damage_taken":0.0,"relics_obtained":["NlothsMask"]},{"cards_removed":["Strike_B"],"damage_healed":0.0,"max_hp_gain":0.0,"max_hp_loss":0.0,"gold_gain":0.0,"event_name":"The Cleric","player_choice":"Card Removal","floor":8.0,"gold_loss":50.0,"damage_taken":0.0},{"damage_healed":0,"gold_gain":0,"player_choice":"Donut","damage_taken":0,"max_hp_gain":5,"max_hp_loss":0,"event_name":"Big Fish","floor":14,"gold_loss":0},{"cards_removed":["Strike_B"],"damage_healed":0,"gold_gain":0,"player_choice":"Gave Gold","damage_taken":0,"max_hp_gain":0,"max_hp_loss":0,"event_name":"Beggar","floor":20,"gold_loss":75},{"damage_healed":0,"gold_gain":0,"player_choice":"Ignored","damage_taken":0,"max_hp_gain":0,"max_hp_loss":0,"event_name":"Vampires","floor":22,"gold_loss":0},{"damage_healed":0,"gold_gain":0,"player_choice":"Fight","damage_taken":0,"max_hp_gain":0,"max_hp_loss":0,"event_name":"Colosseum","floor":28,"gold_loss":0},{"damage_healed":0,"gold_gain":0,"player_choice":"Fought Nobs","damage_taken":0,"max_hp_gain":0,"max_hp_loss":0,"event_name":"Colosseum","floor":28,"gold_loss":0}],"is_beta":false,"boss_relics":[{"not_picked":["SlaversCollar","Cursed Key"],"picked":"Runic Dome"}],"items_purged_floors":[],"is_endless":false,"potions_floor_spawned":[5,7,11,18,24,28],"killed_by":"Colosseum Nobs","ascension_level":14}}