{"host":"qheym18ww6mhskxf","time":1610309011,"event":{"mods":["BaseMod","CapriCore","Friendly Minions","GungeonMod","KOR Keyword Fix","Kiyohime£¨?ýï£©","Minty Spire (QoL Compilation)","Prisma Mod","Quick Restart","RRrroohrrRGHHhhh!!","Rare Cards Sparkle","Shop Mod","Spicy Shops","StSLib","Td1madao Mod","Username Fix"],"gold_per_floor":[119,119,119,119,44,44,64,98,98,98,98,98],"floor_reached":11,"playtime":265,"items_purged":["Pain"],"score":173,"play_id":"20b3130c-9942-4c05-b69f-44c2f7a62a6b","local_time":"20210111050331","daily_mods":["Time Dilation","DeadlyEvents","Elite Swarm"],"is_ascension_mode":true,"campfire_choices":[{"floor":6.0,"key":"REST"},{"data":"Pommel Strike","floor":10,"key":"SMITH"}],"circlet_count":0,"master_deck":["Strike_R","Strike_R","Strike_R","Strike_R","Strike_R","Defend_R","Defend_R","Defend_R","Defend_R","Bash","Pommel Strike+1"],"relics":["Burning Blood","Gambling Chip","WarpedTongs","DemoMod:LamentConfigurum","DemoMod:Bottle"],"acts_visited":["Exordium"],"potions_floor_usage":[],"damage_taken":[{"damage":11.0,"enemies":"Jaw Worm","floor":1.0,"turns":4.0},{"damage":0.0,"enemies":"Small Slimes","floor":7.0,"turns":3.0},{"damage":39,"enemies":"Lagavulin","floor":8,"turns":7},{"damage":51,"enemies":"Gremlin Nob","floor":11,"turns":4}],"seed_played":"8104831809224261396","potions_obtained":[{"floor":8,"key":"GamblersBrew"}],"is_trial":true,"path_per_floor":["M","?","?","?","$","R","M","E","T","R","E"],"character_chosen":"IRONCLAD","items_purchased":[],"campfire_rested":1,"item_purchase_floors":[],"current_hp_per_floor":[67,49,49,49,49,73,79,46,46,46,0,0],"gold":98,"neow_bonus":"","is_daily":false,"chose_seed":false,"campfire_upgraded":1,"win_rate":0.0,"timestamp":1610309011,"path_taken":["M","?","?","?","$","R","M","?","T","R","E"],"items_purchased_type":[],"build_version":"2020-12-22","purchased_purges":1,"victory":false,"max_hp_per_floor":[80,80,80,80,80,80,80,80,80,80,80,80],"card_choices":[{"not_picked":["Thunderclap","rorgmod:Sentinel","Combust"],"picked":"SKIP","floor":1.0},{"not_picked":["Rampage","Burning Pact"],"picked":"Pommel Strike","floor":7.0},{"not_picked":["PrismaMod:IllyaZwei","Berserk","Impervious"],"picked":"SKIP","floor":8}],"player_experience":570519,"relics_obtained":[{"floor":8,"key":"DemoMod:LamentConfigurum"},{"floor":9,"key":"DemoMod:Bottle"}],"event_choices":[{"damage_healed":0.0,"max_hp_gain":0.0,"max_hp_loss":0.0,"gold_gain":0.0,"event_name":"Scrap Ooze","player_choice":"Success","floor":2.0,"gold_loss":0.0,"damage_taken":18.0,"relics_obtained":["Gambling Chip"]},{"damage_healed":0.0,"max_hp_gain":0.0,"max_hp_loss":0.0,"gold_gain":0.0,"event_name":"Accursed Blacksmith","player_choice":"Rummage","floor":4.0,"gold_loss":0.0,"damage_taken":0.0,"relics_obtained":["WarpedTongs"],"cards_obtained":["Pain"]}],"is_beta":false,"boss_relics":[],"items_purged_floors":[5],"is_endless":true,"potions_floor_spawned":[8],"killed_by":"Gremlin Nob","ascension_level":9}}