{"host":"9ndbo4kgsfoemf7y","time":1610261258,"event":{"mods":["AchievementEnabler","BaseMod","Colored Map","DeckTracker","Keyboard Shortcuts","Minty Spire (QoL Compilation)","Permanent Neow","Quick Restart","Relic Stats","StSLib","SuperFastMode"],"gold_per_floor":[117,128,145,162,162,202,202,202,202],"floor_reached":8,"playtime":1021,"items_purged":[],"score":75,"play_id":"a39c2e74-4fbe-4be4-acf7-d36f5caa8b8a","local_time":"20210110154738","is_ascension_mode":true,"campfire_choices":[{"floor":7.0,"key":"REST"}],"circlet_count":0,"master_deck":["Strike_B","Strike_B","Defend_B","Defend_B","Defend_B","Defend_B","Zap","Dualcast","Core Surge","Beam Cell","Double Energy","Streamline","Stack","Turbo","Loop"],"relics":["Cracked Core","Golden Idol","Tiny Chest"],"acts_visited":["Exordium"],"potions_floor_usage":[8],"damage_taken":[{"damage":0.0,"enemies":"Small Slimes","floor":1.0,"turns":3.0},{"damage":1.0,"enemies":"Cultist","floor":2.0,"turns":3.0},{"damage":7.0,"enemies":"Jaw Worm","floor":3.0,"turns":2.0},{"damage":13.0,"enemies":"Blue Slaver","floor":4.0,"turns":4.0},{"damage":22.0,"enemies":"Gremlin Nob","floor":6.0,"turns":4.0},{"damage":35,"enemies":"Lagavulin","floor":8,"turns":3}],"seed_played":"7404651868997920672","potions_obtained":[{"floor":1.0,"key":"BlessingOfTheForge"},{"floor":2.0,"key":"Fire Potion"},{"floor":6.0,"key":"Strength Potion"}],"is_trial":false,"path_per_floor":["M","M","M","M","?","E","R","E"],"character_chosen":"DEFECT","items_purchased":[],"campfire_rested":1,"item_purchase_floors":[],"current_hp_per_floor":[50,49,42,29,29,7,27,0,0],"gold":202,"neow_bonus":"TRANSFORM_TWO_CARDS","is_daily":false,"chose_seed":false,"campfire_upgraded":0,"win_rate":0.0,"timestamp":1610261258,"path_taken":["M","M","M","M","?","E","R","E"],"items_purchased_type":[],"build_version":"2020-12-22","purchased_purges":0,"victory":false,"max_hp_per_floor":[75,75,75,75,69,69,69,69,69],"relic_stats":{"counters":[6,19],"Golden Idol":8,"Tiny Chest":0,"obtain_stats":[{"Golden Idol":5,"Tiny Chest":6,"Cracked Core":0},{"Golden Idol":4,"Tiny Chest":5,"Cracked Core":0},{"Golden Idol":12,"Tiny Chest":16,"Cracked Core":0}]},"card_choices":[{"not_picked":["Barrage","Redo"],"picked":"Double Energy","floor":1.0},{"not_picked":["Heatsinks","Barrage"],"picked":"Streamline","floor":2.0},{"not_picked":["Ball Lightning","Scrape"],"picked":"Stack","floor":3.0},{"not_picked":["Leap","Compile Driver"],"picked":"Turbo","floor":4.0},{"not_picked":["Skim","Cold Snap"],"picked":"Loop","floor":6.0}],"player_experience":806260,"relics_obtained":[{"floor":6.0,"key":"Tiny Chest"}],"event_choices":[{"damage_healed":0.0,"max_hp_gain":0.0,"max_hp_loss":6.0,"gold_gain":0.0,"event_name":"Golden Idol","player_choice":"Lose Max HP","floor":5.0,"gold_loss":0.0,"damage_taken":0.0,"relics_obtained":["Golden Idol"]}],"is_beta":false,"boss_relics":[],"items_purged_floors":[],"is_endless":false,"potions_floor_spawned":[1,2,6],"killed_by":"Lagavulin","ascension_level":6}}