{"host":"6749gst1gzuv21qf","time":1610299865,"event":{"mods":["Aspiration","BaseMod","Better Altar","Better Match","Better Note","Better Sensory Stone","Better Skull","Better Third Choice","BetterRewards","Colored Map","Colored Powertips","Downfall","Highlight Path","Minty Spire (QoL Compilation)","Permanent Neow","Replay The Spire","Shop Mod","Spicy Shops","StSLib","The Cursed"],"gold_per_floor":[99,119,131,131,141,141,168,181,11,11,0,0,0,26,43,144,144,144,163,163,163,163,163,187,187,212,9,25,38,38,73,83,186,186,186,201,211,211,211,211,238,13,42,42,53,83,83,83,101,101],"floor_reached":51,"playtime":4337,"items_purged":[],"score":966,"play_id":"c97cab30-968a-4cd8-aa37-79b43abe310b","local_time":"20210110123105","is_ascension_mode":false,"campfire_choices":[{"data":"Guardian:SphericShield","floor":13,"key":"SMITH"},{"data":"Guardian:EvasiveProtocol","floor":18,"key":"SMITH"},{"data":"Regret","floor":35,"key":"PURGE"},{"floor":40,"key":"RECALL"},{"data":"Guardian:Orbwalk","floor":42,"key":"SMITH"},{"data":"Guardian:SpikerProtocol","floor":44,"key":"SMITH"}],"circlet_count":0,"master_deck":["Guardian:Defend_Guardian+1","Guardian:Defend_Guardian","Guardian:CurlUp+1","Guardian:TwinSlam","Replay:UnknownCurse","Guardian:AncientConstruct","Guardian:TimeSifter","Guardian:EvasiveProtocol+1","Guardian:SphericShield+1","Regret","Guardian:SphericShield+1","Guardian:ChargeUp","Guardian:Repulse","Parasite","Guardian:WalkerClaw","Guardian:SpikerProtocol+1","Guardian:Planning","Guardian:GatlingBeam","Guardian:PiercingHide+1","RitualDagger","Guardian:SentryBeam","Guardian:ArmoredProtocol","Bite+1","Bite+1","Bite+1","Bite+1","Guardian:TimeCapacitor","Doubt","Guardian:FierceBash+1","Guardian:RollAttack","Guardian:TimeBomb","Guardian:Harden","Guardian:StasisEngine","Guardian:Orbwalk+1","Guardian:ShieldSpikes","Guardian:RollAttack+1","Guardian:Suspension","Guardian:Aged","Replay:SS_hec_2","expansioncontent:Collect","expansioncontent:Torchfire","Guardian:Planning+1"],"relics":["Guardian:ModeShifter","Replay:Rubber Ducky","Ice Cream","Sling","Bronze Scales","Blue Doll","ChewingGum","Gremlin Food","Bloody Idol","Tiny Chest","aspiration:FetidBarrel","Happy Flower","Black Star","Pear","Regal Pillow","downfall:HeartBlessingGreen","downfall:HeartBlessingRed","downfall:HeartBlessingBlue","Chameleon Ring","Iron Hammer","Ancient Tea Set","Replay:Bottled Eggs","Guardian:StasisEgg"],"acts_visited":["Exordium","TheCity","TheBeyond"],"potions_floor_usage":[16,16,31,33,33,46,50,50],"damage_taken":[{"damage":4,"enemies":"Jaw Worm","floor":2,"turns":5},{"damage":7,"enemies":"Small Slimes","floor":3,"turns":4},{"damage":9,"enemies":"Cultist","floor":5,"turns":5},{"damage":9,"enemies":"Large Slime","floor":8,"turns":14},{"damage":4,"enemies":"downfall:FleeingMerchant","floor":9,"turns":4},{"damage":0,"enemies":"downfall:FleeingMerchant","floor":11,"turns":4},{"damage":14,"enemies":"Gremlin Nob","floor":14,"turns":7},{"damage":15,"enemies":"Gremlin Gang","floor":15,"turns":8},{"damage":2,"enemies":"downfall:Defect","floor":16,"turns":10},{"damage":10,"enemies":"3 Byrds","floor":19,"turns":4},{"damage":12,"enemies":"Gremlin Leader","floor":26,"turns":8},{"damage":2,"enemies":"downfall:FleeingMerchant","floor":27,"turns":4},{"damage":13,"enemies":"Chosen","floor":28,"turns":6},{"damage":16,"enemies":"Centurion and Healer","floor":29,"turns":8},{"damage":29,"enemies":"Replay:Snechameleon","floor":31,"turns":4},{"damage":12,"enemies":"Cultist and Chosen","floor":32,"turns":8},{"damage":32,"enemies":"downfall:Ironclad","floor":33,"turns":10},{"damage":0,"enemies":"Orb Walker","floor":36,"turns":5},{"damage":20,"enemies":"3 Darklings","floor":37,"turns":11},{"damage":43,"enemies":"Giant Head","floor":43,"turns":10},{"damage":0,"enemies":"Maw","floor":45,"turns":8},{"damage":9,"enemies":"Reptomancer","floor":46,"turns":7},{"damage":6,"enemies":"4 Shapes","floor":49,"turns":5},{"damage":3,"enemies":"downfall:Watcher","floor":50,"turns":11}],"seed_played":"5636607691775263766","potions_obtained":[{"floor":3,"key":"SteroidPotion"},{"floor":5,"key":"Milkshake"},{"floor":14,"key":"Strength Potion"},{"floor":15,"key":"Dexterity Potion"},{"floor":16,"key":"Guardian:AcceleratePotion"},{"floor":29,"key":"Swift Potion"},{"floor":31,"key":"FearPotion"},{"floor":45,"key":"AttackPotion"},{"floor":46,"key":"Explosive Potion"},{"floor":49,"key":"PowerPotion"}],"is_trial":false,"path_per_floor":["R_BF","M","M","?","M","?","T","M","$","?","$","?","R","E","M","B",null,"R","M","?","?","?","?","T","?","E","$","M","M","?","E","M","B",null,"R_BF","M","M","?","T","R","T","R","E","R","M","E","?","?","M","B",null],"character_chosen":"GUARDIAN","items_purchased":["Ice Cream","Sling","aspiration:FetidBarrel","Guardian:FierceBash+1"],"campfire_rested":0,"item_purchase_floors":[9,9,27,27],"current_hp_per_floor":[80,76,69,69,60,60,60,51,47,67,67,67,67,53,38,36,80,80,70,64,64,24,24,29,29,38,40,42,47,47,29,30,17,56,56,56,56,56,66,66,66,76,48,48,65,69,69,59,61,76],"gold":101,"neow_bonus":"TRANSFORM_TWO_CARDS","is_daily":false,"chose_seed":false,"campfire_upgraded":4,"win_rate":0.0,"timestamp":1610299865,"path_taken":["R_BF","M","M","?","M","?","T","?","$","?","$","?","R","E","M","BOSS","R","M","?","?","?","?","T","?","E","$","?","M","?","E","M","BOSS","R_BF","M","M","?","?","R","T","R","E","R","M","E","?","?","M","BOSS"],"items_purchased_type":["Relic","Relic","Relic","Card"],"build_version":"2020-12-22","purchased_purges":0,"victory":true,"max_hp_per_floor":[80,80,80,80,80,80,80,80,80,80,80,80,80,80,80,80,80,80,80,80,80,80,80,80,56,56,56,56,56,56,56,56,56,56,56,56,56,56,66,66,66,76,76,76,76,76,76,76,76,76],"card_choices":[{"not_picked":["Guardian:Gem_Blue","Guardian:CrystalBeam"],"picked":"Guardian:EvasiveProtocol","floor":2},{"not_picked":["Guardian:Gem_Red","Guardian:Incinerate"],"picked":"Guardian:SphericShield","floor":3},{"not_picked":["Guardian:CrystalBeam","Guardian:PrimingBeam"],"picked":"Guardian:Gem_Purple","floor":5},{"not_picked":["Guardian:Clone","Guardian:VentSteam"],"picked":"Guardian:ChargeUp","floor":8},{"not_picked":["Guardian:CrystalBeam","Guardian:SpikerProtocol"],"picked":"Guardian:Repulse","floor":9},{"not_picked":["Guardian:PiercingHide","Guardian:Incinerate"],"picked":"Guardian:WalkerClaw","floor":11},{"not_picked":["Guardian:Emergency","Guardian:TemporalStrike"],"picked":"Guardian:SpikerProtocol","floor":14},{"not_picked":["Guardian:PiercingHide","Guardian:ShieldCharger"],"picked":"Guardian:Planning","floor":15},{"not_picked":["Guardian:TimeSifter","Guardian:ExploitGems"],"picked":"Guardian:GatlingBeam","floor":16},{"not_picked":["Guardian:ChargeCore","Guardian:PolyBeam"],"picked":"Guardian:PiercingHide+1","floor":19},{"not_picked":["Guardian:Suspension","Guardian:StasisField"],"picked":"Guardian:TimeCapacitor","floor":26},{"not_picked":["Guardian:TemporalStrike","Guardian:Suspension"],"picked":"Guardian:Gem_Lightblue","floor":27},{"not_picked":["Guardian:BronzeOrb","Guardian:SentryBeam"],"picked":"Guardian:RollAttack","floor":28},{"not_picked":["Guardian:Reroute","Guardian:PiercingHide"],"picked":"Guardian:Gem_Blue","floor":29},{"not_picked":["Guardian:Suspension","Guardian:Gem_Red"],"picked":"Guardian:TimeBomb","floor":31},{"not_picked":["Guardian:Planning+1","Guardian:VentSteam"],"picked":"Guardian:Harden","floor":32},{"not_picked":["Guardian:StasisStrike","Guardian:StasisField"],"picked":"Guardian:StasisEngine","floor":33},{"not_picked":["Guardian:Suspension+1","Guardian:ChargeCore","Guardian:WalkerClaw"],"picked":"SKIP","floor":36},{"not_picked":["Guardian:PiercingHide","Guardian:Gem_Crimson"],"picked":"Guardian:Orbwalk","floor":37},{"not_picked":["Guardian:ExploitGems","Guardian:Gem_Yellow"],"picked":"Guardian:ShieldSpikes","floor":43},{"not_picked":["Guardian:Gem_Green","Guardian:ShieldCharger"],"picked":"Guardian:RollAttack+1","floor":45},{"not_picked":["Guardian:PrimingBeam+1","Guardian:RefractedBeam"],"picked":"Guardian:Suspension","floor":46},{"not_picked":["expansioncontent:HyperBeam","expansioncontent:Sear"],"picked":"Replay:SS_hec_2","floor":48},{"not_picked":["Replay:SS_hec_4","Replay:SS_fish_1"],"picked":"expansioncontent:Collect","floor":48},{"not_picked":["expansioncontent:Sear","expansioncontent:HyperBeam"],"picked":"expansioncontent:Torchfire","floor":48},{"not_picked":["Guardian:Gem_Cyan","Guardian:TemporalShield"],"picked":"Guardian:Planning+1","floor":49}],"player_experience":626486,"relics_obtained":[{"floor":7,"key":"Replay:Rubber Ducky"},{"floor":14,"key":"Blue Doll"},{"floor":26,"key":"Tiny Chest"},{"floor":31,"key":"Happy Flower"},{"floor":39,"key":"Pear"},{"floor":41,"key":"Regal Pillow"},{"floor":43,"key":"Chameleon Ring"},{"floor":43,"key":"Iron Hammer"},{"floor":46,"key":"Ancient Tea Set"},{"floor":46,"key":"Replay:Bottled Eggs"}],"event_choices":[{"damage_healed":0,"gold_gain":0,"cards_transformed":["Guardian:Strike_Guardian"],"player_choice":"Change","damage_taken":0,"max_hp_gain":0,"max_hp_loss":0,"event_name":"Living Wall","floor":1,"gold_loss":0,"cards_obtained":["Guardian:TimeSifter"]},{"cards_removed":["Guardian:Gem_Orange"],"damage_healed":0,"gold_gain":0,"player_choice":"Take \u0026 Give","damage_taken":0,"max_hp_gain":0,"max_hp_loss":0,"event_name":"betterNote:BetterNote","floor":6,"gold_loss":0,"cards_obtained":["Guardian:SphericShield"]},{"damage_healed":20,"gold_gain":0,"player_choice":"Healed and dodged fight","damage_taken":0,"max_hp_gain":0,"max_hp_loss":0,"event_name":"Mushrooms","floor":10,"gold_loss":0,"cards_obtained":["Parasite"]},{"damage_healed":0,"gold_gain":0,"player_choice":"Box","damage_taken":0,"relics_obtained":["Bronze Scales"],"max_hp_gain":0,"max_hp_loss":0,"event_name":"Big Fish","floor":12,"gold_loss":0,"cards_obtained":["Regret"]},{"damage_healed":0,"gold_gain":0,"player_choice":" Idol ","damage_taken":40,"relics_obtained":["Bloody Idol"],"max_hp_gain":64,"max_hp_loss":24,"event_name":"betterAltar:BetterAltar","floor":22,"potions_obtained":[],"relics_lost":[],"gold_loss":0},{"damage_healed":0,"gold_gain":0,"cards_transformed":["Guardian:Defend_Guardian","Guardian:Strike_Guardian"],"player_choice":"Became Test Subject","damage_taken":0,"max_hp_gain":0,"max_hp_loss":0,"event_name":"Drug Dealer","floor":23,"gold_loss":0,"cards_obtained":["Guardian:SentryBeam","Guardian:ArmoredProtocol"]},{"damage_healed":0,"gold_gain":0,"player_choice":"Became a vampire","damage_taken":0,"max_hp_gain":0,"max_hp_loss":24,"event_name":"Vampires","floor":25,"gold_loss":0,"cards_obtained":["Bite","Bite","Bite","Bite","Bite"]},{"cards_removed":["Bite"],"damage_healed":0,"gold_gain":0,"player_choice":"Removed Attack","damage_taken":0,"max_hp_gain":0,"max_hp_loss":0,"event_name":"Falling","floor":38,"gold_loss":0}],"is_beta":false,"boss_relics":[{"not_picked":["aspiration:FutureDiary","Philosopher\u0027s Stone"],"picked":"ChewingGum"},{"not_picked":["Guardian:ModeShifterPlus","Coffee Dripper"],"picked":"Black Star"}],"items_purged_floors":[],"is_endless":false,"potions_floor_spawned":[3,5,14,15,16,29,31,45,46,49],"ascension_level":0}}