{"host":"2se5dq1do2gp0x9k","time":1610253429,"event":{"mods":["AchievementEnabler","BaseMod","Block Reminder","Colored Map","Colored Powertips","Minty Spire (QoL Compilation)","Relic Stats","StSLib","SuperFastMode"],"gold_per_floor":[114,114,131,206,171,171,171,171,218,230,230,256,181,209,209,209,209],"floor_reached":16,"playtime":460,"items_purged":["Strike_P"],"score":191,"play_id":"f21e2e68-d03d-4fe0-ab0b-27050d9a1619","local_time":"20210109203709","is_ascension_mode":true,"campfire_choices":[{"data":"Eruption","floor":6,"key":"SMITH"},{"data":"Worship","floor":8,"key":"SMITH"},{"data":"Protect","floor":11,"key":"SMITH"},{"data":"BowlingBash","floor":15,"key":"SMITH"}],"circlet_count":0,"master_deck":["AscendersBane","Strike_P","Strike_P","Defend_P","Defend_P","Defend_P","Defend_P","Eruption+1","Vigilance","CutThroughFate","CutThroughFate","Worship+1","Protect+1","BowlingBash","BowlingBash+1"],"relics":["PureWater","NeowsBlessing","Question Card","Potion Belt","Oddly Smooth Stone","Bottled Flame"],"acts_visited":["Exordium"],"potions_floor_usage":[14],"damage_taken":[{"damage":0,"enemies":"2 Louse","floor":1,"turns":1},{"damage":0,"enemies":"Small Slimes","floor":3,"turns":1},{"damage":0,"enemies":"Cultist","floor":10,"turns":1},{"damage":22,"enemies":"Gremlin Nob","floor":12,"turns":4},{"damage":11,"enemies":"3 Sentries","floor":14,"turns":6},{"damage":5,"enemies":"Hexaghost","floor":16,"turns":7}],"seed_played":"-6458162661496711882","potions_obtained":[{"floor":12,"key":"BottledMiracle"}],"is_trial":false,"path_per_floor":["M","?","M","?","?","R","?","R","T","M","R","E","$","E","R","B"],"character_chosen":"WATCHER","items_purchased":[],"campfire_rested":0,"item_purchase_floors":[],"current_hp_per_floor":[61,50,50,39,56,56,56,56,56,56,56,34,34,23,23,18,18],"gold":209,"neow_bonus":"THREE_ENEMY_KILL","is_daily":false,"chose_seed":false,"campfire_upgraded":4,"win_rate":0.0,"timestamp":1610253429,"path_taken":["M","?","M","?","?","R","?","R","T","?","R","E","$","E","R","BOSS"],"items_purchased_type":[],"build_version":"2020-12-22","purchased_purges":1,"victory":false,"max_hp_per_floor":[68,68,68,68,68,68,68,68,68,68,68,68,68,68,68,68,68],"relic_stats":{"counters":[6,20],"Question Card":4,"obtain_stats":[{"Potion Belt":9,"Bottled Flame":14,"NeowsBlessing":0,"Oddly Smooth Stone":12,"PureWater":0,"Question Card":2},{"Potion Belt":2,"Bottled Flame":5,"NeowsBlessing":0,"Oddly Smooth Stone":4,"PureWater":0,"Question Card":1},{"Potion Belt":2,"Bottled Flame":13,"NeowsBlessing":0,"Oddly Smooth Stone":7,"PureWater":0,"Question Card":1}]},"card_choices":[{"not_picked":["FlurryOfBlows","Consecrate"],"picked":"CutThroughFate","floor":1},{"not_picked":["FlurryOfBlows","ThirdEye","Adaptation"],"picked":"CutThroughFate","floor":3},{"not_picked":["Tantrum","SashWhip","CrushJoints"],"picked":"Protect","floor":10},{"not_picked":["Prostrate","ClearTheMind","Halt"],"picked":"BowlingBash","floor":12},{"not_picked":["Perseverance","DeceiveReality","Blasphemy"],"picked":"BowlingBash","floor":14}],"player_experience":3830336,"relics_obtained":[{"floor":9,"key":"Potion Belt"},{"floor":12,"key":"Oddly Smooth Stone"},{"floor":14,"key":"Bottled Flame"}],"event_choices":[{"damage_healed":0,"gold_gain":0,"player_choice":"Success","damage_taken":11,"relics_obtained":["Question Card"],"max_hp_gain":0,"max_hp_loss":0,"event_name":"Scrap Ooze","floor":2,"gold_loss":0},{"damage_healed":0,"gold_gain":75,"player_choice":"Gather Gold","damage_taken":11,"max_hp_gain":0,"max_hp_loss":0,"event_name":"World of Goop","floor":4,"gold_loss":0},{"damage_healed":17,"gold_gain":0,"player_choice":"Healed","damage_taken":0,"max_hp_gain":0,"max_hp_loss":0,"event_name":"The Cleric","floor":5,"gold_loss":35},{"damage_healed":0,"gold_gain":0,"cards_transformed":["Strike_P"],"player_choice":"Transformed","damage_taken":0,"max_hp_gain":0,"max_hp_loss":0,"event_name":"Transmorgrifier","floor":7,"gold_loss":0,"cards_obtained":["Worship"]}],"is_beta":false,"boss_relics":[],"items_purged_floors":[13],"is_endless":false,"potions_floor_spawned":[12],"killed_by":"Hexaghost","ascension_level":16}}