{"host":"8fuipfsvjht9cgcs","time":1610289842,"event":{"mods":["AchievementEnabler","BaseMod","Colored Map","Colored Powertips","DeckTracker","Minty Spire (QoL Compilation)","Replay The Spire","StSLib","SuperFastMode","The Gatherer"],"gold_per_floor":[118,118,137,39,39,39,54,71,94,94,142,142,152,52,52,149,149,161,48,48,48,48,81,81,81,81,116,134,148,179,194,194,296,296,314,13,13,13,13,13,41,51,51,51,30,0,27,27,27],"floor_reached":48,"playtime":2270,"items_purged":["Parasite","Strike_R"],"score":1276,"play_id":"5a075aac-3010-42f7-85f4-ea0f42f96ed3","local_time":"20210111034402","is_ascension_mode":true,"campfire_choices":[{"data":"Armaments","floor":6.0,"key":"SMITH"},{"data":"Body Slam","floor":10.0,"key":"SMITH"},{"floor":15.0,"key":"REST"},{"data":"Entrench","floor":25.0,"key":"SMITH"},{"data":"Barricade","floor":32.0,"key":"SMITH"},{"data":"Berserk","floor":40,"key":"SMITH"},{"data":"Abandon","floor":40,"key":"SMITH"},{"data":"Shrug It Off","floor":44,"key":"SMITH"},{"data":"Power Through","floor":44,"key":"SMITH"}],"circlet_count":0,"master_deck":["AscendersBane","Barricade+1","Entrench+1","Body Slam+1","Armaments+1","Pommel Strike","Shrug It Off+1","Blind","Berserk+1","Abandon+1","Immolate","Power Through+1","Feel No Pain","Fire Breathing","Shrug It Off","Double Tap+1","Battle Trance","True Grit","Fiend Fire","Abandon+1","Dark Embrace","Dark Embrace","Shrug It Off+1"],"relics":["Burning Blood","Nunchaku","Blue Doll","Pandora\u0027s Box","Boot","Onion Ring","Lantern","Smiling Mask","Empty Cage","Membership Card","Replay:Arrowhead","Ring of Misfortune","Kunai","Replay:Bottled Flurry","Red Mask","Regal Pillow"],"acts_visited":["Exordium","TheCity","TheBeyond"],"potions_floor_usage":[47],"damage_taken":[{"damage":31.0,"enemies":"Jaw Worm","floor":1.0,"turns":7.0},{"damage":15.0,"enemies":"2 Louse","floor":3.0,"turns":4.0},{"damage":11.0,"enemies":"Cultist","floor":7.0,"turns":6.0},{"damage":13.0,"enemies":"Blue Slaver","floor":8.0,"turns":3.0},{"damage":8.0,"enemies":"Large Slime","floor":13.0,"turns":7.0},{"damage":0.0,"enemies":"Fading Forest","floor":16.0,"turns":11.0},{"damage":11.0,"enemies":"Spheric Guardian","floor":18.0,"turns":5.0},{"damage":0.0,"enemies":"Replay:Snechameleon","floor":23.0,"turns":6.0},{"damage":27.0,"enemies":"Book of Stabbing","floor":27.0,"turns":7.0},{"damage":7.0,"enemies":"3 Byrds","floor":28.0,"turns":4.0},{"damage":0.0,"enemies":"Centurion and Healer","floor":29.0,"turns":5.0},{"damage":14.0,"enemies":"Replay:Snechameleon","floor":30.0,"turns":7.0},{"damage":17.0,"enemies":"Snecko","floor":31.0,"turns":9.0},{"damage":39.0,"enemies":"Pondfish","floor":33.0,"turns":11.0},{"damage":5.0,"enemies":"Orb Walker","floor":35.0,"turns":5.0},{"damage":0,"enemies":"Nemesis","floor":41,"turns":11},{"damage":9,"enemies":"3 Shapes","floor":42,"turns":3},{"damage":17,"enemies":"R_Hoarder","floor":47,"turns":7},{"damage":62,"enemies":"Sphere and 2 Shapes","floor":48,"turns":3}],"seed_played":"6347305107122851214","potions_obtained":[{"floor":3.0,"key":"SkillPotion"},{"floor":8.0,"key":"Death Potion"},{"floor":11.0,"key":"Regen Potion"},{"floor":28.0,"key":"Swift Potion"},{"floor":31.0,"key":"Swift Potion"},{"floor":41,"key":"DistilledChaos"}],"is_trial":false,"path_per_floor":["M","?","M","$","?","R","M","M","T","R","?","?","M","$","R","B",null,"M","$","?","T","?","E","$","R","T","E","M","M","E","M","R","B",null,"M","$","?","$","?","R","E","M","T","R","$","?","E","M"],"character_chosen":"IRONCLAD","items_purchased":["Armaments","Double Tap+1","Membership Card","Replay:Arrowhead","Dark Embrace"],"campfire_rested":1,"item_purchase_floors":[4,19,36,36,45],"current_hp_per_floor":[47,52,43,43,43,43,38,31,31,31,31,31,29,29,53,59,76,71,71,71,71,71,77,77,77,77,56,55,61,53,57,57,24,68,69,69,69,69,69,69,75,72,72,72,72,72,61,0,0],"gold":27,"neow_bonus":"THREE_RARE_CARDS","is_daily":false,"chose_seed":false,"campfire_upgraded":8,"win_rate":0.0,"timestamp":1610289842,"path_taken":["M","?","M","$","?","R","?","M","T","R","?","?","?","$","R","BOSS","M","?","?","?","?","E","$","R","T","E","?","M","E","M","R","BOSS","M","$","?","$","?","R","E","M","T","R","?","?","E","M"],"items_purchased_type":["Card","Card","Relic","Relic","Card"],"build_version":"2020-12-22","purchased_purges":2,"victory":false,"max_hp_per_floor":[80,85,85,82,82,82,82,82,82,82,82,82,82,82,82,82,82,82,82,82,82,82,82,82,82,82,82,82,82,82,82,82,82,82,82,82,82,82,82,82,82,82,82,82,82,82,82,82,82],"card_choices":[{"not_picked":["Eclipse","Brutality"],"picked":"Barricade","floor":0.0},{"not_picked":["Dual Wield","Combust"],"picked":"Entrench","floor":1.0},{"not_picked":["Iron Wave","Replay:Undeath\u0027s Touch"],"picked":"Body Slam","floor":3.0},{"not_picked":["Cleave","Disarm"],"picked":"Pommel Strike","floor":7.0},{"not_picked":["Hemokinesis","Wild Strike","Thunderclap"],"picked":"SKIP","floor":8.0},{"not_picked":["Thunderclap","Perfected Strike"],"picked":"Shrug It Off","floor":11.0},{"not_picked":["Warcry","ReplayTheSpireMod:LeadingStrike","Intimidate"],"picked":"SKIP","floor":13.0},{"not_picked":["Replay:Many Hands","Juggernaut"],"picked":"Berserk","floor":16.0},{"not_picked":["Cleave","Warcry","Pommel Strike+1"],"picked":"SKIP","floor":18.0},{"not_picked":["Headbutt","Spot Weakness"],"picked":"True Grit","floor":23.0},{"not_picked":["Heavy Blade+1","Fire Breathing","Bloodletting"],"picked":"SKIP","floor":27.0},{"not_picked":["Flex","Defy Death"],"picked":"Second Wind","floor":28.0},{"not_picked":["Inflame","Flex","Sword Boomerang"],"picked":"SKIP","floor":29.0},{"not_picked":["Life Link","Uppercut+1","ReplayTheSpireMod:Limb From Limb+1"],"picked":"SKIP","floor":30.0},{"not_picked":["ReplayTheSpireMod:Corrosion Curse","Headbutt","Heavy Blade+1"],"picked":"SKIP","floor":31.0},{"not_picked":["Double Tap","Barricade"],"picked":"Fiend Fire","floor":33.0},{"not_picked":["Flame Barrier+1","Spot Weakness","Armaments+1"],"picked":"SKIP","floor":35.0},{"not_picked":["Ghostly Armor+1","Searing Blow+1","Anger+1"],"picked":"SKIP","floor":41},{"not_picked":["True Grit","Bloodletting+1"],"picked":"Abandon+1","floor":42},{"not_picked":["Life Link","Clothesline"],"picked":"Shrug It Off+1","floor":47}],"player_experience":365904,"relics_obtained":[{"floor":9.0,"key":"Nunchaku"},{"floor":11.0,"key":"Blue Doll"},{"floor":23.0,"key":"Boot"},{"floor":26.0,"key":"Onion Ring"},{"floor":27.0,"key":"Lantern"},{"floor":30.0,"key":"Smiling Mask"},{"floor":37,"key":"Ring of Misfortune"},{"floor":41,"key":"Kunai"},{"floor":43,"key":"Replay:Bottled Flurry"},{"floor":47,"key":"Regal Pillow"}],"event_choices":[{"damage_healed":0.0,"max_hp_gain":5.0,"max_hp_loss":0.0,"gold_gain":0.0,"event_name":"Big Fish","player_choice":"Donut","floor":2.0,"gold_loss":0.0,"damage_taken":0.0},{"cards_removed":["Strike_R"],"damage_healed":0.0,"max_hp_gain":0.0,"max_hp_loss":0.0,"gold_gain":0.0,"event_name":"Bonfire Elementals","player_choice":"Offered Basic","floor":5.0,"gold_loss":0.0,"damage_taken":0.0},{"damage_healed":0.0,"max_hp_gain":0.0,"max_hp_loss":0.0,"gold_gain":0.0,"event_name":"Match and Keep!","player_choice":"1 cards matched","floor":12.0,"gold_loss":0.0,"damage_taken":0.0,"cards_obtained":["Blind"]},{"damage_healed":0.0,"max_hp_gain":0.0,"max_hp_loss":0.0,"gold_gain":0.0,"event_name":"The Library","player_choice":"Read","floor":20.0,"gold_loss":0.0,"damage_taken":0.0,"cards_obtained":["Battle Trance"]},{"cards_removed":["Clash"],"damage_healed":0,"gold_gain":0,"player_choice":"Removed Attack","damage_taken":0,"max_hp_gain":0,"max_hp_loss":0,"event_name":"Falling","floor":39,"gold_loss":0},{"damage_healed":0,"gold_gain":0,"player_choice":"Paid","damage_taken":0,"relics_obtained":["Red Mask"],"max_hp_gain":0,"max_hp_loss":0,"event_name":"Tomb of Lord Red Mask","floor":46,"gold_loss":30}],"is_beta":false,"boss_relics":[{"not_picked":["Abe\u0027s Treasure","Ooze Armor"],"picked":"Pandora\u0027s Box"},{"not_picked":["Black Blood","Runic Cube"],"picked":"Empty Cage"}],"items_purged_floors":[4,14],"is_endless":false,"potions_floor_spawned":[3,8,16,28,29,31,41],"killed_by":"Sphere and 2 Shapes","ascension_level":11}}