{"host":"8rqsnaeml9gxb0kp","time":1610246166,"event":{"mods":["AchievementEnabler","BaseMod","Dark Map","Minty Spire (QoL Compilation)","StSLib"],"gold_per_floor":[119,79,91,110,110,136,164,251,286,298,327,351,383,406,418,535,547,575,587,587],"floor_reached":19,"playtime":1813,"items_purged":[],"score":182,"play_id":"203598c7-9ff3-46b1-b4e1-6802a674a5c2","local_time":"20210109183606","is_ascension_mode":true,"campfire_choices":[{"data":"Flying Knee","floor":10,"key":"SMITH"},{"floor":15,"key":"REST"}],"circlet_count":0,"master_deck":["Strike_G","Strike_G","Strike_G","Strike_G","Strike_G","Defend_G","Defend_G","Defend_G","Defend_G","Defend_G","Survivor","Neutralize","Good Instincts","Infinite Blades","Quick Slash","Blur","Flying Knee+1","A Thousand Cuts","Flying Knee","All Out Attack","Sucker Punch","Bullet Time","Malaise","Deadly Poison+1"],"relics":["Ring of the Snake","MawBank","Bag of Preparation","SlaversCollar"],"acts_visited":["Exordium","TheCity"],"potions_floor_usage":[6,6,14,16,16,19],"damage_taken":[{"damage":0,"enemies":"Cultist","floor":1,"turns":6},{"damage":2,"enemies":"Small Slimes","floor":3,"turns":4},{"damage":1,"enemies":"Jaw Worm","floor":4,"turns":4},{"damage":12,"enemies":"3 Sentries","floor":6,"turns":14},{"damage":9,"enemies":"Exordium Wildlife","floor":7,"turns":6},{"damage":0,"enemies":"2 Fungi Beasts","floor":11,"turns":4},{"damage":18,"enemies":"Lots of Slimes","floor":12,"turns":6},{"damage":8,"enemies":"Exordium Thugs","floor":13,"turns":5},{"damage":6,"enemies":"Gremlin Gang","floor":14,"turns":4},{"damage":29,"enemies":"Hexaghost","floor":16,"turns":13},{"damage":13,"enemies":"Shell Parasite","floor":18,"turns":11},{"damage":67,"enemies":"Masked Bandits","floor":19,"turns":5}],"seed_played":"1735768391398085662","potions_obtained":[{"floor":2,"key":"SkillPotion"},{"floor":2,"key":"Ancient Potion"},{"floor":2,"key":"EssenceOfSteel"},{"floor":7,"key":"SpeedPotion"},{"floor":13,"key":"PowerPotion"},{"floor":14,"key":"Dexterity Potion"},{"floor":18,"key":"Explosive Potion"}],"is_trial":false,"path_per_floor":["M","?","M","M","?","E","M","?","T","R","M","M","M","M","R","B",null,"M","?"],"character_chosen":"THE_SILENT","items_purchased":[],"campfire_rested":1,"item_purchase_floors":[],"current_hp_per_floor":[70,70,68,67,72,60,51,40,40,40,40,22,14,8,30,1,75,62,0,0],"gold":587,"neow_bonus":"RANDOM_COLORLESS","is_daily":false,"chose_seed":false,"campfire_upgraded":1,"win_rate":0.0,"timestamp":1610246166,"path_taken":["M","?","?","M","?","E","M","?","T","R","M","?","M","M","R","BOSS","M","?"],"items_purchased_type":[],"build_version":"2020-12-22","purchased_purges":0,"victory":false,"max_hp_per_floor":[70,70,70,70,75,75,75,75,75,75,75,75,75,75,75,75,75,75,75,75],"card_choices":[{"not_picked":["Deep Breath","Finesse"],"picked":"Good Instincts","floor":0},{"not_picked":["Underhanded Strike","Masterful Stab"],"picked":"Infinite Blades","floor":1},{"not_picked":["Sucker Punch","Skewer"],"picked":"Quick Slash","floor":3},{"not_picked":["Outmaneuver","Backstab"],"picked":"Blur","floor":4},{"not_picked":["Outmaneuver","Backflip"],"picked":"Flying Knee","floor":6},{"not_picked":["PiercingWail","Blur"],"picked":"A Thousand Cuts","floor":7},{"not_picked":["Infinite Blades","Slice"],"picked":"Flying Knee","floor":11},{"not_picked":["Acrobatics","Tactician"],"picked":"All Out Attack","floor":12},{"not_picked":["Well Laid Plans","Noxious Fumes"],"picked":"Sucker Punch","floor":13},{"not_picked":["Bane","Noxious Fumes"],"picked":"Bullet Time","floor":14},{"not_picked":["Envenom","After Image"],"picked":"Malaise","floor":16},{"not_picked":["Flechettes","Catalyst"],"picked":"Deadly Poison+1","floor":18}],"player_experience":36242,"relics_obtained":[{"floor":6,"key":"MawBank"},{"floor":9,"key":"Bag of Preparation"}],"event_choices":[{"damage_healed":0,"gold_gain":0,"player_choice":"Bought 3 Potions","damage_taken":0,"max_hp_gain":0,"max_hp_loss":0,"event_name":"The Woman in Blue","floor":2,"gold_loss":0},{"damage_healed":0,"gold_gain":0,"player_choice":"Donut","damage_taken":0,"max_hp_gain":5,"max_hp_loss":0,"event_name":"Big Fish","floor":5,"gold_loss":0},{"damage_healed":0,"gold_gain":75,"player_choice":"Gather Gold","damage_taken":11,"max_hp_gain":0,"max_hp_loss":0,"event_name":"World of Goop","floor":8,"gold_loss":0},{"damage_healed":0,"gold_gain":0,"player_choice":"Fought Bandits","damage_taken":0,"max_hp_gain":0,"max_hp_loss":0,"event_name":"Masked Bandits","floor":19,"gold_loss":0}],"is_beta":false,"boss_relics":[{"not_picked":["Fusion Hammer","Snecko Eye"],"picked":"SlaversCollar"}],"items_purged_floors":[],"is_endless":false,"potions_floor_spawned":[4,7,13,14,18],"killed_by":"Masked Bandits","ascension_level":1}}