{"host":"sian7qp8a9pc9xwd","time":1610244836,"event":{"mods":["BaseMod","Minty Spire (QoL Compilation)","StSLib","SuperFastMode"],"gold_per_floor":[116,116,116,35,46,46,63,93,93,93,111,144,144,319,319,424,424,440,454,454,454,85,114,214,233,233,233,46,46,76,89,89,190,190,210,224,99,114,131,165,165,183,183,183,93,104,121,153,153,153,153,153,82,115,115],"floor_reached":56,"playtime":3491,"items_purged":["Writhe","Doubt","Strike_B"],"score":1974,"play_id":"e31006ed-273c-425f-8757-402017b7c228","local_time":"20210109211356","is_ascension_mode":true,"campfire_choices":[{"data":"Capacitor","floor":6.0,"key":"SMITH"},{"data":"Genetic Algorithm","floor":10.0,"key":"SMITH"},{"floor":13.0,"key":"REST"},{"data":"Buffer","floor":15.0,"key":"SMITH"},{"data":"Thunder Strike","floor":27.0,"key":"SMITH"},{"data":"Defragment","floor":29.0,"key":"SMITH"},{"floor":32.0,"key":"REST"},{"data":"Defragment","floor":41.0,"key":"SMITH"},{"floor":44.0,"key":"RECALL"},{"data":"Defragment","floor":49.0,"key":"SMITH"},{"data":"Chaos","floor":52.0,"key":"SMITH"}],"circlet_count":0,"master_deck":["AscendersBane","Strike_B","Defend_B","Defend_B","Defend_B","Defend_B","Zap+1","Dualcast","Ball Lightning","Capacitor+1","FTL","Chill","Genetic Algorithm+1","Buffer+1","Thunder Strike+1","Cold Snap","Cold Snap+1","RitualDagger","Barrage+1","Glacier","Defragment+1","Coolheaded","Chaos+1","Defragment+1","Core Surge","BootSequence+1","Defragment+1","Ball Lightning+1","Conserve Battery+1","Defragment+1","Ball Lightning+1"],"relics":["Cracked Core","HornCleat","Anchor","Ancient Tea Set","Velvet Choker","Centennial Puzzle","Lantern","Lee\u0027s Waffle","FossilizedHelix","Bottled Flame","Turnip","Black Star","Meat on the Bone","DataDisk","Orichalcum","Lizard Tail","Bag of Marbles","Mummified Hand"],"acts_visited":["Exordium","TheCity","TheBeyond","TheEnding"],"potions_floor_usage":[55,55],"damage_taken":[{"damage":4.0,"enemies":"Small Slimes","floor":1.0,"turns":3.0},{"damage":7.0,"enemies":"Jaw Worm","floor":5.0,"turns":3.0},{"damage":0.0,"enemies":"Cultist","floor":7.0,"turns":3.0},{"damage":15.0,"enemies":"Gremlin Nob","floor":8.0,"turns":3.0},{"damage":7.0,"enemies":"Lots of Slimes","floor":11.0,"turns":4.0},{"damage":9.0,"enemies":"3 Sentries","floor":12.0,"turns":8.0},{"damage":45.0,"enemies":"The Guardian","floor":16.0,"turns":12.0},{"damage":3.0,"enemies":"Spheric Guardian","floor":18.0,"turns":5.0},{"damage":6.0,"enemies":"Shell Parasite","floor":19.0,"turns":6.0},{"damage":42.0,"enemies":"Book of Stabbing","floor":23.0,"turns":7.0},{"damage":0.0,"enemies":"Centurion and Healer","floor":25.0,"turns":7.0},{"damage":0.0,"enemies":"Gremlin Leader","floor":30.0,"turns":9.0},{"damage":8.0,"enemies":"Snake Plant","floor":31.0,"turns":4.0},{"damage":0.0,"enemies":"Champ","floor":33.0,"turns":11.0},{"damage":9.0,"enemies":"3 Darklings","floor":35.0,"turns":8.0},{"damage":0.0,"enemies":"3 Shapes","floor":36.0,"turns":6.0},{"damage":19.0,"enemies":"Jaw Worm Horde","floor":38.0,"turns":6.0},{"damage":0.0,"enemies":"4 Shapes","floor":39.0,"turns":8.0},{"damage":0.0,"enemies":"Nemesis","floor":40.0,"turns":7.0},{"damage":0.0,"enemies":"Transient","floor":42.0,"turns":5.0},{"damage":0.0,"enemies":"3 Darklings","floor":46.0,"turns":7.0},{"damage":0.0,"enemies":"Spire Growth","floor":47.0,"turns":6.0},{"damage":0.0,"enemies":"Giant Head","floor":48.0,"turns":9.0},{"damage":9.0,"enemies":"Awakened One","floor":50.0,"turns":15.0},{"damage":0,"enemies":"Shield and Spear","floor":54,"turns":9},{"damage":69,"enemies":"The Heart","floor":55,"turns":11}],"seed_played":"2911032091143922607","potions_obtained":[{"floor":5.0,"key":"LiquidMemories"},{"floor":12.0,"key":"EssenceOfSteel"},{"floor":16.0,"key":"Dexterity Potion"},{"floor":19.0,"key":"ColorlessPotion"},{"floor":23.0,"key":"GamblersBrew"},{"floor":33.0,"key":"Explosive Potion"},{"floor":38.0,"key":"EssenceOfDarkness"},{"floor":39.0,"key":"EssenceOfDarkness"}],"is_trial":false,"path_per_floor":["M","?","?","$","M","R","M","E","T","R","M","E","R","?","R","B",null,"M","M","?","?","$","E","?","M","T","R","$","R","E","M","R","B",null,"M","M","$","M","M","E","R","M","T","R","?","M","M","E","R","B",null,"R","$","E","B",null],"character_chosen":"DEFECT","items_purchased":["Capacitor","Lantern","Lee\u0027s Waffle","Defragment","Coolheaded","PotionOfCapacity"],"campfire_rested":2,"item_purchase_floors":[4,22,22,28,28,53],"current_hp_per_floor":[64,57,62,62,55,55,55,40,40,40,33,24,48,48,48,3,61,58,52,52,46,87,45,45,45,45,45,45,45,45,37,63,63,81,72,72,72,53,53,53,53,53,53,53,53,53,53,53,53,44,76,76,76,76,19],"gold":115,"neow_bonus":"UPGRADE_CARD","is_daily":false,"chose_seed":false,"campfire_upgraded":8,"win_rate":0.0,"timestamp":1610244836,"path_taken":["M","?","?","$","M","R","M","E","T","R","M","E","R","?","R","BOSS","M","M","?","?","$","E","?","M","T","R","$","R","E","?","R","BOSS","M","M","$","M","?","E","R","M","T","R","?","?","M","E","R","BOSS","R","$","E","BOSS"],"items_purchased_type":["Card","Relic","Relic","Card","Card","Potion"],"build_version":"2020-12-22","purchased_purges":3,"victory":true,"max_hp_per_floor":[75,75,80,80,80,80,80,80,80,80,80,80,80,80,80,80,80,80,80,80,80,87,87,87,87,87,87,87,87,87,87,87,87,87,87,87,87,87,87,87,87,87,87,87,87,87,87,87,87,87,87,87,87,87,87],"card_choices":[{"not_picked":["Conserve Battery","Rip and Tear"],"picked":"Ball Lightning","floor":1.0},{"not_picked":["Streamline","Blizzard"],"picked":"FTL","floor":5.0},{"not_picked":["Steam","Stack"],"picked":"Chill","floor":7.0},{"not_picked":["Go for the Eyes","Melter"],"picked":"Genetic Algorithm","floor":8.0},{"not_picked":["Beam Cell","Streamline","Force Field"],"picked":"SKIP","floor":11.0},{"not_picked":["Reinforced Body","Scrape"],"picked":"Buffer","floor":12.0},{"not_picked":["Fission","Meteor Strike"],"picked":"Thunder Strike","floor":16.0},{"not_picked":["BootSequence+1","Genetic Algorithm"],"picked":"Cold Snap","floor":18.0},{"not_picked":["Chill","Static Discharge+1"],"picked":"Cold Snap+1","floor":19.0},{"not_picked":["Double Energy","Gash"],"picked":"Barrage+1","floor":23.0},{"not_picked":["Barrage","Redo"],"picked":"Glacier","floor":25.0},{"not_picked":["Barrage","Sunder+1"],"picked":"Chaos","floor":30.0},{"not_picked":["Fusion","Stack"],"picked":"Defragment+1","floor":31.0},{"not_picked":["Meteor Strike","Reboot"],"picked":"Core Surge","floor":33.0},{"not_picked":["Blizzard","Recycle+1"],"picked":"BootSequence+1","floor":35.0},{"not_picked":["Lockon","Consume+1"],"picked":"Defragment","floor":36.0},{"not_picked":["Streamline","Turbo+1"],"picked":"Ball Lightning","floor":38.0},{"not_picked":["Leap","Gash"],"picked":"Conserve Battery+1","floor":39.0},{"not_picked":["Genetic Algorithm","Gash+1"],"picked":"Defragment","floor":40.0},{"not_picked":["Genetic Algorithm","FTL","Reprogram"],"picked":"SKIP","floor":42.0},{"not_picked":["Meteor Strike","Stack+1","Rip and Tear+1"],"picked":"SKIP","floor":46.0},{"not_picked":["Auto Shields+1","Compile Driver+1","Cold Snap"],"picked":"SKIP","floor":47.0},{"not_picked":["Leap+1","Hello World+1"],"picked":"Ball Lightning+1","floor":48.0},{"not_picked":["Beam Cell+1","Gash+1","Thunder Strike"],"picked":"SKIP","floor":54}],"player_experience":645981,"relics_obtained":[{"floor":8.0,"key":"HornCleat"},{"floor":9.0,"key":"Anchor"},{"floor":12.0,"key":"Ancient Tea Set"},{"floor":23.0,"key":"FossilizedHelix"},{"floor":26.0,"key":"Bottled Flame"},{"floor":30.0,"key":"Turnip"},{"floor":40.0,"key":"Meat on the Bone"},{"floor":40.0,"key":"DataDisk"},{"floor":48.0,"key":"Orichalcum"},{"floor":48.0,"key":"Lizard Tail"},{"floor":54,"key":"Bag of Marbles"},{"floor":54,"key":"Mummified Hand"}],"event_choices":[{"cards_removed":["Strike_B"],"damage_healed":0.0,"max_hp_gain":0.0,"max_hp_loss":0.0,"gold_gain":0.0,"event_name":"Golden Wing","player_choice":"Card Removal","floor":2.0,"gold_loss":0.0,"damage_taken":7.0},{"damage_healed":0.0,"max_hp_gain":5.0,"max_hp_loss":0.0,"gold_gain":0.0,"event_name":"Big Fish","player_choice":"Donut","floor":3.0,"gold_loss":0.0,"damage_taken":0.0},{"damage_healed":0.0,"max_hp_gain":0.0,"max_hp_loss":0.0,"gold_gain":175.0,"event_name":"Liars Game","player_choice":"AGREE","floor":14.0,"gold_loss":0.0,"damage_taken":0.0,"cards_obtained":["Doubt"]},{"damage_healed":0.0,"max_hp_gain":0.0,"max_hp_loss":0.0,"gold_gain":0.0,"event_name":"The Mausoleum","player_choice":"Opened","floor":20.0,"gold_loss":0.0,"damage_taken":0.0,"relics_obtained":["Centennial Puzzle"],"cards_obtained":["Writhe"]},{"damage_healed":0.0,"max_hp_gain":0.0,"max_hp_loss":0.0,"gold_gain":0.0,"event_name":"Nest","player_choice":"Joined the Cult","floor":21.0,"gold_loss":0.0,"damage_taken":6.0,"cards_obtained":["RitualDagger"]},{"damage_healed":0.0,"max_hp_gain":0.0,"max_hp_loss":0.0,"gold_gain":100.0,"event_name":"Golden Shrine","player_choice":"Pray","floor":24.0,"gold_loss":0.0,"damage_taken":0.0},{"cards_removed":["Strike_B"],"damage_healed":0.0,"max_hp_gain":0.0,"max_hp_loss":0.0,"gold_gain":0.0,"event_name":"Designer","player_choice":"Upgrade and Remove","floor":45.0,"gold_loss":90.0,"damage_taken":0.0,"cards_upgraded":["Ball Lightning"]}],"is_beta":false,"boss_relics":[{"not_picked":["Fusion Hammer","Snecko Eye"],"picked":"Velvet Choker"},{"not_picked":["FrozenCore","Inserter"],"picked":"Black Star"}],"items_purged_floors":[22,28,37],"is_endless":false,"potions_floor_spawned":[5,12,16,19,23,33,35,38,39,40],"ascension_level":11}}