{"host":"h5acbxt0wmjo1kpm","time":1610274344,"event":{"mods":["2.2 Compatiblity","Act Like it!","AlwaysNeverKeys","Aspiration","Bard","Bartender","BaseMod","Better Third Choice","Colored Map","Elementarium","Gensokyo","GifTheSpireLib","Hallownest","Marisa????????","Menagerie","Minty Spire (QoL Compilation)","Permanent Neow","Potionbrewer","Relic Filter","Replay The Spire","Robot Space Explorer","RumiaBox-????????","Shade Mod","Spicy Shops","StSLib","Strawberry Spire","The Blackbeard","The Dragon Tamer","The Gatherer","The Hayseed","The Problem Sleuth","The Servant 0.9.4","Wandering Minibosses","vexMod"],"gold_per_floor":[119,25,40,57,57,57,6,31,31,31,31,60,60,70,70,70,70],"floor_reached":16,"playtime":807,"items_purged":[],"score":162,"play_id":"5cae75b2-290a-49a6-be59-f98421470740","local_time":"20210110022544","is_ascension_mode":true,"campfire_choices":[{"data":"Neutralize","floor":6,"key":"SMITH"},{"data":"strawberrySpire:SideSwipe","floor":13,"key":"SMITH"}],"circlet_count":0,"master_deck":["AscendersBane","Strike_G+1","Strike_G+1","Strike_G+1","Strike_G+1","Strike_G+1","Defend_G+1","Defend_G+1","Defend_G+1","Defend_G+1","Defend_G+1","Survivor+1","Cloak And Dagger+1","strawberrySpire:SideSwipe+1","Deadly Poison+1","strawberrySpire:SpinKick","ReplayTheSpireMod:Exploit Weakness+1","Heel Hook","Heel Hook","Quick Slash","Gatherer:FragileHammer","strawberrySpire:SideSwipe"],"relics":["aspiration:DSix","Replay:Bottled Eggs","MoreBug","Sizzling Blood","vexMod:PlasmaPancake","strawberrySpire:ByrdBeak"],"acts_visited":["Exordium"],"potions_floor_usage":[],"damage_taken":[{"damage":12,"enemies":"Jaw Worm","floor":1,"turns":9},{"damage":0,"enemies":"Small Slimes","floor":3,"turns":2},{"damage":0,"enemies":"Cultist","floor":4,"turns":3},{"damage":19,"enemies":"strawberrySpire:EnergyPylons","floor":8,"turns":6},{"damage":40,"enemies":"Replay:BlueRogue","floor":12,"turns":8},{"damage":0,"enemies":"Looter","floor":14,"turns":2},{"damage":4,"enemies":"The Guardian","floor":16,"turns":2}],"seed_played":"8857200462378457141","potions_obtained":[{"floor":8,"key":"SpeedPotion"},{"floor":12,"key":"Languid Potion"},{"floor":14,"key":"potionbrewer:BlacksmithPotion"}],"is_trial":false,"path_per_floor":["M","$","M","M","?","R","$","E","T","?","?","E","R","M","R_BF","B"],"character_chosen":"THE_SILENT","items_purchased":["strawberrySpire:SideSwipe","Deadly Poison","Heel Hook"],"campfire_rested":0,"item_purchase_floors":[2,2,7],"current_hp_per_floor":[51,51,51,51,51,51,51,32,32,36,36,31,31,35,35,33,33],"gold":70,"neow_bonus":"DSIX","is_daily":false,"chose_seed":false,"campfire_upgraded":2,"win_rate":0.0,"timestamp":1610274344,"path_taken":["M","$","M","M","?","R","$","E","T","?","?","E","R","M","R_BF","BOSS"],"items_purchased_type":["Card","Card","Card"],"build_version":"2020-12-22","purchased_purges":0,"victory":false,"max_hp_per_floor":[70,70,70,70,70,70,70,70,70,74,74,80,80,80,80,80,80],"card_choices":[{"not_picked":["Blade Dance","Reflex"],"picked":"Cloak And Dagger","floor":1},{"not_picked":["Masterful Stab","Toxin Wave"],"picked":"strawberrySpire:SpinKick","floor":3},{"not_picked":["strawberrySpire:Pant","Outmaneuver"],"picked":"ReplayTheSpireMod:Exploit Weakness","floor":4},{"not_picked":["Deflect","strawberrySpire:Pant"],"picked":"Quick Slash","floor":8},{"not_picked":["strawberrySpire:Pant","Masterful Stab"],"picked":"strawberrySpire:SideSwipe","floor":12},{"not_picked":["strawberrySpire:SideSwipe","PiercingWail","Quick Slash"],"picked":"SKIP","floor":14}],"player_experience":2189170,"relics_obtained":[{"floor":1,"key":"TheSimpletonMod:WoodChipper"},{"floor":1,"key":"Replay:Bottled Eggs"},{"floor":8,"key":"MoreBug"},{"floor":12,"key":"vexMod:PlasmaPancake"},{"floor":15,"key":"strawberrySpire:ByrdBeak"}],"event_choices":[{"cards_removed":["Neutralize"],"damage_healed":0,"gold_gain":0,"player_choice":"Took Card","damage_taken":0,"max_hp_gain":0,"max_hp_loss":0,"event_name":"NoteForYourself","floor":11,"gold_loss":0,"cards_obtained":["Gatherer:FragileHammer"]},{"damage_healed":0,"gold_gain":0,"player_choice":"Relic","damage_taken":0,"max_hp_gain":0,"max_hp_loss":0,"event_name":"Wheel of Change","floor":15,"gold_loss":0}],"is_beta":false,"boss_relics":[],"items_purged_floors":[],"is_endless":false,"potions_floor_spawned":[8,12,14],"killed_by":"The Guardian","ascension_level":10}}