{"host":"u499vgr0907g2fby","time":1610246966,"event":{"mods":["BaseMod","Downfall","Googly Eyes","Minty Spire (QoL Compilation)","StSLib"],"gold_per_floor":[99,113,131,200,216,251,251,277,287,62,94,106,133,28,42,139,139,139,153,253,271,287,302,302,302,335,347,365,225,242,276,289,386,386,386,386,404,420,420,420,420,449,461,488,488,523,523,542,559,559,559,591,46,46,46],"floor_reached":56,"playtime":4552,"items_purged":["Slimebound:Strike_Slimebound"],"score":1988,"play_id":"fe2465f9-06e3-45c4-a6b7-dbc710f3b521","local_time":"20210109224926","is_ascension_mode":true,"campfire_choices":[{"floor":1,"key":"RECALL"},{"floor":10,"key":"REST"},{"data":"Slimebound:DuplicatedForm","floor":18,"key":"SMITH"},{"data":"Slimebound:OneTwoCombo","floor":35,"key":"SMITH"},{"data":"Slimebound:Nibble","floor":40,"key":"SMITH"},{"data":"expansioncontent:FaceSlap","floor":54,"key":"SMITH"}],"circlet_count":0,"master_deck":["Slimebound:Tackle+1","Slimebound:Split+1","Slimebound:CorrosiveSpit+1","Slimebound:SplitBruiser+1","Slimebound:Recollect+1","Slimebound:SplitLeeching+1","Slimebound:OneTwoCombo+1","Slimebound:SplitMire+1","Slimebound:SplitAcid+1","Slimebound:Grow+1","Slimebound:ProtectTheBoss+1","Slimebound:DuplicatedForm+1","Slimebound:LeadByExample+1","Slimebound:SlimeBarrage+1","Slimebound:OneTwoCombo+1","Slimebound:PressTheAttack+1","Slimebound:Repurpose+1","Slimebound:SpikyOuterGoop+1","Slimebound:Nibble+1","Slimebound:SlimeSlap+1","Slimebound:OneTwoCombo+1","Slimebound:SplitMire+1","Slimebound:SplitMire+1","Slimebound:Darklings+1","Slimebound:OneTwoCombo+1","expansioncontent:StudyTheSpire+1","expansioncontent:FaceSlap+1"],"relics":["Busted Crown","Centennial Puzzle","Shuriken","Slimebound:MaxSlimesRelic","Singing Bowl","MawBank","Coffee Dripper","downfall:GremlinWheel","Blue Candle","Bird Faced Urn","OrangePellets","MealTicket","Pandora\u0027s Box","Ornamental Fan","Pen Nib","Incense Burner","Juzu Bracelet","Frozen Egg 2","Art of War","DollysMirror"],"acts_visited":["Exordium","TheCity","TheBeyond","TheEnding"],"potions_floor_usage":[6,13,21,26,31,33,50,50,50,55],"damage_taken":[{"damage":4,"enemies":"Cultist","floor":2,"turns":3},{"damage":8,"enemies":"2 Louse","floor":3,"turns":2},{"damage":8,"enemies":"Jaw Worm","floor":5,"turns":3},{"damage":39,"enemies":"3 Sentries","floor":6,"turns":8},{"damage":28,"enemies":"Lagavulin","floor":8,"turns":6},{"damage":23,"enemies":"Exordium Wildlife","floor":9,"turns":3},{"damage":26,"enemies":"3 Sentries","floor":11,"turns":4},{"damage":24,"enemies":"Large Slime","floor":12,"turns":2},{"damage":25,"enemies":"Lagavulin","floor":13,"turns":5},{"damage":29,"enemies":"downfall:FleeingMerchant","floor":14,"turns":4},{"damage":20,"enemies":"Exordium Thugs","floor":15,"turns":1},{"damage":41,"enemies":"downfall:Ironclad","floor":16,"turns":5},{"damage":16,"enemies":"Spheric Guardian","floor":19,"turns":3},{"damage":20,"enemies":"Spheric Guardian","floor":20,"turns":2},{"damage":25,"enemies":"3 Byrds","floor":21,"turns":3},{"damage":38,"enemies":"Snecko","floor":22,"turns":4},{"damage":24,"enemies":"Snake Plant","floor":23,"turns":2},{"damage":35,"enemies":"Book of Stabbing","floor":26,"turns":4},{"damage":44,"enemies":"3 Cultists","floor":27,"turns":3},{"damage":34,"enemies":"Shelled Parasite and Fungi","floor":28,"turns":3},{"damage":48,"enemies":"downfall:FleeingMerchant","floor":29,"turns":4},{"damage":40,"enemies":"Snecko","floor":30,"turns":3},{"damage":43,"enemies":"Gremlin Leader","floor":31,"turns":4},{"damage":28,"enemies":"Centurion and Healer","floor":32,"turns":4},{"damage":48,"enemies":"downfall:Defect","floor":33,"turns":6},{"damage":22,"enemies":"3 Darklings","floor":37,"turns":2},{"damage":16,"enemies":"Orb Walker","floor":38,"turns":1},{"damage":24,"enemies":"Giant Head","floor":42,"turns":2},{"damage":20,"enemies":"Writhing Mass","floor":43,"turns":2},{"damage":16,"enemies":"Nemesis","floor":44,"turns":1},{"damage":39,"enemies":"Reptomancer","floor":46,"turns":2},{"damage":6,"enemies":"4 Shapes","floor":48,"turns":1},{"damage":20,"enemies":"3 Darklings","floor":49,"turns":1},{"damage":24,"enemies":"downfall:Watcher","floor":50,"turns":1},{"damage":36,"enemies":"downfall:CharBossMerchant","floor":52,"turns":3},{"damage":58,"enemies":"downfall:NeowBoss","floor":55,"turns":11}],"seed_played":"9050524412179072835","potions_obtained":[{"floor":6,"key":"Fruit Juice"},{"floor":9,"key":"LiquidBronze"},{"floor":11,"key":"Slimebound:SlimyTonguePotion"},{"floor":12,"key":"Slimebound:SlimedPotion"},{"floor":15,"key":"Strength Potion"},{"floor":22,"key":"Energy Potion"},{"floor":23,"key":"BlessingOfTheForge"},{"floor":28,"key":"Block Potion"},{"floor":32,"key":"Slimebound:SlimedPotion"},{"floor":42,"key":"CultistPotion"},{"floor":49,"key":"PowerPotion"},{"floor":52,"key":"SteroidPotion"}],"is_trial":false,"path_per_floor":["R","M","M","T","M","E","T","E","M","R","E","M","E","$","M","B",null,"R","M","?","M","M","M","T","?","E","M","M","$","M","E","M","B",null,"R","?","M","M","T","R","T","E","M","E","?","E","?","M","M","B",null,"E","$","R","B",null],"character_chosen":"SLIMEBOUND","items_purchased":["Slimebound:SplitAcid","Slimebound:Grow","Slimebound:LeadByExample","Slimebound:SlimeBarrage","OrangePellets","Regen Potion","DollysMirror","Guardian:BlockOnCardUsePotion","EssenceOfSteel","expansioncontent:StudyTheSpire+1","expansioncontent:FaceSlap"],"campfire_rested":1,"item_purchase_floors":[14,14,29,29,29,29,53,53,53,53,53],"current_hp_per_floor":[54,54,54,54,54,40,40,32,25,57,55,57,58,59,59,46,72,72,74,74,67,62,64,64,64,55,54,52,53,54,60,68,90,100,100,100,99,99,99,99,99,101,107,109,109,80,80,102,106,115,115,117,117,117,102],"gold":46,"neow_bonus":"BOSS_RELIC","is_daily":false,"chose_seed":false,"campfire_upgraded":4,"win_rate":0.0,"timestamp":1610246966,"path_taken":["R","M","?","?","M","E","T","E","?","R","E","M","E","$","M","BOSS","R","M","?","?","M","M","T","?","E","M","M","$","?","E","M","BOSS","R","?","?","M","?","R","T","E","?","E","?","E","?","M","M","BOSS","E","$","R","BOSS"],"items_purchased_type":["Card","Card","Card","Card","Relic","Potion","Relic","Potion","Potion","Card","Card"],"build_version":"2020-12-22","purchased_purges":1,"victory":true,"max_hp_per_floor":[60,60,60,60,60,65,65,65,65,75,75,77,79,81,81,81,81,81,83,83,85,87,89,89,89,91,93,95,97,99,101,103,103,103,103,103,105,105,105,105,105,105,107,109,109,111,111,113,115,115,115,117,117,117,117],"card_choices":[{"not_picked":[],"picked":"Slimebound:SplitBruiser","floor":2},{"not_picked":[],"picked":"Slimebound:Recollect","floor":3},{"not_picked":[],"picked":"Slimebound:SplitLeeching","floor":5},{"not_picked":["Slimebound:LeechingTouch"],"picked":"SKIP","floor":6},{"not_picked":[],"picked":"Slimebound:OneTwoCombo","floor":8},{"not_picked":["Slimebound:LeechEnergy"],"picked":"SKIP","floor":9},{"not_picked":["Slimebound:LeechEnergy"],"picked":"SKIP","floor":9},{"not_picked":[],"picked":"Slimebound:SplitMire","floor":11},{"not_picked":["Slimebound:SlimeSpikes"],"picked":"Singing Bowl","floor":12},{"not_picked":["Slimebound:PressTheAttack"],"picked":"Singing Bowl","floor":13},{"not_picked":["Slimebound:Chomp"],"picked":"Singing Bowl","floor":14},{"not_picked":[],"picked":"Slimebound:ProtectTheBoss","floor":15},{"not_picked":[],"picked":"Slimebound:DuplicatedForm","floor":16},{"not_picked":["Slimebound:ViciousTackle"],"picked":"Singing Bowl","floor":19},{"not_picked":["Slimebound:LeechEnergy"],"picked":"Singing Bowl","floor":21},{"not_picked":["Slimebound:RejuvenatingLick"],"picked":"Singing Bowl","floor":22},{"not_picked":["Slimebound:ViciousTackle"],"picked":"Singing Bowl","floor":23},{"not_picked":["Slimebound:Chomp"],"picked":"Singing Bowl","floor":26},{"not_picked":["Slimebound:AcidTongue+1"],"picked":"Singing Bowl","floor":27},{"not_picked":["Slimebound:LeechEnergy"],"picked":"Singing Bowl","floor":28},{"not_picked":["Slimebound:Gluttony"],"picked":"Singing Bowl","floor":29},{"not_picked":["Slimebound:LeechLife"],"picked":"Singing Bowl","floor":30},{"not_picked":["Slimebound:PressTheAttack"],"picked":"Singing Bowl","floor":31},{"not_picked":["Slimebound:SlimeSpikes"],"picked":"Singing Bowl","floor":32},{"not_picked":[],"picked":"Slimebound:OneTwoCombo","floor":33},{"not_picked":["Slimebound:ComboTackle"],"picked":"Singing Bowl","floor":37},{"not_picked":[],"picked":"Slimebound:SplitMire+1","floor":38},{"not_picked":[],"picked":"Slimebound:SplitMire","floor":42},{"not_picked":["Slimebound:SpikyOuterGoop"],"picked":"Singing Bowl","floor":43},{"not_picked":["Slimebound:ViciousTackle"],"picked":"Singing Bowl","floor":44},{"not_picked":["Slimebound:AcidTongue+1"],"picked":"Singing Bowl","floor":46},{"not_picked":["Slimebound:TongueLash"],"picked":"Singing Bowl","floor":48},{"not_picked":["Slimebound:Schlurp+1"],"picked":"Singing Bowl","floor":49},{"not_picked":["Slimebound:SplitAcid"],"picked":"Singing Bowl","floor":52}],"player_experience":1941832,"relics_obtained":[{"floor":6,"key":"Centennial Puzzle"},{"floor":7,"key":"Shuriken"},{"floor":8,"key":"Slimebound:MaxSlimesRelic"},{"floor":11,"key":"Singing Bowl"},{"floor":13,"key":"MawBank"},{"floor":20,"key":"downfall:GremlinWheel"},{"floor":24,"key":"Blue Candle"},{"floor":26,"key":"Bird Faced Urn"},{"floor":31,"key":"MealTicket"},{"floor":39,"key":"Ornamental Fan"},{"floor":41,"key":"Pen Nib"},{"floor":42,"key":"Incense Burner"},{"floor":44,"key":"Juzu Bracelet"},{"floor":46,"key":"Frozen Egg 2"},{"floor":52,"key":"Art of War"}],"event_choices":[{"damage_healed":0,"gold_gain":0,"player_choice":"Upgraded","damage_taken":0,"max_hp_gain":0,"max_hp_loss":0,"event_name":"Upgrade Shrine","floor":25,"gold_loss":0,"cards_upgraded":["Slimebound:OneTwoCombo"]},{"damage_healed":0,"gold_gain":0,"player_choice":"Copied","damage_taken":0,"max_hp_gain":0,"max_hp_loss":0,"event_name":"Duplicator","floor":36,"gold_loss":0,"cards_obtained":["Slimebound:OneTwoCombo"]},{"cards_removed":["Slimebound:TongueLash"],"damage_healed":0,"gold_gain":0,"player_choice":"Card Removal","damage_taken":0,"max_hp_gain":0,"max_hp_loss":0,"event_name":"Wheel of Change","floor":40,"gold_loss":0}],"is_beta":false,"boss_relics":[{"not_picked":["Calling Bell","Sozu"],"picked":"Coffee Dripper"},{"not_picked":["Empty Cage","SacredBark"],"picked":"Pandora\u0027s Box"}],"items_purged_floors":[29],"is_endless":false,"potions_floor_spawned":[6,9,11,12,15,16,22,23,28,30,32,42,48,49,52],"ascension_level":7}}