{"host":"dyggtcpod2kd5hqt","time":1610243176,"event":{"mods":["2.2 Compatiblity","AchievementEnabler","BaseMod","Bestiary","Block Reminder","Colored Map","Colored Powertips","Minty Spire (QoL Compilation)","Quick Restart","Rare Cards Sparkle","Relic Stats","Unknown Chances"],"gold_per_floor":[111,111,120,45,65,101,101],"floor_reached":6,"playtime":2498,"items_purged":["Decay"],"score":100,"play_id":"21868cfa-e70a-4036-9933-c40cdf238b49","local_time":"20210109204616","is_ascension_mode":true,"campfire_choices":[],"circlet_count":0,"master_deck":["Strike_B","Strike_B","Strike_B","Strike_B","Defend_B","Defend_B","Defend_B","Defend_B","Zap","Dualcast","Steam","Leap","Hologram"],"relics":["Cracked Core","NeowsBlessing","CeramicFish","Blood Vial"],"acts_visited":["Exordium"],"potions_floor_usage":[],"damage_taken":[{"damage":0,"enemies":"Cultist","floor":1,"turns":1},{"damage":0,"enemies":"Small Slimes","floor":5,"turns":1},{"damage":0,"enemies":"Gremlin Nob","floor":6,"turns":1}],"seed_played":"-6339633936170565470","potions_obtained":[{"floor":1,"key":"EssenceOfDarkness"},{"floor":5,"key":"ColorlessPotion"},{"floor":6,"key":"BlessingOfTheForge"}],"is_trial":false,"path_per_floor":["M","?","?","$","M","E"],"character_chosen":"DEFECT","items_purchased":[],"campfire_rested":0,"item_purchase_floors":[],"current_hp_per_floor":[68,61,61,61,61,61,61],"gold":101,"neow_bonus":"THREE_ENEMY_KILL","is_daily":false,"chose_seed":false,"campfire_upgraded":0,"win_rate":0.0,"timestamp":1610243176,"path_taken":["M","?","?","$","?","E"],"items_purchased_type":[],"build_version":"2020-12-22","purchased_purges":1,"victory":false,"max_hp_per_floor":[75,75,75,75,75,75,75],"relic_stats":{"Blood Vial":0,"counters":[3,3],"CeramicFish":27,"obtain_stats":[{"Blood Vial":6,"NeowsBlessing":0,"CeramicFish":2,"Cracked Core":0},{"Blood Vial":3,"NeowsBlessing":0,"CeramicFish":1,"Cracked Core":0},{"Blood Vial":3,"NeowsBlessing":0,"CeramicFish":1,"Cracked Core":0}]},"card_choices":[{"not_picked":["Genetic Algorithm","Compile Driver"],"picked":"Steam","floor":1},{"not_picked":["Stack","Compile Driver"],"picked":"Leap","floor":5},{"not_picked":["Leap","Sweeping Beam"],"picked":"Hologram","floor":6}],"player_experience":586012,"relics_obtained":[{"floor":6,"key":"Blood Vial"}],"event_choices":[{"damage_healed":0,"gold_gain":0,"player_choice":"Success","damage_taken":7,"relics_obtained":["CeramicFish"],"max_hp_gain":0,"max_hp_loss":0,"event_name":"Scrap Ooze","floor":2,"gold_loss":0},{"damage_healed":0,"gold_gain":0,"player_choice":"Cursed","damage_taken":0,"max_hp_gain":0,"max_hp_loss":0,"event_name":"Wheel of Change","floor":3,"gold_loss":0,"cards_obtained":["Decay"]}],"is_beta":false,"boss_relics":[],"items_purged_floors":[4],"is_endless":false,"potions_floor_spawned":[1,5,6],"killed_by":"Gremlin Nob","ascension_level":9}}