{"host":"njcl8kinlkfw245p","time":1610305941,"event":{"mods":["BaseMod","Block Reminder","Colored Map","Googly Eyes","KinomotoSakuraMod(????)","Minty Spire (QoL Compilation)","StSLib","The Senshi","Unceasing Turn Reminder","everything is the same but u backflip on backflip"],"gold_per_floor":[119,135,210,210,210,210,253,253,253,253,266,282,109,9,9,128,128,152,152,152],"floor_reached":19,"playtime":1340,"items_purged":["theSenshi:SailorBlock","theSenshi:SailorBlock"],"score":304,"play_id":"8318e706-2dad-460f-8bd5-0776f203b70b","local_time":"20210110111221","is_ascension_mode":true,"campfire_choices":[{"floor":6,"key":"REST"},{"data":"theSenshi:RoseThrow","floor":8,"key":"SMITH"},{"data":"theSenshi:TallSilhouette","floor":10,"key":"SMITH"},{"data":"theSenshi:MoonCrisisMakeUp","floor":15,"key":"SMITH"}],"circlet_count":0,"master_deck":["AscendersBane","theSenshi:SailorKick","theSenshi:SailorKick","theSenshi:SailorKick","theSenshi:SailorKick","theSenshi:SailorBlock","theSenshi:SailorBlock","theSenshi:RoseThrow+1","theSenshi:MoonPrismPowerMakeUp","theSenshi:SailorMercuryAssists","theSenshi:SailorV","theSenshi:TallSilhouette+1","theSenshi:SaturnsMystery","theSenshi:MoonCrisisMakeUp","theSenshi:MoonCrisisMakeUp+1","theSenshi:SailorMercuryAssists","theSenshi:FatedKiss","theSenshi:SailorVenusAssists"],"relics":["theSenshi:TransformationBroochRelic","NeowsBlessing","Golden Idol","HornCleat","Black Star"],"acts_visited":["Exordium","TheCity"],"potions_floor_usage":[16,16,18],"damage_taken":[{"damage":0,"enemies":"Cultist","floor":1,"turns":1},{"damage":0,"enemies":"Small Slimes","floor":2,"turns":1},{"damage":0,"enemies":"3 Sentries","floor":7,"turns":2},{"damage":0,"enemies":"Jaw Worm","floor":11,"turns":6},{"damage":13,"enemies":"Blue Slaver","floor":12,"turns":6},{"damage":27,"enemies":"The Guardian","floor":16,"turns":22},{"damage":27,"enemies":"Spheric Guardian","floor":18,"turns":10},{"damage":62,"enemies":"3 Byrds","floor":19,"turns":7}],"seed_played":"-4718219378314179246","potions_obtained":[{"floor":1,"key":"Swift Potion"},{"floor":11,"key":"FearPotion"},{"floor":16,"key":"AttackPotion"}],"is_trial":false,"path_per_floor":["M","M","?","?","?","R","E","R","T","R","M","M","$","$","R","B",null,"M","M"],"character_chosen":"THE_SENSHI","items_purchased":["theSenshi:MoonCrisisMakeUp","theSenshi:SailorMercuryAssists"],"campfire_rested":1,"item_purchase_floors":[13,13],"current_hp_per_floor":[68,68,57,39,44,68,68,68,68,68,68,67,67,67,67,55,74,62,0,0],"gold":152,"neow_bonus":"THREE_ENEMY_KILL","is_daily":false,"chose_seed":false,"campfire_upgraded":3,"win_rate":0.0,"timestamp":1610305941,"path_taken":["M","M","?","?","?","R","E","R","T","R","M","M","?","$","R","BOSS","M","M"],"items_purchased_type":["Card","Card"],"build_version":"2020-12-22","purchased_purges":2,"victory":false,"max_hp_per_floor":[75,75,75,75,80,80,80,80,80,80,80,80,80,80,80,80,80,80,80,80],"card_choices":[{"not_picked":["theSenshi:MoonSpiralHeartAttack","theSenshi:MoonPower"],"picked":"theSenshi:SailorMercuryAssists","floor":1},{"not_picked":["theSenshi:LateForSchool","theSenshi:TuxedoMaskAssists"],"picked":"theSenshi:SailorV","floor":2},{"not_picked":["theSenshi:SailorNeptuneAssists","theSenshi:JupitersPower"],"picked":"theSenshi:TallSilhouette","floor":7},{"not_picked":["theSenshi:TallSilhouette","theSenshi:MoonTiaraMagic"],"picked":"theSenshi:SaturnsMystery","floor":11},{"not_picked":["theSenshi:SailorMarsAssists","theSenshi:MoonlightKnight"],"picked":"theSenshi:MoonCrisisMakeUp","floor":12},{"not_picked":["theSenshi:JupitersPower","theSenshi:WarriorOfTheMoon"],"picked":"theSenshi:FatedKiss","floor":16},{"not_picked":["theSenshi:SailorChibiMoonAssists","theSenshi:DramaticEntrance"],"picked":"theSenshi:SailorVenusAssists","floor":18}],"player_experience":892093,"relics_obtained":[{"floor":7,"key":"HornCleat"}],"event_choices":[{"damage_healed":0,"gold_gain":75,"player_choice":"Gather Gold","damage_taken":11,"max_hp_gain":0,"max_hp_loss":0,"event_name":"World of Goop","floor":3,"gold_loss":0},{"damage_healed":0,"gold_gain":0,"player_choice":"Take Damage","damage_taken":18,"relics_obtained":["Golden Idol"],"max_hp_gain":0,"max_hp_loss":0,"event_name":"Golden Idol","floor":4,"gold_loss":0},{"damage_healed":0,"gold_gain":0,"player_choice":"Donut","damage_taken":0,"max_hp_gain":5,"max_hp_loss":0,"event_name":"Big Fish","floor":5,"gold_loss":0}],"is_beta":false,"boss_relics":[{"not_picked":["theSenshi:MoonKaleidoScopeRelic","Ectoplasm"],"picked":"Black Star"}],"items_purged_floors":[13,14],"is_endless":false,"potions_floor_spawned":[1,11,16],"killed_by":"3 Byrds","ascension_level":12}}