{"host":"4id8injl4bo2b6ih","time":1610309140,"event":{"mods":["Act Like it!","BaseMod","Better Third Choice","Colored Map","Downfall","Ekko","Friendly Minions","Highlight Path","Ironclad Rager","Minty Spire (QoL Compilation)","Relic Stats","Robot Space Explorer","Shade Mod","Shop Mod","Spicy Shops","StSLib","The Bug Knight"],"gold_per_floor":[99,144,144,189,234,279,304,229,319,364,409,454,454,544,589,889,889,889,934,1234,1279,510,510,535,580,50,95,140,140,140,140,185,485,485,485,530,575,125,170,260,260,110,200,242,287,332,332,377,422,422,422,512,16,16,16],"floor_reached":56,"playtime":3712,"items_purged":["Guardian:Aged","Decay"],"score":1427,"play_id":"4b46530f-af89-46dd-83f9-cbf2cb988959","local_time":"20210110210540","daily_mods":["Cursed Run","Colorless Cards","Midas"],"is_ascension_mode":false,"campfire_choices":[{"floor":1,"key":"RECALL"},{"floor":8,"key":"REST"},{"floor":13,"key":"REST"},{"floor":18,"key":"REST"},{"floor":23,"key":"REST"},{"floor":30,"key":"REST"},{"floor":35,"key":"REST"},{"floor":42,"key":"REST"},{"floor":54,"key":"REST"}],"circlet_count":0,"master_deck":["Strike_R","Strike_R","Strike_R","Strike_R","Strike_R","Defend_R","Defend_R","Defend_R","Defend_R","Bash","expansioncontent:HyperBeam","Armaments","Feed","Dark Shackles","Pommel Strike+1","expansioncontent:ManipulateTime","Thunderclap+1","expansioncontent:GuardianWhirl+1","expansioncontent:LastStand","expansioncontent:DarkVoid+1","expansioncontent:QuickStudy","expansioncontent:GuardianWhirl+1","Twin Strike+1","Clothesline+1","Feel No Pain","Injury","Impatience+1","Feel No Pain","Dark Embrace","Flex+1","Panacea","Thunderclap+1","expansioncontent:DashGenerateEvil+1","True Grit+1","Rage+1","Iron Wave+1","Heavy Blade+1","Armaments+1","Shame","Dark Embrace","Normality"],"relics":["Cursed Key","Darkstone Periapt","Du-Vu Doll","Akabeko","downfall:HeartBlessingRed","Molten Egg 2","Bottled Lightning","Busted Crown","Dead Branch","Bottled Flame","Anchor","Brimstone","StoneCalendar","hexamod:BolsterEngine","HollowMod:LifeEnderRelic","DollysMirror","Paper Frog","Lee\u0027s Waffle","Omamori","Philosopher\u0027s Stone","Thread and Needle","Vajra","Smiling Mask","downfall:HeartBlessingGreen","downfall:HeartBlessingBlue","Regal Pillow","Turnip","Strawberry","InkBottle"],"acts_visited":["Exordium","TheCity","TheBeyond","TheEnding"],"potions_floor_usage":[5,55,55],"damage_taken":[{"damage":5,"enemies":"2 Louse","floor":2,"turns":3},{"damage":0,"enemies":"Cultist","floor":4,"turns":2},{"damage":0,"enemies":"Small Slimes","floor":5,"turns":2},{"damage":0,"enemies":"2 Fungi Beasts","floor":6,"turns":1},{"damage":13,"enemies":"Lagavulin","floor":9,"turns":5},{"damage":0,"enemies":"3 Louse","floor":10,"turns":1},{"damage":6,"enemies":"Blue Slaver","floor":11,"turns":6},{"damage":10,"enemies":"Exordium Thugs","floor":12,"turns":2},{"damage":3,"enemies":"Gremlin Nob","floor":14,"turns":4},{"damage":8,"enemies":"Gremlin Gang","floor":15,"turns":4},{"damage":79,"enemies":"downfall:Defect","floor":16,"turns":7},{"damage":0,"enemies":"Chosen","floor":19,"turns":3},{"damage":4,"enemies":"Colosseum Nobs","floor":20,"turns":3},{"damage":2,"enemies":"3 Byrds","floor":21,"turns":2},{"damage":0,"enemies":"downfall:FleeingMerchant","floor":22,"turns":4},{"damage":0,"enemies":"Cultist and Chosen","floor":25,"turns":2},{"damage":2,"enemies":"downfall:FleeingMerchant","floor":26,"turns":4},{"damage":0,"enemies":"Centurion and Healer","floor":27,"turns":2},{"damage":0,"enemies":"Snake Plant","floor":28,"turns":1},{"damage":0,"enemies":"Snecko","floor":32,"turns":2},{"damage":23,"enemies":"downfall:Silent","floor":33,"turns":6},{"damage":0,"enemies":"Orb Walker","floor":36,"turns":2},{"damage":0,"enemies":"3 Shapes","floor":37,"turns":2},{"damage":0,"enemies":"Jaw Worm Horde","floor":39,"turns":1},{"damage":16,"enemies":"Nemesis","floor":40,"turns":5},{"damage":0,"enemies":"Giant Head","floor":43,"turns":5},{"damage":0,"enemies":"2 Orb Walkers","floor":44,"turns":2},{"damage":0,"enemies":"Transient","floor":45,"turns":5},{"damage":0,"enemies":"Spire Growth","floor":46,"turns":3},{"damage":0,"enemies":"4 Shapes","floor":48,"turns":2},{"damage":0,"enemies":"3 Darklings","floor":49,"turns":2},{"damage":0,"enemies":"downfall:Ironclad","floor":50,"turns":4},{"damage":26,"enemies":"downfall:CharBossMerchant","floor":52,"turns":6},{"damage":33,"enemies":"downfall:NeowBoss","floor":55,"turns":17}],"seed_played":"-956745095108410897","potions_obtained":[{"floor":2,"key":"AttackPotion"},{"floor":3,"key":"Weak Potion"},{"floor":3,"key":"sneckomod:MuddlingPotion"},{"floor":5,"key":"SkillPotion"},{"floor":10,"key":"EssenceOfSteel"},{"floor":14,"key":"PowerPotion"},{"floor":28,"key":"DuplicationPotion"}],"is_trial":false,"path_per_floor":["R","M","?","M","M","M","T","R","E","M","M","M","R","E","M","B",null,"R","M","?","M","$","R","T","M","$","M","M","?","R","?","M","B",null,"R","M","M","$","M","E","T","R","E","?","M","M","?","M","M","B",null,"E","$","R","B",null],"character_chosen":"IRONCLAD","items_purchased":["Anchor","Brimstone","Feel No Pain","StoneCalendar","HollowMod:LifeEnderRelic","DollysMirror","Paper Frog","Lee\u0027s Waffle","Dark Embrace","Thread and Needle","Vajra","InkBottle","Dark Embrace"],"campfire_rested":8,"item_purchase_floors":[22,22,22,22,26,26,26,26,26,38,38,53,53],"current_hp_per_floor":[80,75,75,75,75,78,84,89,79,79,77,67,95,92,87,18,109,109,109,105,106,106,112,118,118,128,128,131,131,131,131,131,108,131,131,131,131,131,134,121,121,147,147,147,147,147,147,147,147,153,153,134,134,160,133],"gold":16,"neow_bonus":"","is_daily":true,"chose_seed":false,"campfire_upgraded":0,"win_rate":0.0,"timestamp":1610309140,"path_taken":["R","M","?","M","M","M","T","R","E","M","M","?","R","E","M","BOSS","R","M","?","M","$","R","T","M","$","M","M","?","R","?","M","BOSS","R","M","M","$","M","E","T","R","E","?","M","M","?","M","M","BOSS","E","$","R","BOSS"],"items_purchased_type":["Relic","Relic","Card","Relic","Relic","Relic","Relic","Relic","Card","Relic","Relic","Relic","Card"],"build_version":"2020-12-22","purchased_purges":2,"victory":true,"max_hp_per_floor":[80,80,80,80,80,83,89,89,92,92,96,96,96,96,99,109,109,109,109,109,112,112,112,118,118,128,128,131,131,131,131,131,131,131,131,131,131,131,134,137,137,147,147,147,147,147,147,147,147,153,153,160,160,160,166],"relic_stats":{"Darkstone Periapt":30,"Lee\u0027s Waffle":9,"Regal Pillow":0,"Busted Crown":42,"counters":[34,122],"Dead Branch":[126],"StoneCalendar":[0],"Turnip":[6],"Cursed Key":3,"Smiling Mask":0,"obtain_stats":[{"Darkstone Periapt":0,"Regal Pillow":43,"Vajra":38,"StoneCalendar":22,"downfall:HeartBlessingGreen":42,"Cursed Key":0,"Smiling Mask":40,"DollysMirror":26,"downfall:HeartBlessingBlue":42,"Strawberry":52,"Philosopher\u0027s Stone":34,"InkBottle":53,"Paper Frog":26,"Lee\u0027s Waffle":26,"HollowMod:LifeEnderRelic":26,"downfall:HeartBlessingRed":8,"Dead Branch":20,"Thread and Needle":38,"Omamori":29,"Akabeko":7,"Du-Vu Doll":0,"Bottled Flame":20,"Anchor":22,"Busted Crown":17,"Brimstone":22,"Molten Egg 2":9,"Turnip":44,"Bottled Lightning":14,"hexamod:BolsterEngine":24},{"Darkstone Periapt":0,"Regal Pillow":26,"Vajra":23,"StoneCalendar":15,"downfall:HeartBlessingGreen":25,"Cursed Key":0,"Smiling Mask":25,"DollysMirror":17,"downfall:HeartBlessingBlue":25,"Strawberry":33,"Philosopher\u0027s Stone":21,"InkBottle":33,"Paper Frog":17,"Lee\u0027s Waffle":17,"HollowMod:LifeEnderRelic":17,"downfall:HeartBlessingRed":4,"Dead Branch":13,"Thread and Needle":23,"Omamori":19,"Akabeko":4,"Du-Vu Doll":0,"Bottled Flame":13,"Anchor":15,"Busted Crown":11,"Brimstone":15,"Molten Egg 2":5,"Turnip":27,"Bottled Lightning":9,"hexamod:BolsterEngine":15},{"Darkstone Periapt":0,"Regal Pillow":81,"Vajra":70,"StoneCalendar":49,"downfall:HeartBlessingGreen":76,"Cursed Key":0,"Smiling Mask":76,"DollysMirror":55,"downfall:HeartBlessingBlue":76,"Strawberry":105,"Philosopher\u0027s Stone":66,"InkBottle":105,"Paper Frog":55,"Lee\u0027s Waffle":55,"HollowMod:LifeEnderRelic":55,"downfall:HeartBlessingRed":8,"Dead Branch":43,"Thread and Needle":70,"Omamori":58,"Akabeko":8,"Du-Vu Doll":0,"Bottled Flame":43,"Anchor":49,"Busted Crown":37,"Brimstone":49,"Molten Egg 2":13,"Turnip":83,"Bottled Lightning":26,"hexamod:BolsterEngine":49}],"InkBottle":[10]},"card_choices":[{"not_picked":["Power Through","Clash"],"picked":"expansioncontent:HyperBeam","floor":2},{"not_picked":["Dark Shackles","Anger"],"picked":"Armaments","floor":4},{"not_picked":["Havoc","Wild Strike"],"picked":"Feed","floor":5},{"not_picked":["Burning Pact","Armaments"],"picked":"Dark Shackles","floor":6},{"not_picked":["ICR:Frenzy+1","Dual Wield"],"picked":"Pommel Strike+1","floor":9},{"not_picked":["Shrug It Off","Second Wind"],"picked":"expansioncontent:ManipulateTime","floor":10},{"not_picked":["Heavy Blade+1","Dark Embrace"],"picked":"Thunderclap+1","floor":11},{"not_picked":["Pommel Strike+1","ICR:PowerAttack+1"],"picked":"expansioncontent:GuardianWhirl+1","floor":12},{"not_picked":["Twin Strike+1","Immolate+1"],"picked":"expansioncontent:LastStand","floor":14},{"not_picked":["Clash+1","Iron Wave+1"],"picked":"expansioncontent:DarkVoid+1","floor":15},{"not_picked":["Sadistic Nature","Fiend Fire+1"],"picked":"expansioncontent:QuickStudy","floor":16},{"not_picked":[],"picked":"expansioncontent:GuardianWhirl+1","floor":19},{"not_picked":[],"picked":"Twin Strike+1","floor":20},{"not_picked":["Anger+1"],"picked":"SKIP","floor":21},{"not_picked":[],"picked":"Clothesline+1","floor":22},{"not_picked":["Reckless Charge+1"],"picked":"SKIP","floor":25},{"not_picked":[],"picked":"Impatience+1","floor":26},{"not_picked":[],"picked":"Flex+1","floor":27},{"not_picked":["Anger+1"],"picked":"SKIP","floor":28},{"not_picked":[],"picked":"Thunderclap+1","floor":32},{"not_picked":[],"picked":"expansioncontent:DashGenerateEvil+1","floor":33},{"not_picked":["PanicButton"],"picked":"SKIP","floor":36},{"not_picked":[],"picked":"True Grit+1","floor":37},{"not_picked":["Entrench+1"],"picked":"SKIP","floor":39},{"not_picked":["Entrench+1"],"picked":"SKIP","floor":39},{"not_picked":["Clash+1"],"picked":"SKIP","floor":40},{"not_picked":[],"picked":"Rage+1","floor":43},{"not_picked":[],"picked":"Iron Wave+1","floor":44},{"not_picked":["Anger+1"],"picked":"SKIP","floor":45},{"not_picked":[],"picked":"Heavy Blade+1","floor":46},{"not_picked":[],"picked":"Armaments+1","floor":48},{"not_picked":["Headbutt+1"],"picked":"SKIP","floor":49},{"not_picked":["Sentinel"],"picked":"SKIP","floor":52}],"player_experience":428136,"relics_obtained":[{"floor":7,"key":"Akabeko"},{"floor":9,"key":"Molten Egg 2"},{"floor":14,"key":"Bottled Lightning"},{"floor":20,"key":"Dead Branch"},{"floor":20,"key":"Bottled Flame"},{"floor":24,"key":"hexamod:BolsterEngine"},{"floor":40,"key":"Smiling Mask"},{"floor":43,"key":"Regal Pillow"},{"floor":44,"key":"Turnip"},{"floor":52,"key":"Strawberry"}],"event_choices":[{"damage_healed":0,"gold_gain":0,"player_choice":"Got Potions","damage_taken":0,"max_hp_gain":0,"max_hp_loss":0,"event_name":"Lab","floor":3,"gold_loss":0},{"damage_healed":0,"gold_gain":0,"player_choice":"Read","damage_taken":0,"max_hp_gain":0,"max_hp_loss":0,"event_name":"The Library","floor":31,"gold_loss":0,"cards_obtained":["Panacea"]},{"damage_healed":0,"gold_gain":0,"player_choice":"Fight","damage_taken":0,"max_hp_gain":0,"max_hp_loss":0,"event_name":"Mysterious Sphere","floor":44,"gold_loss":0}],"is_beta":false,"boss_relics":[{"not_picked":["Runic Pyramid","Runic Cube"],"picked":"Busted Crown"},{"not_picked":["SlaversCollar","Snecko Eye"],"picked":"Philosopher\u0027s Stone"}],"items_purged_floors":[22,26],"is_endless":false,"potions_floor_spawned":[2,5,10,14,15,19,21,25,28,37,39,44,48,52],"ascension_level":0}}