{"host":"2se5dq1do2gp0x9k","time":1610254064,"event":{"mods":["AchievementEnabler","BaseMod","Block Reminder","Colored Map","Colored Powertips","Minty Spire (QoL Compilation)","Relic Stats","StSLib","SuperFastMode"],"gold_per_floor":[119,136,0,75,88,88,88,88,88,88,88,116,40,57,57,136,136,148,45,95,108,108],"floor_reached":21,"playtime":590,"items_purged":[],"score":364,"play_id":"e4a08cca-d4c4-4cf8-90a5-b5e7bbf800c5","local_time":"20210109204744","is_ascension_mode":true,"campfire_choices":[{"data":"1","floor":6,"key":"LIFT"},{"data":"2","floor":8,"key":"LIFT"},{"data":"3","floor":15,"key":"LIFT"}],"circlet_count":0,"master_deck":["AscendersBane","Strike_P","Strike_P","Strike_P","Strike_P","Defend_P","Defend_P","Defend_P","Defend_P","Eruption","Vigilance","WheelKick","FlurryOfBlows","CarveReality","Protect","EmptyFist","Tantrum+1","CrushJoints+1","Brilliance+1","Swivel","TalkToTheHand+1","Prostrate","Pray"],"relics":["PureWater","Girya","Ornamental Fan","TeardropLocket","Mummified Hand","Molten Egg 2","Snecko Eye"],"acts_visited":["TheCity"],"potions_floor_usage":[18],"damage_taken":[{"damage":11,"enemies":"Small Slimes","floor":1,"turns":4},{"damage":0,"enemies":"Jaw Worm","floor":2,"turns":3},{"damage":0,"enemies":"2 Louse","floor":5,"turns":4},{"damage":0,"enemies":"Lagavulin","floor":12,"turns":2},{"damage":0,"enemies":"Looter","floor":14,"turns":2},{"damage":14,"enemies":"The Guardian","floor":16,"turns":12},{"damage":23,"enemies":"3 Byrds","floor":18,"turns":7},{"damage":0,"enemies":"Spheric Guardian","floor":21,"turns":2}],"seed_played":"-7712918706072570004","potions_obtained":[{"floor":1,"key":"Block Potion"},{"floor":5,"key":"SneckoOil"},{"floor":14,"key":"AttackPotion"}],"is_trial":false,"path_per_floor":["M","M","$","?","M","R","?","R","T","T","?","E","$","M","R","B",null,"M","$","?","M"],"character_chosen":"WATCHER","items_purchased":["CarveReality","Protect","Tantrum+1","TalkToTheHand+1","Prostrate"],"campfire_rested":0,"item_purchase_floors":[3,3,13,19,19],"current_hp_per_floor":[32,32,32,21,21,21,43,43,43,43,38,38,38,38,38,24,57,34,34,34,34,34],"gold":108,"neow_bonus":"ONE_RARE_RELIC","is_daily":false,"chose_seed":false,"campfire_upgraded":0,"win_rate":0.0,"timestamp":1610254064,"path_taken":["M","M","$","?","M","R","?","R","T","?","?","E","?","?","R","BOSS","M","$","?","M"],"items_purchased_type":["Card","Card","Card","Card","Card"],"build_version":"2020-12-22","purchased_purges":0,"victory":false,"max_hp_per_floor":[68,68,68,68,68,68,68,68,68,68,68,68,68,68,68,68,68,68,68,68,68,68],"relic_stats":{"counters":[8,36],"Ornamental Fan":[40],"Mummified Hand":[0],"Snecko Eye":[16,16,13,23],"obtain_stats":[{"Girya":0,"Ornamental Fan":9,"Mummified Hand":11,"Snecko Eye":17,"Molten Egg 2":12,"TeardropLocket":10,"PureWater":0},{"Girya":0,"Ornamental Fan":3,"Mummified Hand":3,"Snecko Eye":6,"Molten Egg 2":4,"TeardropLocket":3,"PureWater":0},{"Girya":0,"Ornamental Fan":11,"Mummified Hand":11,"Snecko Eye":27,"Molten Egg 2":13,"TeardropLocket":11,"PureWater":0}]},"card_choices":[{"not_picked":["Nirvana","Evaluate"],"picked":"WheelKick","floor":1},{"not_picked":["Halt","SignatureMove"],"picked":"FlurryOfBlows","floor":2},{"not_picked":["WreathOfFlame","SandsOfTime"],"picked":"EmptyFist","floor":5},{"not_picked":["PathToVictory","Crescendo","Protect"],"picked":"SKIP","floor":12},{"not_picked":["PathToVictory","WindmillStrike+1"],"picked":"CrushJoints+1","floor":14},{"not_picked":["Wish","Scrawl"],"picked":"Brilliance+1","floor":16},{"not_picked":["CutThroughFate+1","Prostrate"],"picked":"Swivel","floor":18},{"not_picked":["FollowUp+1","BowlingBash+1"],"picked":"Pray","floor":21}],"player_experience":3830796,"relics_obtained":[{"floor":9,"key":"Ornamental Fan"},{"floor":10,"key":"TeardropLocket"},{"floor":12,"key":"Molten Egg 2"}],"event_choices":[{"damage_healed":0,"gold_gain":75,"player_choice":"Gather Gold","damage_taken":11,"max_hp_gain":0,"max_hp_loss":0,"event_name":"World of Goop","floor":4,"gold_loss":0},{"damage_healed":22,"gold_gain":0,"player_choice":"Banana","damage_taken":0,"max_hp_gain":0,"max_hp_loss":0,"event_name":"Big Fish","floor":7,"gold_loss":0},{"damage_healed":0,"gold_gain":0,"player_choice":"Success","damage_taken":5,"relics_obtained":["Mummified Hand"],"max_hp_gain":0,"max_hp_loss":0,"event_name":"Scrap Ooze","floor":11,"gold_loss":0},{"damage_healed":0,"gold_gain":50,"player_choice":"Stole From Cult","damage_taken":0,"max_hp_gain":0,"max_hp_loss":0,"event_name":"Nest","floor":20,"gold_loss":0}],"is_beta":false,"boss_relics":[{"not_picked":["Tiny House","Philosopher\u0027s Stone"],"picked":"Snecko Eye"}],"items_purged_floors":[],"is_endless":false,"potions_floor_spawned":[1,5,14,16],"killed_by":"Spheric Guardian","ascension_level":16}}