{"host":"nnxvcju6x1qybncj","time":1610288556,"event":{"mods":["BaseMod","Displayed Cursed Tome","Downfall","Evolution","Jorbs\u0027s Wanderer Trilogy","Minty Spire (QoL Compilation)","Quick Restart","StSLib"],"gold_per_floor":[110,120,120,133,133,144,73,73,97,22,32,32,63,63,63,162,162,182,199,199,218,43,43,77,77,77],"floor_reached":25,"playtime":723,"items_purged":["Strike_R","Strike_R"],"score":276,"play_id":"57275278-318f-4d1e-a278-a90deca703e8","local_time":"20210110152236","is_ascension_mode":true,"campfire_choices":[{"data":"True Grit","floor":8.0,"key":"SMITH"},{"data":"Berserk","floor":15.0,"key":"SMITH"},{"floor":23.0,"key":"REST"}],"circlet_count":0,"master_deck":["Headbutt","Strike_R","Defend_R","Defend_R","Defend_R","Defend_R","Bash","Twin Strike","True Grit+1","Clothesline","Pommel Strike","Limit Break","Carnage","Berserk+1","Limit Break","Flex","Spot Weakness"],"relics":["Burning Blood","EVO:Axolotl","Bag of Marbles","Strawberry","Toy Ornithopter","Busted Crown","Dream Catcher"],"acts_visited":["Exordium","TheCity"],"potions_floor_usage":[24],"damage_taken":[{"damage":2.0,"enemies":"2 Louse","floor":1.0,"turns":2.0},{"damage":1.0,"enemies":"Cultist","floor":2.0,"turns":3.0},{"damage":5.0,"enemies":"Jaw Worm","floor":4.0,"turns":3.0},{"damage":4.0,"enemies":"Looter","floor":6.0,"turns":3.0},{"damage":1.0,"enemies":"Blue Slaver","floor":11.0,"turns":4.0},{"damage":15.0,"enemies":"Gremlin Nob","floor":13.0,"turns":4.0},{"damage":39.0,"enemies":"The Guardian","floor":16.0,"turns":8.0},{"damage":16.0,"enemies":"3 Byrds","floor":18.0,"turns":6.0},{"damage":24.0,"enemies":"Shell Parasite","floor":19.0,"turns":3.0},{"damage":19.0,"enemies":"Snake Plant","floor":21.0,"turns":2.0},{"damage":86,"enemies":"Slavers","floor":24,"turns":7},{"damage":18,"enemies":"Cultist and Chosen","floor":25,"turns":1}],"seed_played":"-8114766624710328273","potions_obtained":[{"floor":2.0,"key":"LiquidBronze"},{"floor":4.0,"key":"BlessingOfTheForge"},{"floor":6.0,"key":"SmokeBomb"},{"floor":16.0,"key":"LiquidBronze"},{"floor":18.0,"key":"Regen Potion"},{"floor":19.0,"key":"Explosive Potion"}],"is_trial":false,"path_per_floor":["M","M","?","M","?","M","$","R","T","$","M","?","E","$","R","B",null,"M","M","?","M","$","R","E","M"],"character_chosen":"IRONCLAD","items_purchased":["Limit Break","Spot Weakness"],"campfire_rested":1,"item_purchase_floors":[7,22],"current_hp_per_floor":[80,80,80,80,85,85,85,85,92,92,92,92,83,83,83,55,83,73,65,65,62,62,89,14,0,0],"gold":77,"neow_bonus":"RANDOM_COMMON_RELIC","is_daily":false,"chose_seed":false,"campfire_upgraded":2,"win_rate":0.0,"timestamp":1610288556,"path_taken":["M","M","?","?","?","M","$","R","T","?","M","?","E","?","R","BOSS","M","M","?","M","$","R","E","M"],"items_purchased_type":["Card","Card"],"build_version":"2020-12-22","purchased_purges":2,"victory":false,"max_hp_per_floor":[80,80,80,80,85,85,85,85,92,92,92,92,92,92,92,92,92,92,92,92,92,92,92,92,92,92],"card_choices":[{"not_picked":["Wild Strike","Sword Boomerang"],"picked":"Twin Strike","floor":1.0},{"not_picked":["Havoc","Armaments"],"picked":"True Grit","floor":2.0},{"not_picked":["Perfected Strike","Warcry"],"picked":"Clothesline","floor":4.0},{"not_picked":["Sword Boomerang","Evolve"],"picked":"Pommel Strike","floor":6.0},{"not_picked":["Headbutt","Combust"],"picked":"Carnage","floor":11.0},{"not_picked":["Uppercut","Combust"],"picked":"Berserk","floor":13.0},{"not_picked":["Corruption","Exhume"],"picked":"Limit Break","floor":16.0},{"not_picked":["Flex"],"picked":"SKIP","floor":18.0},{"not_picked":[],"picked":"Flex","floor":18.0},{"not_picked":["Second Wind"],"picked":"SKIP","floor":19.0},{"not_picked":["Clash"],"picked":"SKIP","floor":21.0},{"not_picked":["Havoc"],"picked":"SKIP","floor":24}],"player_experience":670350,"relics_obtained":[{"floor":9.0,"key":"Strawberry"},{"floor":13.0,"key":"Toy Ornithopter"},{"floor":24,"key":"Dream Catcher"}],"event_choices":[{"cards_removed":["Strike_R"],"damage_healed":0.0,"max_hp_gain":0.0,"max_hp_loss":0.0,"gold_gain":0.0,"event_name":"Bonfire Elementals","player_choice":"Offered Basic","floor":3.0,"gold_loss":0.0,"damage_taken":0.0},{"damage_healed":0.0,"max_hp_gain":5.0,"max_hp_loss":0.0,"gold_gain":0.0,"event_name":"Big Fish","player_choice":"Donut","floor":5.0,"gold_loss":0.0,"damage_taken":0.0},{"damage_healed":0.0,"max_hp_gain":0.0,"max_hp_loss":0.0,"gold_gain":0.0,"event_name":"Liars Game","player_choice":"Ignored","floor":12.0,"gold_loss":0.0,"damage_taken":0.0},{"damage_healed":0.0,"max_hp_gain":0.0,"max_hp_loss":0.0,"gold_gain":0.0,"event_name":"Vampires","player_choice":"Ignored","floor":20.0,"gold_loss":0.0,"damage_taken":0.0}],"is_beta":false,"boss_relics":[{"not_picked":["Snecko Eye","Philosopher\u0027s Stone"],"picked":"Busted Crown"}],"items_purged_floors":[10,22],"is_endless":false,"potions_floor_spawned":[2,4,6,16,18,19],"killed_by":"Cultist and Chosen","ascension_level":5}}