{"host":"cv77zuuuekizn3ic","time":1610276299,"event":{"mods":["AchievementEnabler","BaseMod","Marisa£®ÏF”Í°°ƒß¿Ì…≥£©","Minty Spire (QoL Compilation)","StSLib","Waifu the Spire","everything is the same but u backflip on backflip","slay the spire mod where everything is the same but ironclad has a cowboy hat"],"gold_per_floor":[111,122,138,52,52,82,82,94,106,130,170,194,217,244,256,268,268],"floor_reached":16,"playtime":675,"items_purged":[],"score":228,"play_id":"667fc57a-3ec9-43cd-83bc-402331c4e0e1","local_time":"20210110185819","is_ascension_mode":true,"campfire_choices":[{"floor":7.0,"key":"DIG"},{"floor":15.0,"key":"DIG"}],"circlet_count":0,"master_deck":["AscendersBane","Strike_R","Strike_R","Strike_R","Strike_R","Defend_R","Defend_R","Defend_R","Defend_R","Bash","Clothesline","Shockwave","Flex","Evolve","Reaper","Seeing Red","Dark Embrace"],"relics":["Runic Pyramid","Shovel","MawBank","Calipers","Mercury Hourglass","Darkstone Periapt","Akabeko"],"acts_visited":[],"potions_floor_usage":[],"damage_taken":[{"damage":2.0,"enemies":"Cultist","floor":1.0,"turns":4.0},{"damage":7.0,"enemies":"Jaw Worm","floor":2.0,"turns":3.0},{"damage":1.0,"enemies":"Small Slimes","floor":3.0,"turns":4.0},{"damage":6.0,"enemies":"Gremlin Nob","floor":6.0,"turns":3.0},{"damage":12.0,"enemies":"Blue Slaver","floor":10.0,"turns":4.0},{"damage":15.0,"enemies":"Lagavulin","floor":11.0,"turns":7.0},{"damage":10.0,"enemies":"Large Slime","floor":12.0,"turns":5.0},{"damage":14.0,"enemies":"Exordium Thugs","floor":13.0,"turns":4.0},{"damage":1.0,"enemies":"Exordium Wildlife","floor":14.0,"turns":3.0},{"damage":63,"enemies":"Hexaghost","floor":16,"turns":9}],"seed_played":"1316921671325618399","potions_obtained":[{"floor":2.0,"key":"DistilledChaos"},{"floor":3.0,"key":"DuplicationPotion"},{"floor":14.0,"key":"FearPotion"}],"is_trial":false,"path_per_floor":["M","M","M","$","?","E","R","T","T","M","E","M","M","M","R","B"],"character_chosen":"IRONCLAD","items_purchased":["Evolve"],"campfire_rested":0,"item_purchase_floors":[4],"current_hp_per_floor":[66,59,58,58,51,45,45,45,45,39,42,44,30,41,41,0,0],"gold":268,"neow_bonus":"BOSS_RELIC","is_daily":false,"chose_seed":false,"campfire_upgraded":0,"win_rate":0.0,"timestamp":1610276299,"path_taken":["M","M","M","$","?","E","R","?","T","M","E","M","M","M","R","BOSS"],"items_purchased_type":["Card"],"build_version":"2020-12-22","purchased_purges":0,"victory":false,"max_hp_per_floor":[75,75,75,75,75,75,75,75,75,75,75,75,75,75,75,75,75],"card_choices":[{"not_picked":["Sword Boomerang","Warcry"],"picked":"Clothesline","floor":1.0},{"not_picked":["Carnage","Perfected Strike"],"picked":"Shockwave","floor":2.0},{"not_picked":["Pommel Strike","Clothesline"],"picked":"Flex","floor":3.0},{"not_picked":["Headbutt","Sword Boomerang"],"picked":"Reaper","floor":6.0},{"not_picked":["Thunderclap","Heavy Blade"],"picked":"Seeing Red","floor":10.0},{"not_picked":["Thunderclap","Hemokinesis"],"picked":"Dark Embrace","floor":11.0},{"not_picked":["Wild Strike","Heavy Blade","Shockwave"],"picked":"SKIP","floor":12.0},{"not_picked":["Sword Boomerang","Pommel Strike","Intimidate"],"picked":"SKIP","floor":13.0},{"not_picked":["Sword Boomerang","Pommel Strike","Intimidate"],"picked":"SKIP","floor":13.0},{"not_picked":["Clothesline","Twin Strike","Iron Wave"],"picked":"SKIP","floor":14.0}],"player_experience":833218,"relics_obtained":[{"floor":6.0,"key":"Shovel"},{"floor":7.0,"key":"MawBank"},{"floor":8.0,"key":"Calipers"},{"floor":9.0,"key":"Mercury Hourglass"},{"floor":11.0,"key":"Darkstone Periapt"},{"floor":15.0,"key":"Akabeko"}],"event_choices":[{"cards_removed":["Strike_R"],"damage_healed":0.0,"max_hp_gain":0.0,"max_hp_loss":0.0,"gold_gain":0.0,"event_name":"Golden Wing","player_choice":"Card Removal","floor":5.0,"gold_loss":0.0,"damage_taken":7.0}],"is_beta":false,"boss_relics":[],"items_purged_floors":[],"is_endless":false,"potions_floor_spawned":[2,3,14],"killed_by":"Hexaghost","ascension_level":20}}