{"host":"yptvp0rjza9g9li7","time":1610246485,"event":{"mods":["AchievementEnabler","BaseMod","Colored Map","Colored Powertips","DeckTracker","Minty Spire (QoL Compilation)","SuperFastMode"],"gold_per_floor":[212,24,42,58,76,93,93,121,121,8,8,8],"floor_reached":11,"playtime":420,"items_purged":[],"score":75,"play_id":"2e900721-5049-4d48-ad66-2fd41ac2a75a","local_time":"20210110114125","is_ascension_mode":false,"campfire_choices":[{"data":"Dark Embrace","floor":7,"key":"SMITH"}],"circlet_count":0,"master_deck":["Strike_R","Strike_R","Strike_R","Strike_R","Strike_R","Defend_R","Defend_R","Defend_R","Defend_R","Bash","Havoc","Second Wind","Dark Embrace+1","Pummel","Headbutt","Flex","Immolate","Dropkick","Pommel Strike","Combust","Infernal Blade"],"relics":["Burning Blood","Peace Pipe","Bottled Tornado"],"acts_visited":["Exordium"],"potions_floor_usage":[5,8,11],"damage_taken":[{"damage":5.0,"enemies":"Cultist","floor":1.0,"turns":4.0},{"damage":3,"enemies":"Small Slimes","floor":3,"turns":4},{"damage":8,"enemies":"Jaw Worm","floor":4,"turns":3},{"damage":19,"enemies":"3 Louse","floor":5,"turns":4},{"damage":33,"enemies":"Lots of Slimes","floor":6,"turns":3},{"damage":15,"enemies":"3 Sentries","floor":8,"turns":3},{"damage":29,"enemies":"Lagavulin","floor":11,"turns":5}],"seed_played":"-4867468248037515074","potions_obtained":[{"floor":3,"key":"LiquidMemories"},{"floor":5,"key":"PowerPotion"},{"floor":8,"key":"Energy Potion"}],"is_trial":false,"path_per_floor":["M","$","M","M","M","M","R","E","T","$","E"],"character_chosen":"IRONCLAD","items_purchased":["Second Wind","Dark Embrace","Pummel","Combust","Infernal Blade"],"campfire_rested":0,"item_purchase_floors":[2,2,2,10,10],"current_hp_per_floor":[80,80,80,78,65,38,38,29,29,29,0,0],"gold":8,"neow_bonus":"HUNDRED_GOLD","is_daily":false,"chose_seed":false,"campfire_upgraded":1,"win_rate":0.0,"timestamp":1610246485,"path_taken":["M","$","M","M","M","M","R","E","T","?","E"],"items_purchased_type":["Card","Card","Card","Card","Card"],"build_version":"2020-12-22","purchased_purges":0,"victory":false,"max_hp_per_floor":[80,80,80,80,80,80,80,80,80,80,80,80],"card_choices":[{"not_picked":["Warcry","True Grit"],"picked":"Havoc","floor":1.0},{"not_picked":["Shrug It Off","Body Slam"],"picked":"Headbutt","floor":3},{"not_picked":["Clash","Hemokinesis"],"picked":"Flex","floor":4},{"not_picked":["Sword Boomerang","Warcry"],"picked":"Immolate","floor":5},{"not_picked":["Iron Wave","Twin Strike"],"picked":"Dropkick","floor":6},{"not_picked":["True Grit","Flex"],"picked":"Pommel Strike","floor":8}],"player_experience":179028,"relics_obtained":[{"floor":8,"key":"Peace Pipe"},{"floor":9,"key":"Bottled Tornado"}],"event_choices":[],"is_beta":false,"boss_relics":[],"items_purged_floors":[],"is_endless":false,"potions_floor_spawned":[3,5,8],"killed_by":"Lagavulin","ascension_level":0}}