{"host":"4qin5krp9hszysdc","time":1610321445,"event":{"mods":["AchievementEnabler","BaseMod","BetterRewards","Infinite Spire","Jorbs\u0027s Wanderer Trilogy","Minty Spire (QoL Compilation)","Quick Restart","StSLib"],"gold_per_floor":[114,134,153,153,39,39,67,67,67,67,78,78,95,110,110,186,186,197,197,197,197,197,224,224,259,259,259,259,259,272,306,306,384,384,400,53,0,16,41,41,70,70,141,141,175,175,175,200,200,200],"floor_reached":51,"playtime":3281,"items_purged":["infinitespire:Pacifist","Decay"],"score":1949,"play_id":"46eab375-f5d7-44a5-a4b1-62cda9eada99","local_time":"20210110183045","is_ascension_mode":true,"campfire_choices":[{"floor":6.0,"key":"REST"},{"floor":8.0,"key":"REST"},{"data":"Neutralize","floor":12.0,"key":"SMITH"},{"data":"Well Laid Plans","floor":15.0,"key":"SMITH"},{"data":"RitualDagger","floor":24.0,"key":"SMITH"},{"data":"infinitespire:SevenWalls","floor":27,"key":"SMITH"},{"data":"Concentrate","floor":29,"key":"SMITH"},{"data":"Calculated Gamble","floor":32,"key":"SMITH"},{"data":"Burst","floor":40,"key":"SMITH"},{"data":"Slice","floor":47,"key":"PURGE"},{"floor":49,"key":"REST"},{"data":"Strike_G+1","floor":49,"key":"PURGE"}],"circlet_count":0,"master_deck":["AscendersBane","Strike_G+1","Strike_G+1","Strike_G+1","Strike_G+1","Defend_G+1","Defend_G+1","Defend_G+1","Defend_G+1","Defend_G+1","Survivor","Neutralize","Quick Slash","Noxious Fumes","Backflip","Dagger Throw+1","Well Laid Plans+1","Dagger Spray","Expertise","infinitespire:Fortify","Bouncing Flask","Deflect","Neutralize+1","Endless Agony","Sucker Punch+1","Envenom","Dagger Spray+1","infinitespire:SevenWalls+1","RitualDagger+1","Concentrate+1","Calculated Gamble+1","Burst+1","Mayhem","Acrobatics+1","Panache","Discovery","infinitespire:Oblivion"],"relics":["Ring of the Snake","Tough Bandages","Dead Branch","Calipers","Snake Skull","Lantern","Ornamental Fan","White Beast Statue","infinitespire:Cupcake","Strange Spoon","infinitespire:Bottled Soul","Ancient Tea Set","infinitespire:WardingShard","Whetstone","Busted Crown","TheAbacus","Red Mask","infinitespire:Magic Flask","Anchor","Meat on the Bone","Peace Pipe","infinitespire:ShieldingShard","Sundial"],"acts_visited":["Exordium","TheCity","TheBeyond"],"potions_floor_usage":[25,25,25,31,33,50],"damage_taken":[{"damage":5.0,"enemies":"infinitespire:Voidling","floor":1.0,"turns":3.0},{"damage":0.0,"enemies":"Small Slimes","floor":2.0,"turns":2.0},{"damage":0.0,"enemies":"Cultist","floor":3.0,"turns":3.0},{"damage":19.0,"enemies":"3 Sentries","floor":7.0,"turns":7.0},{"damage":3.0,"enemies":"Exordium Thugs","floor":11.0,"turns":4.0},{"damage":0.0,"enemies":"2 Fungi Beasts","floor":13.0,"turns":1.0},{"damage":1.0,"enemies":"3 Louse","floor":14.0,"turns":2.0},{"damage":4.0,"enemies":"The Guardian","floor":16.0,"turns":8.0},{"damage":5.0,"enemies":"3 Byrds","floor":18.0,"turns":4.0},{"damage":0.0,"enemies":"Gremlin Leader","floor":23.0,"turns":4.0},{"damage":3,"enemies":"Slavers","floor":25,"turns":4},{"damage":0,"enemies":"2 Thieves","floor":30,"turns":3},{"damage":0,"enemies":"Gremlin Leader","floor":31,"turns":6},{"damage":0,"enemies":"Automaton","floor":33,"turns":8},{"damage":0,"enemies":"3 Shapes","floor":35,"turns":5},{"damage":5,"enemies":"3 Darklings","floor":38,"turns":6},{"damage":0,"enemies":"Mind Bloom Boss Battle","floor":39,"turns":4},{"damage":5,"enemies":"Nemesis","floor":41,"turns":6},{"damage":0,"enemies":"Nightmare","floor":45,"turns":7},{"damage":0,"enemies":"Nemesis","floor":48,"turns":5},{"damage":2,"enemies":"infinitespire:MassOfShapes","floor":50,"turns":9}],"seed_played":"1594926150974910129","potions_obtained":[{"floor":1.0,"key":"Swift Potion"},{"floor":11.0,"key":"SteroidPotion"},{"floor":13.0,"key":"EntropicBrew"},{"floor":25,"key":"EssenceOfSteel"},{"floor":31,"key":"Energy Potion"},{"floor":33,"key":"Poison Potion"}],"is_trial":false,"path_per_floor":["M","M","M","?","$","R","E","R","T","?","M","R","M","M","R","B",null,"M","AVR","?","?","?","E","R","E","T","R","?","R","M","E","R","B",null,"M","$","?","M","?","R","E","?","T","?","NM","T","R","E","R","B",null],"character_chosen":"THE_SILENT","items_purchased":["Tough Bandages","Quick Slash","Noxious Fumes","Backflip","Dagger Throw","Well Laid Plans","Snake Skull","Lantern","Bouncing Flask","Mayhem","TheAbacus"],"campfire_rested":3,"item_purchase_floors":[0,0,0,0,0,0,0,0,5,36,36],"current_hp_per_floor":[18,18,18,18,18,37,18,37,37,37,34,34,34,33,33,29,57,52,52,52,46,46,46,46,43,43,43,43,43,43,43,43,43,60,60,60,60,55,55,55,50,40,40,40,40,40,40,40,58,56],"gold":200,"neow_bonus":"","is_daily":false,"chose_seed":false,"campfire_upgraded":7,"win_rate":0.0,"timestamp":1610321445,"path_taken":["M","?","M","?","$","R","E","R","T","?","M","R","M","?","R","BOSS","M","AVR","?","?","?","E","R","E","T","R","?","R","M","E","R","BOSS","M","$","?","M","?","R","E","?","T","?","NM","?","R","E","R","BOSS"],"items_purchased_type":["Relic","Card","Card","Card","Card","Card","Relic","Relic","Card","Card","Relic"],"build_version":"2020-12-22","purchased_purges":2,"victory":true,"max_hp_per_floor":[66,66,66,66,66,66,66,66,66,66,66,66,66,66,66,66,66,66,66,66,66,66,66,66,66,66,66,66,66,66,66,66,66,66,66,66,66,66,66,66,66,66,66,63,63,63,63,63,63,63],"card_choices":[{"not_picked":["Infinite Blades","Predator"],"picked":"Slice","floor":1.0},{"not_picked":["Bane","Tactician"],"picked":"Dagger Spray","floor":2.0},{"not_picked":["Finisher","Noxious Fumes"],"picked":"Expertise","floor":3.0},{"not_picked":["infinitespire:UltimateForm","infinitespire:DeathsTouch"],"picked":"infinitespire:Fortify","floor":4.0},{"not_picked":["Masterful Stab","Heel Hook"],"picked":"Deflect","floor":7.0},{"not_picked":["Bane","Expertise","Dodge and Roll"],"picked":"SKIP","floor":11.0},{"not_picked":["Backflip","Poisoned Stab"],"picked":"Sucker Punch","floor":13.0},{"not_picked":["Flechettes","Cloak And Dagger","Quick Slash"],"picked":"SKIP","floor":14.0},{"not_picked":["Doppelganger","Unload"],"picked":"Envenom","floor":16.0},{"not_picked":["Finisher","Blade Dance"],"picked":"Dagger Spray+1","floor":18.0},{"not_picked":["Escape Plan","Flying Knee","Eviscerate"],"picked":"SKIP","floor":23.0},{"not_picked":["Escape Plan","Flying Knee","Eviscerate"],"picked":"SKIP","floor":23.0},{"not_picked":["Dagger Throw","Skewer","Blur"],"picked":"SKIP","floor":25},{"not_picked":["Eviscerate","Bouncing Flask+1","Cloak And Dagger"],"picked":"SKIP","floor":30},{"not_picked":["Doppelganger","Masterful Stab"],"picked":"Calculated Gamble","floor":31},{"not_picked":["Tools of the Trade","Wraith Form v2"],"picked":"Burst","floor":33},{"not_picked":["Outmaneuver+1"],"picked":"SKIP","floor":35},{"not_picked":[],"picked":"Acrobatics+1","floor":38},{"not_picked":["Deflect"],"picked":"SKIP","floor":41},{"not_picked":[],"picked":"Panache","floor":42},{"not_picked":[],"picked":"Discovery","floor":42},{"not_picked":["infinitespire:Fortify","infinitespire:Punishment"],"picked":"infinitespire:Oblivion","floor":45},{"not_picked":["Outmaneuver+1"],"picked":"SKIP","floor":45},{"not_picked":["Dagger Spray"],"picked":"SKIP","floor":48}],"player_experience":2810239,"relics_obtained":[{"floor":7.0,"key":"Ornamental Fan"},{"floor":9.0,"key":"White Beast Statue"},{"floor":23.0,"key":"infinitespire:Bottled Soul"},{"floor":25,"key":"Ancient Tea Set"},{"floor":26,"key":"infinitespire:WardingShard"},{"floor":31,"key":"Whetstone"},{"floor":39,"key":"infinitespire:Magic Flask"},{"floor":41,"key":"Anchor"},{"floor":43,"key":"Meat on the Bone"},{"floor":45,"key":"Peace Pipe"},{"floor":46,"key":"infinitespire:ShieldingShard"},{"floor":48,"key":"Sundial"}],"event_choices":[{"damage_healed":0.0,"max_hp_gain":0.0,"max_hp_loss":0.0,"gold_gain":0.0,"event_name":"Match and Keep!","player_choice":"2 cards matched","floor":10.0,"gold_loss":0.0,"damage_taken":0.0,"cards_obtained":["Neutralize","Endless Agony"]},{"damage_healed":0.0,"max_hp_gain":0.0,"max_hp_loss":0.0,"gold_gain":0.0,"event_name":"Back to Basics","player_choice":"Simplicity","floor":20.0,"gold_loss":0.0,"damage_taken":0.0,"cards_upgraded":["Strike_G","Strike_G","Strike_G","Strike_G","Strike_G","Defend_G","Defend_G","Defend_G","Defend_G","Defend_G"]},{"damage_healed":0.0,"max_hp_gain":0.0,"max_hp_loss":0.0,"gold_gain":0.0,"event_name":"Nest","player_choice":"Joined the Cult","floor":21.0,"gold_loss":0.0,"damage_taken":6.0,"cards_obtained":["RitualDagger"]},{"damage_healed":0.0,"max_hp_gain":0.0,"max_hp_loss":0.0,"gold_gain":0.0,"event_name":"Vampires","player_choice":"Ignored","floor":22.0,"gold_loss":0.0,"damage_taken":0.0},{"damage_healed":0,"gold_gain":0,"player_choice":"Read","damage_taken":0,"max_hp_gain":0,"max_hp_loss":0,"event_name":"The Library","floor":28,"gold_loss":0,"cards_obtained":["Concentrate"]},{"damage_healed":0,"gold_gain":0,"player_choice":"Paid","damage_taken":0,"relics_obtained":["Red Mask"],"max_hp_gain":0,"max_hp_loss":0,"event_name":"Tomb of Lord Red Mask","floor":37,"gold_loss":53},{"damage_healed":0,"gold_gain":0,"player_choice":"Fight","damage_taken":0,"max_hp_gain":0,"max_hp_loss":0,"event_name":"MindBloom","floor":39,"gold_loss":0},{"damage_healed":0,"gold_gain":0,"player_choice":"Memory 3","damage_taken":10,"max_hp_gain":0,"max_hp_loss":0,"event_name":"SensoryStone","floor":42,"gold_loss":0},{"damage_healed":0,"gold_gain":0,"player_choice":"Max HP","damage_taken":0,"max_hp_gain":0,"max_hp_loss":3,"event_name":"Winding Halls","floor":44,"gold_loss":0}],"is_beta":false,"boss_relics":[{"not_picked":["Sozu","SlaversCollar"],"picked":"infinitespire:Cupcake"},{"not_picked":["Pandora\u0027s Box","Tiny House"],"picked":"Busted Crown"}],"items_purged_floors":[5,19],"is_endless":false,"potions_floor_spawned":[1,11,13,14,16,18,23,25,30,31,33,35,38,39,41,45,48],"ascension_level":15}}