{"host":"7gewg82ormp6yt4e","time":1610281853,"event":{"mods":["BaseMod","Block Reminder","Colored Map","Colored Powertips","DeckTracker","Highlight Path","Minty Spire (QoL Compilation)","Relic Stats","StSLib","ojb\u0027s Info Mod"],"gold_per_floor":[113,6,24,36,36,36,36,36,36,64,64,64,64,97,97,187,187,200,223,423,2,2,40,40,79,126,126,126,146,184,209,209,299,299,317,330,164,164,497,497,522,75,75,107,156,156,4,14,14,14,14,14,14,14,45,45],"floor_reached":57,"playtime":5416,"items_purged":["Clumsy"],"score":2910,"play_id":"081f5700-1e8f-4aff-95b9-7f3460340550","local_time":"20210110213053","is_ascension_mode":true,"campfire_choices":[{"data":"Defragment","floor":6.0,"key":"SMITH"},{"data":"Aggregate","floor":8,"key":"SMITH"},{"floor":13,"key":"REST"},{"data":"Recycle","floor":15,"key":"SMITH"},{"floor":24,"key":"REST"},{"data":"Loop","floor":28,"key":"SMITH"},{"floor":32,"key":"REST"},{"data":"Biased Cognition","floor":40,"key":"SMITH"},{"floor":46,"key":"RECALL"},{"data":"Coolheaded","floor":49,"key":"SMITH"},{"data":"Coolheaded","floor":53,"key":"SMITH"}],"circlet_count":0,"master_deck":["AscendersBane","Zap","Dualcast","Tempest","Melter","Conserve Battery","Echo Form","Recycle+1","Coolheaded+1","Conserve Battery","Sweeping Beam","BootSequence","Defragment+1","Coolheaded+1","Reinforced Body","Aggregate+1","Beam Cell","Aggregate+1","All For One","Go for the Eyes","Tempest+1","Finesse+1","Violence+1","Steam Power+1","Loop+1","Redo+1","J.A.X.+1","Scrape+1","Electrodynamics","Biased Cognition+1","Hologram+1","Compile Driver+1","Reboot+1","Panacea+1","Dark Shackles+1","Blind+1","Loop+1","Hologram+1","Regret","Hologram+1","Fission+1","Turbo+1","Chaos+1"],"relics":["Pandora\u0027s Box","Kunai","DataDisk","Pear","Toxic Egg 2","Cursed Key","Meat on the Bone","Mercury Hourglass","MealTicket","Lantern","Inserter","Torii","Runic Capacitor","Bag of Preparation","Potion Belt","CaptainsWheel","Vajra"],"acts_visited":["Exordium","TheCity","TheBeyond","TheEnding"],"potions_floor_usage":[7,7,7,16,16,19,30,32,35,55,56,56],"damage_taken":[{"damage":0.0,"enemies":"Cultist","floor":1.0,"turns":5.0},{"damage":2.0,"enemies":"Jaw Worm","floor":3.0,"turns":5.0},{"damage":0.0,"enemies":"Small Slimes","floor":4.0,"turns":4.0},{"damage":39,"enemies":"Gremlin Nob","floor":7,"turns":4},{"damage":5,"enemies":"3 Sentries","floor":10,"turns":11},{"damage":0,"enemies":"Gremlin Nob","floor":14,"turns":3},{"damage":15,"enemies":"Hexaghost","floor":16,"turns":10},{"damage":12,"enemies":"3 Byrds","floor":18,"turns":7},{"damage":1,"enemies":"2 Thieves","floor":19,"turns":4},{"damage":21,"enemies":"Book of Stabbing","floor":23,"turns":4},{"damage":7,"enemies":"Slavers","floor":25,"turns":8},{"damage":6,"enemies":"Sentry and Sphere","floor":29,"turns":4},{"damage":7,"enemies":"Gremlin Leader","floor":30,"turns":5},{"damage":3,"enemies":"Centurion and Healer","floor":31,"turns":3},{"damage":14,"enemies":"Collector","floor":33,"turns":7},{"damage":18,"enemies":"3 Darklings","floor":35,"turns":4},{"damage":5,"enemies":"3 Shapes","floor":36,"turns":2},{"damage":0,"enemies":"Nemesis","floor":41,"turns":5},{"damage":1,"enemies":"Giant Head","floor":44,"turns":6},{"damage":0,"enemies":"2 Orb Walkers","floor":45,"turns":2},{"damage":1,"enemies":"Maw","floor":48,"turns":2},{"damage":68,"enemies":"Time Eater","floor":50,"turns":12},{"damage":1,"enemies":"Donu and Deca","floor":51,"turns":9},{"damage":18,"enemies":"Shield and Spear","floor":55,"turns":5},{"damage":45,"enemies":"The Heart","floor":56,"turns":7}],"seed_played":"7929569835918524387","potions_obtained":[{"floor":1.0,"key":"DuplicationPotion"},{"floor":4.0,"key":"EntropicBrew"},{"floor":14,"key":"Swift Potion"},{"floor":16,"key":"SneckoOil"},{"floor":29,"key":"Block Potion"},{"floor":31,"key":"Fruit Juice"},{"floor":33,"key":"Block Potion"},{"floor":44,"key":"FearPotion"},{"floor":48,"key":"Weak Potion"},{"floor":55,"key":"PowerPotion"}],"is_trial":false,"path_per_floor":["M","$","M","M","$","R","E","R","T","E","T","?","R","E","R","B",null,"M","M","?","$","T","E","R","E","T","?","R","M","E","M","R","B",null,"M","M","$","?","?","R","E","$","T","E","?","R","$","M","R","B","B",null,"R","$","E","B",null],"character_chosen":"DEFECT","items_purchased":["Defragment","Coolheaded","Finesse+1","Violence+1","Steam Power+1","Loop","Reboot+1","Runic Capacitor","Bag of Preparation","Hologram+1","Fission+1"],"campfire_rested":3,"item_purchase_floors":[2,2,21,21,21,21,37,42,42,42,47],"current_hp_per_floor":[64,64,62,62,62,62,23,23,23,18,28,28,49,49,49,34,63,51,50,50,50,50,29,50,43,43,43,43,37,42,39,67,53,72,54,49,64,54,54,54,54,69,69,68,68,68,78,77,77,21,32,67,67,78,60,27],"gold":45,"neow_bonus":"BOSS_RELIC","is_daily":false,"chose_seed":false,"campfire_upgraded":7,"win_rate":0.0,"timestamp":1610281853,"path_taken":["M","?","M","M","$","R","E","R","T","E","?","?","R","E","R","BOSS","M","M","?","$","?","E","R","E","T","?","R","?","E","M","R","BOSS","M","M","$","?","?","R","E","?","T","E","?","R","$","?","R","BOSS","BOSS","R","$","E","BOSS"],"items_purchased_type":["Card","Card","Card","Card","Card","Card","Card","Relic","Relic","Card","Card"],"build_version":"2020-12-22","purchased_purges":1,"victory":true,"max_hp_per_floor":[71,71,71,71,71,71,71,71,71,71,81,73,73,73,73,73,73,73,73,73,73,73,73,73,73,73,73,73,73,73,73,78,78,78,78,78,78,78,78,78,78,78,78,78,78,78,78,78,78,78,78,78,78,78,78,78],"relic_stats":{"Inserter":[24],"Torii":12,"counters":[25,135],"Pandora\u0027s Box":["Tempest","Melter","Conserve Battery","Echo Form","Recycle","Coolheaded","Conserve Battery","Sweeping Beam"],"MealTicket":51,"Bag of Preparation":[14],"Kunai":[51],"Cursed Key":2,"obtain_stats":[{"Potion Belt":44,"Lantern":30,"Pear":11,"Inserter":34,"Torii":41,"Golden Idol":12,"Vajra":55,"Runic Capacitor":42,"Bag of Preparation":42,"Cursed Key":17,"Mercury Hourglass":25,"DataDisk":10,"CaptainsWheel":45,"Pandora\u0027s Box":0,"MealTicket":26,"Kunai":9,"Toxic Egg 2":14,"Cracked Core":0,"Meat on the Bone":23},{"Potion Belt":19,"Lantern":13,"Pear":5,"Inserter":15,"Torii":18,"Golden Idol":5,"Vajra":24,"Runic Capacitor":18,"Bag of Preparation":18,"Cursed Key":7,"Mercury Hourglass":11,"DataDisk":5,"CaptainsWheel":20,"Pandora\u0027s Box":0,"MealTicket":11,"Kunai":4,"Toxic Egg 2":6,"Cracked Core":0,"Meat on the Bone":10},{"Potion Belt":99,"Lantern":73,"Pear":29,"Inserter":82,"Torii":93,"Golden Idol":29,"Vajra":128,"Runic Capacitor":93,"Bag of Preparation":93,"Cursed Key":42,"Mercury Hourglass":64,"DataDisk":29,"CaptainsWheel":101,"Pandora\u0027s Box":0,"MealTicket":64,"Kunai":18,"Toxic Egg 2":32,"Cracked Core":0,"Meat on the Bone":57}],"Meat on the Bone":48,"Mercury Hourglass":[274]},"card_choices":[{"not_picked":["Capacitor","Streamline"],"picked":"BootSequence","floor":1.0},{"not_picked":["Storm","Beam Cell"],"picked":"Reinforced Body","floor":3.0},{"not_picked":["Melter","Rebound"],"picked":"Aggregate","floor":4.0},{"not_picked":["Rebound","Reprogram"],"picked":"Beam Cell","floor":10},{"not_picked":["Sweeping Beam","Stack+1"],"picked":"Aggregate+1","floor":14},{"not_picked":["Meteor Strike","Thunder Strike"],"picked":"All For One","floor":16},{"not_picked":["Beam Cell","Cold Snap"],"picked":"Go for the Eyes","floor":18},{"not_picked":["FTL","Barrage+1"],"picked":"Tempest+1","floor":19},{"not_picked":["Scrape","Leap+1"],"picked":"Redo+1","floor":23},{"not_picked":["Stack+1","Sweeping Beam","Rebound"],"picked":"SKIP","floor":25},{"not_picked":["Cold Snap","Stack+1"],"picked":"Scrape+1","floor":29},{"not_picked":["Steam+1","Rip and Tear+1"],"picked":"Electrodynamics","floor":30},{"not_picked":["Barrage","Beam Cell","Hello World"],"picked":"SKIP","floor":31},{"not_picked":["Thunder Strike","Multi-Cast+1"],"picked":"Biased Cognition","floor":33},{"not_picked":["Leap+1","Stack+1"],"picked":"Hologram+1","floor":35},{"not_picked":["Ball Lightning+1","Gash+1"],"picked":"Compile Driver+1","floor":36},{"not_picked":["Forethought+1","Thinking Ahead+1"],"picked":"Panacea+1","floor":38},{"not_picked":["Panacea+1","PanicButton+1"],"picked":"Dark Shackles+1","floor":38},{"not_picked":["Enlightenment+1","Panacea+1"],"picked":"Blind+1","floor":38},{"not_picked":["Gash","Ball Lightning"],"picked":"Loop+1","floor":41},{"not_picked":["Go for the Eyes","Barrage"],"picked":"Hologram+1","floor":44},{"not_picked":["Rebound","Echo Form"],"picked":"Turbo+1","floor":48},{"not_picked":["Rebound+1","FTL"],"picked":"Chaos+1","floor":55}],"player_experience":2519259,"relics_obtained":[{"floor":9,"key":"Kunai"},{"floor":10,"key":"DataDisk"},{"floor":11,"key":"Pear"},{"floor":14,"key":"Toxic Egg 2"},{"floor":23,"key":"Meat on the Bone"},{"floor":25,"key":"Mercury Hourglass"},{"floor":26,"key":"MealTicket"},{"floor":30,"key":"Lantern"},{"floor":41,"key":"Torii"},{"floor":44,"key":"Potion Belt"},{"floor":45,"key":"CaptainsWheel"},{"floor":55,"key":"Vajra"}],"event_choices":[{"damage_healed":0,"gold_gain":0,"player_choice":"Lose Max HP","damage_taken":0,"relics_obtained":["Golden Idol"],"max_hp_gain":0,"max_hp_loss":8,"event_name":"Golden Idol","floor":12,"gold_loss":0},{"damage_healed":0,"gold_gain":250,"player_choice":"Bet on Owner","damage_taken":0,"max_hp_gain":0,"max_hp_loss":0,"event_name":"The Joust","floor":20,"gold_loss":50},{"damage_healed":0,"gold_gain":0,"player_choice":"Obtain J.A.X.","damage_taken":0,"max_hp_gain":0,"max_hp_loss":0,"event_name":"Drug Dealer","floor":27,"gold_loss":0,"cards_obtained":["J.A.X."]},{"damage_healed":0,"gold_gain":0,"player_choice":"Memory 3","damage_taken":10,"max_hp_gain":0,"max_hp_loss":0,"event_name":"SensoryStone","floor":38,"gold_loss":0},{"damage_healed":0,"gold_gain":333,"player_choice":"Gave Idol","damage_taken":0,"max_hp_gain":0,"max_hp_loss":0,"event_name":"The Moai Head","floor":39,"relics_lost":["Golden Idol"],"gold_loss":0},{"damage_healed":0,"gold_gain":0,"player_choice":"Fight","damage_taken":0,"max_hp_gain":0,"max_hp_loss":0,"event_name":"Mysterious Sphere","floor":45,"gold_loss":0}],"is_beta":false,"boss_relics":[{"not_picked":["Calling Bell","Astrolabe"],"picked":"Cursed Key"},{"not_picked":["Fusion Hammer","Empty Cage"],"picked":"Inserter"}],"items_purged_floors":[42],"is_endless":false,"potions_floor_spawned":[1,4,14,16,29,31,33,44,48,55],"ascension_level":20}}