{"host":"x3qmax6e7jj3tga5","time":1610242431,"event":{"mods":["BaseMod","Custom Start","Minty Spire (QoL Compilation)","StSLib"],"gold_per_floor":[111,131,142,317,337,348,348,675,675,702,702,162,162,172,172,276,276,295,295,60,60,60,91,91,91,139,153,153,173,272,272,272],"floor_reached":31,"playtime":1698,"items_purged":["Doubt","Strike_B"],"score":263,"play_id":"ed952f20-a181-4b52-82cf-80b095c55739","local_time":"20210109193351","is_ascension_mode":false,"campfire_choices":[{"data":"Consume","floor":7,"key":"SMITH"},{"data":"Loop","floor":15,"key":"SMITH"},{"floor":24,"key":"REST"},{"data":"Fission","floor":28,"key":"SMITH"}],"circlet_count":0,"master_deck":["Strike_B","Defend_B","Defend_B","Defend_B","Defend_B","Zap","Dualcast","Coolheaded","Genetic Algorithm","Conserve Battery","Consume+1","Cold Snap","Loop+1","Multi-Cast","Go for the Eyes","Gash","Coolheaded","Doom and Gloom","Electrodynamics","Coolheaded","Flash of Steel","Sweeping Beam","Buffer","Meteor Strike","Fission+1"],"relics":["Cracked Core","Ginger","Old Coin","Ornamental Fan","White Beast Statue","Matryoshka","Orichalcum","Inserter","Enchiridion","Centennial Puzzle","Bag of Preparation","MealTicket"],"acts_visited":["Exordium","TheCity"],"potions_floor_usage":[23,31,31],"damage_taken":[{"damage":2,"enemies":"2 Louse","floor":1,"turns":3},{"damage":0,"enemies":"Small Slimes","floor":2,"turns":3},{"damage":6,"enemies":"Jaw Worm","floor":3,"turns":4},{"damage":12,"enemies":"3 Louse","floor":5,"turns":3},{"damage":8,"enemies":"Large Slime","floor":6,"turns":10},{"damage":6,"enemies":"Lagavulin","floor":8,"turns":10},{"damage":6,"enemies":"3 Sentries","floor":10,"turns":10},{"damage":5,"enemies":"Blue Slaver","floor":14,"turns":4},{"damage":10,"enemies":"Hexaghost","floor":16,"turns":7},{"damage":8,"enemies":"Shell Parasite","floor":18,"turns":10},{"damage":28,"enemies":"Book of Stabbing","floor":23,"turns":10},{"damage":0,"enemies":"3 Byrds","floor":27,"turns":3},{"damage":7,"enemies":"Snake Plant","floor":29,"turns":5},{"damage":22,"enemies":"Gremlin Leader","floor":31,"turns":4}],"seed_played":"1531751014486431241","potions_obtained":[{"floor":3,"key":"AttackPotion"},{"floor":8,"key":"Swift Potion"},{"floor":10,"key":"Explosive Potion"},{"floor":14,"key":"EssenceOfDarkness"},{"floor":23,"key":"EssenceOfDarkness"},{"floor":27,"key":"Ancient Potion"}],"is_trial":false,"path_per_floor":["M","M","M","?","M","M","R","E","T","E","?","$","?","M","R","B",null,"M","?","$","?","?","E","R","?","T","M","R","M","?","E"],"character_chosen":"DEFECT","items_purchased":["Orichalcum","Multi-Cast","Go for the Eyes","Gash","Coolheaded","Flash of Steel","Sweeping Beam"],"campfire_rested":1,"item_purchase_floors":[12,12,12,12,12,20,20],"current_hp_per_floor":[66,66,60,60,48,40,40,34,34,28,28,28,50,45,45,35,68,60,48,48,32,32,4,25,25,25,25,25,18,18,0,0],"gold":272,"neow_bonus":"ONE_RARE_RELIC","is_daily":false,"chose_seed":false,"campfire_upgraded":3,"win_rate":0.0,"timestamp":1610242431,"path_taken":["M","M","M","?","M","M","R","E","T","E","?","$","?","M","R","BOSS","M","?","$","?","?","E","R","?","T","M","R","?","?","E"],"items_purchased_type":["Relic","Card","Card","Card","Card","Card","Card"],"build_version":"2020-12-22","purchased_purges":2,"victory":false,"max_hp_per_floor":[68,68,68,68,68,68,68,68,68,68,68,68,68,68,68,68,68,68,73,73,73,73,73,73,73,73,73,73,73,73,73,73],"card_choices":[{"not_picked":["Aggregate","Heatsinks"],"picked":"Coolheaded","floor":1},{"not_picked":["Stack","Static Discharge"],"picked":"Genetic Algorithm","floor":2},{"not_picked":["Chaos","Storm","Coolheaded"],"picked":"SKIP","floor":3},{"not_picked":["Turbo","Fusion"],"picked":"Conserve Battery","floor":5},{"not_picked":["White Noise","Steam"],"picked":"Consume","floor":6},{"not_picked":["Rebound","Conserve Battery"],"picked":"Cold Snap","floor":8},{"not_picked":["Blizzard","Turbo"],"picked":"Loop","floor":10},{"not_picked":["Redo","Scrape"],"picked":"Doom and Gloom","floor":14},{"not_picked":["All For One","Amplify"],"picked":"Electrodynamics","floor":16},{"not_picked":["Ball Lightning","Blizzard+1"],"picked":"Coolheaded","floor":18},{"not_picked":["Darkness","Steam"],"picked":"Fission","floor":23},{"not_picked":["Sweeping Beam+1","Stack+1","Streamline"],"picked":"SKIP","floor":27},{"not_picked":["Turbo","Coolheaded","Chaos"],"picked":"SKIP","floor":29},{"not_picked":["Turbo","Coolheaded","Chaos"],"picked":"SKIP","floor":29}],"player_experience":288830,"relics_obtained":[{"floor":8,"key":"Old Coin"},{"floor":9,"key":"Ornamental Fan"},{"floor":10,"key":"White Beast Statue"},{"floor":21,"key":"Enchiridion"},{"floor":23,"key":"Centennial Puzzle"},{"floor":26,"key":"Bag of Preparation"},{"floor":26,"key":"MealTicket"}],"event_choices":[{"damage_healed":0,"gold_gain":175,"player_choice":"AGREE","damage_taken":0,"max_hp_gain":0,"max_hp_loss":0,"event_name":"Liars Game","floor":4,"gold_loss":0,"cards_obtained":["Doubt"]},{"damage_healed":0,"gold_gain":0,"player_choice":"Searched \u00271\u0027 times","damage_taken":0,"relics_obtained":["Matryoshka"],"max_hp_gain":0,"max_hp_loss":0,"event_name":"Dead Adventurer","floor":11,"gold_loss":0},{"damage_healed":22,"gold_gain":0,"player_choice":"Banana","damage_taken":0,"max_hp_gain":0,"max_hp_loss":0,"event_name":"Big Fish","floor":13,"gold_loss":0},{"damage_healed":0,"gold_gain":0,"player_choice":"Shed Blood","damage_taken":17,"max_hp_gain":5,"max_hp_loss":0,"event_name":"Forgotten Altar","floor":19,"gold_loss":0},{"damage_healed":0,"gold_gain":0,"player_choice":"Obtained Book","damage_taken":16,"max_hp_gain":0,"max_hp_loss":0,"event_name":"Cursed Tome","floor":21,"gold_loss":0},{"damage_healed":0,"gold_gain":0,"cards_transformed":["Strike_B","Strike_B"],"player_choice":"Became Test Subject","damage_taken":0,"max_hp_gain":0,"max_hp_loss":0,"event_name":"Drug Dealer","floor":22,"gold_loss":0,"cards_obtained":["Buffer","Meteor Strike"]},{"damage_healed":0,"gold_gain":0,"player_choice":"Ignored","damage_taken":0,"max_hp_gain":0,"max_hp_loss":0,"event_name":"The Mausoleum","floor":25,"gold_loss":0},{"damage_healed":0,"gold_gain":99,"player_choice":"Stole From Cult","damage_taken":0,"max_hp_gain":0,"max_hp_loss":0,"event_name":"Nest","floor":30,"gold_loss":0}],"is_beta":false,"boss_relics":[{"not_picked":["Velvet Choker","Pandora\u0027s Box"],"picked":"Inserter"}],"items_purged_floors":[12,20],"is_endless":false,"potions_floor_spawned":[3,8,10,14,16,18,23,27,29],"killed_by":"Gremlin Leader","ascension_level":0}}