{"host":"0hb9w7uizu7y13wj","time":1610315309,"event":{"mods":["Act Like it!","Aspiration","BaseMod","BetterRewards","Colored Map","Conspire","Downfall","Energized Spire","FTL Soundtrack","Friendly Minions","Halation","Hubris","Infinite Spire","Minty Spire (QoL Compilation)","Quick Restart","Replay The Spire","StSLib","Synergy Search","The Factory","The Hierophant","The Jungle","The Poker Player","Trackpad","everything is the same but u backflip on backflip","vexMod"],"gold_per_floor":[113,27,44,44,44,44,79,79,105,121,137,151,177,192,192,296,296,310,310,328,328,99,134,134,166,166,191,207,238,238,248,248,348,348,363,413,442,442,382,411,411,424,449,461,491,511,540,554,554,554],"floor_reached":51,"playtime":2120,"items_purged":["Strike_B"],"score":1325,"play_id":"abaeeb87-ec09-4895-bd64-38033f0f1fd7","local_time":"20210110214829","is_ascension_mode":true,"campfire_choices":[{"data":"Zap","floor":6.0,"key":"SMITH"},{"data":"ReplayTheSpireMod:Calculation Training","floor":8.0,"key":"SMITH"},{"floor":15.0,"key":"REST"},{"floor":24.0,"key":"REST"},{"floor":30.0,"key":"REST"},{"data":"Mirror Shield","floor":32.0,"key":"SMITH"},{"data":"Storm","floor":41,"key":"SMITH"},{"floor":49,"key":"REST"}],"circlet_count":0,"master_deck":["AscendersBane","Strike_B","Strike_B","Strike_B","Defend_B","Defend_B+1","Defend_B","Defend_B","Zap+1","Dualcast","ReplayTheSpireMod:Calculation Training+1","conspire:Banana+1","Ball Lightning","Cold Snap+1","Heatsinks","Mirror Shield+1","Capacitor+1","Biased Cognition+1","infinitespire:Gouge+1","Leap+1","Chill+1","Crystallizer+1","Electrodynamics+1","Heatsinks+1","Doom and Gloom+1","Echo Form+1","Crystallizer","Defragment+1","Sunder+1","Crystallizer+1","Storm+1","Self Repair+1","Sunder+1","Loop","Redo+1"],"relics":["Cracked Core","vexMod:Spyglass","Replay:Baseball","Torii","conspire:DeflatedDodgeball","trackpad:GuardianSpirit","Regal Pillow","hubris:BallOfYels","ChewingGum","hubris:RGBLights","MutagenicStrength","Replay:Antivirus Software","Molten Egg 2","Golden Egg","Symbiotic Virus","Gremlin Food","Prayer Wheel","Bronze Scales","vexMod:ImprovementManual","Durian","Nunchaku","Juzu Bracelet","Bottled Tornado","Bird Faced Urn"],"acts_visited":["Exordium","TheCity","TheBeyond"],"potions_floor_usage":[40,50],"damage_taken":[{"damage":6.0,"enemies":"2 Louse","floor":1.0,"turns":3.0},{"damage":0.0,"enemies":"Small Slimes","floor":3.0,"turns":2.0},{"damage":36.0,"enemies":"Gremlin Nob","floor":7.0,"turns":5.0},{"damage":1.0,"enemies":"Jaw Worm","floor":10.0,"turns":2.0},{"damage":23.0,"enemies":"Exordium Thugs","floor":11.0,"turns":4.0},{"damage":11.0,"enemies":"Large Slime","floor":12.0,"turns":4.0},{"damage":28.0,"enemies":"3 Sentries","floor":13.0,"turns":9.0},{"damage":0.0,"enemies":"Red Slaver","floor":14.0,"turns":2.0},{"damage":3.0,"enemies":"The Guardian","floor":16.0,"turns":9.0},{"damage":31.0,"enemies":"3 Byrds","floor":18.0,"turns":5.0},{"damage":8.0,"enemies":"Shell Parasite","floor":20.0,"turns":2.0},{"damage":29.0,"enemies":"Slavers","floor":23.0,"turns":6.0},{"damage":28.0,"enemies":"Gremlin Leader","floor":25.0,"turns":6.0},{"damage":1.0,"enemies":"conspire:Head Lice","floor":27.0,"turns":12.0},{"damage":19.0,"enemies":"Snake Plant","floor":28.0,"turns":3.0},{"damage":7.0,"enemies":"Book of Stabbing","floor":29.0,"turns":3.0},{"damage":9.0,"enemies":"conspire:HollyBat","floor":31.0,"turns":4.0},{"damage":13.0,"enemies":"Collector","floor":33.0,"turns":7.0},{"damage":0,"enemies":"3 Shapes","floor":35,"turns":4},{"damage":0,"enemies":"Mind Bloom Boss Battle","floor":36,"turns":4},{"damage":0,"enemies":"conspire:MimicChest","floor":37,"turns":5},{"damage":12,"enemies":"R_Hoarder","floor":40,"turns":5},{"damage":6,"enemies":"Orb Walker","floor":42,"turns":2},{"damage":0,"enemies":"Transient","floor":44,"turns":5},{"damage":8,"enemies":"Giant Head","floor":45,"turns":6},{"damage":0,"enemies":"Maw","floor":46,"turns":3},{"damage":0,"enemies":"R_Hoarder","floor":47,"turns":5},{"damage":27,"enemies":"Writhing Mass","floor":48,"turns":4},{"damage":98,"enemies":"Awakened One","floor":50,"turns":8}],"seed_played":"741283307028680118","potions_obtained":[{"floor":3.0,"key":"LiquidMemories"},{"floor":13.0,"key":"sneckomod:MuddlingPotion"},{"floor":14.0,"key":"Adrenaline Potion"},{"floor":16.0,"key":"Slimebound:ThreeZeroPotion"},{"floor":20.0,"key":"FocusPotion"},{"floor":29.0,"key":"FocusPotion"},{"floor":33.0,"key":"DuplicationPotion"},{"floor":44,"key":"Explosive Potion"}],"is_trial":false,"path_per_floor":["M","$","M","?","T","R","E","R","T","M","M","M","E","M","R","B",null,"M","AVR","M","?","$","E","R","E","T","E","M","E","R","M","R","B",null,"M","?","?","?","$","E","R","M","T","M","E","M","E","M","R","B",null],"character_chosen":"DEFECT","items_purchased":["vexMod:Spyglass","Replay:Baseball","Torii","conspire:Banana","Replay:Antivirus Software","Chill","Crystallizer+1"],"campfire_rested":4,"item_purchase_floors":[0,0,0,2,22,22,39],"current_hp_per_floor":[39,39,40,40,40,40,6,6,6,7,14,5,7,9,50,49,80,51,51,45,45,45,18,61,35,35,36,19,14,60,53,53,42,92,94,101,103,103,103,93,93,87,87,99,103,103,105,100,129,67],"gold":554,"neow_bonus":"","is_daily":false,"chose_seed":false,"campfire_upgraded":4,"win_rate":0.0,"timestamp":1610315309,"path_taken":["M","?","M","?","?","R","E","R","T","M","M","M","E","?","R","BOSS","M","AVR","M","?","$","E","R","E","T","E","M","E","R","?","R","BOSS","M","?","?","?","$","E","R","M","T","M","E","M","E","M","R","BOSS"],"items_purchased_type":["Relic","Relic","Relic","Card","Relic","Card","Card"],"build_version":"2020-12-22","purchased_purges":1,"victory":true,"max_hp_per_floor":[75,75,76,76,76,76,78,78,78,80,82,84,86,88,88,90,90,92,92,94,94,94,96,96,98,98,100,102,104,104,106,106,108,108,110,117,119,119,119,121,121,121,121,123,125,125,127,129,129,131],"card_choices":[{"not_picked":["Crystallizer","Barrage"],"picked":"ReplayTheSpireMod:Calculation Training","floor":1.0},{"not_picked":["Redo","Streamline"],"picked":"Ball Lightning","floor":3.0},{"not_picked":["ReplayTheSpireMod:Dual Polarity","BasicCrystalCard","Hologram"],"picked":"SKIP","floor":7.0},{"not_picked":["Leap","Ball Lightning"],"picked":"Cold Snap","floor":10.0},{"not_picked":["Streamline","Beam Cell","aspiration:Polymerization"],"picked":"SKIP","floor":11.0},{"not_picked":["Leap","Barrage"],"picked":"Heatsinks","floor":12.0},{"not_picked":["Steam Power","Chaos"],"picked":"Mirror Shield","floor":13.0},{"not_picked":["Coolheaded","Aggregate"],"picked":"Capacitor","floor":14.0},{"not_picked":["Thunder Strike","hubris:Prefetch"],"picked":"Biased Cognition","floor":16.0},{"not_picked":["Stack","Gash+1","Compile Driver"],"picked":"SKIP","floor":18.0},{"not_picked":["BootSequence","Panic Button+1"],"picked":"Leap+1","floor":20.0},{"not_picked":["Rebound+1","Panic Button","Conserve Battery"],"picked":"SKIP","floor":23.0},{"not_picked":["Steam Power","Blizzard+1"],"picked":"Crystallizer","floor":25.0},{"not_picked":["Panic Button","Barrage+1"],"picked":"ReplayTheSpireMod:Fabricate Wheel","floor":27.0},{"not_picked":["Scrape+1","Panic Button+1"],"picked":"Heatsinks+1","floor":28.0},{"not_picked":["Skim","Undo","Conserve Battery"],"picked":"SKIP","floor":28.0},{"not_picked":["Go for the Eyes+1","Streamline+1","Sweeping Beam+1"],"picked":"SKIP","floor":29.0},{"not_picked":["aspiration:Polymerization","Conserve Battery"],"picked":"Doom and Gloom+1","floor":31.0},{"not_picked":["Redo","Steam","Recycle"],"picked":"SKIP","floor":31.0},{"not_picked":["hubris:DoWhile","Multi-Cast"],"picked":"Echo Form","floor":33.0},{"not_picked":["Stack","ReplaySort"],"picked":"Crystallizer","floor":35},{"not_picked":["White Noise","Hologram"],"picked":"Defragment+1","floor":35},{"not_picked":["ReplaySort+1","Gash+1"],"picked":"Sunder+1","floor":37},{"not_picked":["Tempest","Panic Button+1"],"picked":"Storm","floor":40},{"not_picked":["Cold Snap+1","Beam Cell+1"],"picked":"Self Repair+1","floor":42},{"not_picked":["Darkness","Redo","Cold Snap+1"],"picked":"SKIP","floor":42},{"not_picked":["Sweeping Beam+1","Chill"],"picked":"Sunder+1","floor":44},{"not_picked":["Steam","Turbo","Streamline+1"],"picked":"SKIP","floor":44},{"not_picked":["BasicCrystalCard","ReplayTheSpireMod:Dual Polarity","ReplayTheSpireMod:GoodbyeWorld"],"picked":"SKIP","floor":45},{"not_picked":["Steam+1","BasicCrystalCard+1"],"picked":"Loop","floor":46},{"not_picked":["Leap+1","Cold Snap+1","BasicCrystalCard"],"picked":"SKIP","floor":46},{"not_picked":["conspire:Rain+1","ReplayTheSpireMod:GoodbyeWorld","Reboot"],"picked":"SKIP","floor":47},{"not_picked":["Gash+1","Go for the Eyes+1"],"picked":"Redo+1","floor":48},{"not_picked":["ReplayTheSpireMod:Calculation Training","FTL+1","Barrage+1"],"picked":"SKIP","floor":48}],"player_experience":933631,"relics_obtained":[{"floor":5.0,"key":"conspire:DeflatedDodgeball"},{"floor":7.0,"key":"trackpad:GuardianSpirit"},{"floor":9.0,"key":"Regal Pillow"},{"floor":13.0,"key":"hubris:BallOfYels"},{"floor":23.0,"key":"Molten Egg 2"},{"floor":25.0,"key":"Golden Egg"},{"floor":26.0,"key":"Symbiotic Virus"},{"floor":27.0,"key":"Gremlin Food"},{"floor":29.0,"key":"Bronze Scales"},{"floor":36,"key":"Durian"},{"floor":37,"key":"Nunchaku"},{"floor":40,"key":"Juzu Bracelet"},{"floor":45,"key":"Bottled Tornado"},{"floor":47,"key":"Bird Faced Urn"}],"event_choices":[{"damage_healed":0.0,"max_hp_gain":0.0,"max_hp_loss":0.0,"gold_gain":0.0,"event_name":"Upgrade Shrine","player_choice":"Upgraded","floor":4.0,"gold_loss":0.0,"damage_taken":0.0,"cards_upgraded":["conspire:Banana"]},{"damage_healed":0.0,"max_hp_gain":0.0,"max_hp_loss":0.0,"gold_gain":0.0,"event_name":"Drug Dealer","player_choice":"Inject Mutagens","floor":21.0,"gold_loss":0.0,"damage_taken":0.0,"relics_obtained":["MutagenicStrength"]},{"damage_healed":0,"gold_gain":0,"player_choice":"Fight","damage_taken":0,"max_hp_gain":0,"max_hp_loss":0,"event_name":"MindBloom","floor":36,"gold_loss":0},{"damage_healed":0,"gold_gain":0,"player_choice":"Ignored","damage_taken":0,"max_hp_gain":0,"max_hp_loss":0,"event_name":"Tomb of Lord Red Mask","floor":38,"gold_loss":0}],"is_beta":false,"boss_relics":[{"not_picked":["Replay:Ancient Bell","SacredBark"],"picked":"ChewingGum"},{"not_picked":["aspiration:WatcherSkillbook","vexMod:EndlessSickness"],"picked":"vexMod:ImprovementManual"}],"items_purged_floors":[19],"is_endless":false,"potions_floor_spawned":[3,10,13,14,16,20,29,33,36,37,44,48],"ascension_level":10}}