{"host":"nsxzlb359hv0da5z","time":1610257954,"event":{"mods":["BaseMod","Bestiary","Colored Map","Minty Spire (QoL Compilation)","Permanent Neow","Relic Stats","Slay the Relics Exporter","ojb\u0027s Info Mod"],"gold_per_floor":[119,269,284,307,14,40,40,3,26,301,318,318,337,369,369,369,369],"floor_reached":16,"playtime":933,"items_purged":["Doubt"],"score":266,"play_id":"b751d2e0-c0b5-4816-b92d-6c5b13174451","local_time":"20210109215234","is_ascension_mode":true,"campfire_choices":[{"data":"Lockon","floor":7,"key":"SMITH"},{"data":"Loop","floor":12,"key":"SMITH"},{"data":"Sunder","floor":15,"key":"SMITH"}],"circlet_count":0,"master_deck":["AscendersBane","Strike_B","Strike_B","Strike_B","Strike_B","Defend_B","Defend_B","Defend_B","Defend_B","Zap","Dualcast","Glacier","Darkness","Cold Snap","Lockon+1","Loop+1","Sunder+1","Chaos+1"],"relics":["Cracked Core","NeowsBlessing","Omamori","OrangePellets","Toxic Egg 2","Happy Flower","Potion Belt"],"acts_visited":["Exordium"],"potions_floor_usage":[16,16],"damage_taken":[{"damage":0,"enemies":"Jaw Worm","floor":1,"turns":1},{"damage":0,"enemies":"Small Slimes","floor":3,"turns":1},{"damage":0,"enemies":"3 Sentries","floor":6,"turns":1},{"damage":1,"enemies":"Cultist","floor":11,"turns":3},{"damage":24,"enemies":"Exordium Thugs","floor":13,"turns":6},{"damage":23,"enemies":"Gremlin Nob","floor":14,"turns":4},{"damage":24,"enemies":"Hexaghost","floor":16,"turns":8}],"seed_played":"-6645254603531207358","potions_obtained":[{"floor":3,"key":"Strength Potion"},{"floor":6,"key":"Dexterity Potion"},{"floor":13,"key":"BlessingOfTheForge"}],"is_trial":false,"path_per_floor":["M","?","M","T","$","E","R","$","T","?","M","R","M","E","R","B"],"character_chosen":"DEFECT","items_purchased":["OrangePellets","Cold Snap","Loop"],"campfire_rested":0,"item_purchase_floors":[5,5,8],"current_hp_per_floor":[64,64,64,64,64,64,64,64,64,64,63,63,39,16,16,0,0],"gold":369,"neow_bonus":"THREE_ENEMY_KILL","is_daily":false,"chose_seed":false,"campfire_upgraded":3,"win_rate":0.0,"timestamp":1610257954,"path_taken":["M","?","M","?","$","E","R","?","T","?","M","R","M","E","R","BOSS"],"items_purchased_type":["Relic","Card","Card"],"build_version":"2020-12-22","purchased_purges":1,"victory":false,"max_hp_per_floor":[71,71,71,71,71,71,71,71,71,71,71,71,71,71,71,71,71],"relic_stats":{"OrangePellets":[0],"Happy Flower":[7],"counters":[7,24],"obtain_stats":[{"Potion Belt":14,"OrangePellets":5,"NeowsBlessing":0,"Happy Flower":9,"Omamori":4,"Toxic Egg 2":6,"Cracked Core":0},{"Potion Belt":6,"OrangePellets":2,"NeowsBlessing":0,"Happy Flower":3,"Omamori":2,"Toxic Egg 2":3,"Cracked Core":0},{"Potion Belt":16,"OrangePellets":2,"NeowsBlessing":0,"Happy Flower":3,"Omamori":2,"Toxic Egg 2":3,"Cracked Core":0}]},"card_choices":[{"not_picked":["Turbo","Streamline"],"picked":"Glacier","floor":1},{"not_picked":["Streamline","Coolheaded"],"picked":"Darkness","floor":3},{"not_picked":["Loop","Leap+1"],"picked":"Lockon","floor":6},{"not_picked":["Cold Snap","Rebound","Turbo+1"],"picked":"SKIP","floor":11},{"not_picked":["Rip and Tear","Sweeping Beam"],"picked":"Sunder","floor":13},{"not_picked":["Scrape","Hello World"],"picked":"Chaos+1","floor":14}],"player_experience":1959978,"relics_obtained":[{"floor":4,"key":"Omamori"},{"floor":6,"key":"Toxic Egg 2"},{"floor":9,"key":"Happy Flower"},{"floor":14,"key":"Potion Belt"}],"event_choices":[{"damage_healed":0,"gold_gain":150,"player_choice":"AGREE","damage_taken":0,"max_hp_gain":0,"max_hp_loss":0,"event_name":"Liars Game","floor":2,"gold_loss":0,"cards_obtained":["Doubt"]},{"damage_healed":0,"gold_gain":275,"player_choice":"Desecrate","damage_taken":0,"max_hp_gain":0,"max_hp_loss":0,"event_name":"Golden Shrine","floor":10,"gold_loss":0,"cards_obtained":["Regret"]}],"is_beta":false,"boss_relics":[],"items_purged_floors":[5],"is_endless":false,"potions_floor_spawned":[3,6,13],"killed_by":"Hexaghost","ascension_level":20}}