{"host":"xkmvu47k9fdstweo","time":1610288546,"event":{"mods":["BaseMod","Colored Map","Conspire","Hubris","Minty Spire (QoL Compilation)","Quick Restart","Railgun Mod","Shop Mod","StSLib","The Alterego","The Servant 0.9.4","The Wild Card","TheBandit","WarShipGirlsR/??è≠èóR mod","vexMod"],"gold_per_floor":[114,114,5,20,20,52,52,84,163,188,188,201,201,201,201,299,299,311,327,327,343,343,343,371,49,49,69,82,109,41,54,54,155,155,175,193,193,193,84,84,111,111,111,139,139,67,93,43,43,43,43],"floor_reached":50,"playtime":1657,"items_purged":["Strike_G","Defend_G","Defend_G"],"score":986,"play_id":"b8b8c43e-cc52-4b78-94f3-5f0a81d38be5","local_time":"20210110092226","is_ascension_mode":true,"campfire_choices":[{"data":"theWildCard:Odin","floor":11.0,"key":"SMITH"},{"data":"Noxious Fumes","floor":13.0,"key":"SMITH"},{"data":"Deadly Poison","floor":15.0,"key":"SMITH"},{"data":"Neutralize","floor":23.0,"key":"SMITH"},{"data":"conspire:PoisonWeapons","floor":32.0,"key":"SMITH"},{"data":"Calculated Gamble","floor":40.0,"key":"SMITH"},{"floor":42.0,"key":"REST"},{"floor":45.0,"key":"REST"},{"floor":49.0,"key":"REST"}],"circlet_count":0,"master_deck":["AscendersBane","Strike_G","Strike_G","Strike_G","Strike_G","Defend_G","Defend_G","Defend_G","Neutralize+1","Dodge and Roll+1","theWildCard:Odin+1","Noxious Fumes+1","Flying Knee","Predator+1","Deadly Poison+1","Poisoned Stab+1","Dagger Throw","Die Die Die+1","Dagger Spray+1","Backstab","Endless Agony+1","Deflect+1","Dash+1","conspire:PoisonWeapons+1","A Thousand Cuts+1","Outmaneuver+1","Noxious Fumes+1","Calculated Gamble+1","Deadly Poison","Heel Hook"],"relics":["Ring of the Snake","NeowsBlessing","Ginger","Potion Belt","Frozen Egg 2","Pear","Busted Crown","NlothsMask","vexMod:MemoryStick","Anchor","vexMod:ImprovementManual","conspire:DecoderRing","Smiling Mask","Gremlin Horn"],"acts_visited":["Exordium","TheCity","TheBeyond"],"potions_floor_usage":[50,50,50],"damage_taken":[{"damage":0.0,"enemies":"Small Slimes","floor":1.0,"turns":1.0},{"damage":0.0,"enemies":"2 Louse","floor":4.0,"turns":2.0},{"damage":0.0,"enemies":"Lagavulin","floor":6.0,"turns":1.0},{"damage":1.0,"enemies":"Gremlin Nob","floor":8.0,"turns":4.0},{"damage":4.0,"enemies":"3 Sentries","floor":10.0,"turns":9.0},{"damage":0.0,"enemies":"Jaw Worm","floor":12.0,"turns":2.0},{"damage":25.0,"enemies":"Hexaghost","floor":16.0,"turns":10.0},{"damage":7.0,"enemies":"Spheric Guardian","floor":18.0,"turns":5.0},{"damage":0.0,"enemies":"Chosen","floor":19.0,"turns":5.0},{"damage":0.0,"enemies":"Snecko","floor":21.0,"turns":4.0},{"damage":10.0,"enemies":"Slavers","floor":24.0,"turns":5.0},{"damage":6.0,"enemies":"Cultist and Chosen","floor":27.0,"turns":5.0},{"damage":0.0,"enemies":"Centurion and Healer","floor":28.0,"turns":5.0},{"damage":0.0,"enemies":"Gremlin Leader","floor":29.0,"turns":7.0},{"damage":2.0,"enemies":"conspire:HollyBat","floor":31.0,"turns":9.0},{"damage":14.0,"enemies":"Automaton","floor":33.0,"turns":10.0},{"damage":0.0,"enemies":"3 Shapes","floor":35.0,"turns":4.0},{"damage":0.0,"enemies":"Orb Walker","floor":36.0,"turns":3.0},{"damage":33.0,"enemies":"Nemesis","floor":41.0,"turns":9.0},{"damage":44.0,"enemies":"Giant Head","floor":44.0,"turns":7.0},{"damage":0.0,"enemies":"Reptomancer","floor":47.0,"turns":3.0},{"damage":84,"enemies":"Time Eater","floor":50,"turns":10}],"seed_played":"2697286403833596547","potions_obtained":[{"floor":1.0,"key":"Block Potion"},{"floor":6.0,"key":"Regen Potion"},{"floor":12.0,"key":"SpeedPotion"},{"floor":19.0,"key":"ColorlessPotion"},{"floor":21.0,"key":"SpeedPotion"},{"floor":24.0,"key":"LiquidMemories"},{"floor":27.0,"key":"SpeedPotion"},{"floor":28.0,"key":"SkillPotion"},{"floor":41.0,"key":"SmokeBomb"},{"floor":44.0,"key":"EssenceOfSteel"},{"floor":47.0,"key":"GhostInAJar"}],"is_trial":false,"path_per_floor":["M","?","$","M","$","E","?","E","T","E","R","M","R","?","R","B",null,"M","M","?","M","?","R","E","$","T","M","M","E","$","M","R","B",null,"M","M","?","?","$","R","E","R","T","E","R","$","E","$","R","B"],"character_chosen":"THE_SILENT","items_purchased":["Noxious Fumes","Endless Agony","Anchor","conspire:PoisonWeapons","Noxious Fumes+1","Calculated Gamble","DuplicationPotion"],"campfire_rested":3,"item_purchase_floors":[3,25,25,30,39,39,46],"current_hp_per_floor":[63,63,63,63,63,63,63,62,62,68,68,68,68,68,68,43,71,64,64,64,64,80,80,70,70,70,64,64,64,64,62,62,48,72,72,72,72,72,72,72,54,78,78,34,58,58,58,58,80,0,0],"gold":43,"neow_bonus":"THREE_ENEMY_KILL","is_daily":false,"chose_seed":false,"campfire_upgraded":6,"win_rate":0.0,"timestamp":1610288546,"path_taken":["M","?","$","M","$","E","?","E","T","E","R","M","R","?","R","BOSS","M","M","?","?","?","R","E","$","T","M","M","E","$","M","R","BOSS","M","M","?","?","?","R","E","R","T","E","R","$","E","$","R","BOSS"],"items_purchased_type":["Card","Card","Relic","Card","Card","Card","Potion"],"build_version":"2020-12-22","purchased_purges":3,"victory":false,"max_hp_per_floor":[70,70,70,70,70,70,70,70,70,80,80,80,80,80,80,80,80,80,80,80,80,80,80,80,80,80,80,80,80,80,80,80,80,80,80,80,80,80,80,80,80,80,80,80,80,80,80,80,80,80,80],"card_choices":[{"not_picked":["Terror","Prepared"],"picked":"Dodge and Roll","floor":1.0},{"not_picked":["Eviscerate","Underhanded Strike"],"picked":"Flying Knee","floor":4.0},{"not_picked":["hubris:TrickCloak","conspire:PoisonWeapons"],"picked":"Predator","floor":6.0},{"not_picked":["Burst","Leg Sweep"],"picked":"Deadly Poison","floor":8.0},{"not_picked":["Cloak And Dagger","Backstab"],"picked":"Poisoned Stab","floor":10.0},{"not_picked":["Dash","Flechettes"],"picked":"Dagger Throw","floor":12.0},{"not_picked":["Grand Finale","Doppelganger"],"picked":"Die Die Die","floor":16.0},{"not_picked":["Dodge and Roll"],"picked":"SKIP","floor":18.0},{"not_picked":[],"picked":"Dagger Spray","floor":19.0},{"not_picked":[],"picked":"Backstab","floor":21.0},{"not_picked":["Slice"],"picked":"SKIP","floor":24.0},{"not_picked":[],"picked":"Deflect+1","floor":27.0},{"not_picked":[],"picked":"Dash+1","floor":28.0},{"not_picked":["Riddle With Holes"],"picked":"SKIP","floor":29.0},{"not_picked":["Slice"],"picked":"SKIP","floor":31.0},{"not_picked":[],"picked":"A Thousand Cuts+1","floor":33.0},{"not_picked":["Dagger Throw"],"picked":"SKIP","floor":35.0},{"not_picked":["Outmaneuver+1"],"picked":"SKIP","floor":36.0},{"not_picked":[],"picked":"Outmaneuver+1","floor":36.0},{"not_picked":[],"picked":"Deadly Poison","floor":41.0},{"not_picked":["hubris:Sniper"],"picked":"SKIP","floor":44.0},{"not_picked":[],"picked":"Heel Hook","floor":47.0}],"player_experience":295741,"relics_obtained":[{"floor":6.0,"key":"Ginger"},{"floor":8.0,"key":"Potion Belt"},{"floor":9.0,"key":"Frozen Egg 2"},{"floor":10.0,"key":"Pear"},{"floor":24.0,"key":"vexMod:MemoryStick"},{"floor":43.0,"key":"conspire:DecoderRing"},{"floor":44.0,"key":"Smiling Mask"},{"floor":47.0,"key":"Gremlin Horn"}],"event_choices":[{"damage_healed":0.0,"max_hp_gain":0.0,"max_hp_loss":0.0,"gold_gain":0.0,"event_name":"conspire:LoneGhost","player_choice":"Disagree","floor":7.0,"gold_loss":0.0,"damage_taken":0.0},{"damage_healed":0.0,"max_hp_gain":0.0,"max_hp_loss":0.0,"gold_gain":0.0,"event_name":"FaceTrader","player_choice":"Trade","floor":20.0,"gold_loss":0.0,"damage_taken":0.0,"relics_obtained":["NlothsMask"]},{"damage_healed":26.0,"max_hp_gain":0.0,"max_hp_loss":0.0,"gold_gain":0.0,"event_name":"The Library","player_choice":"Heal","floor":22.0,"gold_loss":0.0,"damage_taken":0.0},{"cards_removed":["Survivor"],"damage_healed":0.0,"max_hp_gain":0.0,"max_hp_loss":0.0,"gold_gain":0.0,"event_name":"Falling","player_choice":"Removed Skill","floor":37.0,"gold_loss":0.0,"damage_taken":0.0},{"damage_healed":0.0,"max_hp_gain":0.0,"max_hp_loss":0.0,"gold_gain":0.0,"event_name":"conspire:Investor","player_choice":"Leave","floor":38.0,"gold_loss":0.0,"damage_taken":0.0}],"is_beta":false,"boss_relics":[{"not_picked":["hubris:HollowSoul","vexMod:MegatonBomb"],"picked":"Busted Crown"},{"not_picked":["HoveringKite","Pandora\u0027s Box"],"picked":"vexMod:ImprovementManual"}],"items_purged_floors":[3,25,48],"is_endless":false,"potions_floor_spawned":[1,6,12,19,21,24,27,28,41,44,47],"killed_by":"Time Eater","ascension_level":10}}