{"host":"9kesdg97wkrx2bva","time":1610244332,"event":{"mods":["AchievementEnabler","BaseMod","Colored Map","Downfall","GifTheSpireLib","Infinite Spire","Minty Spire (QoL Compilation)","Replay The Spire","StSLib"],"gold_per_floor":[114,114,114,125,138,169,189,189,189,189,206,131,141,41,41,41,41],"floor_reached":16,"playtime":459,"items_purged":["Strike_B","Strike_B"],"score":184,"play_id":"dc20c5d2-141b-49c7-8d3b-61fe27540a41","local_time":"20210109210532","is_ascension_mode":true,"campfire_choices":[{"floor":8,"key":"REST"},{"floor":15,"key":"REST"}],"circlet_count":0,"master_deck":["AscendersBane","Defend_B","Defend_B","Defend_B","Zap+1","Dualcast","Static Discharge","Reinforced Body","Doom and Gloom","Lockon","Self Repair","Pot Of Greed+1","Pot Of Greed","Heatsinks","Machine Learning"],"relics":["Cracked Core","Grinning Jar","Singing Bowl"],"acts_visited":["Exordium"],"potions_floor_usage":[6,16,16],"damage_taken":[{"damage":12,"enemies":"Jaw Worm","floor":1,"turns":4},{"damage":7,"enemies":"2 Louse","floor":4,"turns":2},{"damage":1,"enemies":"Cultist","floor":5,"turns":4},{"damage":10,"enemies":"Lagavulin","floor":6,"turns":6},{"damage":11,"enemies":"2 Fungi Beasts","floor":7,"turns":4},{"damage":8,"enemies":"Exordium Thugs","floor":11,"turns":4},{"damage":29,"enemies":"Gremlin Gang","floor":13,"turns":3},{"damage":58,"enemies":"Fading Forest","floor":16,"turns":9}],"seed_played":"-3357291965369226743","potions_obtained":[{"floor":4,"key":"champ:CounterPotion"},{"floor":5,"key":"Elixir"},{"floor":7,"key":"Languid Potion"}],"is_trial":false,"path_per_floor":["M","?","?","M","M","E","M","R","T","?","M","$","M","$","R","B"],"character_chosen":"DEFECT","items_purchased":[],"campfire_rested":2,"item_purchase_floors":[],"current_hp_per_floor":[34,34,34,27,26,23,19,40,40,40,39,39,12,12,33,0,0],"gold":41,"neow_bonus":"TRANSFORM_TWO_CARDS","is_daily":false,"chose_seed":false,"campfire_upgraded":0,"win_rate":0.0,"timestamp":1610244332,"path_taken":["M","?","?","M","M","E","?","R","T","?","?","$","M","$","R","BOSS"],"items_purchased_type":[],"build_version":"2020-12-22","purchased_purges":2,"victory":false,"max_hp_per_floor":[71,71,71,71,71,71,71,71,71,71,71,71,73,73,73,73,73],"card_choices":[{"not_picked":["Barrage","Leap"],"picked":"Doom and Gloom","floor":1},{"not_picked":["Coolheaded","ReplaySolidLightProjector"],"picked":"Lockon","floor":4},{"not_picked":["Coolheaded","Steam"],"picked":"Self Repair","floor":5},{"not_picked":["Coolheaded","Rip and Tear","Steam"],"picked":"SKIP","floor":6},{"not_picked":["Sweeping Beam","Beam Cell"],"picked":"Heatsinks","floor":7},{"not_picked":["Barrage","Heatsinks"],"picked":"Machine Learning","floor":11},{"not_picked":["ReplaySolidLightProjector","Conserve Battery","Leap"],"picked":"Singing Bowl","floor":13}],"player_experience":914023,"relics_obtained":[{"floor":6,"key":"Grinning Jar"},{"floor":9,"key":"Singing Bowl"}],"event_choices":[{"cards_removed":["Strike_B"],"damage_healed":0,"gold_gain":0,"player_choice":"Offered Basic","damage_taken":0,"max_hp_gain":0,"max_hp_loss":0,"event_name":"Bonfire Elementals","floor":3,"gold_loss":0},{"damage_healed":0,"gold_gain":0,"player_choice":"Upgraded","damage_taken":0,"max_hp_gain":0,"max_hp_loss":0,"event_name":"Upgrade Shrine","floor":10,"gold_loss":0,"cards_upgraded":["Pot Of Greed"]}],"is_beta":false,"boss_relics":[],"items_purged_floors":[12,14],"is_endless":false,"potions_floor_spawned":[4,5,7,13],"killed_by":"Fading Forest","ascension_level":16}}