{"host":"uv231blk40vjdojr","time":1610275177,"event":{"mods":["AchievementEnabler","BaseMod","Bestiary","Minty Spire (QoL Compilation)","Relic Stats"],"gold_per_floor":[119,48,61,81,81,81,114,133,156,156,172,207,207,220,220,324,324,336,336,251,79,79,79,97,97,122,155,155,188,203,237,237,338,338,353,372,20,38,50,50,75,88,88,121,132,132,148,166,166,166],"floor_reached":51,"playtime":2741,"items_purged":[],"score":859,"play_id":"e710aea1-017f-4fe0-8a33-273b3fd6e35f","local_time":"20210110113937","is_ascension_mode":false,"campfire_choices":[{"data":"Compile Driver","floor":6.0,"key":"SMITH"},{"data":"Multi-Cast","floor":13.0,"key":"SMITH"},{"data":"Loop","floor":15.0,"key":"SMITH"},{"data":"Dualcast","floor":23.0,"key":"SMITH"},{"data":"Conserve Battery","floor":25.0,"key":"SMITH"},{"floor":28.0,"key":"REST"},{"data":"Heatsinks","floor":32.0,"key":"SMITH"},{"data":"Fission","floor":40,"key":"SMITH"},{"data":"Chaos","floor":46,"key":"SMITH"},{"floor":49,"key":"REST"}],"circlet_count":0,"master_deck":["Dualcast+1","Rip and Tear+1","Darkness+1","Buffer+1","Cold Snap+1","Sweeping Beam","Compile Driver+1","Undo","Loop+1","Multi-Cast+1","Compile Driver","Buffer","White Noise","Compile Driver","Force Field","Core Surge","Conserve Battery+1","Heatsinks+1","Turbo","White Noise+1","Hologram+1","Echo Form","Chaos+1","Fission+1","Barrage+1","Darkness+1","Machine Learning"],"relics":["Astrolabe","Juzu Bracelet","Blood Vial","Bronze Scales","Pandora\u0027s Box","Ancient Tea Set","Tiny Chest","Akabeko","Mercury Hourglass","Red Mask","Inserter","Membership Card","Meat on the Bone","Omamori","Mummified Hand","Pear"],"acts_visited":["Exordium","TheCity","TheBeyond"],"potions_floor_usage":[42,44,45,45],"damage_taken":[{"damage":0.0,"enemies":"Jaw Worm","floor":1.0,"turns":3.0},{"damage":0.0,"enemies":"Small Slimes","floor":3.0,"turns":3.0},{"damage":0.0,"enemies":"Cultist","floor":4.0,"turns":3.0},{"damage":0.0,"enemies":"Lagavulin","floor":7.0,"turns":6.0},{"damage":0.0,"enemies":"Blue Slaver","floor":8.0,"turns":5.0},{"damage":0.0,"enemies":"Looter","floor":11.0,"turns":4.0},{"damage":0.0,"enemies":"Gremlin Nob","floor":12.0,"turns":3.0},{"damage":5.0,"enemies":"Lots of Slimes","floor":14.0,"turns":3.0},{"damage":13.0,"enemies":"The Guardian","floor":16.0,"turns":8.0},{"damage":16.0,"enemies":"Shell Parasite","floor":18.0,"turns":3.0},{"damage":1.0,"enemies":"Chosen","floor":24.0,"turns":3.0},{"damage":49.0,"enemies":"Slavers","floor":27.0,"turns":6.0},{"damage":8.0,"enemies":"Gremlin Leader","floor":29.0,"turns":4.0},{"damage":3.0,"enemies":"Shelled Parasite and Fungi","floor":30.0,"turns":4.0},{"damage":0.0,"enemies":"Masked Bandits","floor":31.0,"turns":4.0},{"damage":0.0,"enemies":"Champ","floor":33.0,"turns":6.0},{"damage":8.0,"enemies":"3 Shapes","floor":35.0,"turns":4.0},{"damage":0.0,"enemies":"3 Darklings","floor":36.0,"turns":6.0},{"damage":2.0,"enemies":"Sphere and 2 Shapes","floor":38.0,"turns":5.0},{"damage":8,"enemies":"Transient","floor":39,"turns":5},{"damage":28,"enemies":"Nemesis","floor":41,"turns":5},{"damage":21,"enemies":"3 Darklings","floor":42,"turns":3},{"damage":25,"enemies":"Reptomancer","floor":44,"turns":5},{"damage":23,"enemies":"Sphere and 2 Shapes","floor":45,"turns":4},{"damage":0,"enemies":"Maw","floor":47,"turns":5},{"damage":0,"enemies":"4 Shapes","floor":48,"turns":4},{"damage":30,"enemies":"Donu and Deca","floor":50,"turns":11}],"seed_played":"7760209491089216022","potions_obtained":[{"floor":3.0,"key":"Block Potion"},{"floor":4.0,"key":"Strength Potion"},{"floor":7.0,"key":"FocusPotion"},{"floor":24.0,"key":"EntropicBrew"},{"floor":30.0,"key":"PowerPotion"},{"floor":31.0,"key":"CultistPotion"},{"floor":35.0,"key":"GamblersBrew"},{"floor":41,"key":"Swift Potion"},{"floor":44,"key":"Fire Potion"}],"is_trial":false,"path_per_floor":["M","$","M","M","?","R","E","M","T","?","M","E","R","M","R","B",null,"M","?","?","$","?","R","M","R","T","E","R","E","M","?","R","B",null,"M","M","$","M","M","R","E","M","T","E","M","R","M","M","R","B",null],"character_chosen":"DEFECT","items_purchased":["Cold Snap","Sweeping Beam","Conserve Battery","Heatsinks","Turbo","Membership Card","Meat on the Bone","Fission"],"campfire_rested":2,"item_purchase_floors":[2,2,21,21,21,37,37,37],"current_hp_per_floor":[75,75,75,75,75,75,75,75,75,60,62,64,64,61,61,50,75,59,75,75,75,75,75,74,74,74,26,48,42,41,43,43,45,75,67,69,69,69,63,63,49,42,42,41,32,32,46,48,73,45],"gold":166,"neow_bonus":"BOSS_RELIC","is_daily":false,"chose_seed":false,"campfire_upgraded":8,"win_rate":0.0,"timestamp":1610275177,"path_taken":["M","$","M","M","?","R","E","M","T","?","M","E","R","M","R","BOSS","M","?","?","$","?","R","M","R","T","E","R","E","M","?","R","BOSS","M","M","$","M","M","R","E","M","T","E","M","R","M","M","R","BOSS"],"items_purchased_type":["Card","Card","Card","Card","Card","Relic","Relic","Card"],"build_version":"2020-12-22","purchased_purges":0,"victory":true,"max_hp_per_floor":[75,75,75,75,75,75,75,75,75,75,75,75,75,75,75,75,75,75,75,75,75,75,75,75,75,75,75,75,75,75,75,75,75,75,75,75,75,75,75,75,75,75,75,85,85,85,85,85,85,85],"relic_stats":{"Blood Vial":37,"Inserter":[28],"counters":[27,125],"Mummified Hand":[63],"Astrolabe":["Rip and Tear","Darkness","Buffer"],"Bronze Scales":[266],"Pandora\u0027s Box":["Chaos","White Noise","Compile Driver","Force Field","Core Surge"],"Tiny Chest":0,"Juzu Bracelet":1,"obtain_stats":[{"Inserter":34,"Pear":44,"Astrolabe":0,"Juzu Bracelet":7,"Omamori":41,"Ancient Tea Set":20,"Akabeko":27,"Mercury Hourglass":29,"Blood Vial":9,"Mummified Hand":43,"Bronze Scales":12,"Pandora\u0027s Box":17,"Tiny Chest":26,"Red Mask":31,"Membership Card":37,"Cracked Core":0,"Meat on the Bone":37},{"Inserter":16,"Pear":23,"Astrolabe":0,"Juzu Bracelet":4,"Omamori":21,"Ancient Tea Set":10,"Akabeko":12,"Mercury Hourglass":13,"Blood Vial":5,"Mummified Hand":22,"Bronze Scales":7,"Pandora\u0027s Box":9,"Tiny Chest":11,"Red Mask":15,"Membership Card":18,"Cracked Core":0,"Meat on the Bone":18},{"Inserter":68,"Pear":101,"Astrolabe":0,"Juzu Bracelet":15,"Omamori":93,"Ancient Tea Set":41,"Akabeko":50,"Mercury Hourglass":54,"Blood Vial":20,"Mummified Hand":96,"Bronze Scales":27,"Pandora\u0027s Box":38,"Tiny Chest":44,"Red Mask":62,"Membership Card":78,"Cracked Core":0,"Meat on the Bone":78}],"Mercury Hourglass":[297],"Meat on the Bone":60},"card_choices":[{"not_picked":["Go for the Eyes","Rebound","Barrage"],"picked":"SKIP","floor":1.0},{"not_picked":["Storm","Skim","Leap"],"picked":"SKIP","floor":3.0},{"not_picked":["Go for the Eyes","Static Discharge"],"picked":"Compile Driver","floor":4.0},{"not_picked":["Coolheaded","Barrage"],"picked":"Undo","floor":7.0},{"not_picked":["Rebound","Turbo"],"picked":"Loop","floor":8.0},{"not_picked":["Conserve Battery","Storm"],"picked":"Multi-Cast","floor":11.0},{"not_picked":["Beam Cell","Stack"],"picked":"Compile Driver","floor":12.0},{"not_picked":["Skim","Rebound","Ball Lightning"],"picked":"SKIP","floor":14.0},{"not_picked":["All For One","Creative AI"],"picked":"Buffer","floor":16.0},{"not_picked":["Gash","Chaos","Ball Lightning"],"picked":"SKIP","floor":18.0},{"not_picked":["Barrage","Stack"],"picked":"White Noise+1","floor":24.0},{"not_picked":["Steam+1","Compile Driver","Meteor Strike"],"picked":"SKIP","floor":27.0},{"not_picked":["Rebound","Compile Driver","Fusion"],"picked":"SKIP","floor":29.0},{"not_picked":["Compile Driver","Tempest"],"picked":"Hologram+1","floor":30.0},{"not_picked":["Machine Learning","Amplify"],"picked":"Echo Form","floor":33.0},{"not_picked":["Beam Cell+1","Gash"],"picked":"Chaos","floor":35.0},{"not_picked":["Barrage+1","Coolheaded","Turbo+1"],"picked":"SKIP","floor":36.0},{"not_picked":["Sweeping Beam+1","Chill+1"],"picked":"Barrage+1","floor":38.0},{"not_picked":["Steam+1","Conserve Battery+1"],"picked":"Darkness+1","floor":39},{"not_picked":["Go for the Eyes","Double Energy","Steam Power+1"],"picked":"SKIP","floor":41},{"not_picked":["Go for the Eyes+1","Skim+1","Darkness+1"],"picked":"SKIP","floor":42},{"not_picked":["Turbo+1","Auto Shields","Stack+1"],"picked":"SKIP","floor":44},{"not_picked":["Barrage","Gash+1","Rebound"],"picked":"SKIP","floor":45},{"not_picked":["Barrage+1","Hologram+1","Leap+1"],"picked":"SKIP","floor":47},{"not_picked":["Barrage","Hologram+1"],"picked":"Machine Learning","floor":48}],"player_experience":640898,"relics_obtained":[{"floor":7.0,"key":"Juzu Bracelet"},{"floor":9.0,"key":"Blood Vial"},{"floor":12.0,"key":"Bronze Scales"},{"floor":26.0,"key":"Tiny Chest"},{"floor":27.0,"key":"Akabeko"},{"floor":29.0,"key":"Mercury Hourglass"},{"floor":31.0,"key":"Red Mask"},{"floor":41,"key":"Omamori"},{"floor":43,"key":"Mummified Hand"},{"floor":44,"key":"Pear"}],"event_choices":[{"damage_healed":0.0,"max_hp_gain":0.0,"max_hp_loss":0.0,"gold_gain":0.0,"event_name":"Liars Game","player_choice":"Ignored","floor":5.0,"gold_loss":0.0,"damage_taken":0.0},{"damage_healed":0.0,"max_hp_gain":0.0,"max_hp_loss":0.0,"gold_gain":0.0,"event_name":"Shining Light","player_choice":"Entered Light","floor":10.0,"gold_loss":0.0,"damage_taken":15.0,"cards_upgraded":["Defend_B","Cold Snap"]},{"cards_removed":["Chaos"],"damage_healed":16.0,"max_hp_gain":0.0,"max_hp_loss":0.0,"gold_gain":0.0,"event_name":"Bonfire Elementals","player_choice":"Offered Uncommon","floor":19.0,"gold_loss":0.0,"damage_taken":0.0},{"damage_healed":0.0,"max_hp_gain":0.0,"max_hp_loss":0.0,"gold_gain":0.0,"event_name":"Addict","player_choice":"Obtained Relic","floor":20.0,"gold_loss":85.0,"damage_taken":0.0,"relics_obtained":["Ancient Tea Set"]},{"cards_removed":["Zap"],"damage_healed":0.0,"max_hp_gain":0.0,"max_hp_loss":0.0,"gold_gain":0.0,"event_name":"Back to Basics","player_choice":"Elegance","floor":22.0,"gold_loss":0.0,"damage_taken":0.0},{"damage_healed":0.0,"max_hp_gain":0.0,"max_hp_loss":0.0,"gold_gain":0.0,"event_name":"Masked Bandits","player_choice":"Fought Bandits","floor":31.0,"gold_loss":0.0,"damage_taken":0.0}],"is_beta":false,"boss_relics":[{"not_picked":["SacredBark","Fusion Hammer"],"picked":"Pandora\u0027s Box"},{"not_picked":["Cursed Key","SlaversCollar"],"picked":"Inserter"}],"items_purged_floors":[],"is_endless":false,"potions_floor_spawned":[3,4,7,24,30,31,35,38,41,44],"ascension_level":0}}