{"host":"rjbqai8ni6dsiu37","time":1610242398,"event":{"mods":["BaseMod","Minty Spire (QoL Compilation)","StSLib","The Hierophant","WarShipGirlsR/??á´Ò³R mod"],"gold_per_floor":[117,117,134,134,144,176,189,189,189,189,209,209,235,235,235,337,337,337,337,337,337,337,337,337,337,337,337,337,337,337,337],"floor_reached":30,"playtime":1216,"items_purged":[],"score":335,"play_id":"c1392a9b-a290-405a-9dfd-5a79ebb67d69","local_time":"20210110103318","is_ascension_mode":true,"campfire_choices":[{"data":"rmod:maingunfire","floor":8.0,"key":"SMITH"},{"data":"rmod:luckystar","floor":10.0,"key":"SMITH"},{"floor":12.0,"key":"REST"},{"floor":15.0,"key":"RECALL"},{"data":"rmod:u235","floor":23.0,"key":"SMITH"},{"data":"rmod:ammunitionsupply","floor":28,"key":"SMITH"}],"circlet_count":0,"master_deck":["rmod:strick","rmod:strick","rmod:strick","rmod:strick","rmod:defend","rmod:defend","rmod:defend","rmod:defend","rmod:basicallowance+1","rmod:maingunfire+1","rmod:fletcherpendant","rmod:luckystar+1","rmod:mineteam+1","rmod:fletcherpendant","rmod:u235+1","rmod:circuitoustactics","rmod:windflower","rmod:ammunitionsupply+1"],"relics":["rmod:firstchargereward","Centennial Puzzle","Orichalcum","HornCleat","Ectoplasm","Du-Vu Doll","Bag of Preparation","Happy Flower"],"acts_visited":["Exordium","TheCity"],"potions_floor_usage":[24,24],"damage_taken":[{"damage":0.0,"enemies":"Jaw Worm","floor":1.0,"turns":3.0},{"damage":0.0,"enemies":"Cultist","floor":3.0,"turns":3.0},{"damage":14.0,"enemies":"Small Slimes","floor":5.0,"turns":3.0},{"damage":11.0,"enemies":"Gremlin Nob","floor":6.0,"turns":3.0},{"damage":4.0,"enemies":"Red Slaver","floor":7.0,"turns":3.0},{"damage":3.0,"enemies":"2 Fungi Beasts","floor":11.0,"turns":2.0},{"damage":8.0,"enemies":"Lagavulin","floor":13.0,"turns":5.0},{"damage":11.0,"enemies":"Slime Boss","floor":16.0,"turns":5.0},{"damage":17.0,"enemies":"Spheric Guardian","floor":18.0,"turns":4.0},{"damage":6.0,"enemies":"Chosen","floor":20.0,"turns":2.0},{"damage":9.0,"enemies":"Snecko","floor":21.0,"turns":4.0},{"damage":6,"enemies":"Slavers","floor":24,"turns":4},{"damage":9,"enemies":"Shelled Parasite and Fungi","floor":27,"turns":5},{"damage":16,"enemies":"Colosseum Slavers","floor":30,"turns":1}],"seed_played":"-6674022772592518363","potions_obtained":[{"floor":0.0,"key":"FearPotion"},{"floor":0.0,"key":"SkillPotion"},{"floor":0.0,"key":"Regen Potion"},{"floor":5.0,"key":"AttackPotion"},{"floor":6.0,"key":"DuplicationPotion"},{"floor":20.0,"key":"Explosive Potion"},{"floor":24,"key":"Swift Potion"}],"is_trial":false,"path_per_floor":["M","?","M","?","M","E","M","R","T","R","M","R","E","?","R","B",null,"M","$","M","M","?","R","E","?","T","M","R","?","?"],"character_chosen":"PRAEFECT","items_purchased":[],"campfire_rested":1,"item_purchase_floors":[],"current_hp_per_floor":[68,68,68,68,54,43,39,39,39,39,36,58,50,50,50,39,66,49,49,48,39,39,39,33,33,33,24,24,10,0,0],"gold":337,"neow_bonus":"THREE_SMALL_POTIONS","is_daily":false,"chose_seed":false,"campfire_upgraded":4,"win_rate":0.0,"timestamp":1610242398,"path_taken":["M","?","?","?","?","E","M","R","T","R","M","R","E","?","R","BOSS","M","$","M","M","?","R","E","?","T","?","R","?","?"],"items_purchased_type":[],"build_version":"2020-12-22","purchased_purges":0,"victory":false,"max_hp_per_floor":[75,75,75,75,75,75,75,75,75,75,75,75,75,75,75,75,75,75,75,75,75,75,75,75,75,75,75,75,80,80,80],"card_choices":[{"not_picked":["rmod:steelsupply","rmod:chargemoney"],"picked":"rmod:fletcherpendant","floor":1.0},{"not_picked":["rmod:advancebysurprise","rmod:luckystar","rmod:steelsupply"],"picked":"SKIP","floor":3.0},{"not_picked":["rmod:fuelsupply","rmod:victimresponsibility"],"picked":"rmod:luckystar","floor":5.0},{"not_picked":["rmod:fuelsupply","rmod:ring","rmod:overbreakdown"],"picked":"SKIP","floor":6.0},{"not_picked":["rmod:aluminumsupply","rmod:supriseattacks","rmod:garrisonisland"],"picked":"SKIP","floor":7.0},{"not_picked":["rmod:luckystar","rmod:highspeedshooting"],"picked":"rmod:mineteam","floor":11.0},{"not_picked":["rmod:wolves","rmod:tearstotiara"],"picked":"rmod:fletcherpendant","floor":13.0},{"not_picked":["rmod:secretscript","rmod:lastglory"],"picked":"rmod:u235","floor":16.0},{"not_picked":["rmod:supportescort","rmod:luckystar","rmod:punchline"],"picked":"SKIP","floor":18.0},{"not_picked":["rmod:steelsupply","rmod:victimresponsibility"],"picked":"rmod:circuitoustactics","floor":20.0},{"not_picked":["rmod:fuelsupply","rmod:ring"],"picked":"rmod:windflower","floor":21.0},{"not_picked":["rmod:supportescort","rmod:supportaircraftcarrier+1","rmod:overbreakdown"],"picked":"SKIP","floor":24},{"not_picked":["rmod:firesupport","rmod:aggressivemary+1"],"picked":"rmod:ammunitionsupply","floor":27}],"player_experience":143545,"relics_obtained":[{"floor":6.0,"key":"Centennial Puzzle"},{"floor":9.0,"key":"Orichalcum"},{"floor":13.0,"key":"HornCleat"},{"floor":24,"key":"Du-Vu Doll"},{"floor":25,"key":"Bag of Preparation"},{"floor":26,"key":"Happy Flower"}],"event_choices":[{"damage_healed":0.0,"max_hp_gain":0.0,"max_hp_loss":0.0,"gold_gain":0.0,"event_name":"Upgrade Shrine","player_choice":"Upgraded","floor":2.0,"gold_loss":0.0,"damage_taken":0.0,"cards_upgraded":["rmod:basicallowance"]},{"damage_healed":0.0,"max_hp_gain":0.0,"max_hp_loss":0.0,"gold_gain":0.0,"event_name":"Purifier","player_choice":"Ignored","floor":4.0,"gold_loss":0.0,"damage_taken":0.0},{"damage_healed":0.0,"max_hp_gain":0.0,"max_hp_loss":0.0,"gold_gain":0.0,"event_name":"Living Wall","player_choice":"Grow","floor":14.0,"gold_loss":0.0,"damage_taken":0.0,"cards_upgraded":["rmod:mineteam"]},{"damage_healed":0.0,"max_hp_gain":0.0,"max_hp_loss":0.0,"gold_gain":0.0,"event_name":"Ghosts","player_choice":"Ignored","floor":22.0,"gold_loss":0.0,"damage_taken":0.0},{"damage_healed":0,"gold_gain":0,"player_choice":"Relic","damage_taken":0,"max_hp_gain":0,"max_hp_loss":0,"event_name":"Wheel of Change","floor":25,"gold_loss":0},{"damage_healed":0,"gold_gain":0,"player_choice":"Shed Blood","damage_taken":19,"max_hp_gain":5,"max_hp_loss":0,"event_name":"Forgotten Altar","floor":29,"gold_loss":0},{"damage_healed":0,"gold_gain":0,"player_choice":"Fight","damage_taken":0,"max_hp_gain":0,"max_hp_loss":0,"event_name":"Colosseum","floor":30,"gold_loss":0}],"is_beta":false,"boss_relics":[{"not_picked":["Calling Bell","Snecko Eye"],"picked":"Ectoplasm"}],"items_purged_floors":[],"is_endless":false,"potions_floor_spawned":[5,6,11,20,24],"killed_by":"Colosseum Slavers","ascension_level":6}}