{"host":"fx1msjnmzlhlr397","time":1610319390,"event":{"mods":["AchievementEnabler","BaseMod","Colored Map","Colored Powertips","Downfall","Duelist Mod","Friendly Minions","GifTheSpireLib","Marisa????????","Minty Spire (QoL Compilation)","Quick Restart","Rare Cards Sparkle","Replay The Spire","SOS???????","StSLib","The Alterego","The Animator","The Hierophant","The Wild Card"],"gold_per_floor":[109,109,109,109,124,87,19,19,19,19],"floor_reached":9,"playtime":937,"items_purged":[],"score":49,"play_id":"0a818e14-b7e0-4bea-a073-8661c062e31a","local_time":"20210110175630","is_ascension_mode":false,"campfire_choices":[{"floor":8,"key":"RECALL"}],"circlet_count":0,"master_deck":["animator:Strike_Konosuba","animator:Defend_Konosuba","animator:Strike","animator:Strike","animator:Strike","animator:Defend","animator:Defend","animator:Defend","animator:Kazuma","animator:Aqua","animator:Emonzaemon","animator:Strike","Replay:UnknownCurse","animator:Caster","animator:ZankiKiguchi+1","animator:Darkness"],"relics":["animator:LivingPicture","animator:TheMissingPiece","animator:PurgingStone"],"acts_visited":["Exordium"],"potions_floor_usage":[],"damage_taken":[{"damage":6,"enemies":"2 Louse","floor":1,"turns":4},{"damage":7,"enemies":"Cultist","floor":5,"turns":5},{"damage":65,"enemies":"Replay:BlueRogue","floor":9,"turns":15}],"seed_played":"7734135361984737124","potions_obtained":[],"is_trial":false,"path_per_floor":["M","?","PTL","PTL","M","$","$","R","E"],"character_chosen":"THE_ANIMATOR","items_purchased":["animator:ZankiKiguchi+1","animator:Darkness"],"campfire_rested":0,"item_purchase_floors":[6,7],"current_hp_per_floor":[66,66,66,66,61,61,61,61,0,0],"gold":19,"neow_bonus":"TEN_PERCENT_HP_BONUS","is_daily":false,"chose_seed":false,"campfire_upgraded":0,"win_rate":0.0,"timestamp":1610319390,"path_taken":["M","?","PTL","PTL","M","?","$","R","E"],"items_purchased_type":["Card","Card"],"build_version":"2020-12-22","purchased_purges":0,"victory":false,"max_hp_per_floor":[72,72,72,72,72,72,72,72,72,72],"card_choices":[{"not_picked":["animator:Guy","animator:GuildGirl"],"picked":"animator:Emonzaemon","floor":1},{"not_picked":["animator:Guy","animator:MetalKnight"],"picked":"animator:Caster","floor":5}],"player_experience":403,"relics_obtained":[],"event_choices":[{"damage_healed":0,"gold_gain":0,"player_choice":"2 cards matched","damage_taken":0,"max_hp_gain":0,"max_hp_loss":0,"event_name":"Match and Keep!","floor":2,"gold_loss":0,"cards_obtained":["animator:Strike","Replay:UnknownCurse"]}],"is_beta":false,"boss_relics":[],"items_purged_floors":[],"is_endless":false,"potions_floor_spawned":[],"killed_by":"Replay:BlueRogue","ascension_level":0}}