{"host":"ik8ww1p4uabx5gam","time":1610310070,"event":{"mods":["Always Whale","Aspiration","BaseMod","Beaked The Cultist","Better Third Choice","BetterRewards","Colored Map","Colored Powertips","Conspire","Energized Spire","FetchMod","GifTheSpireLib","Hubris","Infinite Spire","Ironclad Rager","Jedi Mod","Minty Spire (QoL Compilation)","Random Character Button","Replay The Spire","Shop Mod","Spicy Shops","Spikes Relics","StSLib","Stuff the Spire","The Bladedancer","The Blue Laboratory","The Runesmith","Wandering Minibosses","??????REMEMod"],"gold_per_floor":[14,14,25,25,72,72,101,101,101,32,32,52,64,64,64,194,194,209,209,124,124,124,124,182,196,196,239,259,272,285,318,318,437,437,455,475,475,495,516,555,573,614,614,614,614,614,645,645,645,645],"floor_reached":51,"playtime":2455,"items_purged":["StuffTheSpire:CuriosityCurse"],"score":1130,"play_id":"880913ab-66fd-496e-a3cc-52d4801993f4","local_time":"20210110142110","is_ascension_mode":true,"campfire_choices":[{"data":"beaked:KnowThyFoe","floor":6,"key":"SMITH"},{"data":"beaked:Insight","floor":11,"key":"SMITH"},{"floor":15,"key":"REST"},{"data":"infinitespire:SevenWalls","floor":23,"key":"SMITH"},{"data":"beaked:MachineEssence","floor":32,"key":"SMITH"},{"data":"A Thousand Cuts","floor":46,"key":"SMITH"},{"data":"infinitespire:FutureSight","floor":49,"key":"SMITH"}],"circlet_count":0,"master_deck":["beaked:Strike_Y","beaked:Strike_Y+1","beaked:Strike_Y","beaked:Strike_Y","beaked:Strike_Y","beaked:Strike_Y","beaked:Defend_Y","beaked:Defend_Y","beaked:Defend_Y","beaked:Defend_Y","beaked:Ceremony","beaked:Ceremony","beaked:Ceremony","beaked:KnowThyFoe+1","beaked:Foresight","beaked:Windmill","beaked:StickSmack","beaked:Insight+1","beaked:Flinch","beaked:TuckingFeathers","beaked:AwakenedForm","beaked:HuntressEssence+1","infinitespire:SevenWalls+1","beaked:Recite","Blade Dance","beaked:MachineEssence+1","Accuracy+1","Acrobatics+1","A Thousand Cuts+1","beaked:MimicWarrior","StuffTheSpire:DoubleShiv+1","beaked:Evade+1","infinitespire:FutureSight+1"],"relics":["beaked:MendingPlumage","REME_ComplimentaryCards","BicycleWheel","Replay:Wax Seal","Gremlin Food","Question Card","NlothsMask","CultistMask","Golden Idol","aspiration:SilentSkillbook","Nilry\u0027s Codex","Nunchaku","Philosopher\u0027s Stone","Strange Spoon","hubris:Icosahedron","White Beast Statue","Pen Nib","The Courier","conspire:TopHat","jedi:battlestandard","wanderingMiniBosses:CarrionFlame","aspiration:EmptySkull","Ancient Tea Set","BlackRope","Coffee Dripper","Ring of Searing","Ring of Hypnosis","Happy Flower","StuffTheSpire:GreaterSneckoEye"],"acts_visited":["Exordium","TheCity","TheBeyond"],"potions_floor_usage":[16,25,27,30,30,33,35,36,38,38,39,40,40,40,41,42,42,47,50],"damage_taken":[{"damage":0,"enemies":"Small Slimes","floor":1,"turns":3},{"damage":16,"enemies":"2 Louse","floor":3,"turns":8},{"damage":55,"enemies":"Gremlin Nob","floor":7,"turns":6},{"damage":6,"enemies":"Cultist","floor":12,"turns":4},{"damage":17,"enemies":"3 Louse","floor":13,"turns":3},{"damage":22,"enemies":"The Guardian","floor":16,"turns":10},{"damage":34,"enemies":"Shell Parasite","floor":18,"turns":7},{"damage":38,"enemies":"2 Thieves","floor":25,"turns":6},{"damage":7,"enemies":"Gremlin Leader","floor":27,"turns":4},{"damage":0,"enemies":"conspire:HollyBat","floor":28,"turns":5},{"damage":8,"enemies":"Snake Plant","floor":29,"turns":5},{"damage":29,"enemies":"Chosen and Byrds","floor":30,"turns":5},{"damage":59,"enemies":"Slavers","floor":31,"turns":5},{"damage":10,"enemies":"Champ","floor":33,"turns":7},{"damage":12,"enemies":"Orb Walker","floor":35,"turns":3},{"damage":11,"enemies":"3 Darklings","floor":36,"turns":4},{"damage":14,"enemies":"Transient","floor":38,"turns":5},{"damage":37,"enemies":"Spire Growth","floor":39,"turns":4},{"damage":16,"enemies":"Nemesis","floor":40,"turns":3},{"damage":0,"enemies":"3 Darklings","floor":41,"turns":2},{"damage":28,"enemies":"beaked:SuperParasite","floor":42,"turns":3},{"damage":13,"enemies":"Nemesis","floor":47,"turns":3},{"damage":8,"enemies":"Donu and Deca","floor":50,"turns":4}],"seed_played":"-163350070528969169","potions_obtained":[{"floor":12,"key":"blueLaboratory:BottleOfVodka"},{"floor":13,"key":"jedi:wingpotion"},{"floor":18,"key":"LiquidMemories"},{"floor":25,"key":"Explosive Potion"},{"floor":27,"key":"blueLaboratory:AbyssPotion"},{"floor":28,"key":"blueLaboratory:FruitPunch"},{"floor":29,"key":"jedi:StrikingPotion"},{"floor":30,"key":"blueLaboratory:EnragingPotion"},{"floor":31,"key":"Venom Potion"},{"floor":33,"key":"EssenceOfSteel"},{"floor":35,"key":"blueLaboratory:HorrorPotion"},{"floor":36,"key":"ColorlessPotion"},{"floor":37,"key":"EntropicBrew"},{"floor":38,"key":"jedi:mysterypotion"},{"floor":39,"key":"Fruit Juice"},{"floor":40,"key":"ColorlessPotion"},{"floor":41,"key":"Explosive Potion"},{"floor":42,"key":"FearPotion"},{"floor":47,"key":"jedi:tentaclejuice"}],"is_trial":false,"path_per_floor":["M","?","M","?","T","R","E","?","T","$","R","M","M","?","R","B",null,"M","?","?","AVR","?","R","?","M","T","E","M","M","M","E","R","B",null,"M","M","?","M","M","E","M","E","T","AVR","?","R","E","?","R","B",null],"character_chosen":"BEAKED_THE_CULTIST","items_purchased":["beaked:Insight"],"campfire_rested":1,"item_purchase_floors":[10],"current_hp_per_floor":[50,50,50,50,50,50,4,4,4,4,4,8,2,2,15,36,46,39,23,23,23,23,23,23,25,25,46,46,46,34,41,41,48,48,48,48,48,48,53,53,53,53,53,53,53,53,53,33,33,53],"gold":645,"neow_bonus":"ONE_RARE_RELIC","is_daily":false,"chose_seed":false,"campfire_upgraded":6,"win_rate":0.0,"timestamp":1610310070,"path_taken":["M","?","M","?","?","R","E","?","T","$","R","?","M","?","R","BOSS","M","?","?","AVR","?","R","?","M","T","E","M","?","M","E","R","BOSS","M","M","?","M","?","E","M","E","T","AVR","?","R","E","?","R","BOSS"],"items_purchased_type":["Card"],"build_version":"2020-12-22","purchased_purges":1,"victory":true,"max_hp_per_floor":[50,50,50,50,50,50,50,50,50,50,50,50,50,46,46,46,46,46,46,46,46,46,46,46,46,46,46,46,46,48,48,48,48,48,48,48,48,48,53,53,53,53,53,53,53,53,53,53,53,53],"card_choices":[{"not_picked":["beaked:HuntressSpirit","beaked:Tradeoff"],"picked":"beaked:Foresight","floor":1},{"not_picked":["beaked:Brace","beaked:RitualOfBody"],"picked":"beaked:Windmill","floor":3},{"not_picked":["beaked:CursingBlood","beaked:WarriorEssence"],"picked":"beaked:StickSmack","floor":7},{"not_picked":["beaked:DigDeep","beaked:Insight","beaked:Windmill"],"picked":"beaked:Flinch","floor":12},{"not_picked":["beaked:SurvivalInstinct","beaked:Hexing","beaked:Windmill"],"picked":"beaked:TuckingFeathers","floor":13},{"not_picked":["beaked:WildInstinct","beaked:SacrificialScars","beaked:ShadowFade"],"picked":"beaked:AwakenedForm","floor":16},{"not_picked":["Dodge and Roll","beaked:Flinch","StuffTheSpire:BumpUp","Flying Knee"],"picked":"beaked:HuntressEssence+1","floor":18},{"not_picked":["Prepared","Masterful Stab","Underhanded Strike+1","Flying Knee"],"picked":"beaked:Recite","floor":24},{"not_picked":["beaked:BraceForImpact","Slice","Choke","beaked:Devastation"],"picked":"Blade Dance","floor":24},{"not_picked":["beaked:Tweet","StuffTheSpire:BumpUp","Backstab+1","beaked:Insight"],"picked":"beaked:MachineEssence","floor":25},{"not_picked":["beaked:BloodForTheGods","REME_GreenPollution","Quick Slash","Terror"],"picked":"Accuracy+1","floor":27},{"not_picked":["Sucker Punch+1","Catalyst+1","Pace","beaked:MimicMachine","beaked:Foresight"],"picked":"SKIP","floor":28},{"not_picked":["beaked:RitualOfBody","beaked:Hexing","PiercingWail","beaked:BraceForImpact","beaked:Resilience"],"picked":"SKIP","floor":29},{"not_picked":["Slice","ReplayTheSpireMod:The Works","PiercingWail","Poisoned Stab+1","beaked:SurvivalInstinct"],"picked":"SKIP","floor":30},{"not_picked":["beaked:SacrificialAttack","beaked:SacrificialDive","StuffTheSpire:FinalStruggle","beaked:StunningBlow"],"picked":"Acrobatics+1","floor":31},{"not_picked":["beaked:VolatileMisfortune","beaked:DarkTribute","jedi:rejectivetoxin","aspiration:Lunge"],"picked":"A Thousand Cuts","floor":33},{"not_picked":["beaked:DigDeep+1","Masterful Stab","beaked:Windmill+1","Deadly Poison","beaked:Foresight"],"picked":"SKIP","floor":35},{"not_picked":["beaked:Mantra+1","Dagger Throw+1","Flechettes+1","beaked:Daydream"],"picked":"beaked:MimicWarrior","floor":36},{"not_picked":["REME_GreenPollution","Leg Sweep+1","StuffTheSpire:Fury","Unload","beaked:HuntressSpirit+1"],"picked":"SKIP","floor":38},{"not_picked":["beaked:Redirect+1","Skewer","beaked:FeelMyPain","PiercingWail"],"picked":"StuffTheSpire:DoubleShiv+1","floor":39},{"not_picked":["beaked:Flinch","ReplayTheSpireMod:Shiv Toss","StuffTheSpire:Injection+1","Malaise","Dagger Spray"],"picked":"SKIP","floor":40},{"not_picked":["beaked:TuckingFeathers","InfectiousVector+1","beaked:DigDeep+1","beaked:WarriorEssence+1","beaked:HuntressEssence"],"picked":"SKIP","floor":41},{"not_picked":["hubris:SlightOfHand","Quick Slash+1","StuffTheSpire:BumpUp+1","StuffTheSpire:Incantation+1"],"picked":"beaked:Evade+1","floor":42},{"not_picked":["Doppelganger","beaked:Insight+1","beaked:Brace+1","ReplayTheSpireMod:Shiv Toss+1","jedi:unstablefumes+1"],"picked":"SKIP","floor":47}],"player_experience":1016186,"relics_obtained":[{"floor":5,"key":"Gremlin Food"},{"floor":7,"key":"Question Card"},{"floor":19,"key":"Nilry\u0027s Codex"},{"floor":24,"key":"White Beast Statue"},{"floor":26,"key":"Pen Nib"},{"floor":27,"key":"The Courier"},{"floor":31,"key":"conspire:TopHat"},{"floor":38,"key":"wanderingMiniBosses:CarrionFlame"},{"floor":40,"key":"aspiration:EmptySkull"},{"floor":42,"key":"Ancient Tea Set"},{"floor":43,"key":"BlackRope"},{"floor":45,"key":"Ring of Searing"},{"floor":45,"key":"Ring of Hypnosis"},{"floor":47,"key":"Happy Flower"},{"floor":48,"key":"StuffTheSpire:GreaterSneckoEye"}],"event_choices":[{"damage_healed":0,"gold_gain":0,"player_choice":"Trade","damage_taken":0,"relics_obtained":["NlothsMask"],"max_hp_gain":0,"max_hp_loss":0,"event_name":"FaceTrader","floor":8,"gold_loss":0},{"damage_healed":0,"gold_gain":0,"player_choice":"Lose Max HP","damage_taken":0,"relics_obtained":["Golden Idol"],"max_hp_gain":0,"max_hp_loss":4,"event_name":"Golden Idol","floor":14,"gold_loss":0},{"damage_healed":0,"gold_gain":0,"player_choice":"Obtained Book","damage_taken":16,"max_hp_gain":0,"max_hp_loss":0,"event_name":"Cursed Tome","floor":19,"gold_loss":0},{"damage_healed":0,"gold_gain":0,"player_choice":"Obtained Relic","damage_taken":0,"relics_obtained":["Nunchaku"],"max_hp_gain":0,"max_hp_loss":0,"event_name":"Addict","floor":20,"gold_loss":85},{"damage_healed":0,"gold_gain":0,"player_choice":"Got Potions","damage_taken":0,"max_hp_gain":0,"max_hp_loss":0,"event_name":"Lab","floor":37,"gold_loss":0}],"is_beta":false,"boss_relics":[{"not_picked":["energizedSpire:HugeHouse","Ectoplasm"],"picked":"aspiration:SilentSkillbook"},{"not_picked":["Honey Jar","hubris:RunicObelisk"],"picked":"jedi:battlestandard"}],"items_purged_floors":[21],"is_endless":false,"potions_floor_spawned":[12,13,18,25,27,28,29,30,31,33,35,36,38,39,40,41,42,47],"ascension_level":2}}