{"host":"jm9833yuloeli2yd","time":1610295712,"event":{"mods":["BaseMod","Better Altar","Better Match","Better Note","Better Sensory Stone","Better Skull","Better Third Choice","Better Vampires","BetterRewards","Colored Map","Colored Powertips","DeckTracker","Minty Spire (QoL Compilation)","Permanent Neow","Quick Restart","Slay-I","StSLib","SuperFastMode"],"gold_per_floor":[115,115,85,95,105,138,151,186,232,232,26,26,44,54,54,128,128,139,155,155,68,81,115,115,115,115],"floor_reached":25,"playtime":756,"items_purged":["Strike_G"],"score":466,"play_id":"e489aa7a-bd84-479a-9d5b-cc74d5fda4c8","local_time":"20210110112152","is_ascension_mode":true,"campfire_choices":[{"floor":10,"key":"REST"},{"data":"Footwork","floor":12,"key":"SMITH"},{"floor":15,"key":"REST"},{"data":"Prepared","floor":24,"key":"SMITH"}],"circlet_count":0,"master_deck":["AscendersBane","Strike_G","Strike_G","Strike_G","Strike_G","Defend_G","Defend_G","Defend_G","Defend_G","Defend_G","Survivor","Neutralize+1","Tools of the Trade","Poisoned Stab","All Out Attack","Deadly Poison","Terror","Footwork+1","Escape Plan","Heel Hook","Wraith Form v2","Prepared+1","Ghostly","Ghostly","Ghostly","Crippling Poison","Dagger Spray","Dodge and Roll"],"relics":["Ring of the Snake","Tingsha","Mercury Hourglass","Vajra","HoveringKite","Blood Vial"],"acts_visited":["Exordium","TheCity"],"potions_floor_usage":[6,7,8,16,23,25],"damage_taken":[{"damage":1,"enemies":"Cultist","floor":1,"turns":4},{"damage":3,"enemies":"2 Louse","floor":4,"turns":3},{"damage":5,"enemies":"Small Slimes","floor":5,"turns":4},{"damage":26,"enemies":"3 Sentries","floor":6,"turns":11},{"damage":11,"enemies":"Exordium Wildlife","floor":7,"turns":4},{"damage":12,"enemies":"Lagavulin","floor":8,"turns":7},{"damage":0,"enemies":"Gremlin Gang","floor":13,"turns":2},{"damage":20,"enemies":"Lots of Slimes","floor":14,"turns":3},{"damage":4,"enemies":"The Guardian","floor":16,"turns":8},{"damage":13,"enemies":"Shell Parasite","floor":18,"turns":5},{"damage":21,"enemies":"3 Byrds","floor":19,"turns":4},{"damage":2,"enemies":"Centurion and Healer","floor":22,"turns":7},{"damage":4,"enemies":"Gremlin Leader","floor":23,"turns":7},{"damage":30,"enemies":"Book of Stabbing","floor":25,"turns":3}],"seed_played":"-6505659680801834720","potions_obtained":[{"floor":3,"key":"DistilledChaos"},{"floor":3,"key":"SteroidPotion"},{"floor":6,"key":"Fruit Juice"},{"floor":8,"key":"PowerPotion"},{"floor":19,"key":"Swift Potion"}],"is_trial":false,"path_per_floor":["M","?","?","M","M","E","M","E","T","R","$","R","M","M","R","B",null,"M","M","?","$","M","E","R","E"],"character_chosen":"THE_SILENT","items_purchased":["Footwork","Poison Potion","Crippling Poison"],"campfire_rested":2,"item_purchase_floors":[11,11,21],"current_hp_per_floor":[58,58,58,55,50,24,13,6,6,27,27,27,27,7,28,24,59,46,25,25,25,23,19,19,0,0],"gold":115,"neow_bonus":"ONE_RANDOM_RARE_CARD","is_daily":false,"chose_seed":false,"campfire_upgraded":2,"win_rate":0.0,"timestamp":1610295712,"path_taken":["M","?","?","M","?","E","M","E","T","R","?","R","M","M","R","BOSS","M","?","?","$","M","E","R","E"],"items_purchased_type":["Card","Potion","Card"],"build_version":"2020-12-22","purchased_purges":1,"victory":false,"max_hp_per_floor":[66,66,66,66,66,66,66,71,71,71,71,71,71,71,71,71,71,71,71,35,35,35,35,35,35,35],"card_choices":[{"not_picked":["Flying Knee","Sucker Punch"],"picked":"Poisoned Stab","floor":1},{"not_picked":["Cloak And Dagger","Caltrops"],"picked":"All Out Attack","floor":4},{"not_picked":["Escape Plan","Prepared"],"picked":"Deadly Poison","floor":5},{"not_picked":["Flying Knee","Reflex"],"picked":"Terror","floor":6},{"not_picked":["Flying Knee","Infinite Blades","Caltrops"],"picked":"SKIP","floor":7},{"not_picked":["Bane","Flying Knee","Blade Dance"],"picked":"SKIP","floor":8},{"not_picked":["Flying Knee","Prepared"],"picked":"Escape Plan","floor":13},{"not_picked":["Blade Dance","Quick Slash"],"picked":"Heel Hook","floor":14},{"not_picked":["Grand Finale","Envenom"],"picked":"Wraith Form v2","floor":16},{"not_picked":["Choke+1","Underhanded Strike","Bane"],"picked":"SKIP","floor":18},{"not_picked":["Choke+1","Underhanded Strike","Bane"],"picked":"SKIP","floor":18},{"not_picked":["Deadly Poison","Bane"],"picked":"Prepared","floor":19},{"not_picked":["Dagger Spray","Prepared","Setup"],"picked":"SKIP","floor":22},{"not_picked":["Prepared","Setup"],"picked":"Dagger Spray","floor":22},{"not_picked":["Predator","Bouncing Flask"],"picked":"Dodge and Roll","floor":23}],"player_experience":1298144,"relics_obtained":[{"floor":6,"key":"Tingsha"},{"floor":8,"key":"Mercury Hourglass"},{"floor":9,"key":"Vajra"},{"floor":23,"key":"Blood Vial"}],"event_choices":[{"damage_healed":0,"gold_gain":0,"player_choice":"Grow","damage_taken":0,"max_hp_gain":0,"max_hp_loss":0,"event_name":"Living Wall","floor":2,"gold_loss":0,"cards_upgraded":["Neutralize"]},{"damage_healed":0,"gold_gain":0,"player_choice":"Bought 2 Potions","damage_taken":0,"max_hp_gain":0,"max_hp_loss":0,"event_name":"The Woman in Blue","floor":3,"gold_loss":0},{"damage_healed":0,"gold_gain":0,"player_choice":"Became a Ghost","damage_taken":0,"max_hp_gain":0,"max_hp_loss":36,"event_name":"Ghosts","floor":20,"gold_loss":0,"cards_obtained":["Ghostly","Ghostly","Ghostly"]}],"is_beta":false,"boss_relics":[{"not_picked":["Fusion Hammer","Pandora\u0027s Box"],"picked":"HoveringKite"}],"items_purged_floors":[11],"is_endless":false,"potions_floor_spawned":[4,6,8,14,19,22],"killed_by":"Book of Stabbing","ascension_level":20}}