{"host":"njruw0b0uprlitpx","time":1610262089,"event":{"mods":["2.2 Compatiblity","Bartender","BaseMod","Better Altar","Better Match","Better Note","Better Sensory Stone","Better Skull","Better Third Choice","Block Reminder","Colored Map","Colored Powertips","Downfall","Energized Spire","Jedi Mod","Keyboard Shortcuts","Minty Spire (QoL Compilation)","Quick Restart","Rare Cards Sparkle","Relic Stats","Replay The Spire","SacredBarkPlus","Spicy Shops","StSLib","SuperFastMode"],"gold_per_floor":[99,114,125,125,225,19,73,6,39,52,52,86,11,29,40,142,142,67,78,92,92,17,27,27,27,45,56,81,99,115,21,35,137,137,62,74,22,22,22,32,32,32,32,32,32,32,32,32,32,32,32,32,32],"floor_reached":52,"playtime":5071,"items_purged":["Injury","sneckomod:Defend","Normality"],"score":791,"play_id":"50df5596-0259-471f-b40c-2c1b0f8cd7a4","local_time":"20210110010129","is_ascension_mode":false,"campfire_choices":[{"floor":1,"key":"RECALL"},{"data":"sneckomod:CheapStock","floor":11,"key":"SMITH"},{"data":"sneckomod:UnknownRareSkill","floor":13,"key":"SMITH"},{"data":"sneckomod:Cheat","floor":18,"key":"SMITH"},{"floor":25,"key":"REST"},{"data":"expansioncontent:LastStand","floor":35,"key":"SMITH"},{"data":"sneckomod:SoulCleanse","floor":42,"key":"SMITH"},{"data":"sneckomod:Unknown3Cost","floor":45,"key":"SMITH"},{"floor":47,"key":"REST"}],"circlet_count":0,"master_deck":["sneckomod:Strike","sneckomod:Defend","sneckomod:Defend","sneckomod:TailWhip","sneckomod:SnekBite","sneckomod:Unknown","sneckomod:Unknown","sneckomod:IronFang","sneckomod:UnknownDexterity","sneckomod:UnknownX","sneckomod:CheapStock+1","sneckomod:UnknownWeak","sneckomod:Unknown0Cost","sneckomod:DiceCrush","sneckomod:QuickMove","sneckomod:DangerNoodle","sneckomod:UnknownRareSkill+1","sneckomod:ImprovisedAttack+1","sneckomod:UnknownUncommonAttack+1","sneckomod:QuickBite+1","sneckomod:SoulRoll","sneckomod:Cheat+1","AbeCurse","sneckomod:UnknownClassPURPLE","sneckomod:SnekBeam+1","expansioncontent:LastStand+1","sneckomod:Unknown3Cost+1","sneckomod:SnakeSap+1","sneckomod:UnknownUncommonPower","sneckomod:SerpentIdol+1","sneckomod:SoulDraw","sneckomod:RainOfDice+1","sneckomod:SoulCleanse+1","sneckomod:MasterEye+1","sneckomod:WideSting+1","expansioncontent:StudyTheSpire+1","sneckomod:Unknown3Cost+1","sneckomod:SnakeSap+1","sneckomod:SoulDraw+1","sneckomod:MixItUp+1","sneckomod:UnknownUncommonAttack+1","sneckomod:WideSting+1"],"relics":["ChewingGum","BargainBundle","sneckomod:BlankCard","Molten Egg 2","Replay:Baseball","downfall:HeartBlessingRed","Replay:Grab Bag","Abe\u0027s Treasure","ReplayTheSpireMod:DimensionalGlitch","Snecko Heart","downfall:HeartBlessingBlue","Guardian:BottledAnomaly","Golden Egg","sneckomod:ConfusingCodex","sneckomod:SleevedAce","expansioncontent:StudyCardRelic","downfall:HeartBlessingGreen","jedi:ominousloannote","jedi:HeartOfTheCards","Replay:Bottled Snecko","Strawberry"],"acts_visited":["Exordium","TheCity","TheBeyond","TheEnding"],"potions_floor_usage":[8,9,14,16,16,22,23,23,32,33,33,33,43,50,50,50],"damage_taken":[{"damage":0,"enemies":"Cultist","floor":2,"turns":2},{"damage":4,"enemies":"Jaw Worm","floor":3,"turns":2},{"damage":0,"enemies":"downfall:FleeingMerchant","floor":6,"turns":4},{"damage":0,"enemies":"downfall:FleeingMerchant","floor":8,"turns":4},{"damage":15,"enemies":"3 Sentries","floor":9,"turns":5},{"damage":0,"enemies":"Small Slimes","floor":10,"turns":3},{"damage":6,"enemies":"Gremlin Nob","floor":12,"turns":4},{"damage":0,"enemies":"Exordium Wildlife","floor":14,"turns":2},{"damage":0,"enemies":"Red Slaver","floor":15,"turns":2},{"damage":16,"enemies":"downfall:Silent","floor":16,"turns":7},{"damage":10,"enemies":"Shell Parasite","floor":19,"turns":2},{"damage":17,"enemies":"Snake Plant","floor":20,"turns":4},{"damage":50,"enemies":"downfall:FleeingMerchant","floor":22,"turns":3},{"damage":16,"enemies":"3 Cultists","floor":23,"turns":4},{"damage":6,"enemies":"Chosen and Byrds","floor":26,"turns":4},{"damage":0,"enemies":"Snecko","floor":27,"turns":2},{"damage":1,"enemies":"Book of Stabbing","floor":28,"turns":4},{"damage":20,"enemies":"3 Cultists","floor":29,"turns":5},{"damage":15,"enemies":"Snake Plant","floor":30,"turns":2},{"damage":3,"enemies":"Centurion and Healer","floor":32,"turns":3},{"damage":2,"enemies":"downfall:Defect","floor":33,"turns":4},{"damage":2,"enemies":"3 Shapes","floor":36,"turns":3},{"damage":19,"enemies":"Nemesis","floor":43,"turns":5},{"damage":7,"enemies":"Orb Walker","floor":44,"turns":2},{"damage":16,"enemies":"4 Shapes","floor":46,"turns":3},{"damage":30,"enemies":"Maw","floor":48,"turns":5},{"damage":39,"enemies":"3 Darklings","floor":49,"turns":3},{"damage":0,"enemies":"downfall:Ironclad","floor":50,"turns":6},{"damage":269,"enemies":"downfall:CharBossMerchant","floor":52,"turns":7}],"seed_played":"3381485685442916692","potions_obtained":[{"floor":9,"key":"Weak Potion"},{"floor":10,"key":"Slimebound:ThreeZeroPotion"},{"floor":12,"key":"LiquidBronze"},{"floor":16,"key":"LiquidMemories"},{"floor":19,"key":"Explosive Potion"},{"floor":26,"key":"jedi:mysterypotion"},{"floor":29,"key":"SneckoOil"},{"floor":30,"key":"Adrenaline Potion"},{"floor":32,"key":"Strength Potion"},{"floor":33,"key":"champ:CounterPotion"},{"floor":43,"key":"FearPotion"},{"floor":46,"key":"Explosive Potion"},{"floor":49,"key":"Dexterity Potion"}],"is_trial":false,"path_per_floor":["R","M","M","?","?","$","T","$","E","M","R","E","R","M","M","B",null,"R","M","M","?","$","M","T","R","M","M","E","M","M","$","M","B",null,"R","M","$","?","?","$","T","R","E","M","R","M","R","M","M","B",null,"E"],"character_chosen":"THE_SNECKO","items_purchased":["BargainBundle","sneckomod:CheapStock","PowerPotion","FearPotion","sneckomod:BlankCard","sneckomod:UnknownWeak","sneckomod:Unknown0Cost","sneckomod:DiceCrush","sneckomod:DangerNoodle","Fire Potion","sneckomod:SnakeSap+1","Guardian:BottledAnomaly","ColorlessPotion","sneckomod:MasterEye","sneckomod:SleevedAce","sneckomod:WideSting+1","expansioncontent:StudyTheSpire","sneckomod:SoulDraw","jedi:ominousloannote","jedi:HeartOfTheCards"],"campfire_rested":2,"item_purchase_floors":[6,6,6,6,6,6,6,6,8,8,22,22,22,31,31,31,31,37,40,40],"current_hp_per_floor":[90,90,86,86,86,86,86,86,71,71,71,67,67,67,67,51,90,100,90,73,73,23,11,11,41,35,35,34,14,24,24,39,37,100,100,98,98,98,98,98,98,98,88,83,83,69,101,83,51,60,107,0,0],"gold":32,"neow_bonus":"BOSS_RELIC","is_daily":false,"chose_seed":false,"campfire_upgraded":6,"win_rate":0.0,"timestamp":1610262089,"path_taken":["R","M","?","?","?","$","T","$","E","M","R","E","R","?","M","BOSS","R","M","M","?","$","M","T","R","M","M","E","M","M","$","M","BOSS","R","M","$","?","?","$","T","R","E","M","R","M","R","?","M","BOSS","E"],"items_purchased_type":["Relic","Card","Potion","Potion","Relic","Card","Card","Card","Card","Potion","Card","Relic","Potion","Card","Relic","Card","Card","Card","Relic","Relic"],"build_version":"2020-12-22","purchased_purges":3,"victory":false,"max_hp_per_floor":[90,90,90,90,90,90,90,90,90,90,90,90,90,90,90,90,90,100,100,100,100,100,100,100,100,100,100,100,100,100,100,100,100,100,100,100,100,100,100,100,100,100,107,107,107,107,107,107,107,107,107,107,107],"relic_stats":{"counters":[29,106],"obtain_stats":[{"Golden Egg":24,"BargainBundle":6,"Snecko Heart":17,"downfall:HeartBlessingRed":13,"sneckomod:BlankCard":6,"Replay:Grab Bag":17,"downfall:HeartBlessingGreen":35,"expansioncontent:StudyCardRelic":34,"sneckomod:SneckoSoul":0,"jedi:HeartOfTheCards":40,"Replay:Baseball":12,"downfall:HeartBlessingBlue":18,"sneckomod:ConfusingCodex":28,"jedi:ominousloannote":40,"Strawberry":43,"sneckomod:SleevedAce":31,"ChewingGum":0,"Molten Egg 2":9,"Replay:Bottled Snecko":41,"Guardian:BottledAnomaly":22,"ReplayTheSpireMod:DimensionalGlitch":17,"Abe\u0027s Treasure":17},{"Golden Egg":14,"BargainBundle":3,"Snecko Heart":10,"downfall:HeartBlessingRed":7,"sneckomod:BlankCard":3,"Replay:Grab Bag":10,"downfall:HeartBlessingGreen":21,"expansioncontent:StudyCardRelic":21,"sneckomod:SneckoSoul":0,"jedi:HeartOfTheCards":22,"Replay:Baseball":7,"downfall:HeartBlessingBlue":10,"sneckomod:ConfusingCodex":17,"jedi:ominousloannote":22,"Strawberry":23,"sneckomod:SleevedAce":19,"ChewingGum":0,"Molten Egg 2":5,"Replay:Bottled Snecko":22,"Guardian:BottledAnomaly":13,"ReplayTheSpireMod:DimensionalGlitch":10,"Abe\u0027s Treasure":10},{"Golden Egg":48,"BargainBundle":8,"Snecko Heart":35,"downfall:HeartBlessingRed":24,"sneckomod:BlankCard":8,"Replay:Grab Bag":35,"downfall:HeartBlessingGreen":72,"expansioncontent:StudyCardRelic":72,"sneckomod:SneckoSoul":0,"jedi:HeartOfTheCards":75,"Replay:Baseball":24,"downfall:HeartBlessingBlue":35,"sneckomod:ConfusingCodex":58,"jedi:ominousloannote":75,"Strawberry":80,"sneckomod:SleevedAce":65,"ChewingGum":0,"Molten Egg 2":17,"Replay:Bottled Snecko":75,"Guardian:BottledAnomaly":44,"ReplayTheSpireMod:DimensionalGlitch":35,"Abe\u0027s Treasure":35}]},"card_choices":[{"not_picked":["sneckomod:Nope","sneckomod:UnknownUncommonSkill"],"picked":"sneckomod:IronFang","floor":2},{"not_picked":["sneckomod:Unknown1Cost","sneckomod:Nope"],"picked":"sneckomod:UnknownDexterity","floor":3},{"not_picked":["sneckomod:IronFang","sneckomod:DefensiveFlair"],"picked":"sneckomod:UnknownX","floor":6},{"not_picked":["sneckomod:UnknownX","sneckomod:UnknownCommonSkill"],"picked":"sneckomod:QuickMove","floor":8},{"not_picked":["sneckomod:UnknownCommonAttack+1","sneckomod:UnknownVulnerable"],"picked":"sneckomod:UnknownRareSkill","floor":9},{"not_picked":["sneckomod:QuickBite+1","sneckomod:QuickMove"],"picked":"sneckomod:ImprovisedAttack+1","floor":10},{"not_picked":["sneckomod:ImprovisedAttack+1","sneckomod:UnknownBlock"],"picked":"sneckomod:UnknownUncommonAttack+1","floor":12},{"not_picked":["sneckomod:UnknownBlock","sneckomod:Unknown1Cost"],"picked":"sneckomod:QuickBite+1","floor":14},{"not_picked":["sneckomod:IronFang+1","sneckomod:QuickMove"],"picked":"sneckomod:SoulRoll","floor":15},{"not_picked":["sneckomod:Unknown3Cost","sneckomod:SoulExchange"],"picked":"sneckomod:Cheat","floor":16},{"not_picked":["sneckomod:UnknownCommonAttack+1","sneckomod:DiceCrush+1"],"picked":"sneckomod:UnknownClassPURPLE","floor":19},{"not_picked":["sneckomod:UnknownCommonSkill","sneckomod:IronFang+1"],"picked":"sneckomod:SnekBeam+1","floor":20},{"not_picked":["sneckomod:DiceBlock","sneckomod:Nope+1"],"picked":"sneckomod:Unknown3Cost","floor":22},{"not_picked":["sneckomod:Unknown1Cost","sneckomod:UnknownClassGREEN"],"picked":"sneckomod:UnknownUncommonPower","floor":23},{"not_picked":["sneckomod:IronFang+1","sneckomod:Unknown1Cost"],"picked":"sneckomod:SerpentIdol+1","floor":26},{"not_picked":["sneckomod:UnknownStrike+1","sneckomod:DefensiveFlair"],"picked":"sneckomod:SoulDraw","floor":27},{"not_picked":["sneckomod:SerpentIdol","sneckomod:UnknownStrike+1"],"picked":"sneckomod:RainOfDice+1","floor":28},{"not_picked":["sneckomod:UnknownCommonAttack+1","sneckomod:UnknownStrike+1","sneckomod:UnknownUncommonPower"],"picked":"SKIP","floor":29},{"not_picked":["sneckomod:UnknownClassGREEN","sneckomod:UnknownWeak"],"picked":"sneckomod:SoulCleanse","floor":30},{"not_picked":["sneckomod:MorePower","sneckomod:QuickBite+1","sneckomod:Nope"],"picked":"SKIP","floor":32},{"not_picked":["sneckomod:UnknownRareSkill","sneckomod:Cheat"],"picked":"sneckomod:Unknown3Cost","floor":33},{"not_picked":["sneckomod:RainOfDice+1","sneckomod:IronFang+1"],"picked":"sneckomod:SnakeSap+1","floor":36},{"not_picked":["sneckomod:DiceCrush+1","sneckomod:UnknownDexterity"],"picked":"sneckomod:MixItUp+1","floor":43},{"not_picked":["sneckomod:DefensiveFlair","sneckomod:SnekBeam+1","sneckomod:DiceCrush+1"],"picked":"SKIP","floor":44},{"not_picked":["sneckomod:UnknownStrike+1","sneckomod:MixItUp+1"],"picked":"sneckomod:UnknownUncommonAttack+1","floor":46},{"not_picked":["sneckomod:UnknownUncommonSkill","sneckomod:UnknownCommonSkill+1","sneckomod:QuickMove"],"picked":"SKIP","floor":48},{"not_picked":["sneckomod:DefensiveFlair","sneckomod:Unknown1Cost+1"],"picked":"sneckomod:WideSting+1","floor":49}],"player_experience":1497839,"relics_obtained":[{"floor":9,"key":"Molten Egg 2"},{"floor":12,"key":"Replay:Baseball"},{"floor":24,"key":"Golden Egg"},{"floor":28,"key":"sneckomod:ConfusingCodex"},{"floor":41,"key":"Replay:Bottled Snecko"},{"floor":43,"key":"Strawberry"}],"event_choices":[{"cards_removed":["sneckomod:ImprovisedAttack"],"damage_healed":0,"gold_gain":0,"player_choice":"Take \u0026 Give","damage_taken":0,"max_hp_gain":0,"max_hp_loss":0,"event_name":"betterNote:BetterNote","floor":21,"gold_loss":0,"cards_obtained":["expansioncontent:LastStand"]},{"cards_removed":["sneckomod:Strike"],"damage_healed":0,"gold_gain":0,"player_choice":"Removed Attack","damage_taken":0,"max_hp_gain":0,"max_hp_loss":0,"event_name":"Falling","floor":39,"gold_loss":0}],"is_beta":false,"boss_relics":[{"not_picked":["Ring of Chaos","Snecko Eye"],"picked":"Replay:Grab Bag"},{"not_picked":["energizedSpire:OgreHead","Busted Crown"],"picked":"Abe\u0027s Treasure"},{"not_picked":["energizedSpire:CursedPentagram","energizedSpire:MagnifyingGlass"],"picked":"ReplayTheSpireMod:DimensionalGlitch"},{"not_picked":["Replay:Drink Me","Black Star"],"picked":"Snecko Heart"},{"not_picked":["Tiny House","Kintsugi"],"picked":"expansioncontent:StudyCardRelic"}],"items_purged_floors":[6,22,40],"is_endless":false,"potions_floor_spawned":[9,10,12,16,19,26,29,30,32,33,43,46,49],"killed_by":"downfall:CharBossMerchant","ascension_level":0}}