{"host":"rf8av8ahefvxcu9p","time":1610319755,"event":{"mods":["BaseMod","BetterRewards","Colored Powertips","Infinite Spire","Minty Spire (QoL Compilation)","Replay The Spire","StSLib"],"gold_per_floor":[417,432,442,25,25,51,51,86,109,134,104,137,137,177,177,311,311,359,359,42,42,69,98,98,127,187,293,305,317,329,376,459,567,579,635,647,881,893,494,494,494,494,548,536,536],"floor_reached":44,"playtime":3313,"items_purged":["Replay:AtTheReady","Strike_P","Strike_P"],"score":602,"play_id":"a87fcc04-9cc8-4d09-a19c-3770937b8f85","local_time":"20210110170235","daily_mods":["Heirloom","Flight","DeadlyEvents","Elite Swarm"],"is_ascension_mode":false,"campfire_choices":[{"data":"Omniscience","floor":7,"key":"SMITH"},{"data":"Wish","floor":13,"key":"SMITH"},{"data":"DevaForm","floor":24,"key":"SMITH"},{"data":"Omniscience","floor":28,"key":"SMITH"},{"data":"infinitespire:UltimateForm","floor":30,"key":"SMITH"},{"data":"infinitespire:Fortify","floor":40,"key":"SMITH"},{"data":"Alpha","floor":42,"key":"SMITH"}],"circlet_count":0,"master_deck":["Strike_P","Strike_P","Defend_P","Defend_P","Defend_P+1","Defend_P","Eruption","Vigilance+1","Protect","Omniscience+1","LikeWater","Replay:Battleflow+1","Replay:LoomingThreat","DevaForm+1","Wish+1","FlyingSleeves","Alpha+1","Tantrum","FearNoEvil+1","infinitespire:Fortify+1","Ragnarok","Omniscience+1","infinitespire:UltimateForm+1","Strike_P","Replay:AllIn","Sickly","Consecrate"],"relics":["PureWater","replay:Trail_Library","Old Coin","Calipers","NeowsBlessing","ReplayFunnel","War Paint","Potion Belt","Blue Candle","Vajra","NeowsBlessing","ReplayTheSpireMod:Lightbulb","Red Mask","Pondfish Scales","MawBank","Damaru","PreservedInsect","Lantern","Oddly Smooth Stone","Replay:Bronze Core","Ring of Hypnosis","Question Card","Smiling Mask"],"acts_visited":["Exordium","TheCity","TheBeyond"],"potions_floor_usage":[11,27,33,44,44],"damage_taken":[{"damage":28,"enemies":"infinitespire:Voidling","floor":1,"turns":4},{"damage":2,"enemies":"2 Louse","floor":2,"turns":3},{"damage":1,"enemies":"Jaw Worm","floor":3,"turns":5},{"damage":0,"enemies":"3 Sentries","floor":6,"turns":2},{"damage":0,"enemies":"Lagavulin","floor":8,"turns":1},{"damage":0,"enemies":"3 Sentries","floor":10,"turns":2},{"damage":0,"enemies":"Looter","floor":11,"turns":4},{"damage":0,"enemies":"Gremlin Nob","floor":12,"turns":7},{"damage":6,"enemies":"Large Slime","floor":14,"turns":8},{"damage":4,"enemies":"The Guardian","floor":16,"turns":18},{"damage":3,"enemies":"Spheric Guardian","floor":18,"turns":6},{"damage":0,"enemies":"Masked Bandits","floor":22,"turns":2},{"damage":0,"enemies":"Nightmare","floor":23,"turns":1},{"damage":0,"enemies":"Book of Stabbing","floor":25,"turns":1},{"damage":0,"enemies":"Replay:Snechameleon","floor":27,"turns":5},{"damage":20,"enemies":"Gremlin Leader","floor":31,"turns":5},{"damage":14,"enemies":"Champ","floor":33,"turns":9},{"damage":26,"enemies":"3 Shapes","floor":35,"turns":4},{"damage":83,"enemies":"Reptomancer","floor":44,"turns":2}],"seed_played":"-7761565255345121130","potions_obtained":[{"floor":1,"key":"Energy Potion"},{"floor":3,"key":"Adrenaline Potion"},{"floor":12,"key":"Milkshake"},{"floor":14,"key":"Death Potion"},{"floor":25,"key":"DistilledChaos"},{"floor":31,"key":"Milkshake"},{"floor":35,"key":"Adrenaline Potion"}],"is_trial":true,"path_per_floor":["M","M","M","$","WH","E","R","E","T","E","M","E","R","M","R","B",null,"M","WH","$","?","?","NM","R","E","T","E","R","AVR","R","E","R","B",null,"M","?","?","WH","$","R","WH","R","T","E"],"character_chosen":"WATCHER","items_purchased":["Calipers","LikeWater","Replay:Battleflow","Tantrum","ReplayTheSpireMod:Lightbulb","Question Card","Consecrate"],"campfire_rested":0,"item_purchase_floors":[4,4,4,20,20,39,39],"current_hp_per_floor":[51,49,48,48,48,48,48,48,48,48,48,48,48,42,63,59,72,69,69,69,69,69,69,69,69,69,69,69,69,69,49,49,35,72,46,46,46,46,46,46,46,46,46,0,0],"gold":536,"neow_bonus":"THREE_ENEMY_KILL","is_daily":false,"chose_seed":false,"campfire_upgraded":7,"win_rate":0.0,"timestamp":1610319755,"path_taken":["M","M","M","$","WH","E","R","E","T","E","M","E","R","?","R","BOSS","M","WH","$","?","?","NM","R","E","T","E","R","AVR","R","E","R","BOSS","M","?","?","WH","$","R","WH","R","T","E"],"items_purchased_type":["Relic","Card","Card","Card","Relic","Relic","Card"],"build_version":"2020-12-22","purchased_purges":3,"victory":false,"max_hp_per_floor":[72,72,72,72,72,72,72,72,72,72,72,72,72,72,72,72,72,72,72,72,72,72,72,72,72,72,72,72,72,72,72,72,72,72,72,72,72,72,72,72,72,72,72,72,72],"card_choices":[{"not_picked":["WreathOfFlame","Crescendo"],"picked":"Protect","floor":1},{"not_picked":["JustLucky","EmptyFist"],"picked":"Replay:AtTheReady","floor":2},{"not_picked":["DeceiveReality","WreathOfFlame"],"picked":"Omniscience","floor":3},{"not_picked":["Brilliance","Blasphemy"],"picked":"Replay:LoomingThreat","floor":6},{"not_picked":["Brilliance","Ragnarok","Replay:AllIn"],"picked":"SKIP","floor":8},{"not_picked":["Omniscience","DeusExMachina"],"picked":"DevaForm","floor":10},{"not_picked":["Crescendo","Protect","JustLucky"],"picked":"SKIP","floor":11},{"not_picked":["LessonLearned","Brilliance"],"picked":"Wish","floor":12},{"not_picked":["Protect","EmptyBody"],"picked":"FlyingSleeves","floor":14},{"not_picked":["ConjureBlade","MasterReality"],"picked":"Alpha","floor":16},{"not_picked":["Crescendo","ForeignInfluence","Evaluate"],"picked":"SKIP","floor":18},{"not_picked":["PathToVictory","CrushJoints"],"picked":"FearNoEvil+1","floor":22},{"not_picked":["infinitespire:Starlight","infinitespire:SealOfDarkness+"],"picked":"infinitespire:Fortify","floor":23},{"not_picked":["Brilliance","Alpha"],"picked":"Ragnarok","floor":23},{"not_picked":["Blasphemy","Replay:LoomingThreat"],"picked":"Omniscience","floor":25},{"not_picked":["ConjureBlade","Alpha","Replay:LoomingThreat"],"picked":"SKIP","floor":27},{"not_picked":["Establishment","DeusExMachina"],"picked":"Replay:AllIn","floor":31},{"not_picked":["Meditate","CutThroughFate","Replay:BluntJabs"],"picked":"SKIP","floor":35}],"player_experience":342877,"relics_obtained":[{"floor":6,"key":"ReplayFunnel"},{"floor":8,"key":"War Paint"},{"floor":9,"key":"Potion Belt"},{"floor":10,"key":"Blue Candle"},{"floor":12,"key":"Vajra"},{"floor":22,"key":"Red Mask"},{"floor":23,"key":"Pondfish Scales"},{"floor":25,"key":"MawBank"},{"floor":26,"key":"Damaru"},{"floor":27,"key":"PreservedInsect"},{"floor":31,"key":"Oddly Smooth Stone"},{"floor":36,"key":"Ring of Hypnosis"},{"floor":43,"key":"Smiling Mask"}],"event_choices":[{"damage_healed":0,"gold_gain":0,"player_choice":"Fought Bandits","damage_taken":0,"max_hp_gain":0,"max_hp_loss":0,"event_name":"Masked Bandits","floor":22,"gold_loss":0},{"damage_healed":0,"gold_gain":222,"player_choice":"Wore Mask","damage_taken":0,"max_hp_gain":0,"max_hp_loss":0,"event_name":"Tomb of Lord Red Mask","floor":37,"gold_loss":0}],"is_beta":false,"boss_relics":[{"not_picked":["Coffee Dripper","Runic Dome","infinitespire:Cupcake"]},{"not_picked":["Tiny House","Cursed Key"],"picked":"Replay:Bronze Core"}],"items_purged_floors":[20,29,39],"is_endless":true,"potions_floor_spawned":[1,3,12,14,25,31,35],"killed_by":"Reptomancer","ascension_level":0}}