{"host":"1p0ug38l8q9et435","time":1610245272,"event":{"mods":["AchievementEnabler","BaseMod","Colored Powertips","Downfall","Hermit","Minty Spire (QoL Compilation)","StSLib","UnlockEverythingMod"],"gold_per_floor":[110,110,123,49,14,14,57,57,80,98,111,130,149,184,184,184,184],"floor_reached":16,"playtime":626,"items_purged":[],"score":137,"play_id":"502b3668-ec84-46a7-9562-8eece6c7d344","local_time":"20210109182112","is_ascension_mode":false,"campfire_choices":[{"floor":15,"key":"REST"}],"circlet_count":0,"master_deck":["hermit:Strike_Hermit","hermit:Strike_Hermit","hermit:Strike_Hermit+1","hermit:Strike_Hermit","hermit:Defend_Hermit","hermit:Defend_Hermit","hermit:Defend_Hermit","hermit:Defend_Hermit","hermit:Snapshot+1","hermit:Covet","hermit:CalledShot+1","hermit:Headshot","hermit:BigShot","hermit:Shortfuse","hermit:Coalescence","hermit:FullyLoaded","hermit:CalledShot","hermit:Spite","hermit:Glare"],"relics":["hermit:Momento","NeowsBlessing","Golden Idol","CaptainsWheel","Whetstone","Bird Faced Urn"],"acts_visited":["Exordium"],"potions_floor_usage":[14,14,16,16],"damage_taken":[{"damage":0,"enemies":"Small Slimes","floor":1,"turns":1},{"damage":0,"enemies":"2 Louse","floor":3,"turns":1},{"damage":0,"enemies":"3 Sentries","floor":7,"turns":1},{"damage":6,"enemies":"Jaw Worm","floor":10,"turns":3},{"damage":1,"enemies":"2 Fungi Beasts","floor":11,"turns":2},{"damage":4,"enemies":"Blue Slaver","floor":12,"turns":5},{"damage":3,"enemies":"Red Slaver","floor":13,"turns":4},{"damage":14,"enemies":"Gremlin Nob","floor":14,"turns":3},{"damage":71,"enemies":"The Guardian","floor":16,"turns":6}],"seed_played":"8589888467003507339","potions_obtained":[{"floor":3,"key":"AttackPotion"},{"floor":11,"key":"AttackPotion"},{"floor":12,"key":"Strength Potion"},{"floor":14,"key":"AttackPotion"}],"is_trial":false,"path_per_floor":["M","?","M","$","?","$","E","?","T","M","M","M","M","E","R","B"],"character_chosen":"HERMIT","items_purchased":["hermit:BigShot"],"campfire_rested":1,"item_purchase_floors":[4],"current_hp_per_floor":[75,57,57,57,75,75,75,75,75,69,68,64,61,47,69,0,0],"gold":184,"neow_bonus":"THREE_ENEMY_KILL","is_daily":false,"chose_seed":false,"campfire_upgraded":0,"win_rate":0.0,"timestamp":1610245272,"path_taken":["M","?","M","$","?","?","E","?","T","?","M","M","M","E","R","BOSS"],"items_purchased_type":["Card"],"build_version":"2020-12-22","purchased_purges":0,"victory":false,"max_hp_per_floor":[75,75,75,75,75,75,75,75,75,75,75,75,75,75,75,75,75],"card_choices":[{"not_picked":["hermit:SprayPray","hermit:HoleUp"],"picked":"hermit:CalledShot","floor":1},{"not_picked":["hermit:Maintenance","hermit:Virtue"],"picked":"hermit:Headshot","floor":3},{"not_picked":["hermit:HighCaliber","hermit:ItchyTrigger"],"picked":"hermit:Shortfuse","floor":7},{"not_picked":["hermit:NoHoldsBarred","hermit:Dissolve"],"picked":"hermit:Coalescence","floor":10},{"not_picked":["hermit:Coalescence","hermit:Misfire"],"picked":"hermit:FullyLoaded","floor":11},{"not_picked":["hermit:Misfire","hermit:CursedWeapon"],"picked":"hermit:CalledShot","floor":12},{"not_picked":["hermit:HoleUp","hermit:Brawl"],"picked":"hermit:Spite","floor":13},{"not_picked":["hermit:SprayPray","hermit:Enervate"],"picked":"hermit:Glare","floor":14}],"player_experience":21592,"relics_obtained":[{"floor":7,"key":"CaptainsWheel"},{"floor":9,"key":"Whetstone"},{"floor":14,"key":"Bird Faced Urn"}],"event_choices":[{"damage_healed":0,"gold_gain":0,"player_choice":"Take Damage","damage_taken":18,"relics_obtained":["Golden Idol"],"max_hp_gain":0,"max_hp_loss":0,"event_name":"Golden Idol","floor":2,"gold_loss":0},{"damage_healed":18,"gold_gain":0,"player_choice":"Healed","damage_taken":0,"max_hp_gain":0,"max_hp_loss":0,"event_name":"The Cleric","floor":5,"gold_loss":35},{"damage_healed":0,"gold_gain":0,"player_choice":"Grow","damage_taken":0,"max_hp_gain":0,"max_hp_loss":0,"event_name":"Living Wall","floor":8,"gold_loss":0,"cards_upgraded":["hermit:CalledShot"]}],"is_beta":false,"boss_relics":[],"items_purged_floors":[],"is_endless":false,"potions_floor_spawned":[3,11,12,14],"killed_by":"The Guardian","ascension_level":0}}