{"host":"dltylvoep9h5hx7e","time":1610241183,"event":{"mods":["AchievementEnabler","BaseMod","Colored Map","Downfall","Minty Spire (QoL Compilation)","StSLib"],"gold_per_floor":[11,24,24,39,39,39,71,95,95,128,128,8,34,53,53,155,155,172,172,183,199,199,199],"floor_reached":22,"playtime":1344,"items_purged":[],"score":240,"play_id":"93f1ba38-8b71-4f4d-b582-8ac4fdde7770","local_time":"20210110011303","is_ascension_mode":true,"campfire_choices":[{"data":"Carnage","floor":6,"key":"SMITH"},{"floor":11,"key":"REST"},{"data":"Armaments","floor":15,"key":"SMITH"}],"circlet_count":0,"master_deck":["Strike_R","Strike_R","Strike_R","Strike_R","Strike_R","Defend_R+1","Defend_R","Defend_R","Defend_R+1","Bash","Transmutation+1","Carnage+1","Flex","Carnage","Regret","Barricade","Thunderclap","Metallicize+1","Armaments+1","Cleave","Feed","Iron Wave","Infernal Blade","Cleave+1"],"relics":["Burning Blood","Centennial Puzzle","Ancient Tea Set","War Paint","Frozen Egg 2","Paper Frog","PreservedInsect","Cursed Key","Nilry\u0027s Codex"],"acts_visited":["Exordium","TheCity"],"potions_floor_usage":[18,21],"damage_taken":[{"damage":5,"enemies":"Jaw Worm","floor":1,"turns":4},{"damage":0,"enemies":"2 Louse","floor":2,"turns":2},{"damage":5,"enemies":"Cultist","floor":4,"turns":4},{"damage":33,"enemies":"Gremlin Nob","floor":7,"turns":4},{"damage":6,"enemies":"Lagavulin","floor":10,"turns":7},{"damage":5,"enemies":"Gremlin Nob","floor":13,"turns":4},{"damage":0,"enemies":"Exordium Thugs","floor":14,"turns":4},{"damage":44,"enemies":"The Guardian","floor":16,"turns":10},{"damage":18,"enemies":"2 Thieves","floor":18,"turns":3},{"damage":16,"enemies":"Shell Parasite","floor":20,"turns":6},{"damage":13,"enemies":"Shelled Parasite and Fungi","floor":21,"turns":5},{"damage":41,"enemies":"Sentry and Sphere","floor":22,"turns":5}],"seed_played":"-4791375974812608530","potions_obtained":[{"floor":2,"key":"HeartOfIron"},{"floor":7,"key":"BlessingOfTheForge"},{"floor":14,"key":"AttackPotion"},{"floor":20,"key":"Fire Potion"}],"is_trial":false,"path_per_floor":["M","M","?","M","?","R","E","T","T","E","R","$","E","M","R","B",null,"M","?","M","M","M"],"character_chosen":"IRONCLAD","items_purchased":["Metallicize+1","Armaments"],"campfire_rested":1,"item_purchase_floors":[12,12],"current_hp_per_floor":[80,80,80,80,80,80,53,53,53,53,77,77,78,80,80,42,80,68,52,42,35,0,0],"gold":199,"neow_bonus":"RANDOM_COLORLESS_2","is_daily":false,"chose_seed":false,"campfire_upgraded":2,"win_rate":0.0,"timestamp":1610241183,"path_taken":["M","M","?","M","?","R","E","?","T","E","R","$","E","M","R","BOSS","M","?","M","M","M"],"items_purchased_type":["Card","Card"],"build_version":"2020-12-22","purchased_purges":0,"victory":false,"max_hp_per_floor":[80,80,80,80,80,80,80,80,80,80,80,80,80,80,80,80,80,80,80,80,80,80,80],"card_choices":[{"not_picked":["Secret Technique","Violence"],"picked":"Transmutation","floor":0},{"not_picked":["Spot Weakness","Warcry"],"picked":"Carnage","floor":1},{"not_picked":["True Grit","Ghostly Armor"],"picked":"Flex","floor":2},{"not_picked":["True Grit","Clothesline"],"picked":"Carnage","floor":4},{"not_picked":["Reckless Charge","Hemokinesis"],"picked":"Barricade","floor":7},{"not_picked":["Feel No Pain+1","Shockwave"],"picked":"Thunderclap","floor":10},{"not_picked":["Reckless Charge","Sever Soul","Body Slam"],"picked":"SKIP","floor":13},{"not_picked":["Clash","Thunderclap"],"picked":"Cleave","floor":14},{"not_picked":["Limit Break","Barricade+1"],"picked":"Feed","floor":16},{"not_picked":["Wild Strike","Perfected Strike"],"picked":"Iron Wave","floor":18},{"not_picked":["Flex","Thunderclap"],"picked":"Infernal Blade","floor":20},{"not_picked":["Shrug It Off+1","Wild Strike"],"picked":"Cleave+1","floor":21}],"player_experience":11952,"relics_obtained":[{"floor":7,"key":"Ancient Tea Set"},{"floor":8,"key":"War Paint"},{"floor":9,"key":"Frozen Egg 2"},{"floor":10,"key":"Paper Frog"},{"floor":13,"key":"PreservedInsect"},{"floor":19,"key":"Nilry\u0027s Codex"}],"event_choices":[{"damage_healed":0,"gold_gain":0,"player_choice":"Grow","damage_taken":0,"max_hp_gain":0,"max_hp_loss":0,"event_name":"Living Wall","floor":3,"gold_loss":0,"cards_upgraded":["Transmutation"]},{"damage_healed":0,"gold_gain":0,"player_choice":"Box","damage_taken":0,"relics_obtained":["Centennial Puzzle"],"max_hp_gain":0,"max_hp_loss":0,"event_name":"Big Fish","floor":5,"gold_loss":0,"cards_obtained":["Regret"]},{"damage_healed":0,"gold_gain":0,"player_choice":"Obtained Book","damage_taken":16,"max_hp_gain":0,"max_hp_loss":0,"event_name":"Cursed Tome","floor":19,"gold_loss":0}],"is_beta":false,"boss_relics":[{"not_picked":["Empty Cage","Runic Cube"],"picked":"Cursed Key"}],"items_purged_floors":[],"is_endless":false,"potions_floor_spawned":[2,7,14,16,20],"killed_by":"Sentry and Sphere","ascension_level":1}}