{"host":"ln8zowmpyx5bxamj","time":1610317580,"event":{"mods":["Abigail Mod","Act Like it!","BaseMod","Chen","Colored Map","Conspire","Gensokyo","GifTheSpireLib","Hallownest","Hubris","Koishi","Luminous","Marisa????????","Minty Spire (QoL Compilation)","Prisma Mod","Reimu??????","Remilia??????","Replay The Spire","SIMod","Shade Mod","StSLib","The Administrix","The Alterego","The Blackbeard","The Blue Laboratory","The Bug Knight","The Construct","The Cursed","The Gatherer","The Hierophant","The Judge","The Marked","The Mystic","The Necromancer","The Saiyan","The Senshi","The Servant 0.9.4","The Vixen","TheFirefly","Uncapped","Yakumo Yukari mod","Yuyuko"],"gold_per_floor":[119,119,119,139,152,152,169,169,169,200,200,200,219,246,246,351,351,365,365,380,394,394,411,444,464,491,502,532,532,6,6,6,106,106,123,123,123,123,137,137,155,109,109,128,154,154,3,15,15,15],"floor_reached":51,"playtime":9447,"items_purged":["theMarked:Strike","Shame"],"score":725,"play_id":"d3b9c2a0-8795-423d-b244-f12423a84423","local_time":"20210110162620","is_ascension_mode":false,"campfire_choices":[{"data":"theMarked:AttractMetal","floor":6.0,"key":"SMITH"},{"data":"theMarked:SoldierOfQuellstein","floor":11.0,"key":"SMITH"},{"data":"theMarked:SoldierForm","floor":15.0,"key":"SMITH"},{"data":"theMarked:MagicAdept","floor":29,"key":"SMITH"},{"data":"theMarked:MysticalArsenal","floor":32,"key":"SMITH"},{"data":"theMarked:Aftermath","floor":40,"key":"SMITH"},{"data":"theMarked:RepellingDischarge","floor":46,"key":"SMITH"}],"circlet_count":0,"master_deck":["theMarked:Strike","theMarked:Strike+1","theMarked:Strike+1","theMarked:Defend","theMarked:Defend","theMarked:Defend","theMarked:Defend","theMarked:SoldierOfQuellstein+1","Finesse","theMarked:PowerFlow","theMarked:WastefulAttack","theMarked:AttractMetal+1","theMarked:Aftermath+1","theMarked:SelfDefenseTraining+1","theMarked:SoldierForm+1","theMarked:MagicAdept+1","theMarked:GodGivenPower","theMarked:RepellingDischarge+1","theMarked:PowerFlow+1","theMarked:MysticalArsenal+1","theMarked:TurnInvisible+1","theMarked:WastefulDefense+1","theMarked:Reabsorb+1","theMarked:ChainLightning+1","Sickly","theMarked:ElectricStrings","Pot Of Greed+1","Pot Of Greed+1","Pot Of Greed+1","theMarked:Electrify+1"],"relics":["theMarked:ArtifactOfAir","Hallownest:DreamNailRelic","hubris:DeckOfHolding","Torii","Oddly Smooth Stone","Toy Ornithopter","Blood Vial","Coffee Dripper","Hallownest:WatcherSealRelic","WarpedTongs","Toxic Egg 2","HollowMod:PaleOreRelic","hubris:MysteriousPyramids","Replay:Kaleidoscope","Orichalcum","conspire:Dentures","hubris:Backtick","Burning Blood","Bottled Tornado","hubris:AstralHammer","ReplayTheSpireMod:CursedCoin","hubris:Spice","Grinning Jar","Frozen Eye"],"acts_visited":["Exordium","Hallownest:Greenpath","Hallownest:CityofTears"],"potions_floor_usage":[18,18,25,27,45,50,50,50],"damage_taken":[{"damage":4.0,"enemies":"2_ Uuma","floor":1.0,"turns":5.0},{"damage":1.0,"enemies":"Hallownest:2_MossCreeps","floor":4.0,"turns":4.0},{"damage":0.0,"enemies":"Hallownest:2_Tiktiks_and_1_Crawlid","floor":5.0,"turns":3.0},{"damage":0.0,"enemies":"Hallownest:monsterAspidMother","floor":7.0,"turns":6.0},{"damage":2.0,"enemies":"Hallownest:eliteCrystalGuardian","floor":10.0,"turns":8.0},{"damage":0.0,"enemies":"Hallownest:monsterMossCharger","floor":13.0,"turns":4.0},{"damage":0.0,"enemies":"Hallownest:eliteMossKnight","floor":14.0,"turns":7.0},{"damage":34.0,"enemies":"Hallownest:BossFalseKnight","floor":16.0,"turns":8.0},{"damage":16,"enemies":"Hallownest:Guard_and_Sentry","floor":18,"turns":5},{"damage":3,"enemies":"Hallownest:3_Youths","floor":20,"turns":9},{"damage":24,"enemies":"Hallownest:3_Mistakes","floor":21,"turns":6},{"damage":2,"enemies":"Hallownest:Warrior_and_Youth","floor":23,"turns":6},{"damage":0,"enemies":"Hallownest:Nosk","floor":24,"turns":5},{"damage":0,"enemies":"Hallownest:monsterMisterMushroom","floor":25,"turns":7},{"damage":0,"enemies":"Hallownest:Master_and_Novice","floor":27,"turns":4},{"damage":22,"enemies":"Hallownest:eliteSoulWarrior","floor":28,"turns":5},{"damage":21,"enemies":"Hallownest:BossSoulMaster","floor":33,"turns":8},{"damage":12,"enemies":"Hallownest:3_Siblings","floor":35,"turns":8},{"damage":7,"enemies":"Hallownest:Shield_Heavy","floor":39,"turns":6},{"damage":9,"enemies":"Hallownest:2_Wing_and_1_Kings","floor":44,"turns":5},{"damage":19,"enemies":"Hallownest:eliteCollector","floor":45,"turns":8},{"damage":0,"enemies":"Hallownest:2_Great","floor":48,"turns":5},{"damage":52,"enemies":"Hallownest:BossGreyPrinceZote","floor":50,"turns":9}],"seed_played":"7355288610952598771","potions_obtained":[{"floor":1.0,"key":"SteroidPotion"},{"floor":4.0,"key":"SpeedPotion"},{"floor":13.0,"key":"blueLaboratory:AbyssPotion"},{"floor":16.0,"key":"blueLaboratory:BottleOfRum"},{"floor":24,"key":"blueLaboratory:ImpenetrablePotion"},{"floor":25,"key":"Dexterity Potion"},{"floor":35,"key":"Adrenaline Potion"},{"floor":49,"key":"LiquidBronze"},{"floor":49,"key":"blueLaboratory:BottleOfRum"}],"is_trial":false,"path_per_floor":["M","?","?","M","M","R","M","?","T","E","R","?","M","E","R","B",null,"M","?","M","M","?","M","E","M","T","M","E","R","$","T","R","B",null,"M","?","T","?","M","R","?","$","T","M","E","R","$","M","R_BF","B",null],"character_chosen":"THE_DEFAULT","items_purchased":["Replay:Kaleidoscope","Orichalcum","ReplayTheSpireMod:CursedCoin","theMarked:ElectricStrings","Dexterity Potion","Frozen Eye"],"campfire_rested":0,"item_purchase_floors":[30,30,42,42,42,47],"current_hp_per_floor":[66,66,66,65,65,65,65,47,47,45,45,45,45,50,50,18,70,55,55,54,32,32,32,34,41,41,48,28,28,28,28,28,9,70,64,64,64,64,64,64,38,38,46,45,39,39,39,47,47,18],"gold":15,"neow_bonus":"RANDOM_COLORLESS","is_daily":false,"chose_seed":false,"campfire_upgraded":7,"win_rate":0.0,"timestamp":1610317580,"path_taken":["M","?","?","M","?","R","M","?","T","E","R","?","M","E","R","BOSS","M","?","?","M","?","M","E","M","T","M","E","R","$","?","R","BOSS","M","?","?","?","M","R","?","$","T","M","E","R","$","?","R_BF","BOSS"],"items_purchased_type":["Relic","Relic","Relic","Card","Potion","Relic"],"build_version":"2020-12-22","purchased_purges":2,"victory":true,"max_hp_per_floor":[70,70,70,70,70,70,70,70,70,70,70,70,70,70,70,70,70,70,70,70,70,70,70,70,70,70,70,70,70,70,70,70,70,70,70,65,65,65,65,65,65,65,73,73,73,73,73,73,73,73],"card_choices":[{"not_picked":["hubris:Ssssneak","ReplayTheSpireMod:Uncanny Aura"],"picked":"Finesse","floor":0.0},{"not_picked":["theMarked:HeightenedSenses","theMarked:WastefulAttack"],"picked":"theMarked:PowerFlow","floor":1.0},{"not_picked":["theMarked:Improvise","theMarked:TwofoldDefense"],"picked":"theMarked:AttractMetal","floor":4.0},{"not_picked":["theMarked:Overthink","theMarked:Frustration"],"picked":"theMarked:Aftermath","floor":5.0},{"not_picked":["theMarked:WastefulAttack","theMarked:DeterminationOfTheMarked","theMarked:ElectricStrings"],"picked":"SKIP","floor":7.0},{"not_picked":["theMarked:SwordAndMagic","theMarked:Parkour"],"picked":"theMarked:SelfDefenseTraining","floor":10.0},{"not_picked":["theMarked:CreepingChasm","theMarked:Aftermath","theMarked:MysticalArsenal"],"picked":"SKIP","floor":13.0},{"not_picked":["theMarked:GodGivenPower","theMarked:TunnelVision"],"picked":"theMarked:SoldierForm","floor":14.0},{"not_picked":["theMarked:ChannelForce","theMarked:SuspiciousRaven"],"picked":"theMarked:MagicAdept","floor":16.0},{"not_picked":["theMarked:Improvise+1","theMarked:Frustration"],"picked":"theMarked:GodGivenPower","floor":18},{"not_picked":["theMarked:BanishingStrike+1","theMarked:EmpowerWeapon+1","theMarked:Improvise+1"],"picked":"SKIP","floor":20},{"not_picked":["theMarked:LightningStrikesTwice+1","theMarked:Static","theMarked:HeightenedSenses+1"],"picked":"SKIP","floor":21},{"not_picked":["theMarked:Opportunist","theMarked:WastefulAttack+1"],"picked":"theMarked:RepellingDischarge","floor":23},{"not_picked":["theMarked:UnarmedFury","theMarked:SwordAndMagic+1","theMarked:HeightenedSenses+1"],"picked":"SKIP","floor":24},{"not_picked":["theMarked:Improvise+1","theMarked:Parkour+1"],"picked":"theMarked:PowerFlow+1","floor":25},{"not_picked":["theMarked:ContemptForTheProud","theMarked:RepellingDischarge+1","theMarked:ReduceFriction+1"],"picked":"SKIP","floor":27},{"not_picked":["theMarked:TunnelVision","theMarked:WastefulAttack"],"picked":"theMarked:MysticalArsenal","floor":28},{"not_picked":["theMarked:BindingBlade+1","theMarked:ChannelForce+1"],"picked":"theMarked:TurnInvisible+1","floor":33},{"not_picked":["theMarked:WastefulAttack","theMarked:Parkour"],"picked":"theMarked:WastefulDefense+1","floor":35},{"not_picked":["theMarked:Electrocute+1","theMarked:ResourceFulStrike+1"],"picked":"theMarked:Reabsorb+1","floor":39},{"not_picked":["theMarked:Frustration","theMarked:ElectricStrings+1"],"picked":"theMarked:ChainLightning+1","floor":41},{"not_picked":["theMarked:ElectricStrings+1","theMarked:Static+1","theMarked:BanishingStrike+1"],"picked":"SKIP","floor":44},{"not_picked":["theMarked:ChainLightning+1","theMarked:Aftermath+1","theMarked:RogueSparks"],"picked":"SKIP","floor":45},{"not_picked":["theMarked:Static+1","theMarked:Aftermath+1"],"picked":"theMarked:Electrify+1","floor":48}],"player_experience":1139266,"relics_obtained":[{"floor":9.0,"key":"Oddly Smooth Stone"},{"floor":10.0,"key":"Toy Ornithopter"},{"floor":14.0,"key":"Blood Vial"},{"floor":24,"key":"Toxic Egg 2"},{"floor":26,"key":"HollowMod:PaleOreRelic"},{"floor":28,"key":"hubris:MysteriousPyramids"},{"floor":31,"key":"conspire:Dentures"},{"floor":37,"key":"Bottled Tornado"},{"floor":41,"key":"hubris:AstralHammer"},{"floor":43,"key":"hubris:Spice"},{"floor":45,"key":"Grinning Jar"}],"event_choices":[],"is_beta":false,"boss_relics":[{"not_picked":["Sozu","hubris:HollowSoul"],"picked":"Coffee Dripper"},{"not_picked":["hubris:ScarierMask","conspire:SeveredTorchhead"],"picked":"hubris:Backtick"}],"items_purged_floors":[30,42],"is_endless":false,"potions_floor_spawned":[1,4,13,16,24,25,35],"ascension_level":0}}