{"host":"f5y45f7z7ziu0smp","time":1610289026,"event":{"mods":["AchievementEnabler","BaseMod","Koishi","Marisa£¨Ùöéë¡¡Øª×âÞÞ£©","Minty Spire (QoL Compilation)","StSLib","SuperFastMode"],"gold_per_floor":[112,112,126,126,27,27,27,27,51,61,61,81,94,112,112,215,215,228,76,90,108,33,33,43,43,43,60,60,60,75,7,7,7,7],"floor_reached":33,"playtime":877,"items_purged":["Defend_B"],"score":314,"play_id":"24b14cb1-f1d6-4136-a42b-5c952f3eda5f","local_time":"20210110233026","is_ascension_mode":false,"campfire_choices":[{"data":"Zap","floor":6.0,"key":"SMITH"},{"data":"Dualcast","floor":8.0,"key":"SMITH"},{"data":"Gash","floor":15.0,"key":"SMITH"},{"floor":23.0,"key":"REST"},{"floor":32.0,"key":"REST"}],"circlet_count":0,"master_deck":["Strike_B+1","Defend_B+1","Defend_B+1","Zap+1","Dualcast+1","Gash+1","Sweeping Beam","Go for the Eyes","Gash","Gash","Seek+1","Skim+1","Double Energy","Fusion+1","Reprogram","Compile Driver","Gash","Hologram+1","Genetic Algorithm"],"relics":["Cracked Core","Blood Vial","Singing Bowl","Fusion Hammer","War Paint","MutagenicStrength","Gambling Chip","FossilizedHelix"],"acts_visited":["Exordium","TheCity"],"potions_floor_usage":[33,33],"damage_taken":[{"damage":8.0,"enemies":"Jaw Worm","floor":1.0,"turns":3.0},{"damage":0.0,"enemies":"Small Slimes","floor":3.0,"turns":2.0},{"damage":0.0,"enemies":"2 Louse","floor":10.0,"turns":1.0},{"damage":13.0,"enemies":"Exordium Wildlife","floor":12.0,"turns":2.0},{"damage":0.0,"enemies":"Exordium Thugs","floor":13.0,"turns":3.0},{"damage":0.0,"enemies":"Gremlin Gang","floor":14.0,"turns":3.0},{"damage":0.0,"enemies":"Slime Boss","floor":16.0,"turns":6.0},{"damage":6.0,"enemies":"Chosen","floor":18.0,"turns":4.0},{"damage":6.0,"enemies":"2 Thieves","floor":20.0,"turns":3.0},{"damage":2.0,"enemies":"Sentry and Sphere","floor":21.0,"turns":3.0},{"damage":8.0,"enemies":"Centurion and Healer","floor":24.0,"turns":5.0},{"damage":12.0,"enemies":"Snake Plant","floor":27.0,"turns":4.0},{"damage":5.0,"enemies":"Cultist and Chosen","floor":30.0,"turns":5.0},{"damage":67,"enemies":"Collector","floor":33,"turns":7}],"seed_played":"-9080811157917785292","potions_obtained":[{"floor":3.0,"key":"ColorlessPotion"},{"floor":16.0,"key":"Energy Potion"},{"floor":21.0,"key":"DuplicationPotion"}],"is_trial":false,"path_per_floor":["M","?","M","?","$","R","?","R","T","M","T","M","M","M","R","B",null,"M","$","M","M","?","R","M","?","T","M","?","T","M","$","R","B"],"character_chosen":"DEFECT","items_purchased":["Go for the Eyes","War Paint","Genetic Algorithm"],"campfire_rested":2,"item_purchase_floors":[5,19,31],"current_hp_per_floor":[60,53,53,39,39,39,44,44,44,46,46,37,39,41,41,43,75,69,69,65,65,65,75,67,67,67,57,57,57,54,54,75,8,8],"gold":7,"neow_bonus":"REMOVE_TWO","is_daily":false,"chose_seed":false,"campfire_upgraded":3,"win_rate":0.0,"timestamp":1610289026,"path_taken":["M","?","M","?","$","R","?","R","T","?","?","M","M","M","R","BOSS","M","$","M","?","?","R","M","?","T","M","?","?","M","?","R","BOSS"],"items_purchased_type":["Card","Relic","Card"],"build_version":"2020-12-22","purchased_purges":1,"victory":false,"max_hp_per_floor":[68,68,68,68,68,68,73,73,73,73,73,75,75,75,75,75,75,75,75,75,75,75,75,75,75,75,75,75,75,75,75,75,75,75],"card_choices":[{"not_picked":["Stack","Self Repair"],"picked":"Gash","floor":1.0},{"not_picked":["Reinforced Body","Rebound"],"picked":"Sweeping Beam","floor":3.0},{"not_picked":["Static Discharge","Undo","Force Field"],"picked":"SKIP","floor":10.0},{"not_picked":["Redo","Go for the Eyes","Compile Driver"],"picked":"Singing Bowl","floor":12.0},{"not_picked":["Stack","Skim"],"picked":"Gash","floor":13.0},{"not_picked":["Sunder","Chaos"],"picked":"Gash","floor":14.0},{"not_picked":["Amplify","Rainbow"],"picked":"Seek","floor":16.0},{"not_picked":["Recycle+1","Sweeping Beam+1"],"picked":"Skim+1","floor":18.0},{"not_picked":["Coolheaded","Beam Cell"],"picked":"Double Energy","floor":20.0},{"not_picked":["Beam Cell","Redo"],"picked":"Fusion+1","floor":21.0},{"not_picked":["Glacier+1","Streamline"],"picked":"Reprogram","floor":24.0},{"not_picked":["Defragment","Chaos"],"picked":"Compile Driver","floor":27.0},{"not_picked":["Steam+1","Sweeping Beam"],"picked":"Hologram+1","floor":30.0}],"player_experience":88299,"relics_obtained":[{"floor":9.0,"key":"Blood Vial"},{"floor":11.0,"key":"Singing Bowl"},{"floor":26.0,"key":"Gambling Chip"},{"floor":29.0,"key":"FossilizedHelix"}],"event_choices":[{"cards_removed":["Strike_B"],"damage_healed":0.0,"max_hp_gain":0.0,"max_hp_loss":0.0,"gold_gain":0.0,"event_name":"Golden Wing","player_choice":"Card Removal","floor":2.0,"gold_loss":0.0,"damage_taken":7.0},{"damage_healed":0.0,"max_hp_gain":0.0,"max_hp_loss":0.0,"gold_gain":0.0,"event_name":"Shining Light","player_choice":"Entered Light","floor":4.0,"gold_loss":0.0,"damage_taken":14.0,"cards_upgraded":["Defend_B","Strike_B"]},{"damage_healed":0.0,"max_hp_gain":5.0,"max_hp_loss":0.0,"gold_gain":0.0,"event_name":"Big Fish","player_choice":"Donut","floor":7.0,"gold_loss":0.0,"damage_taken":0.0},{"cards_removed":["Strike_B"],"damage_healed":0.0,"max_hp_gain":0.0,"max_hp_loss":0.0,"gold_gain":0.0,"event_name":"Beggar","player_choice":"Gave Gold","floor":22.0,"gold_loss":75.0,"damage_taken":0.0},{"damage_healed":0.0,"max_hp_gain":0.0,"max_hp_loss":0.0,"gold_gain":0.0,"event_name":"Drug Dealer","player_choice":"Inject Mutagens","floor":25.0,"gold_loss":0.0,"damage_taken":0.0,"relics_obtained":["MutagenicStrength"]},{"damage_healed":0.0,"max_hp_gain":0.0,"max_hp_loss":0.0,"gold_gain":0.0,"event_name":"The Library","player_choice":"Read","floor":28.0,"gold_loss":0.0,"damage_taken":0.0,"cards_obtained":["Gash"]}],"is_beta":false,"boss_relics":[{"not_picked":["Snecko Eye","Runic Pyramid"],"picked":"Fusion Hammer"}],"items_purged_floors":[5],"is_endless":false,"potions_floor_spawned":[3,16,21,24,27],"killed_by":"Collector","ascension_level":0}}