{"host":"9l4mw5jqza9qz9hr","time":1610278972,"event":{"mods":["AchievementEnabler","Always Whale","BaseMod","Colored Map","Minty Spire (QoL Compilation)","StSLib","SuperFastMode"],"gold_per_floor":[1116,1116,134,153,167,167,167,167,167,9,44,119,158,173,173,303,303,326,141,159,159,159,203,203,224,248,267,192,192,213,248,248,376,376,394,457,475,64,133,133,58,83,83,101,141,141,163,163,163,163],"floor_reached":51,"playtime":1009,"items_purged":["Strike_R","Strike_R","Strike_R+1","Defend_R"],"score":1559,"play_id":"bb3ec9d7-2888-43bd-8a93-bb57573c3f60","local_time":"20210110204252","is_ascension_mode":true,"campfire_choices":[{"data":"Whirlwind","floor":6,"key":"SMITH"},{"data":"Feel No Pain","floor":8,"key":"SMITH"},{"data":"Armaments","floor":15,"key":"SMITH"},{"data":"Offering","floor":24,"key":"SMITH"},{"data":"Shockwave","floor":32,"key":"SMITH"},{"data":"Bash","floor":40,"key":"PURGE"},{"data":"Whirlwind+1","floor":49,"key":"PURGE"}],"circlet_count":0,"master_deck":["AscendersBane","Defend_R+1","Defend_R+1","Defend_R","Feel No Pain","Feel No Pain+1","Pummel+1","Body Slam+1","Offering+1","Immolate+1","Warcry","Shrug It Off","Armaments+1","Burning Pact","Shrug It Off","Uppercut+1","Barricade+1","Power Through","Body Slam+1","Shockwave+1","Flame Barrier","Juggernaut+1","Offering","Shrug It Off","Master of Strategy","Panacea","Entrench+1"],"relics":["Burning Blood","Membership Card","The Courier","TheAbacus","Ornamental Fan","Anchor","MealTicket","Juzu Bracelet","War Paint","Nunchaku","PreservedInsect","Akabeko","Molten Egg 2","Meat on the Bone","Frozen Egg 2","Golden Idol","Bird Faced Urn","Lantern","Orrery","Regal Pillow","Ancient Tea Set","Sozu","OrangePellets","Whetstone","Ginger","Omamori","Bag of Preparation","SlaversCollar","Peace Pipe","Blue Candle","Happy Flower","Strange Spoon","CeramicFish","Vajra","Mango","Eternal Feather","Kunai"],"acts_visited":["Exordium","TheCity","TheBeyond"],"potions_floor_usage":[23,50],"damage_taken":[{"damage":23,"enemies":"Jaw Worm","floor":1,"turns":4},{"damage":0,"enemies":"2 Louse","floor":4,"turns":2},{"damage":0,"enemies":"Small Slimes","floor":5,"turns":1},{"damage":6,"enemies":"Gremlin Nob","floor":11,"turns":3},{"damage":0,"enemies":"3 Sentries","floor":13,"turns":1},{"damage":0,"enemies":"2 Fungi Beasts","floor":14,"turns":1},{"damage":36,"enemies":"Hexaghost","floor":16,"turns":9},{"damage":0,"enemies":"2 Thieves","floor":18,"turns":1},{"damage":6,"enemies":"Shell Parasite","floor":20,"turns":2},{"damage":0,"enemies":"Slavers","floor":23,"turns":2},{"damage":6,"enemies":"Sentry and Sphere","floor":25,"turns":4},{"damage":6,"enemies":"Snecko","floor":27,"turns":3},{"damage":0,"enemies":"3 Cultists","floor":30,"turns":1},{"damage":10,"enemies":"Book of Stabbing","floor":31,"turns":4},{"damage":6,"enemies":"Automaton","floor":33,"turns":7},{"damage":32,"enemies":"3 Darklings","floor":35,"turns":3},{"damage":12,"enemies":"Mind Bloom Boss Battle","floor":36,"turns":5},{"damage":6,"enemies":"3 Shapes","floor":37,"turns":1},{"damage":8,"enemies":"2 Orb Walkers","floor":39,"turns":3},{"damage":23,"enemies":"Transient","floor":42,"turns":5},{"damage":6,"enemies":"Giant Head","floor":45,"turns":2},{"damage":12,"enemies":"Spire Growth","floor":47,"turns":2},{"damage":18,"enemies":"Time Eater","floor":50,"turns":5}],"seed_played":"3905371832448722292","potions_obtained":[{"floor":1,"key":"LiquidMemories"},{"floor":5,"key":"LiquidMemories"}],"is_trial":false,"path_per_floor":["M","?","$","M","M","R","?","R","T","$","E","?","E","M","R","B",null,"M","$","M","?","?","E","R","M","T","M","?","?","M","E","R","B",null,"M","?","M","$","?","R","$","M","T","?","E","?","M","?","R","B",null],"character_chosen":"IRONCLAD","items_purchased":["Feel No Pain","Feel No Pain","TheAbacus","Ornamental Fan","Anchor","MealTicket","Juzu Bracelet","War Paint","Nunchaku","PreservedInsect","Akabeko","Molten Egg 2","Meat on the Bone","Frozen Egg 2","Lantern","Orrery","Shrug It Off","Armaments","OrangePellets","Whetstone","Body Slam+1","Blue Candle","Happy Flower","Strange Spoon","CeramicFish","Vajra"],"campfire_rested":0,"item_purchase_floors":[3,3,3,3,3,3,3,3,3,3,3,3,3,3,10,10,10,10,19,19,19,38,38,38,38,38],"current_hp_per_floor":[34,27,27,45,51,51,31,31,31,46,50,39,57,63,63,49,72,78,80,80,80,80,80,80,80,80,80,80,80,80,78,78,80,80,54,56,56,71,83,83,94,85,85,75,79,79,79,79,89,83],"gold":163,"neow_bonus":"RANDOM_COLORLESS_2","is_daily":false,"chose_seed":false,"campfire_upgraded":5,"win_rate":0.0,"timestamp":1610278972,"path_taken":["M","?","$","M","M","R","?","R","T","$","E","?","E","M","R","BOSS","M","$","M","?","?","E","R","M","T","M","?","?","M","E","R","BOSS","M","?","M","$","?","R","$","M","T","?","E","?","M","?","R","BOSS"],"items_purchased_type":["Card","Card","Relic","Relic","Relic","Relic","Relic","Relic","Relic","Relic","Relic","Relic","Relic","Relic","Relic","Relic","Card","Card","Relic","Relic","Card","Relic","Relic","Relic","Relic","Relic"],"build_version":"2020-12-22","purchased_purges":4,"victory":true,"max_hp_per_floor":[80,80,80,80,80,80,80,80,80,80,80,80,80,80,80,80,80,80,80,80,80,80,80,80,80,80,80,80,80,80,80,80,80,80,80,80,80,80,94,94,94,94,94,94,94,89,89,89,89,89],"card_choices":[{"not_picked":["Headbutt","Perfected Strike"],"picked":"Whirlwind","floor":1},{"not_picked":["Rampage+1","Disarm"],"picked":"Pummel+1","floor":4},{"not_picked":["Armaments","Sword Boomerang+1"],"picked":"Body Slam+1","floor":5},{"not_picked":["Rampage+1","Thunderclap+1"],"picked":"Offering","floor":10},{"not_picked":["Cleave+1","Flame Barrier"],"picked":"Immolate+1","floor":10},{"not_picked":["Twin Strike+1","Havoc"],"picked":"Warcry","floor":10},{"not_picked":["Dual Wield","Iron Wave+1"],"picked":"Burning Pact","floor":11},{"not_picked":["Flame Barrier","True Grit"],"picked":"Shrug It Off","floor":13},{"not_picked":["True Grit","Dual Wield"],"picked":"Uppercut+1","floor":14},{"not_picked":["Fiend Fire+1","Corruption+1"],"picked":"Barricade+1","floor":16},{"not_picked":["Searing Blow+1","Thunderclap+1"],"picked":"Power Through","floor":18},{"not_picked":["Second Wind","Power Through"],"picked":"Shockwave","floor":20},{"not_picked":["Whirlwind+1","Dual Wield"],"picked":"Juggernaut+1","floor":23},{"not_picked":["Havoc+1","Bloodletting","Fire Breathing+1"],"picked":"SKIP","floor":25},{"not_picked":["Twin Strike+1","Anger+1","Wild Strike+1"],"picked":"SKIP","floor":27},{"not_picked":["Anger+1","Wild Strike+1","Flex+1"],"picked":"SKIP","floor":30},{"not_picked":["Flex","Heavy Blade+1","Thunderclap+1"],"picked":"SKIP","floor":31},{"not_picked":["Juggernaut+1","Barricade+1"],"picked":"Offering","floor":33},{"not_picked":["Sword Boomerang+1","Havoc","Anger+1"],"picked":"SKIP","floor":35},{"not_picked":["Sever Soul+1","Anger+1","Armaments"],"picked":"SKIP","floor":37},{"not_picked":["True Grit","Corruption+1"],"picked":"Shrug It Off","floor":42},{"not_picked":["Panacea","Panache+1"],"picked":"Master of Strategy","floor":44},{"not_picked":["Metamorphosis","HandOfGreed+1"],"picked":"Panacea","floor":44},{"not_picked":["Twin Strike+1","Combust+1","Fire Breathing+1"],"picked":"SKIP","floor":45},{"not_picked":["Pummel+1","Cleave+1"],"picked":"Entrench+1","floor":47}],"player_experience":211539,"relics_obtained":[{"floor":9,"key":"Bird Faced Urn"},{"floor":11,"key":"Regal Pillow"},{"floor":13,"key":"Ancient Tea Set"},{"floor":23,"key":"Ginger"},{"floor":26,"key":"Omamori"},{"floor":31,"key":"Bag of Preparation"},{"floor":36,"key":"Peace Pipe"},{"floor":39,"key":"Mango"},{"floor":43,"key":"Eternal Feather"},{"floor":45,"key":"Kunai"}],"event_choices":[{"cards_removed":["Strike_R"],"damage_healed":0,"gold_gain":0,"player_choice":"Card Removal","damage_taken":7,"max_hp_gain":0,"max_hp_loss":0,"event_name":"Golden Wing","floor":2,"gold_loss":0},{"damage_healed":0,"gold_gain":0,"player_choice":"Take Damage","damage_taken":20,"relics_obtained":["Golden Idol"],"max_hp_gain":0,"max_hp_loss":0,"event_name":"Golden Idol","floor":7,"gold_loss":0},{"damage_healed":0,"gold_gain":75,"player_choice":"Gather Gold","damage_taken":11,"max_hp_gain":0,"max_hp_loss":0,"event_name":"World of Goop","floor":12,"gold_loss":0},{"damage_healed":0,"gold_gain":0,"player_choice":"Read","damage_taken":0,"max_hp_gain":0,"max_hp_loss":0,"event_name":"The Library","floor":21,"gold_loss":0,"cards_obtained":["Flame Barrier"]},{"damage_healed":0,"gold_gain":0,"player_choice":"Ignored","damage_taken":0,"max_hp_gain":0,"max_hp_loss":0,"event_name":"Ghosts","floor":22,"gold_loss":0},{"cards_removed":["Strike_R"],"damage_healed":0,"gold_gain":0,"player_choice":"Gave Gold","damage_taken":0,"max_hp_gain":0,"max_hp_loss":0,"event_name":"Beggar","floor":28,"gold_loss":75},{"damage_healed":0,"gold_gain":0,"player_choice":"Ignored","damage_taken":0,"max_hp_gain":0,"max_hp_loss":0,"event_name":"The Mausoleum","floor":29,"gold_loss":0},{"damage_healed":0,"gold_gain":0,"player_choice":"Fight","damage_taken":0,"max_hp_gain":0,"max_hp_loss":0,"event_name":"MindBloom","floor":36,"gold_loss":0},{"damage_healed":0,"gold_gain":0,"player_choice":"Fight","damage_taken":0,"max_hp_gain":0,"max_hp_loss":0,"event_name":"Mysterious Sphere","floor":39,"gold_loss":0},{"damage_healed":0,"gold_gain":0,"player_choice":"Memory 3","damage_taken":10,"max_hp_gain":0,"max_hp_loss":0,"event_name":"SensoryStone","floor":44,"gold_loss":0},{"damage_healed":0,"gold_gain":0,"player_choice":"Max HP","damage_taken":0,"max_hp_gain":0,"max_hp_loss":5,"event_name":"Winding Halls","floor":46,"gold_loss":0},{"damage_healed":0,"gold_gain":0,"player_choice":"Bought 0 Potions","damage_taken":0,"max_hp_gain":0,"max_hp_loss":0,"event_name":"The Woman in Blue","floor":48,"gold_loss":0}],"is_beta":false,"boss_relics":[{"not_picked":["Fusion Hammer","Tiny House"],"picked":"Sozu"},{"not_picked":["Snecko Eye","Runic Cube"],"picked":"SlaversCollar"}],"items_purged_floors":[3,19,38,41],"is_endless":false,"potions_floor_spawned":[1,5,11,20,25,31,35,37,42],"ascension_level":12}}