{"host":"9ndbo4kgsfoemf7y","time":1610262676,"event":{"mods":["AchievementEnabler","BaseMod","Colored Map","DeckTracker","Keyboard Shortcuts","Minty Spire (QoL Compilation)","Permanent Neow","Quick Restart","Relic Stats","StSLib","SuperFastMode"],"gold_per_floor":[118,41,41,58,76,105,105,30,30,45,60,79,79,113,113,212,212,231,506,526,526,526],"floor_reached":21,"playtime":1299,"items_purged":["Strike_B"],"score":248,"play_id":"baeca997-efbd-4f58-aea7-cbfd2fd0c33b","local_time":"20210110161116","is_ascension_mode":true,"campfire_choices":[{"floor":7.0,"key":"REST"},{"floor":13.0,"key":"REST"},{"floor":15.0,"key":"REST"}],"circlet_count":0,"master_deck":["Strike_B","Strike_B","Defend_B","Defend_B","Defend_B","Defend_B","Zap","Dualcast","Thunder Strike","Defragment","Defragment","Conserve Battery","Redo","Ball Lightning","BootSequence","All For One","Regret","Redo+1"],"relics":["Cracked Core","Singing Bowl","Vajra","Centennial Puzzle","Cursed Key"],"acts_visited":["Exordium","TheCity"],"potions_floor_usage":[18,21],"damage_taken":[{"damage":1.0,"enemies":"Cultist","floor":1.0,"turns":3.0},{"damage":0.0,"enemies":"Small Slimes","floor":4.0,"turns":3.0},{"damage":6.0,"enemies":"2 Louse","floor":5.0,"turns":4.0},{"damage":26.0,"enemies":"Gremlin Nob","floor":6.0,"turns":4.0},{"damage":4.0,"enemies":"Looter","floor":10.0,"turns":2.0},{"damage":23.0,"enemies":"3 Louse","floor":11.0,"turns":3.0},{"damage":0.0,"enemies":"Large Slime","floor":12.0,"turns":4.0},{"damage":25.0,"enemies":"3 Sentries","floor":14.0,"turns":7.0},{"damage":27.0,"enemies":"Hexaghost","floor":16.0,"turns":10.0},{"damage":11,"enemies":"2 Thieves","floor":18,"turns":4},{"damage":27,"enemies":"Spheric Guardian","floor":20,"turns":4},{"damage":45,"enemies":"Cultist and Chosen","floor":21,"turns":4}],"seed_played":"4773215650548814880","potions_obtained":[{"floor":1.0,"key":"Dexterity Potion"},{"floor":5.0,"key":"Weak Potion"},{"floor":10.0,"key":"GamblersBrew"},{"floor":12.0,"key":"Dexterity Potion"},{"floor":18,"key":"SkillPotion"}],"is_trial":false,"path_per_floor":["M","$","?","M","M","E","R","$","T","M","M","M","R","E","R","B",null,"M","?","M","M"],"character_chosen":"DEFECT","items_purchased":["Defragment"],"campfire_rested":3,"item_purchase_floors":[2],"current_hp_per_floor":[49,49,42,42,36,10,32,32,32,30,9,9,32,9,33,6,62,53,53,26,0,0],"gold":526,"neow_bonus":"THREE_RARE_CARDS","is_daily":false,"chose_seed":false,"campfire_upgraded":0,"win_rate":0.0,"timestamp":1610262676,"path_taken":["M","$","?","M","M","E","R","$","T","M","M","M","R","E","R","BOSS","M","?","M","?"],"items_purchased_type":["Card"],"build_version":"2020-12-22","purchased_purges":1,"victory":false,"max_hp_per_floor":[75,75,75,75,75,75,75,75,75,77,79,79,79,81,81,81,81,83,83,83,83,83],"relic_stats":{"Centennial Puzzle":[12],"Singing Bowl":8,"counters":[12,52],"Cursed Key":0,"obtain_stats":[{"Centennial Puzzle":14,"Singing Bowl":6,"Vajra":9,"Cracked Core":0,"Cursed Key":17},{"Centennial Puzzle":8,"Singing Bowl":4,"Vajra":4,"Cracked Core":0,"Cursed Key":9},{"Centennial Puzzle":30,"Singing Bowl":14,"Vajra":14,"Cracked Core":0,"Cursed Key":40}]},"card_choices":[{"not_picked":["Machine Learning","Reboot"],"picked":"Thunder Strike","floor":0.0},{"not_picked":["Heatsinks","Steam"],"picked":"Defragment","floor":1.0},{"not_picked":["Storm","Rip and Tear"],"picked":"Conserve Battery","floor":4.0},{"not_picked":["Gash","Heatsinks"],"picked":"Redo","floor":5.0},{"not_picked":["Lockon","Turbo"],"picked":"Ball Lightning","floor":6.0},{"not_picked":["Conserve Battery","Reprogram","Auto Shields"],"picked":"Singing Bowl","floor":10.0},{"not_picked":["Sweeping Beam","Beam Cell","Cold Snap"],"picked":"Singing Bowl","floor":11.0},{"not_picked":["Defragment","Force Field"],"picked":"BootSequence","floor":12.0},{"not_picked":["Scrape","Consume","BootSequence"],"picked":"Singing Bowl","floor":14.0},{"not_picked":["Amplify","Rainbow"],"picked":"All For One","floor":16.0},{"not_picked":["Stack","Tempest","Sunder"],"picked":"Singing Bowl","floor":18},{"not_picked":["Cold Snap","Barrage"],"picked":"Redo+1","floor":20}],"player_experience":807281,"relics_obtained":[{"floor":6.0,"key":"Singing Bowl"},{"floor":9.0,"key":"Vajra"},{"floor":14.0,"key":"Centennial Puzzle"}],"event_choices":[{"cards_removed":["Strike_B"],"damage_healed":0.0,"max_hp_gain":0.0,"max_hp_loss":0.0,"gold_gain":0.0,"event_name":"Golden Wing","player_choice":"Card Removal","floor":3.0,"gold_loss":0.0,"damage_taken":7.0},{"damage_healed":0,"gold_gain":275,"player_choice":"Desecrate","damage_taken":0,"max_hp_gain":0,"max_hp_loss":0,"event_name":"Golden Shrine","floor":19,"gold_loss":0,"cards_obtained":["Regret"]}],"is_beta":false,"boss_relics":[{"not_picked":["Coffee Dripper","Black Star"],"picked":"Cursed Key"}],"items_purged_floors":[8],"is_endless":false,"potions_floor_spawned":[1,5,10,12,18],"killed_by":"Cultist and Chosen","ascension_level":6}}