{"host":"uflv0e3ja7hvnij7","time":1610299351,"event":{"mods":["BaseMod","Better Altar","Better Match","Better Note","Better Sensory Stone","Better Skull","Better Third Choice","Marisa????????","Minty Spire (QoL Compilation)","Permanent Neow","Replay The Spire","StSLib"],"gold_per_floor":[117,127,202,202,202,202,216,257,257,257,282,138,138,179,179,299,299,322,346,271,271,25,69,85,110,110,110,126,151,151,176,176,304,304,304],"floor_reached":34,"playtime":3704,"items_purged":["Defend_B","Strike_B"],"score":562,"play_id":"e092e75b-36d4-4a1c-9671-6ccd4b15ce5f","local_time":"20210110122231","is_ascension_mode":true,"campfire_choices":[{"data":"Lockon","floor":6,"key":"SMITH"},{"floor":10,"key":"REST"},{"floor":13,"key":"REST"},{"data":"Capacitor","floor":15,"key":"SMITH"},{"data":"BasicCrystalCard","floor":27,"key":"SMITH"},{"floor":30,"key":"REST"},{"floor":32,"key":"REST"}],"circlet_count":0,"master_deck":["Strike_B","Defend_B","Defend_B","Defend_B","Zap","Dualcast","Auto Shields","Rebound","Lockon+1","ReplaySort","BasicCrystalCard+1","Ball Lightning","Capacitor+1","Conserve Battery","Electrodynamics","Capacitor","FIFO Queue","Buffer+1","Rainbow","Defragment","Defragment","Panic Button+1","Compile Driver","Amplify+1","Cold Snap","Buffer"],"relics":["Cracked Core","Golden Idol","FossilizedHelix","Sundial","PreservedInsect","Nuclear Battery","Toxic Egg 2","Bag of Marbles","Replay:Grab Bag","Painkiller Herb"],"acts_visited":["Exordium","TheCity"],"potions_floor_usage":[19,23,33],"damage_taken":[{"damage":1,"enemies":"Cultist","floor":1,"turns":4},{"damage":0,"enemies":"Small Slimes","floor":2,"turns":3},{"damage":0,"enemies":"2 Louse","floor":7,"turns":2},{"damage":25,"enemies":"Lagavulin","floor":8,"turns":5},{"damage":0,"enemies":"Looter","floor":11,"turns":3},{"damage":0,"enemies":"Gremlin Nob","floor":14,"turns":4},{"damage":12,"enemies":"Slime Boss","floor":16,"turns":10},{"damage":11,"enemies":"Spheric Guardian","floor":18,"turns":4},{"damage":0,"enemies":"3 Byrds","floor":19,"turns":3},{"damage":0,"enemies":"Gremlin Leader","floor":23,"turns":5},{"damage":0,"enemies":"Sentry and Sphere","floor":24,"turns":4},{"damage":0,"enemies":"Snecko","floor":25,"turns":5},{"damage":16,"enemies":"3 Cultists","floor":28,"turns":4},{"damage":19,"enemies":"Chosen and Byrds","floor":29,"turns":4},{"damage":25,"enemies":"Centurion and Healer","floor":31,"turns":7},{"damage":33,"enemies":"Champ","floor":33,"turns":8}],"seed_played":"-2202216368046115721","potions_obtained":[{"floor":2,"key":"Swift Potion"},{"floor":8,"key":"LiquidBronze"},{"floor":11,"key":"Weak Potion"},{"floor":24,"key":"Venom Potion"},{"floor":28,"key":"Energy Potion"}],"is_trial":false,"path_per_floor":["M","M","?","?","?","R","M","E","T","R","M","$","R","E","R","B",null,"M","M","?","?","$","E","M","M","T","R","M","M","R","M","R","B",null],"character_chosen":"DEFECT","items_purchased":["Capacitor","Rainbow","Defragment"],"campfire_rested":4,"item_purchase_floors":[12,22,22],"current_hp_per_floor":[67,67,56,38,42,42,42,17,17,39,39,39,61,61,61,49,69,58,58,58,58,58,58,58,58,58,58,42,23,45,20,42,9,9,9],"gold":304,"neow_bonus":"TRANSFORM_CARD","is_daily":false,"chose_seed":false,"campfire_upgraded":3,"win_rate":0.0,"timestamp":1610299351,"path_taken":["M","?","?","?","?","R","M","E","T","R","?","$","R","E","R","BOSS","M","M","?","?","$","E","M","M","T","R","?","M","R","M","R","BOSS"],"items_purchased_type":["Card","Card","Card"],"build_version":"2020-12-22","purchased_purges":2,"victory":false,"max_hp_per_floor":[75,75,75,75,75,75,75,75,75,75,75,75,75,75,75,75,75,75,75,75,75,75,75,75,75,75,75,75,75,75,75,75,75,75,75],"card_choices":[{"not_picked":["Turbo","White Noise"],"picked":"Rebound","floor":1},{"not_picked":["Go for the Eyes","Time Bomb"],"picked":"Lockon","floor":2},{"not_picked":["Hologram","Go for the Eyes"],"picked":"ReplaySort","floor":7},{"not_picked":["Consume","Beam Cell"],"picked":"BasicCrystalCard","floor":8},{"not_picked":["Redo","Beam Cell"],"picked":"Ball Lightning","floor":11},{"not_picked":["Hello World","ReplayTheSpireMod:GoodbyeWorld"],"picked":"Conserve Battery","floor":14},{"not_picked":["Reboot","Thunder Strike"],"picked":"Electrodynamics","floor":16},{"not_picked":["Steam","Reprogram"],"picked":"Capacitor","floor":18},{"not_picked":["Streamline","Hologram+1"],"picked":"FIFO Queue","floor":19},{"not_picked":["Amplify+1","ReplayTheSpireMod:Omega Cannon+1"],"picked":"Buffer+1","floor":20},{"not_picked":["Loop","Recycle+1"],"picked":"Defragment","floor":23},{"not_picked":["Rebound","Ball Lightning+1"],"picked":"Panic Button+1","floor":24},{"not_picked":["Go for the Eyes","BasicCrystalCard+1"],"picked":"Compile Driver","floor":25},{"not_picked":["Undo+1","Rip and Tear+1"],"picked":"Amplify+1","floor":28},{"not_picked":["Leap+1","Gash+1"],"picked":"Cold Snap","floor":29},{"not_picked":["Turbo+1","Steam+1","Rip and Tear+1"],"picked":"SKIP","floor":31},{"not_picked":["Seek+1","Rainbow+1"],"picked":"Buffer","floor":33}],"player_experience":538410,"relics_obtained":[{"floor":8,"key":"FossilizedHelix"},{"floor":9,"key":"Sundial"},{"floor":14,"key":"PreservedInsect"},{"floor":23,"key":"Toxic Egg 2"},{"floor":26,"key":"Bag of Marbles"}],"event_choices":[{"damage_healed":0,"gold_gain":75,"player_choice":"Gold","damage_taken":11,"max_hp_gain":0,"max_hp_loss":0,"event_name":"betterThird:BetterGoop","floor":3,"gold_loss":0},{"damage_healed":0,"gold_gain":0,"player_choice":"Take Damage","damage_taken":18,"relics_obtained":["Golden Idol"],"max_hp_gain":0,"max_hp_loss":0,"event_name":"Golden Idol","floor":4,"gold_loss":0},{"damage_healed":4,"gold_gain":0,"player_choice":"LEAVE ","damage_taken":0,"relics_obtained":[],"max_hp_gain":0,"max_hp_loss":0,"event_name":"betterSkull:BetterSkull","floor":5,"gold_loss":0,"cards_upgraded":[]},{"damage_healed":0,"gold_gain":0,"player_choice":"2","damage_taken":0,"max_hp_gain":0,"max_hp_loss":0,"event_name":"betterMatch:BetterMatch","floor":20,"gold_loss":0,"cards_obtained":["betterMatch:RareCard"]},{"cards_removed":["Strike_B"],"damage_healed":0,"gold_gain":0,"player_choice":"Purged","damage_taken":0,"max_hp_gain":0,"max_hp_loss":0,"event_name":"Purifier","floor":21,"gold_loss":0}],"is_beta":false,"boss_relics":[{"not_picked":["Snecko Eye","Pandora\u0027s Box"],"picked":"Nuclear Battery"},{"not_picked":["Cursed Key","Calling Bell"],"picked":"Replay:Grab Bag"},{"not_picked":["Abe\u0027s Treasure","Runic Dome"],"picked":"Painkiller Herb"}],"items_purged_floors":[12,22],"is_endless":false,"potions_floor_spawned":[2,8,11,24,28,29,31],"ascension_level":6}}