{"host":"Timothy","time":1610277470,"event":{"mods":["AchievementEnabler","BaseMod","Bestiary","Highlight Path","Minty Spire (QoL Compilation)","Quick Restart","Slay-I"],"gold_per_floor":[114,130,30,42,42,42,19,19,19,19,37,37,55,75,75,170,170,185,35,52,62,62,62,81,92,92,92,92,104,104,123,123,123,123],"floor_reached":33,"playtime":1093,"items_purged":["Defend_R","Defend_R"],"score":241,"play_id":"44aac5ab-41c4-4cdc-893b-11ffb3edfcb5","local_time":"20210110031750","is_ascension_mode":false,"campfire_choices":[{"data":"Flex","floor":6,"key":"SMITH"},{"data":"Flex","floor":10,"key":"SMITH"},{"data":"Sword Boomerang","floor":12,"key":"SMITH"},{"floor":15,"key":"REST"},{"floor":23,"key":"REST"},{"floor":28,"key":"REST"},{"floor":30,"key":"REST"},{"data":"Spot Weakness","floor":32,"key":"SMITH"}],"circlet_count":0,"master_deck":["Strike_R","Strike_R","Strike_R","Strike_R","Strike_R","Defend_R","Defend_R","Bash","Flex+1","Flex+1","Clash","Sword Boomerang","Sword Boomerang+1","Spot Weakness+1","Thunderclap","Heavy Blade","Perfected Strike","Sword Boomerang"],"relics":["Burning Blood","NeowsBlessing","White Beast Statue","Cursed Key"],"acts_visited":["Exordium","TheCity"],"potions_floor_usage":[16,16,18,21,25,25,33,33,33],"damage_taken":[{"damage":0,"enemies":"2 Louse","floor":1,"turns":1},{"damage":0,"enemies":"Small Slimes","floor":2,"turns":1},{"damage":0,"enemies":"Jaw Worm","floor":4,"turns":1},{"damage":10,"enemies":"Looter","floor":11,"turns":2},{"damage":0,"enemies":"Exordium Wildlife","floor":13,"turns":1},{"damage":13,"enemies":"Exordium Thugs","floor":14,"turns":3},{"damage":50,"enemies":"Hexaghost","floor":16,"turns":8},{"damage":12,"enemies":"Shell Parasite","floor":18,"turns":2},{"damage":20,"enemies":"3 Byrds","floor":20,"turns":4},{"damage":21,"enemies":"Snake Plant","floor":21,"turns":2},{"damage":50,"enemies":"Centurion and Healer","floor":24,"turns":4},{"damage":0,"enemies":"Snecko","floor":25,"turns":3},{"damage":20,"enemies":"Cultist and Chosen","floor":29,"turns":4},{"damage":9,"enemies":"Centurion and Healer","floor":31,"turns":4},{"damage":96,"enemies":"Collector","floor":33,"turns":5}],"seed_played":"1268428587357207685","potions_obtained":[{"floor":11,"key":"LiquidBronze"},{"floor":13,"key":"Swift Potion"},{"floor":14,"key":"EssenceOfSteel"},{"floor":16,"key":"AttackPotion"},{"floor":18,"key":"Explosive Potion"},{"floor":20,"key":"SpeedPotion"},{"floor":21,"key":"BloodPotion"},{"floor":24,"key":"Block Potion"},{"floor":25,"key":"Ancient Potion"},{"floor":29,"key":"GamblersBrew"},{"floor":31,"key":"LiquidBronze"}],"is_trial":false,"path_per_floor":["M","M","$","M","?","R","$","?","T","R","M","R","M","M","R","B",null,"M","$","M","M","?","R","M","M","T","T","R","M","R","M","R","B"],"character_chosen":"IRONCLAD","items_purchased":["Clash","Sword Boomerang","Heavy Blade"],"campfire_rested":4,"item_purchase_floors":[3,7,19],"current_hp_per_floor":[80,80,80,80,80,80,80,80,80,80,76,76,80,73,80,36,80,74,74,60,45,71,80,36,58,58,58,80,66,80,77,77,0,0],"gold":123,"neow_bonus":"THREE_ENEMY_KILL","is_daily":false,"chose_seed":false,"campfire_upgraded":4,"win_rate":0.0,"timestamp":1610277470,"path_taken":["M","M","$","M","?","R","$","?","T","R","M","R","M","?","R","BOSS","M","$","M","M","?","R","M","M","T","?","R","M","R","M","R","BOSS"],"items_purchased_type":["Card","Card","Card"],"build_version":"2020-12-18","purchased_purges":2,"victory":false,"max_hp_per_floor":[80,80,80,80,80,80,80,80,80,80,80,80,80,80,80,80,80,80,80,80,80,80,80,80,80,80,80,80,80,80,80,80,80,80],"card_choices":[{"not_picked":["Shrug It Off","Headbutt"],"picked":"Flex","floor":1},{"not_picked":["Fire Breathing","Disarm"],"picked":"Flex","floor":2},{"not_picked":["Twin Strike","Shrug It Off","Anger"],"picked":"SKIP","floor":4},{"not_picked":["Armaments","Wild Strike"],"picked":"Sword Boomerang","floor":11},{"not_picked":["Twin Strike","Anger"],"picked":"Spot Weakness","floor":13},{"not_picked":["Cleave","Impervious","Warcry"],"picked":"SKIP","floor":14},{"not_picked":["Sentinel","Dropkick"],"picked":"Thunderclap","floor":18},{"not_picked":["Rage+1","Hemokinesis","Twin Strike"],"picked":"SKIP","floor":20},{"not_picked":["Blood for Blood","Anger+1","Rupture"],"picked":"SKIP","floor":21},{"not_picked":["Twin Strike","Uppercut"],"picked":"Perfected Strike","floor":24},{"not_picked":["Feel No Pain","True Grit","Second Wind"],"picked":"SKIP","floor":25},{"not_picked":["Headbutt","Iron Wave+1","Anger+1"],"picked":"SKIP","floor":29},{"not_picked":["Blood for Blood","True Grit"],"picked":"Sword Boomerang","floor":31}],"player_experience":800610,"relics_obtained":[{"floor":9,"key":"White Beast Statue"}],"event_choices":[{"damage_healed":0,"gold_gain":0,"player_choice":"Ignored","damage_taken":0,"max_hp_gain":0,"max_hp_loss":0,"event_name":"Golden Idol","floor":5,"gold_loss":0},{"damage_healed":0,"gold_gain":0,"player_choice":"Searched \u00271\u0027 times","damage_taken":0,"max_hp_gain":0,"max_hp_loss":0,"event_name":"Dead Adventurer","floor":8,"gold_loss":0},{"damage_healed":26,"gold_gain":0,"player_choice":"Heal","damage_taken":0,"max_hp_gain":0,"max_hp_loss":0,"event_name":"The Library","floor":22,"gold_loss":0}],"is_beta":true,"boss_relics":[{"not_picked":["Pandora\u0027s Box","Runic Pyramid"],"picked":"Cursed Key"}],"items_purged_floors":[3,19],"is_endless":false,"potions_floor_spawned":[11,13,14,16,18,20,21,24,25,29,31],"killed_by":"Collector","ascension_level":0}}