{"host":"dwyzfvnzfcqffr30","time":1610321469,"event":{"mods":["2.2 Compatiblity","Act Like it!","BaseMod","Beaked The Cultist","Better Altar","Better Match","Better Note","Better Sensory Stone","Better Skull","Better Third Choice","Clockwork Mod","Colored Map","Colored Powertips","Conspire","Downfall","Elementarium","GifTheSpireLib","Halation","Hermit","Hubris","Infinite Spire","Ironclad Rager","Jedi Mod","Menagerie","Mimic Mod","Minty Spire (QoL Compilation)","Permanent Neow","Random Character Button","Replay The Spire","Spicy Shops","StSLib","Stuff the Spire","The Construct","The Disciple","The Druid","The Marked","TheFirefly","Trackpad","vexMod"],"gold_per_floor":[10,22,58,58,90,90,127,127,173,199,241,275,294,143,143,254,254,286,173,98,130,130,172,201,201,253,253,298,330,75,114,114,233,233,267,305,338,374,410,457,457,505,550,550,550,580,594,594],"floor_reached":47,"playtime":32519,"items_purged":["hermit:Coalescence+1","hermit:Defend_Hermit+1"],"score":876,"play_id":"91716225-c113-440a-9afc-87e072e1d9da","local_time":"20210110153109","is_ascension_mode":true,"campfire_choices":[{"floor":6,"key":"REST"},{"floor":8,"key":"RECALL"},{"floor":15,"key":"REST"},{"floor":25,"key":"REST"},{"floor":27,"key":"REST"},{"floor":41,"key":"REST"}],"circlet_count":0,"master_deck":["hermit:Strike_Hermit+1","hermit:Strike_Hermit+1","hermit:Strike_Hermit+1","hermit:Defend_Hermit+1","hermit:Defend_Hermit+1","hermit:Defend_Hermit+1","hermit:Snapshot+1","Apotheosis+1","MasterReality+1","hermit:Dive+1","hermit:Scavenge+1","hermit:Scavenge+1","Panache+1","hermit:GhostlyPresence+1","hermit:FlashPowder+1","hermit:TakeAim+1","hermit:HeroicBravado+1","hermit:Ricochet+1","hermit:Determination+1","hermit:Snipe+1","hermit:Deadeye+1"],"relics":["hermit:ClaspedLocket","Frozen Egg 2","Toxic Egg 2","Molten Egg 2","Quantum Egg","conspire:InfiniteJournal","Bottled Tornado","jedi:Pinwheel","infinitespire:Beetle Shell","hermit:BartenderGlass","Elementarium:HuntersBracer","halation:KoshaPiece","Vajra","Toy Ornithopter","Iron Hammer","trackpad:BottledShadow","Membership Card","trackpad:WondrousWand","Elementarium:ElementariumTrophy","hubris:DisguiseKit","trackpad:Mousetrap","hubris:BundleOfHerbs"],"acts_visited":["Exordium","Elementarium:Elementarium","TheBeyond"],"potions_floor_usage":[16,16,16,23,24,24,28,28,33,33,33,36,37,37,38,38,38,39,39,39,39,40,40,40,42,42,43,43,46,46,47,47,47],"damage_taken":[{"damage":4,"enemies":"Jaw Worm","floor":1,"turns":3},{"damage":1,"enemies":"Small Slimes","floor":2,"turns":2},{"damage":0,"enemies":"2 Louse","floor":5,"turns":3},{"damage":0,"enemies":"3 Sentries","floor":7,"turns":8},{"damage":0,"enemies":"2 Fungi Beasts","floor":9,"turns":8},{"damage":2,"enemies":"2 Fungi Beasts","floor":10,"turns":4},{"damage":0,"enemies":"Gremlin Nob","floor":11,"turns":4},{"damage":3,"enemies":"Red Slaver","floor":12,"turns":4},{"damage":0,"enemies":"Looter","floor":13,"turns":4},{"damage":21,"enemies":"Slime Boss","floor":16,"turns":11},{"damage":0,"enemies":"Elementarium:2_ELEMENTALS","floor":18,"turns":6},{"damage":0,"enemies":"Elementarium:Cyclone","floor":21,"turns":7},{"damage":0,"enemies":"Elementarium:ElementalPortal","floor":23,"turns":9},{"damage":13,"enemies":"Elementarium:STONE_GOLEMS","floor":24,"turns":4},{"damage":0,"enemies":"Elementarium:3_ELEMENTALS","floor":26,"turns":8},{"damage":11,"enemies":"Elementarium:FIRE_NOBILITY","floor":28,"turns":9},{"damage":0,"enemies":"Elementarium:3_ELEMENTALS","floor":29,"turns":5},{"damage":0,"enemies":"Elementarium:RubyGolem","floor":31,"turns":6},{"damage":0,"enemies":"Elementarium:GolemEmperor","floor":33,"turns":17},{"damage":12,"enemies":"Orb Walker","floor":35,"turns":7},{"damage":4,"enemies":"3 Shapes","floor":36,"turns":7},{"damage":9,"enemies":"Jaw Worm Horde","floor":37,"turns":6},{"damage":5,"enemies":"4 Shapes","floor":38,"turns":6},{"damage":18,"enemies":"Spire Growth","floor":39,"turns":6},{"damage":60,"enemies":"Reptomancer","floor":40,"turns":8},{"damage":16,"enemies":"Giant Head","floor":42,"turns":9},{"damage":2,"enemies":"Sphere and 2 Shapes","floor":43,"turns":12},{"damage":29,"enemies":"Sphere and 2 Shapes","floor":46,"turns":6},{"damage":35,"enemies":"4 Shapes","floor":47,"turns":3}],"seed_played":"2857666198379376937","potions_obtained":[{"floor":1,"key":"SteroidPotion"},{"floor":11,"key":"PowerPotion"},{"floor":12,"key":"FearPotion"},{"floor":18,"key":"ColorlessPotion"},{"floor":21,"key":"Reflective Coating"},{"floor":24,"key":"SpeedPotion"},{"floor":29,"key":"Dexterity Potion"},{"floor":31,"key":"Regen Potion"},{"floor":35,"key":"SkillPotion"},{"floor":37,"key":"EntropicBrew"},{"floor":40,"key":"FearPotion"},{"floor":46,"key":"SpeedPotion"}],"is_trial":false,"path_per_floor":["M","M","?","?","M","R","E","R","MIM","M","E","M","M","$","R","B",null,"M","?","?","M","?","E","M","R","MIM","R","E","M","$","M","R_BF","B",null,"M","M","M","M","M","E","R","E","MIM","?","?","M","M"],"character_chosen":"HERMIT","items_purchased":["hermit:TakeAim+1","Membership Card","trackpad:WondrousWand","Strength Potion"],"campfire_rested":5,"item_purchase_floors":[14,30,30,30],"current_hp_per_floor":[64,63,33,33,33,55,55,55,55,53,53,50,50,50,72,51,69,69,69,69,69,32,32,29,51,51,73,69,69,69,69,75,75,75,63,64,75,70,57,12,34,28,36,36,36,17,0,0],"gold":594,"neow_bonus":"REMOVE_TWO","is_daily":false,"chose_seed":false,"campfire_upgraded":0,"win_rate":0.0,"timestamp":1610321469,"path_taken":["M","M","?","?","M","R","E","R","MIM","M","E","M","M","$","R","BOSS","M","?","?","M","?","E","M","R","MIM","R","E","M","$","M","R_BF","BOSS","M","M","M","M","M","E","R","E","MIM","?","?","M","M"],"items_purchased_type":["Card","Relic","Relic","Potion"],"build_version":"2020-12-22","purchased_purges":2,"victory":false,"max_hp_per_floor":[75,75,75,75,75,75,75,75,75,75,75,75,75,75,75,75,75,75,75,75,75,75,75,75,75,75,75,75,75,75,75,75,75,75,75,75,75,75,75,75,75,75,75,75,75,75,75,75],"card_choices":[{"not_picked":["hermit:WideOpen+1","hermit:Enervate+1"],"picked":"hermit:Dive+1","floor":1},{"not_picked":["hermit:Spite+1","hermit:SprayPray+1"],"picked":"hermit:Scavenge+1","floor":2},{"not_picked":["hermit:FullyLoaded+1","hermit:Cheat+1"],"picked":"hermit:Scavenge+1","floor":3},{"not_picked":["Replay:SS_forest_2+1","expansioncontent:SuperHexaguard+1"],"picked":"Panache+1","floor":4},{"not_picked":["hermit:NoHoldsBarred+1","hermit:Manifest+1"],"picked":"hermit:GhostlyPresence+1","floor":5},{"not_picked":["hermit:HighCaliber+1","hermit:WideOpen+1"],"picked":"hermit:Coalescence+1","floor":7},{"not_picked":["hermit:Showdown+1","hermit:GoldenBullet+1","hermit:LoneWolf+1"],"picked":"SKIP","floor":10},{"not_picked":["hermit:Scavenge+1","hermit:Ricochet+1"],"picked":"hermit:FlashPowder+1","floor":11},{"not_picked":["hermit:SprayPray+1","hermit:Headshot+1","hermit:Showdown+1"],"picked":"SKIP","floor":12},{"not_picked":["hermit:Ricochet+1","hermit:Showdown+1","hermit:WideOpen+1"],"picked":"SKIP","floor":13},{"not_picked":["hermit:FinalCanter+1","hermit:FromBeyond+1"],"picked":"hermit:HeroicBravado+1","floor":16},{"not_picked":["hermit:Misfire+1","hermit:HoleUp+1","hermit:Quickdraw+1"],"picked":"SKIP","floor":18},{"not_picked":["hermit:Midnight+1","hermit:Roulette+1","hermit:Showdown+1"],"picked":"SKIP","floor":21},{"not_picked":["hermit:LowProfile+1","hermit:Scavenge+1","hermit:FlashPowder+1"],"picked":"SKIP","floor":23},{"not_picked":["hermit:Horror+1","hermit:CalledShot+1"],"picked":"hermit:Ricochet+1","floor":24},{"not_picked":["hermit:LuckOfTheDraw+1","hermit:Headshot+1","hermit:Manifest+1"],"picked":"SKIP","floor":28},{"not_picked":["hermit:ItchyTrigger+1","hermit:Purgatory+1","hermit:Grudge+1"],"picked":"SKIP","floor":29},{"not_picked":["hermit:Dive+1","hermit:LowProfile+1"],"picked":"hermit:Determination+1","floor":31},{"not_picked":["hermit:LowProfile+1","hermit:HighCaliber+1","hermit:Feint+1"],"picked":"SKIP","floor":35},{"not_picked":["hermit:Roulette+1","hermit:FlashPowder+1","hermit:WideOpen+1"],"picked":"SKIP","floor":36},{"not_picked":["hermit:Scavenge+1","hermit:Grudge+1","hermit:Virtue+1"],"picked":"SKIP","floor":37},{"not_picked":["hermit:LowProfile+1","hermit:TakeAim+1"],"picked":"hermit:Snipe+1","floor":38},{"not_picked":["hermit:Combo+1","hermit:HighNoon+1"],"picked":"hermit:Deadeye+1","floor":39},{"not_picked":["hermit:Grudge+1","hermit:ShadowCloak+1","hermit:Spite+1"],"picked":"SKIP","floor":40},{"not_picked":["hermit:Dive+1","hermit:Roughhouse+1","hermit:LowProfile+1","beaked:MimicWarrior"],"picked":"SKIP","floor":42},{"not_picked":["hermit:HighCaliber+1","hermit:Enervate+1","hermit:Roulette+1","beaked:Cower"],"picked":"SKIP","floor":46}],"player_experience":2660771,"relics_obtained":[{"floor":3,"key":"Pocketwatch"},{"floor":7,"key":"jedi:Pinwheel"},{"floor":11,"key":"infinitespire:Beetle Shell"},{"floor":23,"key":"Toy Ornithopter"},{"floor":26,"key":"Iron Hammer"},{"floor":28,"key":"trackpad:BottledShadow"},{"floor":40,"key":"hubris:DisguiseKit"},{"floor":42,"key":"trackpad:Mousetrap"},{"floor":43,"key":"hubris:BundleOfHerbs"}],"event_choices":[{"damage_healed":0,"gold_gain":0,"player_choice":"Simplicity","damage_taken":0,"max_hp_gain":0,"max_hp_loss":7,"event_name":"betterThird:BetterWriting","floor":0,"gold_loss":0},{"damage_healed":0,"gold_gain":1,"player_choice":"1","damage_taken":0,"max_hp_gain":0,"max_hp_loss":0,"event_name":"betterStone:BetterStone","floor":4,"gold_loss":0},{"damage_healed":0,"gold_gain":0,"player_choice":"Sling","damage_taken":0,"relics_obtained":["Elementarium:HuntersBracer"],"max_hp_gain":0,"max_hp_loss":0,"event_name":"Elementarium:BigGameHunter","floor":19,"gold_loss":113},{"damage_healed":0,"gold_gain":0,"player_choice":"2","damage_taken":0,"max_hp_gain":0,"max_hp_loss":0,"event_name":"betterMatch:BetterMatch","floor":20,"gold_loss":0,"cards_obtained":["betterMatch:CommonCard"]},{"damage_healed":0,"gold_gain":0,"player_choice":"RE RE ","damage_taken":41,"relics_obtained":["halation:KoshaPiece","Vajra"],"max_hp_gain":0,"max_hp_loss":0,"event_name":"betterSkull:BetterSkull","floor":22,"gold_loss":0,"cards_upgraded":[]},{"damage_healed":0,"gold_gain":0,"player_choice":"Leave","damage_taken":0,"max_hp_gain":0,"max_hp_loss":0,"event_name":"conspire:Investor","floor":44,"gold_loss":0}],"is_beta":false,"boss_relics":[{"not_picked":["jedi:hotpepper","Honey Jar"],"picked":"hermit:BartenderGlass"},{"not_picked":["StuffTheSpire:Kangaroo","ReplayTheSpireMod:DimensionalGlitch"],"picked":"hermit:ClaspedLocket"}],"items_purged_floors":[14,30],"is_endless":false,"potions_floor_spawned":[1,11,12,18,21,24,29,31,35,37,40,42,46],"killed_by":"4 Shapes","ascension_level":6}}