{"host":"v9oq5ccz01n9mezq","time":1610300908,"event":{"mods":["BaseMod","Colored Map","Minty Spire (QoL Compilation)"],"gold_per_floor":[213,233,40,40,59,87,119,162,201,213,7,34,34,34,34,135,135,145,145,145,196,206,206,238,238,264,189,206,206,121,133,133,228,228,228,228],"floor_reached":35,"playtime":1672,"items_purged":["Strike_G"],"score":507,"play_id":"7fc74333-2414-4d8d-a3d2-588d272b1666","local_time":"20210110124828","is_ascension_mode":true,"campfire_choices":[{"floor":10,"key":"REST"},{"floor":13,"key":"REST"},{"data":"Catalyst","floor":15,"key":"SMITH"},{"floor":23,"key":"REST"},{"data":"Catalyst","floor":25,"key":"SMITH"},{"data":"Blur","floor":29,"key":"SMITH"},{"data":"Bouncing Flask","floor":32,"key":"SMITH"}],"circlet_count":0,"master_deck":["Strike_G","Strike_G","Strike_G","Defend_G","Defend_G","Defend_G","Defend_G","Defend_G","Survivor","Neutralize","Distraction","Backstab","Dagger Spray","Backflip","Well Laid Plans","Catalyst+1","Deadly Poison","Phantasmal Killer","Poisoned Stab","Bouncing Flask+1","Catalyst+1","Venomology","Deadly Poison","Blur+1","Dash","Flying Knee","Outmaneuver+1","Night Terror"],"relics":["Ring of the Snake","Orrery","MawBank","Bag of Preparation","PreservedInsect","DollysMirror","Centennial Puzzle","Runic Pyramid","MutagenicStrength","MealTicket","Kunai","Lantern","Omamori","SlaversCollar"],"acts_visited":["Exordium","TheCity","TheBeyond"],"potions_floor_usage":[5,6,8,12,18,22,24,28,28,33,33,35,35],"damage_taken":[{"damage":0,"enemies":"2 Louse","floor":1,"turns":3},{"damage":0,"enemies":"Cultist","floor":2,"turns":4},{"damage":7,"enemies":"Jaw Worm","floor":5,"turns":3},{"damage":31,"enemies":"Gremlin Nob","floor":6,"turns":5},{"damage":6,"enemies":"Exordium Wildlife","floor":7,"turns":5},{"damage":20,"enemies":"Lagavulin","floor":8,"turns":7},{"damage":5,"enemies":"3 Sentries","floor":12,"turns":6},{"damage":0,"enemies":"Slime Boss","floor":16,"turns":6},{"damage":11,"enemies":"Spheric Guardian","floor":18,"turns":5},{"damage":20,"enemies":"Shell Parasite","floor":22,"turns":5},{"damage":11,"enemies":"Gremlin Leader","floor":24,"turns":4},{"damage":0,"enemies":"Snecko","floor":28,"turns":3},{"damage":2,"enemies":"Chosen and Byrds","floor":31,"turns":4},{"damage":13,"enemies":"Automaton","floor":33,"turns":5},{"damage":103,"enemies":"3 Darklings","floor":35,"turns":8}],"seed_played":"4600863183335666119","potions_obtained":[{"floor":1,"key":"Swift Potion"},{"floor":2,"key":"SkillPotion"},{"floor":4,"key":"Block Potion"},{"floor":8,"key":"LiquidBronze"},{"floor":16,"key":"FairyPotion"},{"floor":18,"key":"Fire Potion"},{"floor":22,"key":"Block Potion"},{"floor":24,"key":"EntropicBrew"},{"floor":31,"key":"GamblersBrew"}],"is_trial":false,"path_per_floor":["M","M","$","?","M","E","M","E","T","R","$","E","R","?","R","B",null,"M","?","?","T","M","R","E","R","T","?","M","R","?","M","R","B",null,"M"],"character_chosen":"THE_SILENT","items_purchased":["Orrery","Deadly Poison","DollysMirror"],"campfire_rested":3,"item_purchase_floors":[3,3,11],"current_hp_per_floor":[70,70,70,70,63,32,26,6,6,27,27,22,43,66,66,66,70,59,59,59,59,39,60,49,49,49,49,49,49,49,47,47,34,70,0,0],"gold":228,"neow_bonus":"HUNDRED_GOLD","is_daily":false,"chose_seed":false,"campfire_upgraded":4,"win_rate":0.0,"timestamp":1610300908,"path_taken":["M","M","$","?","?","E","M","E","T","R","?","E","R","?","R","BOSS","M","?","?","?","M","R","E","R","T","?","M","R","?","M","R","BOSS","M"],"items_purchased_type":["Relic","Card","Relic"],"build_version":"2020-12-22","purchased_purges":1,"victory":false,"max_hp_per_floor":[70,70,70,70,70,70,70,70,70,70,70,70,70,70,70,70,70,70,70,70,70,70,70,70,70,70,70,70,70,70,70,70,70,70,70,70],"card_choices":[{"not_picked":["Accuracy","Outmaneuver"],"picked":"Distraction","floor":1},{"not_picked":["PiercingWail","Dodge and Roll"],"picked":"Backstab","floor":2},{"not_picked":["Acrobatics","Flechettes"],"picked":"Dagger Spray","floor":3},{"not_picked":["Quick Slash","Blur"],"picked":"Backflip","floor":3},{"not_picked":["Reflex","Backflip"],"picked":"Well Laid Plans","floor":3},{"not_picked":["Leg Sweep","Escape Plan"],"picked":"Catalyst","floor":3},{"not_picked":["Bane","Cloak And Dagger","Dodge and Roll"],"picked":"SKIP","floor":5},{"not_picked":["Predator","Dagger Spray"],"picked":"Phantasmal Killer","floor":6},{"not_picked":["Riddle With Holes","Prepared"],"picked":"Poisoned Stab","floor":7},{"not_picked":["Escape Plan","Blade Dance"],"picked":"Bouncing Flask","floor":8},{"not_picked":["Quick Slash","Flechettes","Dagger Spray"],"picked":"SKIP","floor":12},{"not_picked":["Unload","Storm of Steel"],"picked":"Venomology","floor":16},{"not_picked":["Terror","PiercingWail"],"picked":"Deadly Poison","floor":18},{"not_picked":["Backflip","Blade Dance+1","Terror"],"picked":"SKIP","floor":22},{"not_picked":["Bane","Acrobatics"],"picked":"Dash","floor":24},{"not_picked":["Acrobatics","Endless Agony"],"picked":"Flying Knee","floor":28},{"not_picked":["Choke","Deflect"],"picked":"Outmaneuver+1","floor":31},{"not_picked":["Wraith Form v2","Die Die Die"],"picked":"Night Terror","floor":33}],"player_experience":69765,"relics_obtained":[{"floor":6,"key":"MawBank"},{"floor":8,"key":"Bag of Preparation"},{"floor":9,"key":"PreservedInsect"},{"floor":12,"key":"Centennial Puzzle"},{"floor":21,"key":"MealTicket"},{"floor":24,"key":"Kunai"},{"floor":26,"key":"Lantern"}],"event_choices":[{"damage_healed":0,"gold_gain":0,"player_choice":"Got Potions","damage_taken":0,"max_hp_gain":0,"max_hp_loss":0,"event_name":"Lab","floor":4,"gold_loss":0},{"damage_healed":23,"gold_gain":0,"player_choice":"Banana","damage_taken":0,"max_hp_gain":0,"max_hp_loss":0,"event_name":"Big Fish","floor":14,"gold_loss":0},{"damage_healed":0,"gold_gain":0,"player_choice":"Inject Mutagens","damage_taken":0,"relics_obtained":["MutagenicStrength"],"max_hp_gain":0,"max_hp_loss":0,"event_name":"Drug Dealer","floor":19,"gold_loss":0},{"damage_healed":0,"gold_gain":0,"player_choice":"Read","damage_taken":0,"max_hp_gain":0,"max_hp_loss":0,"event_name":"The Library","floor":20,"gold_loss":0,"cards_obtained":["Blur"]},{"cards_removed":["Strike_G"],"damage_healed":0,"gold_gain":0,"player_choice":"Gave Gold","damage_taken":0,"max_hp_gain":0,"max_hp_loss":0,"event_name":"Beggar","floor":27,"gold_loss":75},{"damage_healed":0,"gold_gain":0,"player_choice":"Obtained Relic","damage_taken":0,"relics_obtained":["Omamori"],"max_hp_gain":0,"max_hp_loss":0,"event_name":"Addict","floor":30,"gold_loss":85}],"is_beta":false,"boss_relics":[{"not_picked":["Tiny House","Sozu"],"picked":"Runic Pyramid"},{"not_picked":["Empty Cage","SacredBark"],"picked":"SlaversCollar"}],"items_purged_floors":[11],"is_endless":false,"potions_floor_spawned":[1,2,8,16,18,22,24,31],"killed_by":"3 Darklings","ascension_level":3}}