{"host":"lxihx0b6awoz2w1j","time":1610296231,"event":{"mods":["Aspiration","BaseMod","Better Third Choice","CapriCore","Colored Powertips","Downfall","Hermit","Hubris","Infinite Spire","JesterMod","Luminous","Marisa????????","Melee Mod","Minty Spire (QoL Compilation)","Prisma Mod","Quick Restart","Relic Stats","Replay The Spire","Shade Mod","Spicy Shops","StSLib","The Alterego","The Blue Laboratory","The Cursed","The Disciple","The Forsaken","The Immortal","The Jungle","The Marked","The Runesmith","The Senshi","The Servant 0.9.4","Waifu the Spire"],"gold_per_floor":[111,111,121,141,158,158,82,96,170,202,202,221,221,235,235,339,339,350,350,310,44,64,64,98,98,98,110,110,135,135,145,145,250,350,369,369,382,382,382],"floor_reached":38,"playtime":1830,"items_purged":[],"score":416,"play_id":"cda920ed-ea09-4f3e-a63e-dc79b280d13d","local_time":"20210110173031","is_ascension_mode":false,"campfire_choices":[{"data":"Pummel","floor":6.0,"key":"SMITH"},{"data":"Flame Barrier","floor":11.0,"key":"SMITH"},{"data":"Perfected Strike","floor":15.0,"key":"SMITH"},{"floor":23.0,"key":"DIG"},{"floor":25.0,"key":"REST"},{"floor":28.0,"key":"DIG"},{"floor":30.0,"key":"DIG"},{"floor":32.0,"key":"DIG"}],"circlet_count":0,"master_deck":["Strike_R","Strike_R","Strike_R","Strike_R","Strike_R","Defend_R","Defend_R","Defend_R","Defend_R","Bash+1","Rampage","Flex","Pummel+1","Pommel Strike","Flame Barrier+1","Perfected Strike+1","Shrug It Off","Flex","Demon Form+1","Ghostly Armor+1","Rupture","ReplayTheSpireMod:Corrosion Curse","Cleave","Doubt","ReplayTheSpireMod:Limb From Limb","Impervious","Flex+1","Immolate","Cleave+1","Fire Breathing"],"relics":["Burning Blood","hubris:Icosahedron","ReplayTheSpireMod:Ninjato","aspiration:FetidBarrel","hubris:Towel","hubris:Backtick","Shovel","Cursed Key","aspiration:Lifesprig","Bronze Scales","hubris:BundleOfHerbs","Blood Vial","Question Card","Runesmith:AutoHammer","MealTicket","Gremlin Food","Replay:Wanted Poster","aspiration:TomeofQuesting"],"acts_visited":["Exordium","TheCity","TheBeyond"],"potions_floor_usage":[],"damage_taken":[{"damage":1.0,"enemies":"Cultist","floor":1.0,"turns":3.0},{"damage":5.0,"enemies":"Small Slimes","floor":3.0,"turns":4.0},{"damage":0.0,"enemies":"2 Louse","floor":4.0,"turns":2.0},{"damage":16.0,"enemies":"Gremlin Gang","floor":5.0,"turns":6.0},{"damage":10.0,"enemies":"Looter","floor":8.0,"turns":3.0},{"damage":6.0,"enemies":"Replay:BlueRogue","floor":10.0,"turns":5.0},{"damage":2.0,"enemies":"Exordium Wildlife","floor":12.0,"turns":3.0},{"damage":18.0,"enemies":"Large Slime","floor":14.0,"turns":4.0},{"damage":50.0,"enemies":"Fading Forest","floor":16.0,"turns":11.0},{"damage":2.0,"enemies":"Spheric Guardian","floor":18.0,"turns":3.0},{"damage":0.0,"enemies":"Chosen","floor":22.0,"turns":4.0},{"damage":36.0,"enemies":"Nightmare","floor":24.0,"turns":5.0},{"damage":15.0,"enemies":"Snecko","floor":27.0,"turns":4.0},{"damage":32.0,"enemies":"Book of Stabbing","floor":29.0,"turns":5.0},{"damage":21.0,"enemies":"Centurion and Healer","floor":31.0,"turns":6.0},{"damage":22.0,"enemies":"hubris:MusketHawk","floor":33.0,"turns":8.0},{"damage":44.0,"enemies":"3 Darklings","floor":35.0,"turns":4.0},{"damage":25.0,"enemies":"3 Shapes","floor":37.0,"turns":2.0},{"damage":52,"enemies":"Maw","floor":38,"turns":7}],"seed_played":"-1048205805276983384","potions_obtained":[{"floor":1.0,"key":"EssenceOfSteel"},{"floor":10.0,"key":"blueLaboratory:FruitPunch"},{"floor":12.0,"key":"SkillPotion"},{"floor":18.0,"key":"champ:CounterPotion"},{"floor":29.0,"key":"blueLaboratory:TrueEctoplasm"}],"is_trial":false,"path_per_floor":["M","?","M","M","M","R","$","M","T","E","R","M","?","M","R","B",null,"M","AVR","?","$","M","R","NM","R","T","M","R","E","R","M","R","B",null,"M","AVR","M","M"],"character_chosen":"IRONCLAD","items_purchased":["Flame Barrier","Rupture","aspiration:Lifesprig"],"campfire_rested":1,"item_purchase_floors":[7,21,21],"current_hp_per_floor":[80,80,80,80,70,70,70,66,66,66,66,70,70,58,58,26,82,82,82,82,82,82,82,52,76,76,69,69,77,77,64,64,50,82,44,44,27,0,0],"gold":382,"neow_bonus":"UPGRADE_CARD","is_daily":false,"chose_seed":false,"campfire_upgraded":3,"win_rate":0.0,"timestamp":1610296231,"path_taken":["M","?","M","M","M","R","$","M","T","E","R","M","?","M","R","BOSS","M","AVR","?","$","?","R","NM","R","T","M","R","E","R","M","R","BOSS","M","AVR","M","M"],"items_purchased_type":["Card","Card","Relic"],"build_version":"2020-12-22","purchased_purges":0,"victory":false,"max_hp_per_floor":[80,80,80,80,80,80,80,80,80,80,80,80,80,80,80,82,82,82,82,82,82,82,82,82,82,82,82,82,82,82,82,82,82,82,82,82,82,82,82],"relic_stats":{"Blood Vial":12,"Shovel":4,"counters":[19,89],"Bronze Scales":[130],"MealTicket":0,"Cursed Key":1,"Question Card":13,"obtain_stats":[{"Gremlin Food":32,"aspiration:Lifesprig":21,"ReplayTheSpireMod:Ninjato":9,"aspiration:FetidBarrel":10,"aspiration:TomeofQuesting":36,"hubris:Towel":13,"Cursed Key":19,"Question Card":28,"Burning Blood":0,"Blood Vial":26,"Replay:Wanted Poster":34,"hubris:Icosahedron":2,"hubris:Backtick":17,"Shovel":17,"Bronze Scales":23,"MealTicket":30,"hubris:BundleOfHerbs":24,"Runesmith:AutoHammer":29},{"Gremlin Food":15,"aspiration:Lifesprig":10,"ReplayTheSpireMod:Ninjato":5,"aspiration:FetidBarrel":6,"aspiration:TomeofQuesting":17,"hubris:Towel":7,"Cursed Key":10,"Question Card":13,"Burning Blood":0,"Blood Vial":12,"Replay:Wanted Poster":16,"hubris:Icosahedron":1,"hubris:Backtick":9,"Shovel":9,"Bronze Scales":11,"MealTicket":14,"hubris:BundleOfHerbs":12,"Runesmith:AutoHammer":14},{"Gremlin Food":68,"aspiration:Lifesprig":44,"ReplayTheSpireMod:Ninjato":18,"aspiration:FetidBarrel":23,"aspiration:TomeofQuesting":80,"hubris:Towel":26,"Cursed Key":44,"Question Card":57,"Burning Blood":0,"Blood Vial":53,"Replay:Wanted Poster":76,"hubris:Icosahedron":3,"hubris:Backtick":41,"Shovel":41,"Bronze Scales":48,"MealTicket":62,"hubris:BundleOfHerbs":53,"Runesmith:AutoHammer":62}],"Burning Blood":86},"card_choices":[{"not_picked":["Thunderclap","Warcry"],"picked":"Rampage","floor":1.0},{"not_picked":["Replay:Undeath\u0027s Touch","Clothesline"],"picked":"Flex","floor":3.0},{"not_picked":["Rage","Infernal Blade"],"picked":"Pummel","floor":4.0},{"not_picked":["Body Slam","Dark Embrace"],"picked":"Pommel Strike","floor":5.0},{"not_picked":["Body Slam","True Grit"],"picked":"Perfected Strike","floor":8.0},{"not_picked":["Wild Strike","Warcry"],"picked":"Shrug It Off","floor":10.0},{"not_picked":["Shockwave","Disarm","Life Link"],"picked":"SKIP","floor":12.0},{"not_picked":["Uppercut","True Grit"],"picked":"Flex","floor":14.0},{"not_picked":["Reaper","Berserk"],"picked":"Demon Form","floor":16.0},{"not_picked":["Cleave","Hemokinesis"],"picked":"Ghostly Armor+1","floor":18.0},{"not_picked":["Clash+1","Rage"],"picked":"ReplayTheSpireMod:Corrosion Curse","floor":22.0},{"not_picked":["Entrench","Perfected Strike+1"],"picked":"Cleave","floor":24.0},{"not_picked":["Dark Embrace","Thunderclap+1"],"picked":"ReplayTheSpireMod:Limb From Limb","floor":27.0},{"not_picked":["Warcry","Clash","Wild Strike"],"picked":"Impervious","floor":29.0},{"not_picked":["Sentinel","Anger","True Grit+1"],"picked":"Flex+1","floor":31.0},{"not_picked":["Demon Form","Corruption","Brutality"],"picked":"Immolate","floor":33.0},{"not_picked":["infinitespire:OneForAll+1","Armaments","Massacre+1"],"picked":"Cleave+1","floor":35.0},{"not_picked":["Entrench","ReplayTheSpireMod:Strike From Hell+1","Massacre"],"picked":"Fire Breathing","floor":37.0}],"player_experience":563176,"relics_obtained":[{"floor":9.0,"key":"ReplayTheSpireMod:Ninjato"},{"floor":10.0,"key":"aspiration:FetidBarrel"},{"floor":23.0,"key":"Bronze Scales"},{"floor":24.0,"key":"hubris:BundleOfHerbs"},{"floor":26.0,"key":"Blood Vial"},{"floor":28.0,"key":"Question Card"},{"floor":29.0,"key":"Runesmith:AutoHammer"},{"floor":30.0,"key":"MealTicket"},{"floor":32.0,"key":"Gremlin Food"}],"event_choices":[{"damage_healed":0.0,"max_hp_gain":0.0,"max_hp_loss":0.0,"gold_gain":0.0,"event_name":"Designer","player_choice":"Upgrade","floor":20.0,"gold_loss":40.0,"damage_taken":0.0,"cards_upgraded":["Demon Form"]}],"is_beta":false,"boss_relics":[{"not_picked":["hubris:GrandSneckoEye","Replay:Fungal Core"],"picked":"hubris:Backtick"},{"not_picked":["hubris:TerracottaHorce","Replay:Drink Me"],"picked":"Replay:Wanted Poster"}],"items_purged_floors":[],"is_endless":true,"potions_floor_spawned":[1,10,12,14,18,29],"killed_by":"Maw","ascension_level":0}}