{"host":"Connor","time":1610269312,"event":{"mods":["Aspiration","BaseMod","Downfall","Hubris","Marisa????????","Minty Spire (QoL Compilation)","Replay The Spire","StSLib","The Cursed","The Jungle","The Servant 0.9.4"],"gold_per_floor":[363,373,167,178,198,198,233,233,306,317,317,330,372,107,107,180,180,198,113,113,125,125,158,158,158,158],"floor_reached":25,"playtime":1308,"items_purged":["Strike_R","Strike_R"],"score":401,"play_id":"6eb893e9-4b85-4f7b-a912-0ae2be2537f3","local_time":"20210110010152","is_ascension_mode":true,"campfire_choices":[{"data":"Midas Touch","floor":6,"key":"SMITH"},{"floor":15,"key":"RECALL"},{"data":"Demon Form","floor":24,"key":"SMITH"}],"circlet_count":0,"master_deck":["AscendersBane","Strike_R","Strike_R","Strike_R","Defend_R","Defend_R","Defend_R","Defend_R","Bash","ReplayTheSpireMod:Stacked","Intimidate","Midas Touch+1","Master of Strategy","expansioncontent:Collect+1","ReplayTheSpireMod:Muscle Training","Demon Form+1","Rampage","Iron Wave","ReplayTheSpireMod:Stacked","Reaper","Armaments","Body Slam+1","Battle Trance"],"relics":["Burning Blood","ReplayTheSpireMod:ShopPack","Red Skull","Bottled Tornado","StrikeDummy","PreservedInsect","hubris:Backtick","hubris:IronBody","Centennial Puzzle","Molten Egg 2","Bag of Preparation"],"acts_visited":["Exordium","TheCity"],"potions_floor_usage":[7,7,16,22,23],"damage_taken":[{"damage":6.0,"enemies":"Cultist","floor":1.0,"turns":3.0},{"damage":10.0,"enemies":"2 Louse","floor":2.0,"turns":4.0},{"damage":3.0,"enemies":"Jaw Worm","floor":4.0,"turns":5.0},{"damage":11,"enemies":"3 Louse","floor":5,"turns":8},{"damage":13,"enemies":"Gremlin Nob","floor":7,"turns":5},{"damage":2,"enemies":"Looter","floor":10,"turns":5},{"damage":10,"enemies":"Blue Slaver","floor":12,"turns":3},{"damage":34,"enemies":"Fading Forest","floor":16,"turns":11},{"damage":13,"enemies":"Spheric Guardian","floor":18,"turns":6},{"damage":15,"enemies":"Shell Parasite","floor":21,"turns":6},{"damage":0,"enemies":"Centurion and Healer","floor":22,"turns":1},{"damage":61,"enemies":"Gremlin Leader","floor":23,"turns":9},{"damage":65,"enemies":"Book of Stabbing","floor":25,"turns":8}],"seed_played":"2912796577286162914","potions_obtained":[{"floor":1.0,"key":"AttackPotion"},{"floor":4,"key":"Cursed Concoction"},{"floor":7,"key":"SmokeBomb"},{"floor":13,"key":"Adrenaline Potion"},{"floor":16,"key":"BlessingOfTheForge"}],"is_trial":false,"path_per_floor":["M","M","$","M","M","R","E","?","T","M","T","M","?","$","R","B",null,"M","?","T","M","M","E","R","E"],"character_chosen":"IRONCLAD","items_purchased":["ReplayTheSpireMod:ShopPack","PreservedInsect"],"campfire_rested":0,"item_purchase_floors":[3,14],"current_hp_per_floor":[68,64,64,67,62,62,55,55,55,59,59,55,33,33,33,13,54,52,52,52,65,68,43,43,0,0],"gold":158,"neow_bonus":"TWO_FIFTY_GOLD","is_daily":false,"chose_seed":false,"campfire_upgraded":2,"win_rate":0.0,"timestamp":1610269312,"path_taken":["M","M","$","M","?","R","E","?","T","M","?","M","?","?","R","BOSS","M","?","?","M","M","E","R","E"],"items_purchased_type":["Relic","Relic"],"build_version":"2020-12-18","purchased_purges":2,"victory":false,"max_hp_per_floor":[68,68,68,68,68,68,68,68,68,68,68,68,68,68,68,68,68,68,68,68,68,68,68,68,68,68],"card_choices":[{"not_picked":["Flex","Clash"],"picked":"ReplayTheSpireMod:Stacked","floor":1.0},{"not_picked":["Wild Strike","Perfected Strike"],"picked":"Intimidate","floor":2.0},{"not_picked":["hubris:EnhanceAbility","Master of Strategy"],"picked":"Midas Touch","floor":3.0},{"not_picked":["Replay:Sssssssssstrike","Panache"],"picked":"Master of Strategy","floor":3.0},{"not_picked":["PanicButton","Replay:SS_fish_1"],"picked":"expansioncontent:Collect","floor":3.0},{"not_picked":["Combust","hubris:ReadiedAction"],"picked":"ReplayTheSpireMod:Muscle Training","floor":4},{"not_picked":["Clash","Fire Breathing"],"picked":"Demon Form","floor":5},{"not_picked":["Warcry","Perfected Strike"],"picked":"Rampage","floor":7},{"not_picked":["Run Through","Havoc"],"picked":"Iron Wave","floor":10},{"not_picked":["Hemokinesis","Wild Strike"],"picked":"ReplayTheSpireMod:Stacked","floor":12},{"not_picked":["Limit Break","Hemogenesis"],"picked":"Reaper","floor":16},{"not_picked":["Heavy Blade","Wild Strike"],"picked":"Armaments","floor":18},{"not_picked":["Armaments","Twin Strike+1"],"picked":"Body Slam+1","floor":21},{"not_picked":["Disarm","Sword Boomerang+1"],"picked":"Battle Trance","floor":23}],"player_experience":583094,"relics_obtained":[{"floor":7,"key":"Red Skull"},{"floor":11,"key":"Bottled Tornado"},{"floor":13,"key":"StrikeDummy"},{"floor":20,"key":"Molten Egg 2"},{"floor":23,"key":"Bag of Preparation"}],"event_choices":[{"damage_healed":0,"gold_gain":0,"player_choice":"Obtained Relic","damage_taken":0,"relics_obtained":["Centennial Puzzle"],"max_hp_gain":0,"max_hp_loss":0,"event_name":"Addict","floor":19,"gold_loss":85}],"is_beta":true,"boss_relics":[{"not_picked":["aspiration:MarisaSkillbook","Replay:Ancient Bell"],"picked":"hubris:Backtick"}],"items_purged_floors":[3,14],"is_endless":false,"potions_floor_spawned":[1,4,7,16,22],"killed_by":"Book of Stabbing","ascension_level":16}}