{"host":"b4asi0laiv85suj9","time":1610260239,"event":{"mods":["ATMod(阿瑾Mod)","BaseMod","Colored Powertips","Minty Spire (QoL Compilation)","MostiFishMod","Quick Restart","Relic Stats","Shop Mod","StSLib","TestMod","noobMod"],"gold_per_floor":[114,129,129,129,129,160,160,193,193,193,212,229,529,558,558,632,632,646,666,324,324,342,376,389,389,389,402,427,427,460,35,35,112,112,129,145,165,165,210,235,235,248,248,248,123,154,172,203,203,203,203,203,203,53,84,84],"floor_reached":57,"playtime":1974,"items_purged":["Strike_B","Defend_B","Strike_B","Defend_B"],"score":3861,"play_id":"4a020f60-3e66-48e8-8f45-9066d3b5b88c","local_time":"20210110143039","is_ascension_mode":true,"campfire_choices":[{"data":"Zap","floor":7,"key":"SMITH"},{"data":"Dualcast","floor":10,"key":"SMITH"},{"data":"Reprogram","floor":15,"key":"SMITH"},{"data":"Undo","floor":25,"key":"SMITH"},{"data":"Glacier","floor":29,"key":"SMITH"},{"data":"Gash","floor":32,"key":"SMITH"},{"floor":41,"key":"RECALL"},{"data":"Gash","floor":44,"key":"SMITH"},{"data":"Streamline","floor":49,"key":"SMITH"},{"data":"White Noise","floor":53,"key":"SMITH"}],"circlet_count":0,"master_deck":["AscendersBane","Strike_B","Strike_B","Defend_B","Defend_B","Zap+1","Dualcast+1","AT_WindFlip","Glacier+1","Cold Snap+1","Hyperbeam+1","Sweeping Beam","Gash+1","Reprogram+1","White Noise+1","Core Surge+1","Hello World","Undo+1","Gash+1","MostiFishMod:Culaccino+1","Fission+1","MostiFishMod:IntelligentEquipment+1","Hologram+1","Coolheaded+1","Skim+1","Streamline+1"],"relics":["testmod-TestBox","DaveBox","ice","AT_ATBox","ShadowXiaoBlade","testmod-D_4","BrkXgEgg","SynthV:TestCard","Bag of Marbles","Pen Nib","Old Coin","Akabeko","OneHitWonderSystem","Toxic Egg 2","MutagenicStrength","Shuriken","Ornamental Fan","testmod-CasingShield","testmod-IndustrialRevolution","Incense Burner","HereWithMe","AT_GoldPhoenixTree","Strawberry","Boot","testmod-ObsoleteBoomerang","testmod-ArcanaOfDestiny"],"acts_visited":["Exordium","TheCity","TheBeyond","TheEnding"],"potions_floor_usage":[],"damage_taken":[{"damage":0,"enemies":"2 Louse","floor":1,"turns":1},{"damage":0,"enemies":"Small Slimes","floor":2,"turns":2},{"damage":0,"enemies":"3 Sentries","floor":6,"turns":3},{"damage":0,"enemies":"Lagavulin","floor":8,"turns":3},{"damage":0,"enemies":"Jaw Worm","floor":11,"turns":1},{"damage":0,"enemies":"Large Slime","floor":12,"turns":1},{"damage":0,"enemies":"Gremlin Nob","floor":14,"turns":2},{"damage":15,"enemies":"Slime Boss","floor":16,"turns":4},{"damage":0,"enemies":"2 Thieves","floor":18,"turns":2},{"damage":0,"enemies":"Chosen","floor":19,"turns":2},{"damage":0,"enemies":"Centurion and Healer","floor":22,"turns":3},{"damage":0,"enemies":"Gremlin Leader","floor":23,"turns":3},{"damage":0,"enemies":"Snake Plant","floor":24,"turns":1},{"damage":0,"enemies":"Shelled Parasite and Fungi","floor":27,"turns":1},{"damage":0,"enemies":"Book of Stabbing","floor":28,"turns":3},{"damage":0,"enemies":"Slavers","floor":30,"turns":3},{"damage":0,"enemies":"Automaton","floor":33,"turns":3},{"damage":0,"enemies":"3 Shapes","floor":35,"turns":1},{"damage":0,"enemies":"Orb Walker","floor":36,"turns":1},{"damage":0,"enemies":"Sphere and 2 Shapes","floor":37,"turns":2},{"damage":0,"enemies":"2 Orb Walkers","floor":39,"turns":2},{"damage":0,"enemies":"Giant Head","floor":40,"turns":3},{"damage":0,"enemies":"Writhing Mass","floor":42,"turns":2},{"damage":0,"enemies":"Reptomancer","floor":46,"turns":2},{"damage":0,"enemies":"Jaw Worm Horde","floor":47,"turns":2},{"damage":0,"enemies":"Nemesis","floor":48,"turns":1},{"damage":0,"enemies":"Time Eater","floor":50,"turns":2},{"damage":0,"enemies":"Donu and Deca","floor":51,"turns":3},{"damage":0,"enemies":"Shield and Spear","floor":55,"turns":3},{"damage":0,"enemies":"The Heart","floor":56,"turns":2}],"seed_played":"5928201896330446199","potions_obtained":[{"floor":6,"key":"FearPotion"},{"floor":8,"key":"Block Potion"},{"floor":36,"key":"GamblersBrew"}],"is_trial":false,"path_per_floor":["M","M","?","?","?","E","R","E","T","R","M","M","T","E","R","B",null,"M","M","$","?","M","E","M","R","T","M","E","R","E","$","R","B",null,"M","M","M","?","?","E","R","M","T","R","$","E","M","E","R","B","B",null,"R","$","E","B",null],"character_chosen":"DEFECT","items_purchased":["Toxic Egg 2","Incense Burner"],"campfire_rested":0,"item_purchase_floors":[20,31],"current_hp_per_floor":[64,64,64,64,64,64,64,64,64,64,64,64,64,64,64,49,1,1,1,1,1,1,1,1,1,1,1,1,1,1,1,1,1,1,1,1,1,1,1,8,1,1,1,1,1,1,1,1,1,1,1,1,1,1,1,1],"gold":84,"neow_bonus":"BOSS_RELIC","is_daily":false,"chose_seed":false,"campfire_upgraded":9,"win_rate":0.0,"timestamp":1610260239,"path_taken":["M","M","?","?","?","E","R","E","T","R","M","M","?","E","R","BOSS","M","M","$","?","M","E","M","R","T","M","E","R","E","$","R","BOSS","M","M","M","?","?","E","R","M","T","R","$","E","M","E","R","BOSS","BOSS","R","$","E","BOSS"],"items_purchased_type":["Relic","Relic"],"build_version":"2020-12-22","purchased_purges":4,"victory":true,"max_hp_per_floor":[71,71,71,71,71,71,71,71,71,71,71,71,71,71,71,71,1,1,1,1,1,1,1,1,1,1,1,1,1,1,1,1,1,1,1,1,1,1,1,8,1,1,1,1,1,1,1,1,1,1,1,1,1,1,1,1],"relic_stats":{"counters":[30,64],"Shuriken":[30],"Ornamental Fan":[120],"Pen Nib":[17],"Boot":[4],"obtain_stats":[{"AT_ATBox":0,"DaveBox":0,"ice":0,"Incense Burner":31,"Boot":46,"testmod-CasingShield":28,"Old Coin":13,"Strawberry":40,"HereWithMe":34,"testmod-ObsoleteBoomerang":48,"OneHitWonderSystem":17,"Toxic Egg 2":20,"Cracked Core":0,"testmod-ArcanaOfDestiny":55,"testmod-TestBox":0,"AT_GoldPhoenixTree":39,"ShadowXiaoBlade":0,"BrkXgEgg":0,"Pen Nib":9,"testmod-IndustrialRevolution":30,"Akabeko":14,"SynthV:TestCard":1,"testmod-D_4":0,"Shuriken":23,"Ornamental Fan":26,"MutagenicStrength":21,"Bag of Marbles":8},{"AT_ATBox":0,"DaveBox":0,"ice":0,"Incense Burner":16,"Boot":24,"testmod-CasingShield":15,"Old Coin":6,"Strawberry":22,"HereWithMe":17,"testmod-ObsoleteBoomerang":26,"OneHitWonderSystem":8,"Toxic Egg 2":10,"Cracked Core":0,"testmod-ArcanaOfDestiny":29,"testmod-TestBox":0,"AT_GoldPhoenixTree":21,"ShadowXiaoBlade":0,"BrkXgEgg":0,"Pen Nib":4,"testmod-IndustrialRevolution":16,"Akabeko":7,"SynthV:TestCard":1,"testmod-D_4":0,"Shuriken":12,"Ornamental Fan":13,"MutagenicStrength":10,"Bag of Marbles":4},{"AT_ATBox":0,"DaveBox":0,"ice":0,"Incense Burner":35,"Boot":51,"testmod-CasingShield":32,"Old Coin":11,"Strawberry":47,"HereWithMe":38,"testmod-ObsoleteBoomerang":54,"OneHitWonderSystem":17,"Toxic Egg 2":21,"Cracked Core":0,"testmod-ArcanaOfDestiny":62,"testmod-TestBox":0,"AT_GoldPhoenixTree":44,"ShadowXiaoBlade":0,"BrkXgEgg":0,"Pen Nib":9,"testmod-IndustrialRevolution":35,"Akabeko":13,"SynthV:TestCard":1,"testmod-D_4":0,"Shuriken":27,"Ornamental Fan":28,"MutagenicStrength":21,"Bag of Marbles":9}]},"card_choices":[{"not_picked":["Leap","Sweeping Beam"],"picked":"Glacier","floor":1},{"not_picked":["Rebound","MostiFishMod:ReprogramOld","Sweeping Beam","Streamline"],"picked":"Cold Snap","floor":2},{"not_picked":["Steam Power","MostiFishMod:PushDownKick","Go for the Eyes","Biased Cognition+1"],"picked":"Hyperbeam+1","floor":6},{"not_picked":["Hologram","Go for the Eyes","Steam","Reinforced Body"],"picked":"Sweeping Beam","floor":8},{"not_picked":["Redo","AT_HeatAcrobatics","Capacitor","MostiFishMod:GatherIntelligence"],"picked":"Gash","floor":11},{"not_picked":["Storm","Coolheaded","MostiFishMod:IceShield+1","Sweeping Beam"],"picked":"Reprogram","floor":12},{"not_picked":["Conserve Battery","AT_HeatAcrobatics","Turbo","AT_EMC2"],"picked":"White Noise","floor":14},{"not_picked":["MostiFishMod:ATRI+1","MostiFishMod:Tomorrow+1","MostiFishMod:IceShield+1","MostiFishMod:DawningShadow+1"],"picked":"Core Surge+1","floor":16},{"not_picked":["Compile Driver","White Noise","Cold Snap","AT_HeatAcrobatics"],"picked":"Hello World","floor":18},{"not_picked":["AT_RobotInSpace","Stack","Go for the Eyes","MostiFishMod:PushDownKick"],"picked":"Undo","floor":19},{"not_picked":["Lockon","Steam+1","Cold Snap","Fusion+1","Reprogram+1"],"picked":"SKIP","floor":22},{"not_picked":["Ball Lightning","Genetic Algorithm+1","Compile Driver","MostiFishMod:GatherIntelligence+1","Reprogram+1"],"picked":"SKIP","floor":23},{"not_picked":["Heatsinks+1","Rebound","Stack+1","Sweeping Beam"],"picked":"Gash","floor":24},{"not_picked":["Ball Lightning","Redo+1","Heatsinks","Streamline"],"picked":"MostiFishMod:Culaccino+1","floor":27},{"not_picked":["Heatsinks","Coolheaded+1","Loop","Barrage"],"picked":"Fission+1","floor":28},{"not_picked":["Force Field+1","MostiFishMod:PushDownKick","Undo+1","Chill+1","MostiFishMod:Tomorrow+1"],"picked":"SKIP","floor":30},{"not_picked":["MostiFishMod:Nova+1","Echo Form+1","MostiFishMod:Culaccino+1","MostiFishMod:Tomorrow+1"],"picked":"MostiFishMod:IntelligentEquipment+1","floor":33},{"not_picked":["Gash","AT_HeatAcrobatics+1","Compile Driver","AT_EMC2+1","Hello World"],"picked":"SKIP","floor":35},{"not_picked":["AT_RobotInSpace+1","Barrage+1","Beam Cell+1","Sweeping Beam"],"picked":"Hologram+1","floor":36},{"not_picked":["Blizzard","Rebound+1","Go for the Eyes+1","Compile Driver"],"picked":"Coolheaded+1","floor":37},{"not_picked":["Melter","Aggregate+1","Leap+1","Rainbow+1","Genetic Algorithm+1"],"picked":"SKIP","floor":40},{"not_picked":["Conserve Battery+1","Barrage+1","Aggregate+1","BootSequence+1"],"picked":"Skim+1","floor":42},{"not_picked":["Ball Lightning+1","Scrape","AT_RobotInSpace+1","MostiFishMod:GatherIntelligence+1","Static Discharge"],"picked":"SKIP","floor":46},{"not_picked":["Undo+1","Cold Snap","Rebound","Reprogram+1","Beam Cell"],"picked":"SKIP","floor":47},{"not_picked":["Sweeping Beam+1","MostiFishMod:PushDownKick","White Noise+1","Stack+1"],"picked":"Streamline","floor":48},{"not_picked":["Glacier+1","AT_HeatAcrobatics+1","Redo+1","Hologram+1","MostiFishMod:ATRI+1"],"picked":"SKIP","floor":55}],"player_experience":300782,"relics_obtained":[{"floor":1,"key":"SynthV:TestCard"},{"floor":8,"key":"Bag of Marbles"},{"floor":9,"key":"Pen Nib"},{"floor":13,"key":"Old Coin"},{"floor":14,"key":"Akabeko"},{"floor":23,"key":"Shuriken"},{"floor":26,"key":"Ornamental Fan"},{"floor":28,"key":"testmod-CasingShield"},{"floor":30,"key":"testmod-IndustrialRevolution"},{"floor":39,"key":"AT_GoldPhoenixTree"},{"floor":40,"key":"Strawberry"},{"floor":46,"key":"Boot"},{"floor":48,"key":"testmod-ObsoleteBoomerang"},{"floor":55,"key":"testmod-ArcanaOfDestiny"}],"event_choices":[{"damage_healed":0,"gold_gain":0,"player_choice":"Grow","damage_taken":0,"max_hp_gain":0,"max_hp_loss":0,"event_name":"Living Wall","floor":3,"gold_loss":0,"cards_upgraded":["Cold Snap"]},{"damage_healed":0,"gold_gain":0,"player_choice":"Ignored","damage_taken":0,"max_hp_gain":0,"max_hp_loss":0,"event_name":"Liars Game","floor":4,"gold_loss":0},{"damage_healed":0,"gold_gain":0,"player_choice":"Ignored","damage_taken":0,"max_hp_gain":0,"max_hp_loss":0,"event_name":"给自己的盒子","floor":5,"gold_loss":0},{"damage_healed":0,"gold_gain":0,"player_choice":"Inject Mutagens","damage_taken":0,"relics_obtained":["MutagenicStrength"],"max_hp_gain":0,"max_hp_loss":0,"event_name":"Drug Dealer","floor":21,"gold_loss":0},{"damage_healed":0,"gold_gain":0,"player_choice":"Max HP","damage_taken":0,"max_hp_gain":0,"max_hp_loss":0,"event_name":"Winding Halls","floor":38,"gold_loss":0},{"damage_healed":0,"gold_gain":0,"player_choice":"Fight","damage_taken":0,"max_hp_gain":0,"max_hp_loss":0,"event_name":"Mysterious Sphere","floor":39,"gold_loss":0}],"is_beta":false,"boss_relics":[{"not_picked":["DiscerningMonocle","Empty Cage"],"picked":"OneHitWonderSystem"},{"not_picked":["testmod-IncinerationGenerator","testmod-DeterminationOfClimber"],"picked":"HereWithMe"}],"items_purged_floors":[20,31,45,54],"is_endless":false,"potions_floor_spawned":[6,8,12,22,27,30,36,37,40,42,48],"ascension_level":20}}