{"host":"3y2rtlgteqp2nuo3","time":1610245076,"event":{"mods":["2.2 Compatiblity","AchievementEnabler","BaseMod","Colored Map","DeckTracker","Highlight Path","Keyboard Shortcuts","Minty Spire (QoL Compilation)","Permanent Neow","Quick Restart","StSLib","SuperFastMode","everything is the same but u backflip on backflip"],"gold_per_floor":[109,123,123,133,58,58,90,108,190,190,210,225,225,244,244,347,347,364,364,364],"floor_reached":19,"playtime":559,"items_purged":["Strike_G"],"score":222,"play_id":"ca141323-c0fe-4156-a88b-da29d24b2a35","local_time":"20210110111756","is_ascension_mode":true,"campfire_choices":[{"data":"Flying Knee","floor":6,"key":"SMITH"},{"data":"Poisoned Stab","floor":10,"key":"SMITH"},{"floor":15,"key":"REST"}],"circlet_count":0,"master_deck":["Strike_G","Strike_G","Strike_G","Defend_G","Defend_G","Defend_G","Defend_G","Defend_G","Survivor","Neutralize+1","Flying Knee+1","Dagger Throw","Backflip","Poisoned Stab+1","Blade Dance","Terror","Envenom","Dagger Spray+1"],"relics":["Ring of the Snake","Unceasing Top","Darkstone Periapt","SacredBark"],"acts_visited":["Exordium","TheCity"],"potions_floor_usage":[16,16],"damage_taken":[{"damage":2,"enemies":"2 Louse","floor":1,"turns":4},{"damage":0,"enemies":"Cultist","floor":2,"turns":4},{"damage":1,"enemies":"Jaw Worm","floor":4,"turns":4},{"damage":20,"enemies":"3 Sentries","floor":7,"turns":10},{"damage":1,"enemies":"Red Slaver","floor":8,"turns":3},{"damage":10,"enemies":"Lots of Slimes","floor":11,"turns":2},{"damage":25,"enemies":"Exordium Thugs","floor":12,"turns":6},{"damage":1,"enemies":"2 Fungi Beasts","floor":14,"turns":4},{"damage":22,"enemies":"Slime Boss","floor":16,"turns":9},{"damage":24,"enemies":"Shell Parasite","floor":18,"turns":7},{"damage":30,"enemies":"Spheric Guardian","floor":19,"turns":4}],"seed_played":"-1992476205403548413","potions_obtained":[{"floor":2,"key":"GhostInAJar"},{"floor":4,"key":"SteroidPotion"},{"floor":12,"key":"ColorlessPotion"},{"floor":13,"key":"Poison Potion"},{"floor":14,"key":"GhostInAJar"},{"floor":16,"key":"SteroidPotion"}],"is_trial":false,"path_per_floor":["M","M","?","M","$","R","E","M","T","R","M","M","?","M","R","B",null,"M","M"],"character_chosen":"THE_SILENT","items_purchased":[],"campfire_rested":1,"item_purchase_floors":[],"current_hp_per_floor":[61,61,61,60,60,60,40,39,39,39,29,4,4,3,24,2,53,29,0,0],"gold":364,"neow_bonus":"UPGRADE_CARD","is_daily":false,"chose_seed":false,"campfire_upgraded":2,"win_rate":0.0,"timestamp":1610245076,"path_taken":["M","M","?","M","$","R","E","?","T","R","M","M","?","?","R","BOSS","M","M"],"items_purchased_type":[],"build_version":"2020-12-22","purchased_purges":1,"victory":false,"max_hp_per_floor":[70,70,70,70,70,70,70,70,70,70,70,70,70,70,70,70,70,70,70,70],"card_choices":[{"not_picked":["Outmaneuver","Catalyst"],"picked":"Flying Knee","floor":1},{"not_picked":["Accuracy","Dodge and Roll"],"picked":"Dagger Throw","floor":2},{"not_picked":["Bane","Deflect"],"picked":"Backflip","floor":4},{"not_picked":["Corpse Explosion","Accuracy"],"picked":"Poisoned Stab","floor":7},{"not_picked":["Quick Slash","Flechettes"],"picked":"Blade Dance","floor":8},{"not_picked":["Expertise","Well Laid Plans"],"picked":"Terror","floor":11},{"not_picked":["Dagger Throw","Caltrops","Bane"],"picked":"SKIP","floor":12},{"not_picked":["Deflect","Bane","Eviscerate"],"picked":"SKIP","floor":14},{"not_picked":["Corpse Explosion","Burst"],"picked":"Envenom","floor":16},{"not_picked":["Tactician","Prepared"],"picked":"Dagger Spray+1","floor":18}],"player_experience":664270,"relics_obtained":[{"floor":7,"key":"Unceasing Top"},{"floor":9,"key":"Darkstone Periapt"}],"event_choices":[{"cards_removed":["Strike_G"],"damage_healed":0,"gold_gain":0,"player_choice":"Offered Basic","damage_taken":0,"max_hp_gain":0,"max_hp_loss":0,"event_name":"Bonfire Elementals","floor":3,"gold_loss":0},{"damage_healed":0,"gold_gain":0,"player_choice":"Got Potions","damage_taken":0,"max_hp_gain":0,"max_hp_loss":0,"event_name":"Lab","floor":13,"gold_loss":0}],"is_beta":false,"boss_relics":[{"not_picked":["Fusion Hammer","Ectoplasm"],"picked":"SacredBark"}],"items_purged_floors":[5],"is_endless":false,"potions_floor_spawned":[2,4,12,14,16],"killed_by":"Spheric Guardian","ascension_level":6}}