{"host":"s41rn2jhghpwfrvz","time":1610277966,"event":{"mods":["BaseMod","Minty Spire (QoL Compilation)","Quick Restart","Relic Stats","SuperFastMode"],"gold_per_floor":[116,132,146,165,184,109,109,134,134,164,181,181,81,81,81,154,154,168,168,182,196,214,226,272,300,312,343,380,402,446,468,480,566,578,605,633,645,673,398,423,439,457,508,537,537,560,560,594,594,594,594,594,594,165,193,193],"floor_reached":57,"playtime":1276,"items_purged":["Warcry","Shrug It Off"],"score":3711,"play_id":"a2419911-de39-4e17-8e0e-91d3d67ab422","local_time":"20210110132606","daily_mods":["SealedDeck","Vintage","DeadlyEvents"],"is_ascension_mode":true,"campfire_choices":[{"data":"Body Slam","floor":12,"key":"SMITH"},{"data":"Pommel Strike","floor":15,"key":"SMITH"},{"data":"Dark Embrace","floor":23,"key":"SMITH"},{"floor":32,"key":"RECALL"},{"data":"Rage","floor":47,"key":"SMITH"},{"floor":49,"key":"REST"},{"floor":53,"key":"REST"}],"circlet_count":0,"master_deck":["AscendersBane","Pommel Strike+1","Pommel Strike+1","Dark Embrace+1","Body Slam+1","Shrug It Off+1","Rage+1","Barricade+1"],"relics":["Burning Blood","Omamori","HornCleat","Dream Catcher","Sundial","Turnip","Frozen Egg 2","InkBottle","Anchor","Question Card","Philosopher\u0027s Stone","Toy Ornithopter","CeramicFish","Mercury Hourglass","MawBank","Meat on the Bone","Eternal Feather","Boot","Happy Flower","Potion Belt","Tiny Chest","White Beast Statue","Ornamental Fan","Runic Pyramid","Charon\u0027s Ashes","StoneCalendar","Oddly Smooth Stone","Shuriken","Letter Opener","Du-Vu Doll","Molten Egg 2","PreservedInsect","Regal Pillow","TungstenRod","Bag of Preparation","StrikeDummy","Self Forming Clay"],"acts_visited":["Exordium","TheCity","TheBeyond","TheEnding"],"potions_floor_usage":[56,56,56,56],"damage_taken":[{"damage":0,"enemies":"Small Slimes","floor":1,"turns":4},{"damage":0,"enemies":"2 Louse","floor":2,"turns":2},{"damage":0,"enemies":"Jaw Worm","floor":3,"turns":4},{"damage":0,"enemies":"Blue Slaver","floor":4,"turns":3},{"damage":0,"enemies":"2 Fungi Beasts","floor":5,"turns":4},{"damage":2,"enemies":"3 Sentries","floor":8,"turns":6},{"damage":0,"enemies":"Lagavulin","floor":10,"turns":6},{"damage":0,"enemies":"3 Louse","floor":11,"turns":2},{"damage":0,"enemies":"Slime Boss","floor":16,"turns":1},{"damage":0,"enemies":"Spheric Guardian","floor":18,"turns":2},{"damage":0,"enemies":"2 Thieves","floor":20,"turns":2},{"damage":0,"enemies":"Snake Plant","floor":21,"turns":2},{"damage":0,"enemies":"3 Cultists","floor":22,"turns":2},{"damage":0,"enemies":"Book of Stabbing","floor":24,"turns":2},{"damage":0,"enemies":"Centurion and Healer","floor":25,"turns":2},{"damage":0,"enemies":"Snecko","floor":27,"turns":2},{"damage":0,"enemies":"Gremlin Leader","floor":28,"turns":2},{"damage":0,"enemies":"Snake Plant","floor":29,"turns":2},{"damage":4,"enemies":"Slavers","floor":30,"turns":5},{"damage":0,"enemies":"Centurion and Healer","floor":31,"turns":3},{"damage":0,"enemies":"Champ","floor":33,"turns":2},{"damage":0,"enemies":"3 Shapes","floor":35,"turns":2},{"damage":0,"enemies":"Orb Walker","floor":36,"turns":2},{"damage":0,"enemies":"4 Shapes","floor":38,"turns":2},{"damage":0,"enemies":"Giant Head","floor":40,"turns":2},{"damage":0,"enemies":"Maw","floor":41,"turns":2},{"damage":0,"enemies":"Transient","floor":42,"turns":3},{"damage":0,"enemies":"Reptomancer","floor":44,"turns":2},{"damage":0,"enemies":"Nemesis","floor":48,"turns":3},{"damage":0,"enemies":"Donu and Deca","floor":50,"turns":2},{"damage":0,"enemies":"Time Eater","floor":51,"turns":4},{"damage":0,"enemies":"Shield and Spear","floor":55,"turns":1},{"damage":0,"enemies":"The Heart","floor":56,"turns":4}],"seed_played":"-6521459679142632411","potions_obtained":[{"floor":1,"key":"Ancient Potion"},{"floor":2,"key":"FearPotion"},{"floor":28,"key":"SkillPotion"},{"floor":30,"key":"LiquidBronze"},{"floor":31,"key":"SpeedPotion"},{"floor":40,"key":"Swift Potion"}],"is_trial":true,"path_per_floor":["M","M","M","M","M","$","?","E","T","E","M","R","$","?","R","B",null,"M","?","M","M","M","R","E","M","T","M","E","M","E","M","R","B",null,"M","M","?","M","$","E","M","M","T","E","?","T","R","E","R","B","B",null,"R","$","E","B",null],"character_chosen":"IRONCLAD","items_purchased":["Shuriken","Bag of Preparation","StrikeDummy"],"campfire_rested":2,"item_purchase_floors":[39,54,54],"current_hp_per_floor":[74,75,75,75,75,75,68,72,72,75,75,75,75,52,52,58,71,75,75,75,75,75,75,75,75,75,75,75,75,75,75,75,75,75,75,75,65,71,71,75,75,75,75,75,75,75,75,75,75,75,75,75,75,75,75,75],"gold":193,"neow_bonus":"","is_daily":false,"chose_seed":false,"campfire_upgraded":4,"win_rate":0.0,"timestamp":1610277966,"path_taken":["M","M","M","M","M","$","?","E","T","E","M","R","$","?","R","BOSS","M","?","M","M","M","R","E","M","T","M","E","M","E","M","R","BOSS","M","M","?","M","$","E","M","?","T","E","?","?","R","E","R","BOSS","BOSS","R","$","E","BOSS"],"items_purchased_type":["Relic","Relic","Relic"],"build_version":"2020-12-22","purchased_purges":2,"victory":true,"max_hp_per_floor":[75,75,75,75,75,75,75,75,75,75,75,75,75,75,75,75,75,75,75,75,75,75,75,75,75,75,75,75,75,75,75,75,75,75,75,75,75,75,75,75,75,75,75,75,75,75,75,75,75,75,75,75,75,75,75,75],"relic_stats":{"Regal Pillow":0,"CeramicFish":0,"StoneCalendar":[0],"Bag of Preparation":[4],"Boot":[28],"Burning Blood":40,"Dream Catcher":2,"Sundial":[150],"Tiny Chest":1,"InkBottle":[38],"Happy Flower":[14],"counters":[33,89],"Self Forming Clay":[0],"Eternal Feather":0,"Charon\u0027s Ashes":[42],"PreservedInsect":127,"Letter Opener":[56],"Question Card":14,"MawBank":204,"Mercury Hourglass":[242],"Ornamental Fan":[192],"Shuriken":[38],"Turnip":[11],"obtain_stats":[{"Regal Pillow":46,"CeramicFish":20,"StoneCalendar":36,"Bag of Preparation":54,"Boot":26,"Burning Blood":0,"Dream Catcher":3,"HornCleat":2,"Sundial":4,"Philosopher\u0027s Stone":17,"Tiny Chest":29,"InkBottle":9,"Runic Pyramid":34,"Potion Belt":28,"Happy Flower":27,"Self Forming Clay":55,"Oddly Smooth Stone":38,"Eternal Feather":25,"Charon\u0027s Ashes":35,"PreservedInsect":44,"Omamori":1,"Letter Opener":40,"Frozen Egg 2":8,"Question Card":11,"MawBank":22,"White Beast Statue":30,"Mercury Hourglass":21,"Du-Vu Doll":41,"Anchor":10,"Ornamental Fan":31,"Shuriken":39,"Molten Egg 2":42,"Turnip":5,"StrikeDummy":54,"Toy Ornithopter":18,"TungstenRod":48,"Meat on the Bone":24},{"Regal Pillow":28,"CeramicFish":11,"StoneCalendar":23,"Bag of Preparation":31,"Boot":15,"Burning Blood":0,"Dream Catcher":3,"HornCleat":2,"Sundial":4,"Philosopher\u0027s Stone":9,"Tiny Chest":18,"InkBottle":6,"Runic Pyramid":21,"Potion Belt":17,"Happy Flower":16,"Self Forming Clay":32,"Oddly Smooth Stone":24,"Eternal Feather":15,"Charon\u0027s Ashes":22,"PreservedInsect":28,"Omamori":1,"Letter Opener":25,"Frozen Egg 2":6,"Question Card":8,"MawBank":13,"White Beast Statue":19,"Mercury Hourglass":12,"Du-Vu Doll":26,"Anchor":7,"Ornamental Fan":20,"Shuriken":24,"Molten Egg 2":27,"Turnip":5,"StrikeDummy":31,"Toy Ornithopter":10,"TungstenRod":29,"Meat on the Bone":14},{"Regal Pillow":75,"CeramicFish":36,"StoneCalendar":64,"Bag of Preparation":84,"Boot":44,"Burning Blood":0,"Dream Catcher":10,"HornCleat":6,"Sundial":13,"Philosopher\u0027s Stone":32,"Tiny Chest":50,"InkBottle":23,"Runic Pyramid":60,"Potion Belt":48,"Happy Flower":46,"Self Forming Clay":85,"Oddly Smooth Stone":66,"Eternal Feather":44,"Charon\u0027s Ashes":62,"PreservedInsect":75,"Omamori":4,"Letter Opener":68,"Frozen Egg 2":23,"Question Card":31,"MawBank":40,"White Beast Statue":55,"Mercury Hourglass":38,"Du-Vu Doll":70,"Anchor":29,"Ornamental Fan":58,"Shuriken":66,"Molten Egg 2":73,"Turnip":17,"StrikeDummy":84,"Toy Ornithopter":34,"TungstenRod":78,"Meat on the Bone":42}],"Toy Ornithopter":0,"TungstenRod":0,"Meat on the Bone":0},"card_choices":[{"not_picked":["Uppercut","Iron Wave","Clash"],"picked":"SKIP","floor":8},{"not_picked":["Spot Weakness","Twin Strike","Clash"],"picked":"SKIP","floor":10},{"not_picked":["Brutality+1","Demon Form+1","Berserk+1"],"picked":"Barricade+1","floor":16},{"not_picked":["Anger","Warcry","Twin Strike","Second Wind"],"picked":"SKIP","floor":24},{"not_picked":["Iron Wave","Intimidate","Cleave","Shrug It Off"],"picked":"SKIP","floor":28},{"not_picked":["Warcry","Searing Blow+1","Burning Pact","Armaments"],"picked":"SKIP","floor":30},{"not_picked":["Havoc","Heavy Blade","Cleave+1","Brutality+1"],"picked":"SKIP","floor":40},{"not_picked":["Second Wind","Carnage+1","Power Through","Anger+1"],"picked":"SKIP","floor":44},{"not_picked":["Battle Trance+1","Perfected Strike+1","Cleave+1","Wild Strike+1"],"picked":"SKIP","floor":48},{"not_picked":["Headbutt+1","Warcry+1","Pommel Strike+1","Battle Trance+1"],"picked":"SKIP","floor":55}],"player_experience":1710405,"relics_obtained":[{"floor":1,"key":"Omamori"},{"floor":2,"key":"HornCleat"},{"floor":3,"key":"Dream Catcher"},{"floor":4,"key":"Sundial"},{"floor":5,"key":"Turnip"},{"floor":8,"key":"Frozen Egg 2"},{"floor":9,"key":"InkBottle"},{"floor":10,"key":"Anchor"},{"floor":11,"key":"Question Card"},{"floor":18,"key":"Toy Ornithopter"},{"floor":20,"key":"CeramicFish"},{"floor":21,"key":"Mercury Hourglass"},{"floor":22,"key":"MawBank"},{"floor":24,"key":"Meat on the Bone"},{"floor":25,"key":"Eternal Feather"},{"floor":26,"key":"Boot"},{"floor":27,"key":"Happy Flower"},{"floor":28,"key":"Potion Belt"},{"floor":29,"key":"Tiny Chest"},{"floor":30,"key":"White Beast Statue"},{"floor":31,"key":"Ornamental Fan"},{"floor":35,"key":"Charon\u0027s Ashes"},{"floor":36,"key":"StoneCalendar"},{"floor":38,"key":"Oddly Smooth Stone"},{"floor":40,"key":"Letter Opener"},{"floor":41,"key":"Du-Vu Doll"},{"floor":42,"key":"Molten Egg 2"},{"floor":44,"key":"PreservedInsect"},{"floor":46,"key":"Regal Pillow"},{"floor":48,"key":"TungstenRod"},{"floor":55,"key":"Self Forming Clay"}],"event_choices":[{"cards_removed":["Ghostly Armor"],"damage_healed":0,"gold_gain":0,"player_choice":"Card Removal","damage_taken":7,"max_hp_gain":0,"max_hp_loss":0,"event_name":"Golden Wing","floor":7,"gold_loss":0},{"damage_healed":0,"gold_gain":0,"player_choice":"Entered Light","damage_taken":23,"max_hp_gain":0,"max_hp_loss":0,"event_name":"Shining Light","floor":14,"gold_loss":0,"cards_upgraded":["Pommel Strike","Shrug It Off"]},{"damage_healed":0,"gold_gain":0,"player_choice":"Ignored","damage_taken":0,"max_hp_gain":0,"max_hp_loss":0,"event_name":"Ghosts","floor":19,"gold_loss":0},{"damage_healed":0,"gold_gain":0,"player_choice":"Memory 3","damage_taken":10,"max_hp_gain":0,"max_hp_loss":0,"event_name":"SensoryStone","floor":37,"gold_loss":0},{"cards_removed":["Shrug It Off"],"damage_healed":0,"gold_gain":0,"player_choice":"Removed Skill","damage_taken":0,"max_hp_gain":0,"max_hp_loss":0,"event_name":"Falling","floor":45,"gold_loss":0}],"is_beta":false,"boss_relics":[{"not_picked":["Ectoplasm","Astrolabe"],"picked":"Philosopher\u0027s Stone"},{"not_picked":["SlaversCollar","Empty Cage"],"picked":"Runic Pyramid"}],"items_purged_floors":[6,13],"is_endless":false,"potions_floor_spawned":[1,2,8,16,20,21,24,27,28,30,31,33,35,36,38,40,41,42,44,48,55],"ascension_level":20}}