{"host":"gl7gfqdgzaxu5sie","time":1610258148,"event":{"mods":["AchievementEnabler","BaseMod","Colored Map","DeckTracker","Minty Spire (QoL Compilation)"],"gold_per_floor":[110,110,110,130,143,172,172,20,73,84,84,159,169,169,169,169,169],"floor_reached":16,"playtime":517,"items_purged":["Pain"],"score":150,"play_id":"79657f13-ee96-44f0-a095-f8f28d6a4ba4","local_time":"20210110145548","is_ascension_mode":true,"campfire_choices":[{"floor":7,"key":"REST"},{"data":"Bash","floor":11,"key":"SMITH"},{"data":"Shockwave","floor":15,"key":"SMITH"}],"circlet_count":0,"master_deck":["AscendersBane","Strike_R","Strike_R","Strike_R","Defend_R","Defend_R","Defend_R","Defend_R","Bash+1","Shockwave+1","Power Through","Wild Strike","Battle Trance","Dropkick","Second Wind"],"relics":["Burning Blood","WarpedTongs","Vajra","Question Card"],"acts_visited":["Exordium"],"potions_floor_usage":[16,16],"damage_taken":[{"damage":9,"enemies":"2 Louse","floor":1,"turns":4},{"damage":9,"enemies":"Cultist","floor":4,"turns":4},{"damage":3,"enemies":"Small Slimes","floor":5,"turns":4},{"damage":49,"enemies":"3 Sentries","floor":6,"turns":12},{"damage":5,"enemies":"Blue Slaver","floor":10,"turns":3},{"damage":7,"enemies":"Looter","floor":13,"turns":3},{"damage":36,"enemies":"Hexaghost","floor":16,"turns":11}],"seed_played":"4315993406126008141","potions_obtained":[{"floor":1,"key":"Block Potion"},{"floor":6,"key":"DuplicationPotion"},{"floor":10,"key":"DistilledChaos"},{"floor":13,"key":"Fire Potion"}],"is_trial":false,"path_per_floor":["M","?","?","M","M","E","R","$","T","M","R","?","M","T","R","B"],"character_chosen":"IRONCLAD","items_purchased":["Dropkick"],"campfire_rested":1,"item_purchase_floors":[8],"current_hp_per_floor":[69,62,62,59,62,19,43,43,43,44,44,33,32,32,32,0,0],"gold":169,"neow_bonus":"REMOVE_CARD","is_daily":false,"chose_seed":false,"campfire_upgraded":2,"win_rate":0.0,"timestamp":1610258148,"path_taken":["M","?","?","?","M","E","R","$","T","M","R","?","M","?","R","BOSS"],"items_purchased_type":["Card"],"build_version":"2020-12-22","purchased_purges":1,"victory":false,"max_hp_per_floor":[80,80,80,80,80,80,80,80,80,80,80,80,80,80,80,80,80],"card_choices":[{"not_picked":["Perfected Strike","Iron Wave"],"picked":"Shockwave","floor":1},{"not_picked":["Heavy Blade","Iron Wave"],"picked":"Power Through","floor":4},{"not_picked":["Clothesline","Heavy Blade"],"picked":"Wild Strike","floor":5},{"not_picked":["Uppercut","Twin Strike"],"picked":"Battle Trance","floor":6},{"not_picked":["Reckless Charge","Perfected Strike","Iron Wave"],"picked":"SKIP","floor":10},{"not_picked":["Fire Breathing","Rupture"],"picked":"Second Wind","floor":13}],"player_experience":591136,"relics_obtained":[{"floor":6,"key":"Vajra"},{"floor":14,"key":"Question Card"}],"event_choices":[{"cards_removed":["Strike_R"],"damage_healed":0,"gold_gain":0,"player_choice":"Card Removal","damage_taken":7,"max_hp_gain":0,"max_hp_loss":0,"event_name":"Golden Wing","floor":2,"gold_loss":0},{"damage_healed":0,"gold_gain":0,"player_choice":"Rummage","damage_taken":0,"relics_obtained":["WarpedTongs"],"max_hp_gain":0,"max_hp_loss":0,"event_name":"Accursed Blacksmith","floor":3,"gold_loss":0,"cards_obtained":["Pain"]},{"damage_healed":0,"gold_gain":75,"player_choice":"Gather Gold","damage_taken":11,"max_hp_gain":0,"max_hp_loss":0,"event_name":"World of Goop","floor":12,"gold_loss":0}],"is_beta":false,"boss_relics":[],"items_purged_floors":[8],"is_endless":false,"potions_floor_spawned":[1,6,10,13],"killed_by":"Hexaghost","ascension_level":10}}