{"host":"684z1xpuwaoqmmh1","time":1610294463,"event":{"mods":["Bard","BaseMod","Downfall","Hermit","Jorbs\u0027s Wanderer Trilogy","Marisa????????","Minty Spire (QoL Compilation)","Robot Space Explorer","Shade Mod","StSLib","The Hierophant","The Marked","The Mystic"],"gold_per_floor":[110,127,146,159,178,208,208,233,233,233,233,256,276,300,300,429,429,442,442,463,486,505,545,569,668,668,64,64,102,117,135,135,258,258,272,293,309,369,369,369,369,404,404,404,419,452,452,487,487,487,487,487,48,88,88],"floor_reached":56,"playtime":4547,"items_purged":["theMarked:Strike"],"score":1368,"play_id":"f6c865c5-3fa9-4087-b9fa-9444c0b28684","local_time":"20210110180103","is_ascension_mode":false,"campfire_choices":[{"data":"theMarked:SummonStrength","floor":7.0,"key":"SMITH"},{"data":"theMarked:Standoff","floor":10.0,"key":"SMITH"},{"data":"theMarked:ElementalBlade","floor":15.0,"key":"SMITH"},{"floor":28.0,"key":"REST"},{"floor":32,"key":"REST"},{"floor":40,"key":"RECALL"},{"floor":49,"key":"REST"},{"data":"theMarked:Snap","floor":52,"key":"SMITH"}],"circlet_count":0,"master_deck":["theMarked:Strike","theMarked:Strike","theMarked:Strike","theMarked:Strike","theMarked:Defend","theMarked:Defend","theMarked:Defend","theMarked:Defend","theMarked:SoldierOfQuellstein","theMarked:SwordAndMagic","theMarked:TakeCover","theMarked:Standoff+1","theMarked:BanishingStrike","theMarked:TwofoldDefense","theMarked:ElementalBlade+1","theMarked:SummonStrength+1","theMarked:WastefulDefense","theMarked:HeightenedSenses","theMarked:WastefulDefense","theMarked:MuscleMemory","theMarked:AttractMetal+1","theMarked:Overthink","theMarked:BindingBlade","theMarked:Levitate","theMarked:StartUp+1","theMarked:WastefulAttack","theMarked:Snap+1","theMarked:HeritageOfTheMarked+1","theMarked:Overthink+1","theMarked:Levitate"],"relics":["theMarked:ArtifactOfAir","champ:DeflectingBracers","Lantern","champ:DuelingGlove","Golden Idol","sneckomod:SneckoTalon","MutagenicStrength","theMarked:KettuFlask","theMarked:SecretDocuments","Blood Vial","TungstenRod","theMarked:VonisonLock","Busted Crown","CatCart","Pocketwatch","Omamori","Pen Nib","Vajra","theMarked:Winder","Guardian:PocketSentry"],"acts_visited":["Exordium","TheCity","TheBeyond","TheEnding"],"potions_floor_usage":[38,46,48,54,55,55,55],"damage_taken":[{"damage":1.0,"enemies":"Cultist","floor":1.0,"turns":3.0},{"damage":1.0,"enemies":"2 Louse","floor":2.0,"turns":3.0},{"damage":0.0,"enemies":"Small Slimes","floor":3.0,"turns":3.0},{"damage":0.0,"enemies":"2 Fungi Beasts","floor":4.0,"turns":3.0},{"damage":2.0,"enemies":"Blue Slaver","floor":5.0,"turns":6.0},{"damage":3.0,"enemies":"Lagavulin","floor":6.0,"turns":7.0},{"damage":13.0,"enemies":"3 Sentries","floor":8.0,"turns":10.0},{"damage":0.0,"enemies":"3 Louse","floor":12.0,"turns":3.0},{"damage":2.0,"enemies":"Exordium Thugs","floor":13.0,"turns":4.0},{"damage":0.0,"enemies":"Large Slime","floor":14.0,"turns":4.0},{"damage":27.0,"enemies":"Slime Boss","floor":16.0,"turns":7.0},{"damage":15.0,"enemies":"Shell Parasite","floor":18.0,"turns":4.0},{"damage":2.0,"enemies":"3 Byrds","floor":20.0,"turns":6.0},{"damage":5.0,"enemies":"Centurion and Healer","floor":21.0,"turns":5.0},{"damage":0.0,"enemies":"Snecko","floor":22.0,"turns":4.0},{"damage":5.0,"enemies":"Slavers","floor":23.0,"turns":7.0},{"damage":0.0,"enemies":"Shelled Parasite and Fungi","floor":24.0,"turns":3.0},{"damage":36.0,"enemies":"Book of Stabbing","floor":29.0,"turns":6.0},{"damage":0.0,"enemies":"Sentry and Sphere","floor":30.0,"turns":4.0},{"damage":0,"enemies":"3 Cultists","floor":31,"turns":4},{"damage":0,"enemies":"Champ","floor":33,"turns":7},{"damage":0,"enemies":"3 Darklings","floor":35,"turns":4},{"damage":0,"enemies":"3 Shapes","floor":36,"turns":3},{"damage":4,"enemies":"3 Darklings","floor":37,"turns":5},{"damage":25,"enemies":"Orin","floor":38,"turns":6},{"damage":3,"enemies":"Giant Head","floor":42,"turns":6},{"damage":0,"enemies":"Maw","floor":45,"turns":6},{"damage":37,"enemies":"Reptomancer","floor":46,"turns":6},{"damage":4,"enemies":"Giant Head","floor":48,"turns":7},{"damage":0,"enemies":"Awakened One","floor":50,"turns":11},{"damage":44,"enemies":"Shield and Spear","floor":54,"turns":6},{"damage":81,"enemies":"The Heart","floor":55,"turns":10}],"seed_played":"8190129665899887889","potions_obtained":[{"floor":2.0,"key":"Strength Potion"},{"floor":5.0,"key":"EntropicBrew"},{"floor":13.0,"key":"Ancient Potion"},{"floor":21.0,"key":"Block Potion"},{"floor":23.0,"key":"PowerPotion"},{"floor":29.0,"key":"champ:CounterPotion"},{"floor":35,"key":"theMarked:ChargePotion"},{"floor":44,"key":"PowerPotion"},{"floor":46,"key":"hexamod:EctoCoolerPotion"},{"floor":48,"key":"sneckomod:MuddlingPotion"},{"floor":54,"key":"Slimebound:ThreeZeroPotion"}],"is_trial":false,"path_per_floor":["M","M","M","M","M","E","R","E","T","R","?","M","M","M","R","B",null,"M","?","M","M","M","E","M","?","T","$","R","E","M","M","R","B",null,"M","M","M","?","?","R","?","E","T","?","M","E","?","E","R","B",null,"R","$","E","B",null],"character_chosen":"THE_DEFAULT","items_purchased":["Blood Vial","TungstenRod","theMarked:BindingBlade","Vajra","theMarked:Winder","theMarked:Levitate"],"campfire_rested":3,"item_purchase_floors":[27,27,27,53,53,53],"current_hp_per_floor":[69,68,68,68,66,63,63,50,50,50,50,50,48,48,48,21,65,50,50,48,43,43,38,38,38,38,38,57,23,25,27,46,48,65,65,65,61,38,38,38,38,37,37,37,39,4,20,18,37,39,65,65,65,21,9],"gold":88,"neow_bonus":"THREE_CARDS","is_daily":false,"chose_seed":false,"campfire_upgraded":4,"win_rate":0.0,"timestamp":1610294463,"path_taken":["M","?","M","M","M","E","R","E","T","R","?","M","M","M","R","BOSS","M","?","M","M","M","E","M","?","T","$","R","E","M","M","R","BOSS","M","M","M","?","?","R","?","E","T","?","?","E","?","E","R","BOSS","R","$","E","BOSS"],"items_purchased_type":["Relic","Relic","Card","Relic","Relic","Card"],"build_version":"2020-12-22","purchased_purges":1,"victory":true,"max_hp_per_floor":[70,70,70,70,70,70,70,70,70,70,65,65,65,65,65,65,65,65,65,65,65,65,65,65,65,65,65,65,65,65,65,65,65,65,65,65,65,65,65,65,65,65,65,65,65,65,65,65,65,65,65,65,65,65,65],"card_choices":[{"not_picked":["theMarked:TwofoldDefense","theMarked:Frustration"],"picked":"theMarked:SwordAndMagic","floor":0.0},{"not_picked":["theMarked:ResourceFulStrike","theMarked:Opportunist"],"picked":"theMarked:TakeCover","floor":1.0},{"not_picked":["theMarked:Frustration","theMarked:RepellingDischarge"],"picked":"theMarked:Standoff","floor":2.0},{"not_picked":["theMarked:WastefulAttack","theMarked:WastefulDefense"],"picked":"theMarked:BanishingStrike","floor":3.0},{"not_picked":["theMarked:ResourceFulStrike","theMarked:Frustration"],"picked":"theMarked:TwofoldDefense","floor":4.0},{"not_picked":["theMarked:Panic","theMarked:SwordAndMagic"],"picked":"theMarked:ElementalBlade","floor":5.0},{"not_picked":["theMarked:TunnelVision","theMarked:Abjuration"],"picked":"theMarked:SummonStrength","floor":6.0},{"not_picked":["theMarked:LightningStrikesTwice","theMarked:BanishingStrike"],"picked":"theMarked:WastefulDefense","floor":8.0},{"not_picked":["theMarked:SwordAndMagic","theMarked:RepellingDischarge","theMarked:Improvise"],"picked":"SKIP","floor":12.0},{"not_picked":["theMarked:EnhanceMovement","theMarked:BanishingStrike"],"picked":"theMarked:HeightenedSenses","floor":13.0},{"not_picked":["theMarked:Electrify","theMarked:LightningStrikesTwice"],"picked":"theMarked:WastefulDefense","floor":14.0},{"not_picked":["theMarked:Vacuum","theMarked:TurnInvisible"],"picked":"theMarked:MuscleMemory","floor":16.0},{"not_picked":["theMarked:EmpowerWeapon","theMarked:ElectricStrings+1"],"picked":"theMarked:AttractMetal+1","floor":18.0},{"not_picked":["theMarked:WastefulDefense","theMarked:Static"],"picked":"theMarked:Overthink","floor":20.0},{"not_picked":["theMarked:Frustration+1","theMarked:Seal","theMarked:SwordAndMagic"],"picked":"SKIP","floor":21.0},{"not_picked":["theMarked:ChainLightning+1","theMarked:Aftermath","theMarked:HeightenedSenses"],"picked":"SKIP","floor":22.0},{"not_picked":["theMarked:HeightenedSenses+1","theMarked:ElectricStrings","theMarked:WastefulDefense"],"picked":"SKIP","floor":23.0},{"not_picked":["theMarked:EmpowerWeapon","theMarked:RepellingDischarge+1","theMarked:Improvise"],"picked":"SKIP","floor":24.0},{"not_picked":["theMarked:SelfDefenseTraining+1","theMarked:Indomitable"],"picked":"theMarked:Levitate","floor":29.0},{"not_picked":["theMarked:GodGivenPower+1","theMarked:Improvise"],"picked":"theMarked:StartUp+1","floor":30.0},{"not_picked":["theMarked:AttractMetal","theMarked:ResourceFulStrike"],"picked":"theMarked:WastefulAttack","floor":31},{"not_picked":["theMarked:UnarmedFury","theMarked:Defy"],"picked":"theMarked:Snap","floor":33},{"not_picked":["theMarked:LightningStrikesTwice"],"picked":"SKIP","floor":35},{"not_picked":[],"picked":"theMarked:HeritageOfTheMarked+1","floor":36},{"not_picked":["theMarked:ElectricStrings+1"],"picked":"SKIP","floor":37},{"not_picked":["theMarked:WastefulAttack"],"picked":"SKIP","floor":42},{"not_picked":["theMarked:Aftermath"],"picked":"SKIP","floor":45},{"not_picked":[],"picked":"theMarked:Overthink+1","floor":46},{"not_picked":["theMarked:Polarize+1"],"picked":"SKIP","floor":48},{"not_picked":["theMarked:Parry+1"],"picked":"SKIP","floor":54}],"player_experience":2468887,"relics_obtained":[{"floor":6.0,"key":"champ:DeflectingBracers"},{"floor":8.0,"key":"Lantern"},{"floor":9.0,"key":"champ:DuelingGlove"},{"floor":23.0,"key":"theMarked:KettuFlask"},{"floor":26.0,"key":"theMarked:SecretDocuments"},{"floor":29.0,"key":"theMarked:VonisonLock"},{"floor":38,"key":"CatCart"},{"floor":42,"key":"Pocketwatch"},{"floor":46,"key":"Omamori"},{"floor":48,"key":"Pen Nib"},{"floor":54,"key":"Guardian:PocketSentry"}],"event_choices":[{"damage_healed":0.0,"max_hp_gain":0.0,"max_hp_loss":5.0,"gold_gain":0.0,"event_name":"Golden Idol","player_choice":"Lose Max HP","floor":11.0,"gold_loss":0.0,"damage_taken":0.0,"relics_obtained":["Golden Idol"]},{"damage_healed":0.0,"max_hp_gain":0.0,"max_hp_loss":0.0,"gold_gain":0.0,"event_name":"Drug Dealer","player_choice":"Inject Mutagens","floor":19.0,"gold_loss":0.0,"damage_taken":0.0,"relics_obtained":["MutagenicStrength"]},{"damage_healed":0.0,"max_hp_gain":0.0,"max_hp_loss":0.0,"gold_gain":99.0,"event_name":"Nest","player_choice":"Stole From Cult","floor":25.0,"gold_loss":0.0,"damage_taken":0.0},{"damage_healed":0,"gold_gain":0,"player_choice":"Fight","damage_taken":0,"max_hp_gain":0,"max_hp_loss":0,"event_name":"OrinTheCat","floor":38,"gold_loss":0},{"damage_healed":0,"gold_gain":0,"player_choice":"Ignored","damage_taken":0,"max_hp_gain":0,"max_hp_loss":0,"event_name":"Tomb of Lord Red Mask","floor":39,"gold_loss":0},{"damage_healed":0,"gold_gain":0,"player_choice":"Memory 1","damage_taken":0,"max_hp_gain":0,"max_hp_loss":0,"event_name":"SensoryStone","floor":41,"gold_loss":0},{"damage_healed":0,"gold_gain":0,"player_choice":"Got Potions","damage_taken":0,"max_hp_gain":0,"max_hp_loss":0,"event_name":"Lab","floor":44,"gold_loss":0},{"damage_healed":16,"gold_gain":0,"player_choice":"Writhe","damage_taken":0,"max_hp_gain":0,"max_hp_loss":0,"event_name":"Winding Halls","floor":47,"gold_loss":0,"cards_obtained":["Writhe"]}],"is_beta":false,"boss_relics":[{"not_picked":["Fusion Hammer","theMarked:SpiritSword"],"picked":"sneckomod:SneckoTalon"},{"not_picked":["Coffee Dripper","Philosopher\u0027s Stone"],"picked":"Busted Crown"}],"items_purged_floors":[27],"is_endless":false,"potions_floor_spawned":[2,5,13,14,16,21,22,23,29,35,45,46,48,54],"ascension_level":0}}