{"host":"54vghy6hfkyy1r39","time":1610275449,"event":{"mods":["AchievementEnabler","BaseMod","Minty Spire (QoL Compilation)","StSLib","SuperFastMode","everything is the same but u backflip on backflip"],"gold_per_floor":[113,129,58,58,76,103,103,118,118,130,130,143,163,11,11,130,130,148,348,17,17,35,35,49,49,103,103,103,184,223,237,237,237,237],"floor_reached":33,"playtime":961,"items_purged":["Strike_R","Injury"],"score":267,"play_id":"fa2ee566-35fe-4313-bfa6-217cf6bdff40","local_time":"20210110194409","is_ascension_mode":false,"campfire_choices":[{"data":"Bash","floor":7.0,"key":"SMITH"},{"floor":15.0,"key":"REST"},{"data":"Corruption","floor":23.0,"key":"SMITH"},{"data":"Metallicize","floor":27.0,"key":"SMITH"},{"data":"Armaments","floor":32.0,"key":"SMITH"}],"circlet_count":0,"master_deck":["Strike_R+1","Strike_R","Strike_R","Strike_R","Defend_R","Defend_R","Defend_R","Defend_R","Bash+1","Whirlwind+1","Shrug It Off","Metallicize+1","Dropkick","Blood for Blood","Immolate","Entrench","Dark Embrace","Fire Breathing","Corruption+1","Rupture","Feel No Pain","Reaper","Fire Breathing","Armaments+1"],"relics":["Burning Blood","Red Skull","Gremlin Horn","Golden Idol","Sozu","Medical Kit","Bag of Preparation","Molten Egg 2","Ice Cream"],"acts_visited":["Exordium","TheCity"],"potions_floor_usage":[33],"damage_taken":[{"damage":5.0,"enemies":"Jaw Worm","floor":1.0,"turns":5.0},{"damage":10.0,"enemies":"2 Louse","floor":2.0,"turns":3.0},{"damage":3.0,"enemies":"Cultist","floor":5.0,"turns":3.0},{"damage":38.0,"enemies":"Lagavulin","floor":6.0,"turns":8.0},{"damage":4.0,"enemies":"Blue Slaver","floor":8.0,"turns":3.0},{"damage":5.0,"enemies":"Red Slaver","floor":10.0,"turns":3.0},{"damage":8.0,"enemies":"Gremlin Gang","floor":12.0,"turns":2.0},{"damage":0.0,"enemies":"Large Slime","floor":13.0,"turns":3.0},{"damage":55.0,"enemies":"The Guardian","floor":16.0,"turns":9.0},{"damage":12.0,"enemies":"Shell Parasite","floor":18.0,"turns":6.0},{"damage":5.0,"enemies":"Chosen","floor":22.0,"turns":5.0},{"damage":18.0,"enemies":"Centurion and Healer","floor":24.0,"turns":7.0},{"damage":36.0,"enemies":"Gremlin Leader","floor":30.0,"turns":7.0},{"damage":1.0,"enemies":"Snecko","floor":31.0,"turns":5.0},{"damage":89,"enemies":"Champ","floor":33,"turns":9}],"seed_played":"1984542001403926256","potions_obtained":[{"floor":1.0,"key":"DuplicationPotion"},{"floor":2.0,"key":"Fruit Juice"},{"floor":8.0,"key":"LiquidBronze"},{"floor":16.0,"key":"GamblersBrew"}],"is_trial":false,"path_per_floor":["M","M","$","?","M","E","R","M","T","M","?","M","M","$","R","B",null,"M","?","$","?","M","R","M","$","T","R","$","T","E","M","R","B"],"character_chosen":"IRONCLAD","items_purchased":["Metallicize","Fire Breathing","Feel No Pain","Medical Kit"],"campfire_rested":1,"item_purchase_floors":[3,14,20,20],"current_hp_per_floor":[88,89,89,70,73,41,41,43,43,44,44,42,48,48,75,26,93,87,87,87,87,88,88,84,84,84,84,84,84,66,77,77,0,0],"gold":237,"neow_bonus":"TEN_PERCENT_HP_BONUS","is_daily":false,"chose_seed":false,"campfire_upgraded":4,"win_rate":0.0,"timestamp":1610275449,"path_taken":["M","M","$","?","M","E","R","M","T","M","?","?","M","$","R","BOSS","M","?","?","?","?","R","?","$","T","R","$","?","E","?","R","BOSS"],"items_purchased_type":["Card","Card","Card","Relic"],"build_version":"2020-12-22","purchased_purges":2,"victory":false,"max_hp_per_floor":[88,93,93,93,93,93,93,93,93,93,93,93,93,93,93,93,93,93,93,93,93,93,93,93,93,93,93,93,93,93,93,93,93,93],"card_choices":[{"not_picked":["Pummel","Flex"],"picked":"Whirlwind","floor":1.0},{"not_picked":["True Grit","Pummel"],"picked":"Shrug It Off","floor":2.0},{"not_picked":["Twin Strike","Wild Strike"],"picked":"Dropkick","floor":5.0},{"not_picked":["Iron Wave","Uppercut"],"picked":"Blood for Blood","floor":6.0},{"not_picked":["Sever Soul","Cleave"],"picked":"Immolate","floor":8.0},{"not_picked":["Bloodletting","Cleave"],"picked":"Entrench","floor":10.0},{"not_picked":["Spot Weakness","Rampage"],"picked":"Dark Embrace","floor":12.0},{"not_picked":["Whirlwind","Havoc","Clothesline"],"picked":"SKIP","floor":13.0},{"not_picked":["Brutality","Berserk"],"picked":"Corruption","floor":16.0},{"not_picked":["Cleave","Twin Strike"],"picked":"Rupture","floor":18.0},{"not_picked":["Sword Boomerang+1","Cleave"],"picked":"Reaper","floor":22.0},{"not_picked":["True Grit","Rage"],"picked":"Fire Breathing","floor":24.0},{"not_picked":["Anger+1","Thunderclap+1"],"picked":"Armaments","floor":30.0},{"not_picked":["Perfected Strike+1","Clash+1","Carnage+1"],"picked":"SKIP","floor":31.0}],"player_experience":197765,"relics_obtained":[{"floor":6.0,"key":"Red Skull"},{"floor":9.0,"key":"Gremlin Horn"},{"floor":26.0,"key":"Bag of Preparation"},{"floor":29.0,"key":"Molten Egg 2"},{"floor":30.0,"key":"Ice Cream"}],"event_choices":[{"damage_healed":0.0,"max_hp_gain":0.0,"max_hp_loss":0.0,"gold_gain":0.0,"event_name":"Shining Light","player_choice":"Entered Light","floor":4.0,"gold_loss":0.0,"damage_taken":19.0,"cards_upgraded":["Strike_R","Whirlwind"]},{"damage_healed":0.0,"max_hp_gain":0.0,"max_hp_loss":0.0,"gold_gain":0.0,"event_name":"Golden Idol","player_choice":"Take Wound","floor":11.0,"gold_loss":0.0,"damage_taken":0.0,"relics_obtained":["Golden Idol"],"cards_obtained":["Injury"]},{"damage_healed":0.0,"max_hp_gain":0.0,"max_hp_loss":0.0,"gold_gain":250.0,"event_name":"The Joust","player_choice":"Bet on Owner","floor":19.0,"gold_loss":50.0,"damage_taken":0.0},{"damage_healed":0.0,"max_hp_gain":0.0,"max_hp_loss":0.0,"gold_gain":0.0,"event_name":"Lab","player_choice":"Got Potions","floor":21.0,"gold_loss":0.0,"damage_taken":0.0}],"is_beta":false,"boss_relics":[{"not_picked":["Black Star","Philosopher\u0027s Stone"],"picked":"Sozu"}],"items_purged_floors":[14,20],"is_endless":false,"potions_floor_spawned":[1,2,8,16,24,30],"killed_by":"Champ","ascension_level":0}}