{"host":"f6f8cjhjgha9mpdq","time":1610292470,"event":{"mods":["BaseMod","Minty Spire (QoL Compilation)","Permanent Neow","StSLib","SuperFastMode"],"gold_per_floor":[116,132,112,124,142,142,171,171,171,190,190,200,227,243,243,317,317,333,23,42,59,79,79,110,110,186,186,186,213,98,130,130,209,209,222,222,222,67,79,109,461,495,495,244,258,258,258,285,285,285,285,285,8,43,43],"floor_reached":56,"playtime":3944,"items_purged":["LessonLearned+1","LessonLearned+1"],"score":2575,"play_id":"81be712e-057f-44f9-99fb-1d86d84f582f","local_time":"20210111002750","is_ascension_mode":true,"campfire_choices":[{"data":"Scrawl","floor":6.0,"key":"SMITH"},{"data":"Adaptation","floor":8.0,"key":"SMITH"},{"floor":11.0,"key":"REST"},{"floor":15.0,"key":"REST"},{"floor":23.0,"key":"RECALL"},{"floor":25,"key":"REST"},{"floor":28,"key":"REST"},{"data":"Vault","floor":32,"key":"SMITH"},{"floor":47,"key":"REST"},{"floor":49,"key":"REST"},{"floor":52,"key":"REST"}],"circlet_count":0,"master_deck":["AscendersBane","Eruption+1","Vigilance+1","WaveOfTheHand+1","EmptyMind+1","Study+1","Adaptation+1","Scrawl+1","Meditate+1","TalkToTheHand+1","Halt+1","InnerPeace+1","MentalFortress+1","Scrawl+1","Adaptation+1","Vault+1","Madness+1","Deep Breath+1","Indignation+1","Vault+1","Fasting2"],"relics":["Pandora\u0027s Box","Lizard Tail","Yang","Shuriken","SacredBark","Calipers","Damaru","TungstenRod","Meat on the Bone","Philosopher\u0027s Stone","OrangePellets","Thread and Needle","Old Coin","Bird Faced Urn","Gambling Chip","DollysMirror","InkBottle","Lee\u0027s Waffle","Kunai"],"acts_visited":["Exordium","TheCity","TheBeyond","TheEnding"],"potions_floor_usage":[55,55],"damage_taken":[{"damage":5.0,"enemies":"Cultist","floor":1.0,"turns":6.0},{"damage":12.0,"enemies":"Jaw Worm","floor":2.0,"turns":5.0},{"damage":18.0,"enemies":"Small Slimes","floor":4.0,"turns":3.0},{"damage":0.0,"enemies":"3 Louse","floor":5.0,"turns":1.0},{"damage":0.0,"enemies":"Gremlin Nob","floor":7.0,"turns":2.0},{"damage":3.0,"enemies":"2 Fungi Beasts","floor":10.0,"turns":3.0},{"damage":0.0,"enemies":"Looter","floor":12.0,"turns":2.0},{"damage":6.0,"enemies":"3 Sentries","floor":13.0,"turns":4.0},{"damage":0.0,"enemies":"3 Louse","floor":14.0,"turns":2.0},{"damage":0.0,"enemies":"The Guardian","floor":16.0,"turns":4.0},{"damage":0.0,"enemies":"Shell Parasite","floor":18.0,"turns":3.0},{"damage":0.0,"enemies":"3 Byrds","floor":20.0,"turns":3.0},{"damage":4.0,"enemies":"Centurion and Healer","floor":21.0,"turns":4.0},{"damage":0.0,"enemies":"Sentry and Sphere","floor":22.0,"turns":3.0},{"damage":14,"enemies":"Book of Stabbing","floor":24,"turns":5},{"damage":33,"enemies":"Slavers","floor":29,"turns":7},{"damage":0,"enemies":"Book of Stabbing","floor":31,"turns":3},{"damage":7,"enemies":"Champ","floor":33,"turns":4},{"damage":0,"enemies":"3 Darklings","floor":35,"turns":3},{"damage":0,"enemies":"Orb Walker","floor":39,"turns":4},{"damage":0,"enemies":"Giant Head","floor":40,"turns":4},{"damage":0,"enemies":"2 Orb Walkers","floor":41,"turns":4},{"damage":0,"enemies":"Nemesis","floor":42,"turns":4},{"damage":0,"enemies":"3 Darklings","floor":45,"turns":3},{"damage":0,"enemies":"Giant Head","floor":48,"turns":2},{"damage":0,"enemies":"Awakened One","floor":50,"turns":4},{"damage":0,"enemies":"Shield and Spear","floor":54,"turns":4},{"damage":0,"enemies":"The Heart","floor":55,"turns":6}],"seed_played":"351679410349205484","potions_obtained":[{"floor":3.0,"key":"Ambrosia"},{"floor":4.0,"key":"BottledMiracle"},{"floor":7.0,"key":"LiquidBronze"},{"floor":13.0,"key":"DuplicationPotion"},{"floor":20.0,"key":"Ancient Potion"},{"floor":41,"key":"ColorlessPotion"}],"is_trial":false,"path_per_floor":["M","M","?","M","M","R","E","R","T","M","R","M","E","M","R","B",null,"M","$","M","M","M","R","E","R","T","?","R","E","$","E","R","B",null,"M","?","?","$","M","E","?","E","T","$","M","?","R","E","R","B",null,"R","$","E","B",null],"character_chosen":"WATCHER","items_purchased":["Calipers","Adaptation","OrangePellets","DollysMirror","Lee\u0027s Waffle","Swift Potion","Fasting2"],"campfire_rested":7,"item_purchase_floors":[19,30,38,44,53,53,53],"current_hp_per_floor":[56,44,44,26,26,26,26,26,26,23,43,43,37,37,57,57,65,65,65,65,61,61,61,47,67,67,55,73,40,40,40,40,45,66,66,57,57,57,57,57,57,57,57,57,65,65,73,73,73,73,73,73,80,80,80],"gold":43,"neow_bonus":"BOSS_RELIC","is_daily":false,"chose_seed":false,"campfire_upgraded":3,"win_rate":0.0,"timestamp":1610292470,"path_taken":["M","M","?","M","M","R","E","R","T","?","R","M","E","M","R","BOSS","M","$","M","M","M","R","E","R","T","?","R","E","$","E","R","BOSS","M","?","?","$","M","E","?","E","T","$","M","?","R","E","R","BOSS","R","$","E","BOSS"],"items_purchased_type":["Relic","Card","Relic","Relic","Relic","Potion","Card"],"build_version":"2020-12-22","purchased_purges":2,"victory":true,"max_hp_per_floor":[68,68,68,68,68,68,68,68,68,68,68,68,68,68,68,68,68,68,68,68,68,68,68,68,68,68,73,73,73,73,73,73,73,73,73,73,73,73,73,73,73,73,73,73,73,73,73,73,73,73,73,73,80,80,80],"card_choices":[{"not_picked":["ClearTheMind","Pray","SashWhip"],"picked":"SKIP","floor":1.0},{"not_picked":["CutThroughFate","CrushJoints"],"picked":"FlurryOfBlows","floor":2.0},{"not_picked":["Consecrate","ClearTheMind"],"picked":"TalkToTheHand","floor":4.0},{"not_picked":["EmptyBody","FlyingSleeves"],"picked":"Halt","floor":5.0},{"not_picked":["LessonLearned","SandsOfTime","LikeWater"],"picked":"SKIP","floor":7.0},{"not_picked":["Prostrate","FollowUp","EmptyBody"],"picked":"SKIP","floor":10.0},{"not_picked":["Indignation","JustLucky","Halt"],"picked":"SKIP","floor":12.0},{"not_picked":["Sanctity","CrushJoints"],"picked":"InnerPeace","floor":13.0},{"not_picked":["EmptyBody","CrushJoints","Sanctity"],"picked":"SKIP","floor":14.0},{"not_picked":["Crescendo","FlyingSleeves","FlurryOfBlows"],"picked":"SKIP","floor":18.0},{"not_picked":["FollowUp","DeceiveReality","Tantrum"],"picked":"SKIP","floor":20.0},{"not_picked":["Weave","Halt","FlyingSleeves"],"picked":"SKIP","floor":21.0},{"not_picked":["ClearTheMind+1","JustLucky","Protect"],"picked":"SKIP","floor":22.0},{"not_picked":["EmptyBody","CutThroughFate+1"],"picked":"MentalFortress","floor":24},{"not_picked":["CutThroughFate","Prostrate"],"picked":"Scrawl","floor":29},{"not_picked":["Crescendo","FlyingSleeves"],"picked":"Vault","floor":31},{"not_picked":["ThirdEye","CutThroughFate","PathToVictory"],"picked":"SKIP","floor":35},{"not_picked":["ThirdEye","CutThroughFate","PathToVictory"],"picked":"SKIP","floor":35},{"not_picked":["Trip","Bandage Up"],"picked":"Madness","floor":36},{"not_picked":["PanicButton","Enlightenment"],"picked":"Deep Breath","floor":36},{"not_picked":["FlyingSleeves","Study","Indignation+1"],"picked":"SKIP","floor":39},{"not_picked":["FlyingSleeves","Study"],"picked":"Indignation+1","floor":39},{"not_picked":["Wallop","ThirdEye","Prostrate"],"picked":"SKIP","floor":40},{"not_picked":["SashWhip","Ragnarok","EmptyFist"],"picked":"SKIP","floor":42},{"not_picked":["SashWhip","WreathOfFlame+1","EmptyBody+1"],"picked":"SKIP","floor":45},{"not_picked":["Consecrate","JustLucky","MasterReality"],"picked":"SKIP","floor":48},{"not_picked":["LikeWater+1","FlurryOfBlows","ForeignInfluence"],"picked":"SKIP","floor":54}],"player_experience":548147,"relics_obtained":[{"floor":7.0,"key":"Lizard Tail"},{"floor":9.0,"key":"Yang"},{"floor":13.0,"key":"Shuriken"},{"floor":24,"key":"Damaru"},{"floor":29,"key":"TungstenRod"},{"floor":31,"key":"Meat on the Bone"},{"floor":40,"key":"Thread and Needle"},{"floor":41,"key":"Old Coin"},{"floor":42,"key":"Bird Faced Urn"},{"floor":43,"key":"Gambling Chip"},{"floor":48,"key":"InkBottle"},{"floor":54,"key":"Kunai"}],"event_choices":[{"damage_healed":0.0,"max_hp_gain":0.0,"max_hp_loss":0.0,"gold_gain":0.0,"event_name":"The Woman in Blue","player_choice":"Bought 1 Potion","floor":3.0,"gold_loss":0.0,"damage_taken":0.0},{"damage_healed":0,"gold_gain":0,"player_choice":"Shed Blood","damage_taken":17,"max_hp_gain":5,"max_hp_loss":0,"event_name":"Forgotten Altar","floor":27,"gold_loss":0},{"damage_healed":0,"gold_gain":0,"player_choice":"Memory 3","damage_taken":10,"max_hp_gain":0,"max_hp_loss":0,"event_name":"SensoryStone","floor":36,"gold_loss":0},{"damage_healed":0,"gold_gain":0,"player_choice":"Ignored","damage_taken":0,"max_hp_gain":0,"max_hp_loss":0,"event_name":"Tomb of Lord Red Mask","floor":37,"gold_loss":0},{"damage_healed":0,"gold_gain":0,"player_choice":"Fight","damage_taken":0,"max_hp_gain":0,"max_hp_loss":0,"event_name":"Mysterious Sphere","floor":41,"gold_loss":0},{"cards_removed":["FlurryOfBlows"],"damage_healed":0,"gold_gain":0,"player_choice":"Removed Attack","damage_taken":0,"max_hp_gain":0,"max_hp_loss":0,"event_name":"Falling","floor":46,"gold_loss":0}],"is_beta":false,"boss_relics":[{"not_picked":["SlaversCollar","Tiny House"],"picked":"SacredBark"},{"not_picked":["Astrolabe","Cursed Key"],"picked":"Philosopher\u0027s Stone"}],"items_purged_floors":[30,44],"is_endless":false,"potions_floor_spawned":[4,7,13,16,20,22,29,31,35,40,41,48],"ascension_level":14}}