{"host":"8rwnpls8n88jrgbg","time":1610267546,"event":{"mods":["AchievementEnabler","BaseMod","Colored Map","Colored Powertips","DeckTracker","Keyboard Shortcuts","Minty Spire (QoL Compilation)","Relic Stats","StSLib","SuperFastMode"],"gold_per_floor":[410,422,5,22,42,42,59,59,59,19,46,62,77,87,87,160,160,170,182,182,194,221,221,221],"floor_reached":23,"playtime":1364,"items_purged":[],"score":494,"play_id":"6abba214-4e77-47fd-92f4-8359b76646d6","local_time":"20210110173226","is_ascension_mode":true,"campfire_choices":[{"data":"Footwork","floor":6,"key":"SMITH"},{"data":"Blade Dance","floor":8,"key":"SMITH"},{"data":"Well Laid Plans","floor":15,"key":"SMITH"}],"circlet_count":0,"master_deck":["AscendersBane","Strike_G","Strike_G","Strike_G","Strike_G","Strike_G","Defend_G","Defend_G","Defend_G","Defend_G","Defend_G","Survivor","Neutralize","Riddle With Holes","Acrobatics","Blur","Reflex","Masterful Stab","Footwork+1","Blade Dance+1","Venomology","Well Laid Plans+1","Malaise","CurseOfTheBell","Dodge and Roll","Tactician"],"relics":["Ring of the Snake","Old Coin","Orrery","Boot","Gremlin Horn","Snake Skull","Calling Bell","Tiny Chest","InkBottle","Lizard Tail","Sundial"],"acts_visited":["Exordium","TheCity"],"potions_floor_usage":[16,16,16,16,18,18,19,21,23,23],"damage_taken":[{"damage":0,"enemies":"2 Louse","floor":1,"turns":4},{"damage":1,"enemies":"Cultist","floor":2,"turns":5},{"damage":1,"enemies":"Jaw Worm","floor":4,"turns":2},{"damage":0,"enemies":"3 Louse","floor":5,"turns":3},{"damage":10,"enemies":"2 Fungi Beasts","floor":7,"turns":4},{"damage":6,"enemies":"3 Sentries","floor":11,"turns":7},{"damage":0,"enemies":"Lots of Slimes","floor":12,"turns":1},{"damage":0,"enemies":"Looter","floor":13,"turns":3},{"damage":0,"enemies":"3 Louse","floor":14,"turns":2},{"damage":0,"enemies":"Slime Boss","floor":16,"turns":6},{"damage":0,"enemies":"Chosen","floor":18,"turns":3},{"damage":15,"enemies":"Shell Parasite","floor":19,"turns":2},{"damage":20,"enemies":"Shelled Parasite and Fungi","floor":21,"turns":9},{"damage":59,"enemies":"Slavers","floor":23,"turns":4}],"seed_played":"6168134621221529232","potions_obtained":[{"floor":1,"key":"Weak Potion"},{"floor":5,"key":"AttackPotion"},{"floor":10,"key":"EntropicBrew"},{"floor":12,"key":"PowerPotion"},{"floor":18,"key":"CunningPotion"},{"floor":19,"key":"Ancient Potion"}],"is_trial":false,"path_per_floor":["M","M","$","M","M","R","M","R","T","?","E","M","M","M","R","B",null,"M","M","T","M","T","E"],"character_chosen":"THE_SILENT","items_purchased":["Orrery","Boot","Footwork"],"campfire_rested":0,"item_purchase_floors":[3,3,3],"current_hp_per_floor":[44,43,43,42,42,42,32,32,32,32,26,26,26,26,26,26,56,56,41,41,21,21,0,0],"gold":221,"neow_bonus":"ONE_RARE_RELIC","is_daily":false,"chose_seed":false,"campfire_upgraded":3,"win_rate":0.0,"timestamp":1610267546,"path_taken":["M","M","$","M","M","R","M","R","T","?","E","?","M","M","R","BOSS","M","M","?","M","?","E"],"items_purchased_type":["Relic","Relic","Card"],"build_version":"2020-12-22","purchased_purges":0,"victory":false,"max_hp_per_floor":[66,66,66,66,66,66,66,66,66,66,66,66,66,66,66,66,66,66,66,66,66,66,66,66],"relic_stats":{"Lizard Tail":33,"Gremlin Horn":[11,11],"counters":[14,55],"Sundial":[2],"Tiny Chest":0,"Snake Skull":[10],"Boot":[226],"obtain_stats":[{"Calling Bell":17,"Lizard Tail":17,"Gremlin Horn":9,"Sundial":20,"Orrery":3,"Tiny Chest":17,"Snake Skull":11,"Boot":3,"InkBottle":17,"Ring of the Snake":0,"Old Coin":0},{"Calling Bell":10,"Lizard Tail":10,"Gremlin Horn":5,"Sundial":12,"Orrery":2,"Tiny Chest":10,"Snake Skull":6,"Boot":2,"InkBottle":10,"Ring of the Snake":0,"Old Coin":0},{"Calling Bell":37,"Lizard Tail":37,"Gremlin Horn":18,"Sundial":42,"Orrery":9,"Tiny Chest":37,"Snake Skull":25,"Boot":9,"InkBottle":37,"Ring of the Snake":0,"Old Coin":0}],"InkBottle":[8],"Ring of the Snake":[28]},"card_choices":[{"not_picked":["Escape Plan","Quick Slash"],"picked":"Riddle With Holes","floor":1},{"not_picked":["Deflect","Catalyst"],"picked":"Acrobatics","floor":2},{"not_picked":["Cloak And Dagger","Dagger Spray"],"picked":"Blur","floor":3},{"not_picked":["Phantasmal Killer","Underhanded Strike"],"picked":"Reflex","floor":3},{"not_picked":["Prepared","Deflect"],"picked":"Masterful Stab","floor":3},{"not_picked":["Bane","Prepared","Catalyst"],"picked":"SKIP","floor":4},{"not_picked":["Flechettes","Predator","Heel Hook"],"picked":"SKIP","floor":5},{"not_picked":["Terror","Infinite Blades"],"picked":"Blade Dance","floor":7},{"not_picked":["Unload","Backflip"],"picked":"Venomology","floor":11},{"not_picked":["Deflect","Cloak And Dagger"],"picked":"Well Laid Plans","floor":12},{"not_picked":["Infinite Blades","Well Laid Plans","Bane"],"picked":"SKIP","floor":13},{"not_picked":["Underhanded Strike","Infinite Blades","Masterful Stab"],"picked":"SKIP","floor":14},{"not_picked":["Unload","Tools of the Trade"],"picked":"Malaise","floor":16},{"not_picked":["Leg Sweep","Dagger Throw"],"picked":"Dodge and Roll","floor":18},{"not_picked":["Accuracy","Eviscerate","Heel Hook+1"],"picked":"SKIP","floor":19},{"not_picked":["Skewer","Distraction"],"picked":"Tactician","floor":21}],"player_experience":1493696,"relics_obtained":[{"floor":9,"key":"Gremlin Horn"},{"floor":11,"key":"Snake Skull"},{"floor":17,"key":"Tiny Chest"},{"floor":17,"key":"InkBottle"},{"floor":17,"key":"Lizard Tail"},{"floor":20,"key":"Sundial"}],"event_choices":[{"damage_healed":0,"gold_gain":0,"player_choice":"Bought 3 Potions","damage_taken":0,"max_hp_gain":0,"max_hp_loss":0,"event_name":"The Woman in Blue","floor":10,"gold_loss":0}],"is_beta":false,"boss_relics":[{"not_picked":["Runic Dome","Black Star"],"picked":"Calling Bell"}],"items_purged_floors":[],"is_endless":false,"potions_floor_spawned":[1,5,11,12,14,18,19],"killed_by":"Slavers","ascension_level":20}}