{"host":"sav7uxregyirlf69","time":1610265476,"event":{"mods":["AchievementEnabler","BaseMod","Colored Map","DeckTracker","Keyboard Shortcuts","Minty Spire (QoL Compilation)","READ ME - Guardian Mod","StSLib","SuperFastMode"],"gold_per_floor":[15,30,46,63,81,101,101,135,135,152,167,167,167,179,179,179,179],"floor_reached":16,"playtime":402,"items_purged":[],"score":162,"play_id":"ccb60fe2-5295-439e-a14d-63db0a41c790","local_time":"20210110165756","is_ascension_mode":true,"campfire_choices":[{"floor":7,"key":"REST"},{"floor":15,"key":"REST"}],"circlet_count":0,"master_deck":["AscendersBane","Strike_G","Strike_G","Strike_G","Strike_G","Defend_G","Defend_G","Defend_G","Defend_G","Defend_G","Survivor","Neutralize","Grand Finale","Dagger Throw","Prepared","Reflex","Backflip","Terror"],"relics":["Ring of the Snake","Darkstone Periapt","Paper Crane"],"acts_visited":["Exordium"],"potions_floor_usage":[8,14],"damage_taken":[{"damage":2,"enemies":"Cultist","floor":1,"turns":4},{"damage":0,"enemies":"2 Louse","floor":2,"turns":3},{"damage":5,"enemies":"Jaw Worm","floor":3,"turns":5},{"damage":8,"enemies":"3 Louse","floor":4,"turns":5},{"damage":9,"enemies":"2 Fungi Beasts","floor":5,"turns":3},{"damage":19,"enemies":"Large Slime","floor":6,"turns":11},{"damage":17,"enemies":"Lagavulin","floor":8,"turns":7},{"damage":1,"enemies":"Looter","floor":10,"turns":5},{"damage":2,"enemies":"2 Fungi Beasts","floor":11,"turns":5},{"damage":25,"enemies":"Gremlin Gang","floor":14,"turns":10},{"damage":0,"enemies":"Slime Boss","floor":16,"turns":3}],"seed_played":"-5443989424404251053","potions_obtained":[{"floor":3,"key":"EssenceOfSteel"},{"floor":5,"key":"SpeedPotion"},{"floor":6,"key":"Poison Potion"},{"floor":8,"key":"SkillPotion"},{"floor":14,"key":"LiquidMemories"}],"is_trial":false,"path_per_floor":["M","M","M","M","M","M","R","E","T","M","M","?","?","M","R","B"],"character_chosen":"THE_SILENT","items_purchased":[],"campfire_rested":2,"item_purchase_floors":[],"current_hp_per_floor":[61,61,56,48,39,20,41,24,24,23,21,21,26,1,23,23,23],"gold":179,"neow_bonus":"THREE_RARE_CARDS","is_daily":false,"chose_seed":false,"campfire_upgraded":0,"win_rate":0.0,"timestamp":1610265476,"path_taken":["M","M","M","?","M","M","R","E","T","M","M","?","?","M","R","BOSS"],"items_purchased_type":[],"build_version":"2020-12-22","purchased_purges":0,"victory":false,"max_hp_per_floor":[70,70,70,70,70,70,70,70,70,70,70,70,75,75,75,75,75],"card_choices":[{"not_picked":["Phantasmal Killer","Wraith Form v2"],"picked":"Grand Finale","floor":0},{"not_picked":["Outmaneuver","Predator"],"picked":"Dagger Throw","floor":1},{"not_picked":["Masterful Stab","Blade Dance","Catalyst"],"picked":"SKIP","floor":2},{"not_picked":["Dagger Throw","Escape Plan"],"picked":"Prepared","floor":3},{"not_picked":["Distraction","Slice"],"picked":"Reflex","floor":4},{"not_picked":["Leg Sweep","Bane","PiercingWail"],"picked":"SKIP","floor":5},{"not_picked":["Dash","Cloak And Dagger","Skewer"],"picked":"SKIP","floor":6},{"not_picked":["Dagger Spray","Catalyst","Flying Knee"],"picked":"SKIP","floor":8},{"not_picked":["Endless Agony","Accuracy"],"picked":"Backflip","floor":10},{"not_picked":["Caltrops","Skewer","Masterful Stab"],"picked":"SKIP","floor":11},{"not_picked":["Leg Sweep","Wraith Form v2","Poisoned Stab"],"picked":"SKIP","floor":14}],"player_experience":1229618,"relics_obtained":[{"floor":8,"key":"Darkstone Periapt"},{"floor":9,"key":"Paper Crane"}],"event_choices":[{"damage_healed":0,"gold_gain":0,"cards_transformed":["Strike_G"],"player_choice":"Change","damage_taken":0,"max_hp_gain":0,"max_hp_loss":0,"event_name":"Living Wall","floor":12,"gold_loss":0,"cards_obtained":["Terror"]},{"damage_healed":0,"gold_gain":0,"player_choice":"Donut","damage_taken":0,"max_hp_gain":5,"max_hp_loss":0,"event_name":"Big Fish","floor":13,"gold_loss":0}],"is_beta":false,"boss_relics":[],"items_purged_floors":[],"is_endless":false,"potions_floor_spawned":[3,5,6,8,14],"killed_by":"Slime Boss","ascension_level":10}}