{"host":"sc0o2qwpf9j16a4i","time":1610277851,"event":{"mods":["AchievementEnabler","BaseMod","BetterRewards","Block Reminder","Colored Map","Colored Powertips","Custom Start","Highlight Path","Minty Spire (QoL Compilation)","Relic Stats"],"gold_per_floor":[109,127,37,56,73,73,93,128,128,128,148,148,148,178,178,253,253,263,283,50,67,67,67,98,98,98,98,111,124,124,124,124],"floor_reached":31,"playtime":667,"items_purged":["Strike_P"],"score":909,"play_id":"3143cd1d-f936-4dda-a0d0-6e658b0fb1a1","local_time":"20210110132411","is_ascension_mode":true,"campfire_choices":[{"data":"Eruption","floor":6,"key":"SMITH"},{"data":"Adaptation","floor":10,"key":"SMITH"},{"floor":13,"key":"REST"},{"data":"Vigilance","floor":15,"key":"SMITH"},{"floor":23,"key":"REST"},{"floor":27,"key":"REST"}],"circlet_count":0,"master_deck":["AscendersBane","Defend_P","Defend_P","Defend_P","Eruption+1","Vigilance+1","Consecrate+1","Protect","Indignation","Adaptation+1","EmptyFist+1","FearNoEvil+1","Tantrum+1","ReachHeaven+1","Protect","ThirdEye","Ragnarok+1","Halt+1","WreathOfFlame","Bite+1","Bite+1","Bite+1","Bite+1","Bite+1","CrushJoints+1","SashWhip+1"],"relics":["PureWater","Molten Egg 2","ClockworkSouvenir","Eternal Feather","Damaru","Regal Pillow","Vajra","VioletLotus","PreservedInsect","Pantograph","Gremlin Horn"],"acts_visited":["Exordium","TheCity"],"potions_floor_usage":[7,8,14,16,31],"damage_taken":[{"damage":0,"enemies":"Cultist","floor":1,"turns":4},{"damage":2,"enemies":"Jaw Worm","floor":2,"turns":3},{"damage":0,"enemies":"2 Louse","floor":4,"turns":2},{"damage":0,"enemies":"Looter","floor":5,"turns":1},{"damage":1,"enemies":"3 Louse","floor":7,"turns":2},{"damage":9,"enemies":"3 Sentries","floor":8,"turns":5},{"damage":25,"enemies":"Exordium Wildlife","floor":11,"turns":4},{"damage":0,"enemies":"Lagavulin","floor":14,"turns":5},{"damage":0,"enemies":"Slime Boss","floor":16,"turns":2},{"damage":28,"enemies":"2 Thieves","floor":18,"turns":4},{"damage":13,"enemies":"Shell Parasite","floor":19,"turns":3},{"damage":7,"enemies":"3 Cultists","floor":21,"turns":5},{"damage":44,"enemies":"Book of Stabbing","floor":24,"turns":5},{"damage":7,"enemies":"Centurion and Healer","floor":28,"turns":5},{"damage":25,"enemies":"Snecko","floor":29,"turns":4},{"damage":27,"enemies":"Snake Plant","floor":31,"turns":3}],"seed_played":"-8437680944119700393","potions_obtained":[{"floor":4,"key":"Dexterity Potion"},{"floor":5,"key":"AttackPotion"},{"floor":8,"key":"BlessingOfTheForge"},{"floor":11,"key":"SteroidPotion"},{"floor":19,"key":"Ancient Potion"},{"floor":28,"key":"Fire Potion"},{"floor":29,"key":"SkillPotion"}],"is_trial":false,"path_per_floor":["M","M","$","M","M","R","M","E","T","R","M","?","R","E","R","B",null,"M","M","$","M","?","R","E","?","T","R","M","M","?","M"],"character_chosen":"WATCHER","items_purchased":["Molten Egg 2","ClockworkSouvenir","Eternal Feather","Consecrate+1","Adaptation","PreservedInsect"],"campfire_rested":3,"item_purchase_floors":[0,0,0,0,3,20],"current_hp_per_floor":[36,34,34,34,34,43,42,33,33,42,17,17,64,64,68,68,68,40,27,27,20,20,47,12,12,12,47,43,24,24,0,0],"gold":124,"neow_bonus":"","is_daily":false,"chose_seed":false,"campfire_upgraded":3,"win_rate":0.0,"timestamp":1610277851,"path_taken":["M","M","$","?","M","R","M","E","T","R","?","?","R","E","R","BOSS","M","M","$","M","?","R","E","?","T","R","M","M","?","M"],"items_purchased_type":["Relic","Relic","Relic","Card","Card","Relic"],"build_version":"2020-12-22","purchased_purges":1,"victory":false,"max_hp_per_floor":[68,68,68,68,68,68,68,68,68,68,68,68,68,68,68,68,68,68,68,68,68,47,47,47,47,47,47,47,47,47,47,47],"relic_stats":{"Regal Pillow":21,"Gremlin Horn":[1,1],"counters":[100,449],"Pantograph":0,"Eternal Feather":64,"VioletLotus":[12],"PreservedInsect":175,"obtain_stats":[{"Ice Cream":14,"Gremlin Horn":30,"Vajra":39,"Whetstone":43,"Sling":37,"Boot":13,"Old Coin":7,"Centennial Puzzle":37,"HornCleat":22,"Strawberry":28,"Philosopher\u0027s Stone":34,"MealTicket":10,"Fusion Hammer":17,"VioletLotus":34,"Kunai":14,"Toxic Egg 2":0,"Girya":40,"Happy Flower":26,"Dead Branch":0,"Blue Candle":0,"Astrolabe":34,"Oddly Smooth Stone":39,"Eternal Feather":0,"War Paint":5,"Question Card":0,"Akabeko":10,"WarpedTongs":2,"OrangePellets":0,"SlaversCollar":17,"Shuriken":0,"MutagenicStrength":25,"Molten Egg 2":0,"Black Star":0,"StrikeDummy":26,"Meat on the Bone":0,"Regal Pillow":30,"Singing Bowl":10,"Melange":0,"Yang":24,"Incense Burner":29,"TeardropLocket":5,"Ancient Tea Set":9,"ClockworkSouvenir":30,"Dream Catcher":9,"Matryoshka":25,"Shovel":42,"Mummified Hand":7,"Pantograph":24,"Red Mask":31,"InkBottle":14,"Runic Pyramid":17,"Potion Belt":0,"Lee\u0027s Waffle":0,"Damaru":26,"PreservedInsect":14,"Omamori":7,"GoldenEye":24,"White Beast Statue":10,"Anchor":26,"CaptainsWheel":0,"Ornamental Fan":9,"HolyWater":17,"Membership Card":0,"PureWater":0},{"Ice Cream":41,"Gremlin Horn":49,"Vajra":29,"Whetstone":31,"Sling":28,"Boot":74,"Old Coin":4,"Centennial Puzzle":52,"HornCleat":61,"Strawberry":48,"Philosopher\u0027s Stone":27,"MealTicket":57,"Fusion Hammer":8,"VioletLotus":51,"Kunai":7,"Toxic Egg 2":68,"Girya":30,"Happy Flower":80,"Dead Branch":53,"Blue Candle":53,"Astrolabe":66,"Oddly Smooth Stone":29,"Eternal Feather":84,"War Paint":38,"Question Card":35,"Akabeko":57,"WarpedTongs":54,"OrangePellets":53,"SlaversCollar":60,"Shuriken":10,"MutagenicStrength":47,"Molten Egg 2":84,"Black Star":0,"StrikeDummy":61,"Meat on the Bone":53,"Regal Pillow":25,"Singing Bowl":4,"Melange":68,"Yang":80,"Incense Burner":64,"TeardropLocket":14,"Ancient Tea Set":57,"ClockworkSouvenir":25,"Dream Catcher":4,"Matryoshka":24,"Shovel":31,"Mummified Hand":4,"Pantograph":97,"Red Mask":83,"InkBottle":7,"Runic Pyramid":20,"Potion Belt":68,"Lee\u0027s Waffle":68,"Damaru":24,"PreservedInsect":59,"Omamori":72,"GoldenEye":47,"White Beast Statue":16,"Anchor":24,"CaptainsWheel":35,"Ornamental Fan":15,"HolyWater":42,"Membership Card":35,"PureWater":0},{"Ice Cream":208,"Gremlin Horn":243,"Vajra":149,"Whetstone":160,"Sling":145,"Boot":352,"Old Coin":16,"Centennial Puzzle":261,"HornCleat":300,"Strawberry":240,"Philosopher\u0027s Stone":140,"MealTicket":277,"Fusion Hammer":38,"VioletLotus":256,"Kunai":30,"Toxic Egg 2":332,"Girya":155,"Happy Flower":378,"Dead Branch":262,"Blue Candle":262,"Astrolabe":326,"Oddly Smooth Stone":149,"Eternal Feather":392,"War Paint":197,"Question Card":188,"Akabeko":277,"WarpedTongs":265,"OrangePellets":262,"SlaversCollar":296,"Shuriken":47,"MutagenicStrength":235,"Molten Egg 2":392,"Black Star":0,"StrikeDummy":300,"Meat on the Bone":262,"Regal Pillow":126,"Singing Bowl":16,"Melange":332,"Yang":378,"Incense Burner":311,"TeardropLocket":62,"Ancient Tea Set":277,"ClockworkSouvenir":126,"Dream Catcher":16,"Matryoshka":120,"Shovel":160,"Mummified Hand":16,"Pantograph":437,"Red Mask":391,"InkBottle":30,"Runic Pyramid":100,"Potion Belt":332,"Lee\u0027s Waffle":332,"Damaru":120,"PreservedInsect":286,"Omamori":344,"GoldenEye":235,"White Beast Statue":75,"Anchor":120,"CaptainsWheel":188,"Ornamental Fan":67,"HolyWater":216,"Membership Card":188,"PureWater":0}]},"card_choices":[{"not_picked":["Crescendo","Weave+1"],"picked":"Protect","floor":1},{"not_picked":["ClearTheMind","Evaluate"],"picked":"Indignation","floor":2},{"not_picked":["JustLucky+1","ThirdEye"],"picked":"EmptyFist+1","floor":4},{"not_picked":["Omniscience","SashWhip+1"],"picked":"FearNoEvil+1","floor":5},{"not_picked":["Conclude+1","Crescendo"],"picked":"Tantrum+1","floor":7},{"not_picked":["Collect","Protect"],"picked":"ReachHeaven+1","floor":8},{"not_picked":["PathToVictory","Pray"],"picked":"Protect","floor":11},{"not_picked":["Prostrate","Scrawl"],"picked":"ThirdEye","floor":14},{"not_picked":["Alpha","DeusExMachina"],"picked":"Ragnarok+1","floor":16},{"not_picked":["Collect","PathToVictory","FlyingSleeves+1"],"picked":"SKIP","floor":18},{"not_picked":["Worship","Crescendo"],"picked":"Halt+1","floor":19},{"not_picked":["Evaluate","Collect"],"picked":"WreathOfFlame","floor":21},{"not_picked":["DeceiveReality","CarveReality+1"],"picked":"CrushJoints+1","floor":24},{"not_picked":["Sanctity","Prostrate"],"picked":"SashWhip+1","floor":28},{"not_picked":["FlyingSleeves+1","JustLucky+1","Pray"],"picked":"SKIP","floor":29}],"player_experience":583473,"relics_obtained":[{"floor":8,"key":"Damaru"},{"floor":9,"key":"Regal Pillow"},{"floor":14,"key":"Vajra"},{"floor":24,"key":"Pantograph"},{"floor":26,"key":"Gremlin Horn"}],"event_choices":[{"damage_healed":0,"gold_gain":0,"player_choice":"Ignored","damage_taken":0,"max_hp_gain":0,"max_hp_loss":0,"event_name":"Shining Light","floor":12,"gold_loss":0},{"damage_healed":0,"gold_gain":0,"player_choice":"Became a vampire","damage_taken":0,"max_hp_gain":0,"max_hp_loss":21,"event_name":"Vampires","floor":22,"gold_loss":0,"cards_obtained":["Bite","Bite","Bite","Bite","Bite"]},{"damage_healed":0,"gold_gain":0,"player_choice":"Ignored","damage_taken":0,"max_hp_gain":0,"max_hp_loss":0,"event_name":"The Mausoleum","floor":25,"gold_loss":0},{"cards_removed":["Defend_P"],"damage_healed":0,"gold_gain":0,"player_choice":"Elegance","damage_taken":0,"max_hp_gain":0,"max_hp_loss":0,"event_name":"Back to Basics","floor":30,"gold_loss":0}],"is_beta":false,"boss_relics":[{"not_picked":["Runic Dome","Pandora\u0027s Box"],"picked":"VioletLotus"}],"items_purged_floors":[20],"is_endless":false,"potions_floor_spawned":[4,5,8,11,19,28,29],"killed_by":"Snake Plant","ascension_level":20}}