{"host":"ek3xvuouaw6vk9if","time":1610268645,"event":{"mods":["BaseMod","BetterRewards","Minty Spire (QoL Compilation)","Permanent Neow","Quick Restart","Relic Stats","Replay The Spire","StSLib","The Disciple"],"gold_per_floor":[110,128,148,166,91,126,126,18,44,55,55,86,86,120,120,192,192,203,110,110,126,126,126,138,171,171,182,195,145,145,162,162,234,234,250,250,268,55,55,55,55,85,85,139,150,150,163,173,173,173],"floor_reached":51,"playtime":2126,"items_purged":["Strike_G","Strike_G","Strike_G+1"],"score":1330,"play_id":"58c2c7e2-f923-48cd-8d19-5a79e8e5dc86","local_time":"20210110035045","is_ascension_mode":true,"campfire_choices":[{"data":"Eviscerate","floor":7,"key":"SMITH"},{"data":"Footwork","floor":11,"key":"SMITH"},{"data":"Reflex","floor":15,"key":"SMITH"},{"data":"ReplayTheSpireMod:Scrap Shanks","floor":23,"key":"SMITH"},{"data":"Terror","floor":32,"key":"SMITH"},{"data":"Blade Dance","floor":40,"key":"SMITH"},{"data":"Phantasmal Killer","floor":49,"key":"SMITH"}],"circlet_count":0,"master_deck":["AscendersBane","Defend_G","Defend_G+1","Defend_G","Survivor","Neutralize","Accuracy","Deflect","Deflect","Eviscerate+1","Footwork+1","Slice","Reflex+1","Backflip","Adrenaline","Venomology","Tactician+1","ReplayTheSpireMod:Scrap Shanks+1","Reflex+1","Blade Dance+1","ReplayTheSpireMod:Shiv Toss","Terror+1","Acrobatics","Phantasmal Killer+1","Flash of Steel"],"relics":["Snecko Scales","Orichalcum","Omamori","Smiling Mask","Art of War","Replay:Grab Bag","Cursed Key","Coffee Dripper","WristBlade","MutagenicStrength","Simple Rune","Replay:Drink Me","Bag of Marbles","Durian","Bottled Tornado","TungstenRod"],"acts_visited":["Exordium","TheCity","TheBeyond"],"potions_floor_usage":[24,27,31,42,47,50],"damage_taken":[{"damage":0,"enemies":"Cultist","floor":1,"turns":4},{"damage":4,"enemies":"Small Slimes","floor":2,"turns":4},{"damage":2,"enemies":"2 Louse","floor":3,"turns":3},{"damage":0,"enemies":"Blue Slaver","floor":4,"turns":5},{"damage":22,"enemies":"Gremlin Nob","floor":6,"turns":4},{"damage":0,"enemies":"Looter","floor":10,"turns":3},{"damage":0,"enemies":"Lagavulin","floor":12,"turns":5},{"damage":2,"enemies":"3 Sentries","floor":14,"turns":7},{"damage":0,"enemies":"The Guardian","floor":16,"turns":8},{"damage":0,"enemies":"2 Thieves","floor":18,"turns":4},{"damage":0,"enemies":"Shell Parasite","floor":21,"turns":2},{"damage":0,"enemies":"Sentry and Sphere","floor":24,"turns":2},{"damage":0,"enemies":"Book of Stabbing","floor":25,"turns":2},{"damage":0,"enemies":"Snake Plant","floor":27,"turns":2},{"damage":0,"enemies":"Cultist and Chosen","floor":28,"turns":2},{"damage":0,"enemies":"Centurion and Healer","floor":31,"turns":2},{"damage":0,"enemies":"Collector","floor":33,"turns":2},{"damage":0,"enemies":"Orb Walker","floor":35,"turns":2},{"damage":0,"enemies":"3 Darklings","floor":37,"turns":2},{"damage":0,"enemies":"Reptomancer","floor":42,"turns":2},{"damage":0,"enemies":"2 Orb Walkers","floor":44,"turns":1},{"damage":0,"enemies":"Sphere and 2 Shapes","floor":45,"turns":1},{"damage":0,"enemies":"Writhing Mass","floor":47,"turns":2},{"damage":0,"enemies":"Maw","floor":48,"turns":1},{"damage":0,"enemies":"Replay:Hell Engine","floor":50,"turns":3}],"seed_played":"2345957937208154407","potions_obtained":[{"floor":6,"key":"Energy Potion"},{"floor":10,"key":"SpeedPotion"},{"floor":12,"key":"Dexterity Potion"},{"floor":45,"key":"DistilledChaos"}],"is_trial":false,"path_per_floor":["M","M","M","M","?","E","R","$","T","M","R","E","?","E","R","B",null,"M","$","?","M","?","R","M","E","T","M","M","$","?","M","R","B",null,"M","?","M","$","?","R","?","E","T","?","M","?","M","M","R","B",null],"character_chosen":"THE_SILENT","items_purchased":["Footwork","Slice","ReplayTheSpireMod:Scrap Shanks","Bag of Marbles"],"campfire_rested":0,"item_purchase_floors":[8,8,19,38],"current_hp_per_floor":[59,55,53,53,53,31,31,31,31,31,31,31,31,29,29,29,57,57,57,57,57,57,57,57,57,57,57,57,57,57,57,57,57,50,50,50,50,50,50,50,50,55,55,55,55,52,52,52,52,52],"gold":173,"neow_bonus":"BOSS_RELIC","is_daily":false,"chose_seed":false,"campfire_upgraded":7,"win_rate":0.0,"timestamp":1610268645,"path_taken":["M","M","M","M","?","E","R","$","T","M","R","E","?","E","R","BOSS","M","$","?","M","?","R","M","E","T","M","M","$","?","?","R","BOSS","M","?","M","$","?","R","?","E","T","?","M","?","?","M","R","BOSS"],"items_purchased_type":["Card","Card","Card","Relic"],"build_version":"2020-12-22","purchased_purges":3,"victory":true,"max_hp_per_floor":[66,66,66,66,66,66,66,66,66,66,66,66,66,66,66,66,66,66,66,66,66,66,66,66,66,66,66,66,66,66,66,66,66,50,50,50,50,50,50,50,50,55,55,55,55,52,52,52,52,52],"relic_stats":{"counters":[25,75],"Art of War":[0],"Orichalcum":[42],"Smiling Mask":150,"Cursed Key":1,"obtain_stats":[{"Replay:Grab Bag":17,"Omamori":9,"Orichalcum":6,"Bottled Tornado":43,"Smiling Mask":12,"Cursed Key":17,"Snecko Scales":0,"WristBlade":17,"MutagenicStrength":20,"Simple Rune":25,"Art of War":14,"Coffee Dripper":17,"Bag of Marbles":38,"Durian":42,"Replay:Drink Me":34,"TungstenRod":44,"Ring of the Snake":0},{"Replay:Grab Bag":9,"Omamori":5,"Orichalcum":5,"Bottled Tornado":20,"Smiling Mask":7,"Cursed Key":9,"Snecko Scales":0,"WristBlade":9,"MutagenicStrength":10,"Simple Rune":13,"Art of War":8,"Coffee Dripper":9,"Bag of Marbles":19,"Durian":20,"Replay:Drink Me":17,"TungstenRod":21,"Ring of the Snake":0},{"Replay:Grab Bag":43,"Omamori":20,"Orichalcum":20,"Bottled Tornado":67,"Smiling Mask":28,"Cursed Key":43,"Snecko Scales":0,"WristBlade":43,"MutagenicStrength":47,"Simple Rune":53,"Art of War":35,"Coffee Dripper":43,"Bag of Marbles":65,"Durian":67,"Replay:Drink Me":61,"TungstenRod":68,"Ring of the Snake":0}],"TungstenRod":0},"card_choices":[{"not_picked":["Acrobatics","Underhanded Strike"],"picked":"Accuracy","floor":1},{"not_picked":["Dodge and Roll","ReplayTheSpireMod:Shiv Toss"],"picked":"Deflect","floor":2},{"not_picked":["Flechettes","Dagger Throw"],"picked":"Deflect","floor":3},{"not_picked":["Deflect","Draining Mist"],"picked":"Eviscerate","floor":4},{"not_picked":["Replay:Poison Smokescreen","Replay:Bag of Tricks"],"picked":"Infinite Blades","floor":6},{"not_picked":["Sucker Punch","Hidden Blade"],"picked":"Reflex","floor":10},{"not_picked":["Caltrops","Unload"],"picked":"Backflip","floor":12},{"not_picked":["Backflip","Underhanded Strike"],"picked":"Adrenaline","floor":14},{"not_picked":["Poison Darts","Doppelganger"],"picked":"Venomology","floor":16},{"not_picked":["Expertise+1","Slice"],"picked":"Tactician","floor":18},{"not_picked":["ReplayTheSpireMod:Exploit Weakness","Backflip+1"],"picked":"Reflex+1","floor":21},{"not_picked":["Poisoned Stab","Backflip"],"picked":"Blade Dance","floor":24},{"not_picked":["Envenom","ReplayTheSpireMod:Exploit Weakness"],"picked":"ReplayTheSpireMod:Shiv Toss","floor":25},{"not_picked":["Endless Agony","Skewer"],"picked":"Terror","floor":27},{"not_picked":["Hidden Blade","PiercingWail"],"picked":"Acrobatics","floor":28},{"not_picked":["Accuracy","Dodge and Roll","Sneak Up"],"picked":"SKIP","floor":31},{"not_picked":["Doppelganger","Glass Knife"],"picked":"Phantasmal Killer","floor":33},{"not_picked":["Backflip","Slice","Deadly Poison"],"picked":"SKIP","floor":35},{"not_picked":["Replay:Bootleg Shield Generator","Apotheosis"],"picked":"Flash of Steel","floor":36},{"not_picked":["Toxin Wave","Sucker Punch+1","Acrobatics"],"picked":"SKIP","floor":37},{"not_picked":["Cloak And Dagger","Outmaneuver","ReplayTheSpireMod:Tripwire+1"],"picked":"SKIP","floor":42},{"not_picked":["Bane+1","Setup+1","Sucker Punch"],"picked":"SKIP","floor":45},{"not_picked":["Distraction","Poison Darts","Masterful Stab"],"picked":"SKIP","floor":47},{"not_picked":["Deflect","Backflip","PiercingWail"],"picked":"SKIP","floor":48}],"player_experience":536009,"relics_obtained":[{"floor":6,"key":"Orichalcum"},{"floor":9,"key":"Omamori"},{"floor":12,"key":"Smiling Mask"},{"floor":14,"key":"Art of War"},{"floor":25,"key":"Simple Rune"},{"floor":42,"key":"Durian"},{"floor":43,"key":"Bottled Tornado"},{"floor":44,"key":"TungstenRod"}],"event_choices":[{"cards_removed":["Strike_G"],"damage_healed":0,"gold_gain":0,"player_choice":"Card Removal","damage_taken":0,"max_hp_gain":0,"max_hp_loss":0,"event_name":"The Cleric","floor":5,"gold_loss":75},{"damage_healed":0,"gold_gain":0,"player_choice":"Ignored","damage_taken":0,"max_hp_gain":0,"max_hp_loss":0,"event_name":"Golden Idol","floor":13,"gold_loss":0},{"damage_healed":0,"gold_gain":0,"player_choice":"Inject Mutagens","damage_taken":0,"relics_obtained":["MutagenicStrength"],"max_hp_gain":0,"max_hp_loss":0,"event_name":"Drug Dealer","floor":20,"gold_loss":0},{"damage_healed":0,"gold_gain":0,"player_choice":"Forge","damage_taken":0,"max_hp_gain":0,"max_hp_loss":0,"event_name":"Accursed Blacksmith","floor":30,"gold_loss":0,"cards_upgraded":["Tactician"]},{"damage_healed":0,"gold_gain":0,"player_choice":"Memory 1","damage_taken":0,"max_hp_gain":0,"max_hp_loss":0,"event_name":"SensoryStone","floor":36,"gold_loss":0},{"cards_removed":["Infinite Blades"],"damage_healed":0,"gold_gain":0,"player_choice":"Removed Power","damage_taken":0,"max_hp_gain":0,"max_hp_loss":0,"event_name":"Falling","floor":39,"gold_loss":0},{"damage_healed":0,"gold_gain":0,"player_choice":"Fight","damage_taken":0,"max_hp_gain":0,"max_hp_loss":0,"event_name":"Mysterious Sphere","floor":44,"gold_loss":0},{"damage_healed":0,"gold_gain":0,"player_choice":"Max HP","damage_taken":0,"max_hp_gain":0,"max_hp_loss":3,"event_name":"Winding Halls","floor":46,"gold_loss":0}],"is_beta":false,"boss_relics":[{"not_picked":["Replay:Ancient Bell","Black Star"],"picked":"Replay:Grab Bag"},{"not_picked":["Busted Crown","Fusion Hammer"],"picked":"Cursed Key"},{"not_picked":["ReplayTheSpireMod:Onyx Gauntlets","Runic Dome"],"picked":"Coffee Dripper"},{"not_picked":["Snecko Heart","Runic Pyramid"],"picked":"WristBlade"},{"not_picked":["SacredBark","Tiny House"],"picked":"Replay:Drink Me"}],"items_purged_floors":[19,29,38],"is_endless":false,"potions_floor_spawned":[6,10,12,14,18,21,24,28,37,42,44,45],"ascension_level":17}}