{"host":"knduvrfsmt572yyo","time":1610303414,"event":{"mods":["BaseMod","Bestiary","Better Skull","Better Third Choice","Colored Powertips","Minty Spire (QoL Compilation)","Puzzle Mod","Spicy Shops","StSLib","Thieving Mod"],"gold_per_floor":[115,115,140,6,6,6,0,35,35],"floor_reached":8,"playtime":288,"items_purged":[],"score":54,"play_id":"1e9e9199-cb6b-4b69-a851-8163a3937296","local_time":"20210110213014","is_ascension_mode":false,"campfire_choices":[{"data":"Shrug It Off","floor":6,"key":"SMITH"}],"circlet_count":0,"master_deck":["Strike_R","Strike_R","Strike_R","Strike_R","Strike_R","Defend_R","Defend_R","Defend_R","Defend_R","Bash","Pommel Strike","Injury","Shrug It Off+1","Enlightenment"],"relics":["Burning Blood","Golden Idol","TheAbacus","Medical Kit","Prayer Wheel"],"acts_visited":["Exordium"],"potions_floor_usage":[],"damage_taken":[{"damage":6,"enemies":"Jaw Worm","floor":1,"turns":4},{"damage":6,"enemies":"2 Louse","floor":3,"turns":2},{"damage":33,"enemies":"Gremlin Nob","floor":8,"turns":5}],"seed_played":"2690605791933441111","potions_obtained":[{"floor":3,"key":"Dexterity Potion"},{"floor":8,"key":"Dexterity Potion"}],"is_trial":false,"path_per_floor":["M","?","M","$","?","R","?","E"],"character_chosen":"IRONCLAD","items_purchased":["TheAbacus","Medical Kit"],"campfire_rested":0,"item_purchase_floors":[4,4],"current_hp_per_floor":[88,88,88,88,81,81,87,60,60],"gold":35,"neow_bonus":"TEN_PERCENT_HP_BONUS","is_daily":false,"chose_seed":false,"campfire_upgraded":1,"win_rate":0.0,"timestamp":1610303414,"path_taken":["M","?","M","$","?","R","?","E"],"items_purchased_type":["Relic","Relic"],"build_version":"2020-12-22","purchased_purges":0,"victory":false,"max_hp_per_floor":[88,88,88,88,88,88,94,94,94],"card_choices":[{"not_picked":["Clothesline","Seeing Red"],"picked":"Pommel Strike","floor":1},{"not_picked":["Carnage","Heavy Blade"],"picked":"Shrug It Off","floor":3}],"player_experience":302531,"relics_obtained":[{"floor":8,"key":"Prayer Wheel"}],"event_choices":[{"damage_healed":0,"gold_gain":0,"player_choice":"Take Wound","damage_taken":0,"relics_obtained":["Golden Idol"],"max_hp_gain":0,"max_hp_loss":0,"event_name":"Golden Idol","floor":2,"gold_loss":0,"cards_obtained":["Injury"]},{"cards_removed":["Injury"],"damage_healed":0,"gold_gain":0,"player_choice":"Card Removal","damage_taken":7,"max_hp_gain":0,"max_hp_loss":0,"event_name":"Golden Wing","floor":5,"gold_loss":0},{"damage_healed":0,"gold_gain":0,"player_choice":"RENOUNCE","damage_taken":6,"max_hp_gain":0,"max_hp_loss":0,"event_name":"betterThird:BetterSerpent","floor":7,"gold_loss":6,"cards_obtained":["Enlightenment"]}],"is_beta":false,"boss_relics":[],"items_purged_floors":[],"is_endless":false,"potions_floor_spawned":[3,8],"killed_by":"Gremlin Nob","ascension_level":0}}