{"host":"gzsdmyo07u314vug","time":1610308513,"event":{"mods":["2.2 Compatiblity","BaseMod","Downfall","GifTheSpireLib","Minty Spire (QoL Compilation)","Quick Restart","Rare Cards Sparkle","Relic Stats","Replay The Spire","Robot Space Explorer","Shop Mod","StSLib","The Bug Knight","The Construct","The Elementalist","The IronCluck","The Marked","The Servant 0.9.4","Unceasing Turn Reminder","everything is the same but u backflip on backflip","slay the spire mod where everything is the same but ironclad has a cowboy hat","vexMod"],"gold_per_floor":[99,117,136,21,38,57,57,57,103,119,119,138,138,158,173,271,271,196,214,224,439,455,473,524,550,560,573,600,600,631,649,664,759,809,659,679,691,701,720,736,736,752,82,82,82,96,96,96,114,114,114,139,18,18,18],"floor_reached":56,"playtime":5268,"items_purged":["champ:Strike","champ:Strike","champ:Strike"],"score":1312,"play_id":"7339e21d-172a-4e23-9957-2118bcdf66ab","local_time":"20210110165513","is_ascension_mode":true,"campfire_choices":[{"data":"Apotheosis","floor":1.0,"key":"SMITH"},{"data":"champ:DancingMaster","floor":8.0,"key":"SMITH"},{"floor":13.0,"key":"RECALL"},{"data":"champ:DancingMaster","floor":18.0,"key":"SMITH"},{"data":"champ:CrownThrow","floor":35.0,"key":"SMITH"},{"data":"champ:CheapShot","floor":47.0,"key":"SMITH"},{"floor":54.0,"key":"REST"}],"circlet_count":0,"master_deck":["champ:Strike","champ:Defend+1","champ:Defend","champ:Defend","champ:Defend","champ:Execute","Apotheosis+1","champ:GladiatorsShout","champ:BringItOn","champ:DancingMaster+1","champ:GutPunch","champ:Backstep","champ:PreciseThrust","champ:FanOfKnives","champ:Control","champ:GutPunch+1","champ:Backstep","champ:AdrenalArmor","champ:DancingMaster+1","champ:CheapShot+1","champ:FaceSlap+1","champ:FaceSlap+1","champ:FlashCut+1","champ:GladiatorsShout+1","champ:CrownThrow+1","champ:BringItOn+1","champ:Aggression","champ:SwordThrow","expansioncontent:CaCaw"],"relics":["champ:ChampionCrown","Quantum Egg","Sundial","vexMod:TanglingVine","downfall:HeartBlessingRed","Red Mask","White Beast Statue","vexMod:MemoryStick","Tiny House","downfall:HeartBlessingBlue","downfall:HeartBlessingGreen","Letter Opener","Thread and Needle","Ancient Tea Set","Pet Ghost"],"acts_visited":["Exordium","TheCity","TheBeyond","TheEnding"],"potions_floor_usage":[55,55,55],"damage_taken":[{"damage":0.0,"enemies":"Cultist","floor":2.0,"turns":4.0},{"damage":1.0,"enemies":"Small Slimes","floor":3.0,"turns":4.0},{"damage":5.0,"enemies":"downfall:FleeingMerchant","floor":4.0,"turns":4.0},{"damage":10.0,"enemies":"2 Louse","floor":5.0,"turns":2.0},{"damage":5.0,"enemies":"2 Fungi Beasts","floor":6.0,"turns":5.0},{"damage":10.0,"enemies":"Red Slaver","floor":10.0,"turns":3.0},{"damage":13.0,"enemies":"Blue Slaver","floor":12.0,"turns":2.0},{"damage":15.0,"enemies":"Exordium Wildlife","floor":14.0,"turns":3.0},{"damage":15.0,"enemies":"Blue Slaver","floor":15.0,"turns":3.0},{"damage":39.0,"enemies":"downfall:Ironclad","floor":16.0,"turns":11.0},{"damage":9.0,"enemies":"Chosen","floor":19.0,"turns":4.0},{"damage":5.0,"enemies":"Shelled Parasite and Fungi","floor":20.0,"turns":5.0},{"damage":35.0,"enemies":"downfall:FleeingMerchant","floor":21.0,"turns":5.0},{"damage":16.0,"enemies":"3 Cultists","floor":22.0,"turns":5.0},{"damage":25.0,"enemies":"Cultist and Chosen","floor":23.0,"turns":5.0},{"damage":10.0,"enemies":"Masked Bandits","floor":25.0,"turns":2.0},{"damage":26.0,"enemies":"Snecko","floor":26.0,"turns":4.0},{"damage":27.0,"enemies":"Shelled Parasite and Fungi","floor":27.0,"turns":3.0},{"damage":29.0,"enemies":"Replay:Snechameleon","floor":28.0,"turns":4.0},{"damage":27.0,"enemies":"HollowMod:Nosk","floor":30.0,"turns":5.0},{"damage":14.0,"enemies":"Cultist and Chosen","floor":31.0,"turns":4.0},{"damage":13.0,"enemies":"Sentry and Sphere","floor":32.0,"turns":3.0},{"damage":27.0,"enemies":"downfall:Silent","floor":33.0,"turns":7.0},{"damage":20.0,"enemies":"3 Darklings","floor":36.0,"turns":5.0},{"damage":5.0,"enemies":"3 Shapes","floor":37.0,"turns":4.0},{"damage":32.0,"enemies":"Transient","floor":38.0,"turns":5.0},{"damage":38.0,"enemies":"Writhing Mass","floor":39.0,"turns":4.0},{"damage":18.0,"enemies":"4 Shapes","floor":40.0,"turns":7.0},{"damage":48.0,"enemies":"3 Darklings","floor":42.0,"turns":5.0},{"damage":19.0,"enemies":"4 Shapes","floor":46.0,"turns":5.0},{"damage":10.0,"enemies":"Spire Growth","floor":49.0,"turns":3.0},{"damage":62.0,"enemies":"downfall:Watcher","floor":50.0,"turns":4.0},{"damage":64.0,"enemies":"downfall:CharBossMerchant","floor":52.0,"turns":6.0},{"damage":103,"enemies":"downfall:NeowBoss","floor":55,"turns":17}],"seed_played":"8168775769701854123","potions_obtained":[{"floor":2.0,"key":"EssenceOfSteel"},{"floor":10.0,"key":"Energy Potion"},{"floor":12.0,"key":"BlessingOfTheForge"},{"floor":14.0,"key":"Adrenaline Potion"},{"floor":20.0,"key":"Elixir"},{"floor":22.0,"key":"Reflective Coating"},{"floor":29.0,"key":"Adrenaline Potion"},{"floor":29.0,"key":"Swift Potion"},{"floor":29.0,"key":"BlessingOfTheForge"},{"floor":30.0,"key":"Cursed Concoction"},{"floor":31.0,"key":"LifebloodPotion"},{"floor":33.0,"key":"Toxic Potion"},{"floor":34.0,"key":"Flashbang"},{"floor":36.0,"key":"LiquidMemories"},{"floor":37.0,"key":"Swift Potion"},{"floor":38.0,"key":"Explosive Potion"},{"floor":39.0,"key":"Adrenaline Potion"},{"floor":40.0,"key":"Explosive Potion"},{"floor":42.0,"key":"Ancient Potion"},{"floor":49.0,"key":"FearPotion"},{"floor":52.0,"key":"champ:OpenerPotion"}],"is_trial":false,"path_per_floor":["R","M","M","$","M","M","T","R","?","M","?","M","R","M","M","B",null,"R","M","M","$","M","M","T","?","M","M","E","?","E","M","M","B",null,"R","M","M","M","M","M","T","M","$","?","?","M","R","?","M","B",null,"E","$","R","B",null],"character_chosen":"THE_CHAMP","items_purchased":["champ:GutPunch","Thread and Needle","Ancient Tea Set","Slimebound:ThreeZeroPotion","EssenceOfSteel","PowerPotion"],"campfire_rested":1,"item_purchase_floors":[4,43,43,43,53,53],"current_hp_per_floor":[81,81,80,80,80,78,78,78,58,58,58,58,58,58,57,54,81,81,81,78,76,68,61,61,61,45,45,34,34,34,34,32,29,86,96,96,96,88,86,74,74,38,38,38,84,84,84,84,84,84,84,34,34,59,11],"gold":18,"neow_bonus":"RANDOM_COLORLESS_2","is_daily":false,"chose_seed":false,"campfire_upgraded":5,"win_rate":0.0,"timestamp":1610308513,"path_taken":["R","M","M","$","?","M","T","R","?","M","?","M","R","M","M","BOSS","R","M","M","$","M","M","T","?","M","M","E","?","E","M","M","BOSS","R","M","M","M","?","M","T","M","$","?","?","M","R","?","M","BOSS","E","$","R","BOSS"],"items_purchased_type":["Card","Relic","Relic","Potion","Potion","Potion"],"build_version":"2020-12-22","purchased_purges":3,"victory":true,"max_hp_per_floor":[81,81,81,81,81,81,81,81,81,81,81,81,81,81,81,81,81,81,81,81,81,81,81,81,81,81,81,81,81,81,81,81,81,86,96,96,96,96,96,96,96,96,96,96,84,84,84,84,84,84,84,84,84,84,84],"relic_stats":{"counters":[34,162],"Sundial":[14],"Letter Opener":[125],"obtain_stats":[{"vexMod:MemoryStick":30,"Tiny House":34,"downfall:HeartBlessingRed":18,"Quantum Egg":7,"champ:ChampionCrown":0,"downfall:HeartBlessingGreen":35,"Thread and Needle":43,"vexMod:TanglingVine":17,"Letter Opener":41,"Ancient Tea Set":43,"White Beast Statue":28,"Pet Ghost":52,"Sundial":9,"downfall:HeartBlessingBlue":35,"Red Mask":25},{"vexMod:MemoryStick":20,"Tiny House":23,"downfall:HeartBlessingRed":10,"Quantum Egg":5,"champ:ChampionCrown":0,"downfall:HeartBlessingGreen":23,"Thread and Needle":29,"vexMod:TanglingVine":10,"Letter Opener":28,"Ancient Tea Set":29,"White Beast Statue":19,"Pet Ghost":33,"Sundial":5,"downfall:HeartBlessingBlue":23,"Red Mask":16},{"vexMod:MemoryStick":83,"Tiny House":97,"downfall:HeartBlessingRed":41,"Quantum Egg":19,"champ:ChampionCrown":0,"downfall:HeartBlessingGreen":97,"Thread and Needle":127,"vexMod:TanglingVine":41,"Letter Opener":122,"Ancient Tea Set":127,"White Beast Statue":78,"Pet Ghost":145,"Sundial":19,"downfall:HeartBlessingBlue":97,"Red Mask":67}]},"card_choices":[{"not_picked":["Thinking Ahead","Secret Weapon"],"picked":"Apotheosis","floor":0.0},{"not_picked":["champ:FlashCut","champ:RapidStrikes"],"picked":"champ:GladiatorsShout","floor":2.0},{"not_picked":["champ:FocusedBerserking","champ:IronFortress"],"picked":"champ:BringItOn","floor":3.0},{"not_picked":["champ:BladeFlurry","champ:BerserkersShout"],"picked":"champ:DancingMaster","floor":4.0},{"not_picked":["champ:FocusedBerserking","champ:FocusedGladiator"],"picked":"champ:Backstep","floor":5.0},{"not_picked":["champ:RageSigil","champ:ShieldSigil"],"picked":"champ:PreciseThrust","floor":6.0},{"not_picked":["champ:FocusedGladiator","champ:BringItOn"],"picked":"champ:FanOfKnives","floor":9.0},{"not_picked":["champ:IronFortress","champ:ShieldSigil"],"picked":"champ:Control","floor":10.0},{"not_picked":["champ:ShieldSigil","champ:BladeFlurry"],"picked":"champ:Backstep","floor":12.0},{"not_picked":["champ:BladeFlurry","champ:FocusedBerserking"],"picked":"champ:AdrenalArmor","floor":14.0},{"not_picked":["champ:ShieldWall","champ:AdrenalArmor"],"picked":"champ:DancingMaster","floor":15.0},{"not_picked":["champ:HoldFirm","champ:LastStand"],"picked":"champ:CheapShot","floor":16.0},{"not_picked":["champ:BerserkersShout","champ:ShieldSigil","champ:BerserkerStyle"],"picked":"SKIP","floor":19.0},{"not_picked":["champ:FanOfKnives","champ:GladiatorStyle+1"],"picked":"champ:FaceSlap+1","floor":20.0},{"not_picked":["champ:RageSigil","champ:CrownThrow"],"picked":"champ:FaceSlap+1","floor":21.0},{"not_picked":["champ:BerserkerStyle","champ:FalseCounter","champ:FocusedBerserking"],"picked":"SKIP","floor":22.0},{"not_picked":["champ:Backstep","champ:AdrenalArmor"],"picked":"champ:FlashCut+1","floor":23.0},{"not_picked":["champ:FocusedBerserking","champ:RisingSlash+1","champ:Lariat"],"picked":"SKIP","floor":26.0},{"not_picked":["champ:SwordSigil+1","champ:EnGarde+1","champ:CrookedStrike"],"picked":"SKIP","floor":27.0},{"not_picked":["champ:GladiatorStyle+1","champ:ArenaPreparation","champ:DefensiveShout+1"],"picked":"SKIP","floor":28.0},{"not_picked":["champ:Backstep","champ:FanOfKnives+1","champ:LastStand"],"picked":"SKIP","floor":30.0},{"not_picked":["champ:ShieldSigil","champ:FocusedGladiator"],"picked":"champ:GladiatorsShout+1","floor":31.0},{"not_picked":["champ:ShieldWall","champ:StanceDance","champ:EnragedBash"],"picked":"SKIP","floor":32.0},{"not_picked":["champ:CheapShot","champ:PerfectForm"],"picked":"champ:CrownThrow","floor":33.0},{"not_picked":["champ:PerfectedStrike","champ:Riposte"],"picked":"champ:BringItOn+1","floor":34.0},{"not_picked":["champ:PerfectedStrike","champ:StanceDance+1","champ:GladiatorsShout"],"picked":"SKIP","floor":36.0},{"not_picked":["champ:FanOfKnives+1","champ:CrookedStrike+1"],"picked":"champ:Aggression","floor":37.0},{"not_picked":["champ:EnragedBash","champ:DefensiveShout","champ:FlashCut+1"],"picked":"SKIP","floor":38.0},{"not_picked":["champ:FlashCut","champ:RageSigil+1"],"picked":"champ:SwordThrow","floor":39.0},{"not_picked":["champ:Haymaker","champ:FightOn","champ:DeathBlow+1"],"picked":"SKIP","floor":40.0},{"not_picked":["champ:SwordSigil","champ:PerfectedStrike","champ:Control+1"],"picked":"SKIP","floor":42.0},{"not_picked":["champ:PerfectedStrike+1","champ:RageSigil","champ:TornadoPunch+1"],"picked":"SKIP","floor":46.0},{"not_picked":["expansioncontent:LastStand","Replay:SS_fish_2"],"picked":"expansioncontent:CaCaw","floor":48.0},{"not_picked":["champ:GladiatorsShout","champ:BringItOn","champ:ShieldSlam"],"picked":"SKIP","floor":49.0},{"not_picked":["champ:RageSigil+1","champ:Aggression+1","champ:AdrenalArmor"],"picked":"SKIP","floor":52.0}],"player_experience":697464,"relics_obtained":[{"floor":7.0,"key":"Quantum Egg"},{"floor":9.0,"key":"Sundial"},{"floor":25.0,"key":"Red Mask"},{"floor":28.0,"key":"White Beast Statue"},{"floor":30.0,"key":"vexMod:MemoryStick"},{"floor":41.0,"key":"Letter Opener"},{"floor":52.0,"key":"Pet Ghost"}],"event_choices":[{"damage_healed":0.0,"max_hp_gain":0.0,"max_hp_loss":0.0,"gold_gain":0.0,"event_name":"Masked Bandits","player_choice":"Fought Bandits","floor":25.0,"gold_loss":0.0,"damage_taken":0.0},{"damage_healed":0.0,"max_hp_gain":0.0,"max_hp_loss":0.0,"gold_gain":0.0,"event_name":"Lab","player_choice":"Got Potions","floor":29.0,"gold_loss":0.0,"damage_taken":0.0}],"is_beta":false,"boss_relics":[{"not_picked":["Replay:Bronze Core","Astrolabe"],"picked":"vexMod:TanglingVine"},{"not_picked":["ChewingGum","Velvet Choker"],"picked":"Tiny House"}],"items_purged_floors":[4,21,43],"is_endless":false,"potions_floor_spawned":[2,10,12,14,15,20,22,23,26,30,31,32,33,36,37,38,39,40,42,46,49,52],"ascension_level":2}}