{"host":"b995t17pt6d05w8c","time":1610275475,"event":{"mods":["AchievementEnabler","BaseMod","Colored Map","Minty Spire (QoL Compilation)","SuperFastMode"],"gold_per_floor":[110,123,123,144,144,144,173,123,146,1,25,25,43,61,61,160,160,175,175,133,159,175,175,191,191,191,211,222,236,59,81,81,180,180,203,140,158,158,158,158,158,168,168,168,178,178,192,208,208,208],"floor_reached":51,"playtime":1459,"items_purged":["Strike_P","Defend_P","Strike_P"],"score":1103,"play_id":"625c74d4-ed6c-47d9-96cd-480947bc6ff6","local_time":"20210110194435","is_ascension_mode":true,"campfire_choices":[{"data":"Eruption","floor":6.0,"key":"SMITH"},{"floor":12.0,"key":"REST"},{"data":"SandsOfTime","floor":15.0,"key":"SMITH"},{"data":"ClearTheMind","floor":23.0,"key":"SMITH"},{"floor":25.0,"key":"REST"},{"data":"Halt","floor":32.0,"key":"SMITH"},{"floor":40.0,"key":"REST"},{"data":"InnerPeace","floor":46.0,"key":"SMITH"},{"floor":49,"key":"REST"}],"circlet_count":0,"master_deck":["AscendersBane","Defend_P","Eruption+1","Vigilance","Wallop","MentalFortress+1","Crescendo","SandsOfTime+1","Halt+1","ClearTheMind+1","ClearTheMind+1","InnerPeace+1"],"relics":["PureWater","CeramicFish","Blood Vial","Membership Card","Cursed Key","Yang","VioletLotus"],"acts_visited":["Exordium","TheCity","TheBeyond"],"potions_floor_usage":[50,50],"damage_taken":[{"damage":5.0,"enemies":"Small Slimes","floor":1.0,"turns":4.0},{"damage":2.0,"enemies":"Cultist","floor":2.0,"turns":4.0},{"damage":0.0,"enemies":"2 Louse","floor":4.0,"turns":2.0},{"damage":21.0,"enemies":"Exordium Wildlife","floor":7.0,"turns":8.0},{"damage":2.0,"enemies":"Blue Slaver","floor":11.0,"turns":4.0},{"damage":4.0,"enemies":"Exordium Thugs","floor":13.0,"turns":2.0},{"damage":6.0,"enemies":"Looter","floor":14.0,"turns":2.0},{"damage":0.0,"enemies":"Slime Boss","floor":16.0,"turns":5.0},{"damage":22.0,"enemies":"2 Thieves","floor":18.0,"turns":4.0},{"damage":11.0,"enemies":"3 Byrds","floor":21.0,"turns":6.0},{"damage":0.0,"enemies":"Snecko","floor":22.0,"turns":5.0},{"damage":15.0,"enemies":"Shelled Parasite and Fungi","floor":24.0,"turns":4.0},{"damage":0.0,"enemies":"Cultist and Chosen","floor":27.0,"turns":6.0},{"damage":7.0,"enemies":"3 Cultists","floor":28.0,"turns":4.0},{"damage":0.0,"enemies":"Snake Plant","floor":29.0,"turns":2.0},{"damage":3.0,"enemies":"Snecko","floor":31.0,"turns":3.0},{"damage":23.0,"enemies":"Champ","floor":33.0,"turns":9.0},{"damage":35.0,"enemies":"3 Darklings","floor":35.0,"turns":6.0},{"damage":4.0,"enemies":"Orb Walker","floor":37.0,"turns":3.0},{"damage":9.0,"enemies":"Spire Growth","floor":42.0,"turns":4.0},{"damage":0.0,"enemies":"Transient","floor":45.0,"turns":5.0},{"damage":0,"enemies":"Sphere and 2 Shapes","floor":47,"turns":6},{"damage":0,"enemies":"Maw","floor":48,"turns":6},{"damage":30,"enemies":"Time Eater","floor":50,"turns":16}],"seed_played":"4927610139903756772","potions_obtained":[{"floor":1.0,"key":"Strength Potion"},{"floor":11.0,"key":"Swift Potion"},{"floor":13.0,"key":"Strength Potion"},{"floor":21.0,"key":"Ancient Potion"},{"floor":22.0,"key":"DistilledChaos"},{"floor":28.0,"key":"Dexterity Potion"},{"floor":35.0,"key":"ColorlessPotion"},{"floor":37.0,"key":"PowerPotion"},{"floor":45.0,"key":"Swift Potion"}],"is_trial":false,"path_per_floor":["M","M","?","M","?","R","M","?","T","$","M","R","M","M","R","B",null,"M","?","$","M","M","R","M","R","T","M","M","M","$","M","R","B",null,"M","$","M","?","?","R","T","M","T","?","M","R","M","M","R","B",null],"character_chosen":"WATCHER","items_purchased":["Membership Card","Halt","Yang"],"campfire_rested":4,"item_purchase_floors":[10,20,30],"current_hp_per_floor":[60,58,58,58,44,44,23,23,23,23,23,44,42,38,38,40,64,44,44,44,35,37,37,24,45,45,47,42,44,44,43,43,22,60,27,27,25,25,25,45,45,38,38,38,40,40,42,44,64,36],"gold":208,"neow_bonus":"REMOVE_CARD","is_daily":false,"chose_seed":false,"campfire_upgraded":5,"win_rate":0.0,"timestamp":1610275475,"path_taken":["M","M","?","?","?","R","M","?","T","?","M","R","M","M","R","BOSS","M","?","$","?","M","R","M","R","T","M","M","M","$","M","R","BOSS","M","$","M","?","?","R","?","M","T","?","?","R","M","M","R","BOSS"],"items_purchased_type":["Relic","Card","Relic"],"build_version":"2020-12-22","purchased_purges":3,"victory":true,"max_hp_per_floor":[72,72,72,72,72,72,72,72,72,72,72,72,72,72,72,72,72,72,72,72,72,72,72,72,72,72,72,72,72,72,72,72,72,72,72,72,72,68,68,68,68,68,68,68,68,68,68,68,68,68],"card_choices":[{"not_picked":["Collect","Swivel","Halt"],"picked":"SKIP","floor":1.0},{"not_picked":["PathToVictory","Perseverance"],"picked":"Wallop","floor":2.0},{"not_picked":["Perseverance","Conclude"],"picked":"MentalFortress","floor":4.0},{"not_picked":["WindmillStrike","Weave"],"picked":"Crescendo","floor":7.0},{"not_picked":["CutThroughFate","SignatureMove"],"picked":"SandsOfTime","floor":11.0},{"not_picked":["ThirdEye","BowlingBash","ConjureBlade"],"picked":"SKIP","floor":13.0},{"not_picked":["Evaluate","Vengeance","DeceiveReality"],"picked":"SKIP","floor":14.0},{"not_picked":["Vengeance","EmptyFist","EmptyBody"],"picked":"SKIP","floor":18.0},{"not_picked":["Perseverance","Protect+1"],"picked":"ClearTheMind","floor":21.0},{"not_picked":["JustLucky","CutThroughFate","Prostrate"],"picked":"SKIP","floor":22.0},{"not_picked":["ClearTheMind","EmptyBody","SashWhip+1"],"picked":"SKIP","floor":24.0},{"not_picked":["JustLucky+1","ThirdEye","FlyingSleeves"],"picked":"SKIP","floor":27.0},{"not_picked":["FlyingSleeves+1","Devotion","ClearTheMind"],"picked":"SKIP","floor":28.0},{"not_picked":["Prostrate","EmptyFist","CrushJoints+1"],"picked":"SKIP","floor":29.0},{"not_picked":["JustLucky+1","ThirdEye"],"picked":"ClearTheMind+1","floor":31.0},{"not_picked":["SashWhip+1","FlurryOfBlows+1"],"picked":"InnerPeace","floor":35.0},{"not_picked":["WindmillStrike+1","WreathOfFlame","JustLucky"],"picked":"SKIP","floor":37.0},{"not_picked":["ReachHeaven+1","FollowUp+1","TalkToTheHand"],"picked":"SKIP","floor":42.0},{"not_picked":["Vengeance","Consecrate+1","ClearTheMind+1"],"picked":"SKIP","floor":45.0},{"not_picked":["Indignation","FlurryOfBlows+1","SashWhip+1"],"picked":"SKIP","floor":47},{"not_picked":["BowlingBash","CutThroughFate+1","DeusExMachina"],"picked":"SKIP","floor":48}],"player_experience":87491,"relics_obtained":[{"floor":3.0,"key":"CeramicFish"},{"floor":9.0,"key":"Blood Vial"}],"event_choices":[{"damage_healed":0.0,"max_hp_gain":0.0,"max_hp_loss":0.0,"gold_gain":0.0,"event_name":"Wheel of Change","player_choice":"Relic","floor":3.0,"gold_loss":0.0,"damage_taken":0.0},{"damage_healed":0.0,"max_hp_gain":0.0,"max_hp_loss":0.0,"gold_gain":0.0,"event_name":"Shining Light","player_choice":"Entered Light","floor":5.0,"gold_loss":0.0,"damage_taken":14.0,"cards_upgraded":["MentalFortress","Strike_P"]},{"cards_removed":["Strike_P"],"damage_healed":0.0,"max_hp_gain":0.0,"max_hp_loss":0.0,"gold_gain":0.0,"event_name":"The Cleric","player_choice":"Card Removal","floor":8.0,"gold_loss":50.0,"damage_taken":0.0},{"cards_removed":["Defend_P"],"damage_healed":0.0,"max_hp_gain":0.0,"max_hp_loss":0.0,"gold_gain":0.0,"event_name":"Purifier","player_choice":"Purged","floor":19.0,"gold_loss":0.0,"damage_taken":0.0},{"damage_healed":0.0,"max_hp_gain":0.0,"max_hp_loss":4.0,"gold_gain":0.0,"event_name":"Winding Halls","player_choice":"Max HP","floor":38.0,"gold_loss":0.0,"damage_taken":0.0},{"damage_healed":0.0,"max_hp_gain":0.0,"max_hp_loss":0.0,"gold_gain":0.0,"event_name":"Mysterious Sphere","player_choice":"Ignored","floor":39.0,"gold_loss":0.0,"damage_taken":0.0},{"cards_removed":["Strike_P"],"damage_healed":0.0,"max_hp_gain":0.0,"max_hp_loss":0.0,"gold_gain":0.0,"event_name":"Falling","player_choice":"Removed Attack","floor":44.0,"gold_loss":0.0,"damage_taken":0.0}],"is_beta":false,"boss_relics":[{"not_picked":["Black Star","Busted Crown"],"picked":"Cursed Key"},{"not_picked":["Pandora\u0027s Box","SlaversCollar"],"picked":"VioletLotus"}],"items_purged_floors":[20,30,36],"is_endless":false,"potions_floor_spawned":[1,11,13,14,21,22,28,31,35,37,45],"ascension_level":11}}