{"host":"7k7fhzlbqzyu5ijh","time":1610261181,"event":{"mods":["AchievementEnabler","BaseMod","Bestiary","Colored Powertips","Filter the Spire","Highlight Path","Minty Spire (QoL Compilation)","Potion Indicator Mod","RNG Fix","Relic Stats"],"gold_per_floor":[111,125,142,155,155,182,182,207,207,224,224,224,239,114,114,214,214,232,243,263,123,142,176,194,219,245,245,261,296,296,313,313,417,417,432,432,432,482,482,509,23,23,23,33,66,82,98,129,129,129,129,129,30,62,62,62],"floor_reached":55,"playtime":5161,"items_purged":["Strike_R","Strike_R"],"score":1143,"play_id":"3fb247e1-2f29-4d4d-ad81-de74d55c309d","local_time":"20210110014621","is_ascension_mode":true,"campfire_choices":[{"data":"Bash","floor":7.0,"key":"SMITH"},{"data":"Clothesline","floor":12.0,"key":"SMITH"},{"data":"Shrug It Off","floor":15.0,"key":"SMITH"},{"data":"Fiend Fire","floor":30,"key":"SMITH"},{"floor":32,"key":"REST"},{"floor":42,"key":"RECALL"},{"floor":49,"key":"REST"},{"data":"Demon Form","floor":52,"key":"SMITH"}],"circlet_count":0,"master_deck":["Bash+1","Cleave","Shrug It Off","Blood for Blood","Clothesline+1","Dropkick","Shrug It Off+1","Impervious","Pommel Strike","Fiend Fire+1","True Grit+1","Second Wind","Headbutt+1","Rampage","Disarm","Thunderclap","Warcry","Hemokinesis","Body Slam+1","Demon Form+1","Perfected Strike","Fiend Fire","Evolve","Exhume","Seeing Red","Twin Strike","Master of Strategy","Rage","Parasite","Exhume","Feel No Pain+1","Ghostly Armor+1"],"relics":["Burning Blood","Whetstone","NlothsMask","Nunchaku","Charon\u0027s Ashes","WarpedTongs","Runic Dome","Mercury Hourglass","Pocketwatch","Bag of Marbles","Nilry\u0027s Codex","PreservedInsect","Pandora\u0027s Box","FossilizedHelix","Turnip","Art of War","Mummified Hand","Oddly Smooth Stone","Ornamental Fan","Bag of Preparation"],"acts_visited":["Exordium","TheCity","TheBeyond","TheEnding"],"potions_floor_usage":[33,33,33,45,46,50,55,55],"damage_taken":[{"damage":6.0,"enemies":"Small Slimes","floor":1.0,"turns":4.0},{"damage":1.0,"enemies":"Cultist","floor":2.0,"turns":3.0},{"damage":0.0,"enemies":"2 Louse","floor":3.0,"turns":2.0},{"damage":8.0,"enemies":"Large Slime","floor":4.0,"turns":4.0},{"damage":8.0,"enemies":"Lagavulin","floor":6.0,"turns":6.0},{"damage":27.0,"enemies":"3 Sentries","floor":8.0,"turns":8.0},{"damage":15.0,"enemies":"3 Louse","floor":10.0,"turns":3.0},{"damage":8.0,"enemies":"Red Slaver","floor":13.0,"turns":3.0},{"damage":24.0,"enemies":"Hexaghost","floor":16.0,"turns":10.0},{"damage":3.0,"enemies":"Spheric Guardian","floor":18.0,"turns":3.0},{"damage":16.0,"enemies":"Chosen","floor":19.0,"turns":5.0},{"damage":10.0,"enemies":"Centurion and Healer","floor":20.0,"turns":4.0},{"damage":9.0,"enemies":"Sentry and Sphere","floor":22.0,"turns":6.0},{"damage":9.0,"enemies":"Slavers","floor":23.0,"turns":4.0},{"damage":0.0,"enemies":"Snake Plant","floor":24.0,"turns":2.0},{"damage":1.0,"enemies":"Gremlin Leader","floor":25.0,"turns":4.0},{"damage":0.0,"enemies":"3 Cultists","floor":28.0,"turns":2.0},{"damage":8,"enemies":"Book of Stabbing","floor":29,"turns":4},{"damage":10,"enemies":"Chosen and Byrds","floor":31,"turns":4},{"damage":71,"enemies":"Champ","floor":33,"turns":9},{"damage":1,"enemies":"Orb Walker","floor":35,"turns":2},{"damage":0,"enemies":"Mind Bloom Boss Battle","floor":38,"turns":3},{"damage":43,"enemies":"Giant Head","floor":40,"turns":7},{"damage":0,"enemies":"3 Shapes","floor":44,"turns":3},{"damage":0,"enemies":"Reptomancer","floor":45,"turns":2},{"damage":0,"enemies":"Writhing Mass","floor":46,"turns":5},{"damage":0,"enemies":"Spire Growth","floor":47,"turns":4},{"damage":0,"enemies":"Nemesis","floor":48,"turns":3},{"damage":34,"enemies":"Time Eater","floor":50,"turns":8},{"damage":17,"enemies":"Shield and Spear","floor":54,"turns":3},{"damage":66,"enemies":"The Heart","floor":55,"turns":5}],"seed_played":"-4712661231948174762","potions_obtained":[{"floor":1.0,"key":"Block Potion"},{"floor":4.0,"key":"Ancient Potion"},{"floor":8.0,"key":"SpeedPotion"},{"floor":13.0,"key":"SteroidPotion"},{"floor":18.0,"key":"Regen Potion"},{"floor":19.0,"key":"EntropicBrew"},{"floor":20.0,"key":"Strength Potion"},{"floor":24.0,"key":"EssenceOfSteel"},{"floor":28,"key":"Strength Potion"},{"floor":31,"key":"Explosive Potion"},{"floor":44,"key":"SpeedPotion"},{"floor":46,"key":"Strength Potion"},{"floor":48,"key":"LiquidMemories"}],"is_trial":false,"path_per_floor":["M","M","M","M","?","E","R","E","T","M","?","R","M","$","R","B",null,"M","M","M","$","M","E","M","E","T","?","M","E","R","M","R","B",null,"M","T","?","?","?","E","$","R","T","M","E","M","M","E","R","B",null,"R","$","E","B"],"character_chosen":"IRONCLAD","items_purchased":["Pommel Strike","Rampage","Mummified Hand","Block Potion","Master of Strategy","Weak Potion","SteroidPotion"],"campfire_rested":2,"item_purchase_floors":[14,21,41,41,41,53,53],"current_hp_per_floor":[72,77,80,78,78,76,76,55,55,46,46,46,44,44,44,26,67,70,60,56,56,53,62,68,73,73,57,63,61,61,57,80,15,64,69,69,69,75,75,38,38,38,38,44,50,56,62,68,80,52,73,73,73,62,0,0],"gold":62,"neow_bonus":"RANDOM_COMMON_RELIC","is_daily":false,"chose_seed":false,"campfire_upgraded":5,"win_rate":0.0,"timestamp":1610261181,"path_taken":["M","M","M","?","?","E","R","E","T","M","?","R","M","$","R","BOSS","M","M","M","$","M","E","M","E","T","?","M","E","R","M","R","BOSS","M","?","?","?","?","E","$","R","T","M","E","?","?","E","R","BOSS","R","$","E","BOSS"],"items_purchased_type":["Card","Card","Relic","Potion","Card","Potion","Potion"],"build_version":"2020-12-22","purchased_purges":2,"victory":false,"max_hp_per_floor":[80,80,80,80,80,80,80,80,80,80,80,80,80,80,80,80,80,80,80,80,80,80,80,80,80,80,80,80,80,80,80,80,80,80,80,80,80,80,80,80,80,80,80,80,80,80,80,80,80,80,80,80,80,80,80,80],"relic_stats":{"counters":[31,135],"Charon\u0027s Ashes":[787],"PreservedInsect":297,"Bag of Preparation":[2],"Whetstone":["Strike_R","Strike_R"],"Burning Blood":177,"WarpedTongs":[104],"Mercury Hourglass":[256],"Nunchaku":[20],"Mummified Hand":[24],"Ornamental Fan":[16],"Pandora\u0027s Box":["Perfected Strike","Fiend Fire","Evolve","Exhume","Dropkick","Seeing Red","Twin Strike"],"Turnip":[2],"Art of War":[2],"obtain_stats":[{"Nilry\u0027s Codex":27,"Oddly Smooth Stone":45,"Charon\u0027s Ashes":8,"PreservedInsect":29,"Bag of Preparation":54,"Whetstone":0,"Burning Blood":0,"WarpedTongs":11,"Mercury Hourglass":23,"Runic Dome":17,"Nunchaku":6,"Mummified Hand":41,"Ornamental Fan":48,"Pandora\u0027s Box":34,"Turnip":38,"Bag of Marbles":26,"Art of War":40,"FossilizedHelix":36,"NlothsMask":5,"Pocketwatch":25},{"Nilry\u0027s Codex":16,"Oddly Smooth Stone":25,"Charon\u0027s Ashes":6,"PreservedInsect":18,"Bag of Preparation":30,"Whetstone":0,"Burning Blood":0,"WarpedTongs":7,"Mercury Hourglass":14,"Runic Dome":9,"Nunchaku":5,"Mummified Hand":23,"Ornamental Fan":28,"Pandora\u0027s Box":20,"Turnip":22,"Bag of Marbles":16,"Art of War":23,"FossilizedHelix":21,"NlothsMask":4,"Pocketwatch":16},{"Nilry\u0027s Codex":71,"Oddly Smooth Stone":107,"Charon\u0027s Ashes":27,"PreservedInsect":77,"Bag of Preparation":130,"Whetstone":0,"Burning Blood":0,"WarpedTongs":30,"Mercury Hourglass":65,"Runic Dome":43,"Nunchaku":19,"Mummified Hand":102,"Ornamental Fan":119,"Pandora\u0027s Box":90,"Turnip":95,"Bag of Marbles":71,"Art of War":102,"FossilizedHelix":92,"NlothsMask":13,"Pocketwatch":71}],"Pocketwatch":[66]},"card_choices":[{"not_picked":["Blood for Blood","Clash"],"picked":"Cleave","floor":1.0},{"not_picked":["Thunderclap","Headbutt"],"picked":"Shrug It Off","floor":2.0},{"not_picked":["Anger","Fire Breathing"],"picked":"Blood for Blood","floor":3.0},{"not_picked":["Twin Strike","Flex"],"picked":"Clothesline","floor":4.0},{"not_picked":["Searing Blow","Twin Strike","Evolve"],"picked":"SKIP","floor":6.0},{"not_picked":["Offering","Wild Strike"],"picked":"Dropkick","floor":8.0},{"not_picked":["Feel No Pain","Clash"],"picked":"Shrug It Off","floor":10.0},{"not_picked":["Warcry","Headbutt"],"picked":"Impervious","floor":13.0},{"not_picked":["Immolate","Barricade"],"picked":"Fiend Fire","floor":16.0},{"not_picked":["Havoc+1","Rampage"],"picked":"True Grit+1","floor":18.0},{"not_picked":["Shrug It Off","Perfected Strike"],"picked":"Second Wind","floor":19.0},{"not_picked":["Iron Wave","Reckless Charge"],"picked":"Headbutt+1","floor":20.0},{"not_picked":["Spot Weakness","Metallicize"],"picked":"Disarm","floor":22.0},{"not_picked":["Anger","Flex"],"picked":"Thunderclap","floor":23.0},{"not_picked":["Blood for Blood","Armaments"],"picked":"Warcry","floor":24.0},{"not_picked":["Pummel","Berserk","Combust"],"picked":"SKIP","floor":25.0},{"not_picked":["Searing Blow+1","Metallicize"],"picked":"Hemokinesis","floor":28},{"not_picked":["Twin Strike","Sentinel"],"picked":"Body Slam+1","floor":29},{"not_picked":["Havoc","Wild Strike","Anger"],"picked":"SKIP","floor":31},{"not_picked":["Impervious","Offering"],"picked":"Demon Form","floor":33},{"not_picked":["Sword Boomerang","Metallicize+1","Heavy Blade"],"picked":"SKIP","floor":35},{"not_picked":["Clothesline","Headbutt+1","Clash+1"],"picked":"SKIP","floor":40},{"not_picked":["Second Wind","Iron Wave","Twin Strike"],"picked":"SKIP","floor":44},{"not_picked":["Sentinel","Sever Soul"],"picked":"Rage","floor":45},{"not_picked":["Clash+1","Uppercut"],"picked":"Exhume","floor":46},{"not_picked":["Wild Strike+1","Rampage","Thunderclap"],"picked":"SKIP","floor":47},{"not_picked":["Reaper","Havoc+1"],"picked":"Feel No Pain+1","floor":48},{"not_picked":["Intimidate","Cleave+1"],"picked":"Ghostly Armor+1","floor":54}],"player_experience":395594,"relics_obtained":[{"floor":6.0,"key":"Nunchaku"},{"floor":8.0,"key":"Charon\u0027s Ashes"},{"floor":23.0,"key":"Mercury Hourglass"},{"floor":25.0,"key":"Pocketwatch"},{"floor":26.0,"key":"Bag of Marbles"},{"floor":27.0,"key":"Nilry\u0027s Codex"},{"floor":29,"key":"PreservedInsect"},{"floor":36,"key":"FossilizedHelix"},{"floor":38,"key":"Turnip"},{"floor":40,"key":"Art of War"},{"floor":45,"key":"Oddly Smooth Stone"},{"floor":48,"key":"Ornamental Fan"},{"floor":54,"key":"Bag of Preparation"}],"event_choices":[{"damage_healed":0.0,"max_hp_gain":0.0,"max_hp_loss":0.0,"gold_gain":0.0,"event_name":"FaceTrader","player_choice":"Trade","floor":5.0,"gold_loss":0.0,"damage_taken":0.0,"relics_obtained":["NlothsMask"]},{"damage_healed":0.0,"max_hp_gain":0.0,"max_hp_loss":0.0,"gold_gain":0.0,"event_name":"Accursed Blacksmith","player_choice":"Rummage","floor":11.0,"gold_loss":0.0,"damage_taken":0.0,"relics_obtained":["WarpedTongs"],"cards_obtained":["Pain"]},{"damage_healed":0.0,"max_hp_gain":0.0,"max_hp_loss":0.0,"gold_gain":0.0,"event_name":"Cursed Tome","player_choice":"Obtained Book","floor":27.0,"gold_loss":0.0,"damage_taken":16.0},{"cards_removed":["Pain"],"damage_healed":0,"gold_gain":0,"player_choice":"Purged","damage_taken":0,"max_hp_gain":0,"max_hp_loss":0,"event_name":"Purifier","floor":37,"gold_loss":0},{"damage_healed":0,"gold_gain":0,"player_choice":"Fight","damage_taken":0,"max_hp_gain":0,"max_hp_loss":0,"event_name":"MindBloom","floor":38,"gold_loss":0},{"cards_removed":["Dropkick"],"damage_healed":0,"gold_gain":0,"player_choice":"Removed Attack","damage_taken":0,"max_hp_gain":0,"max_hp_loss":0,"event_name":"Falling","floor":39,"gold_loss":0}],"is_beta":false,"boss_relics":[{"not_picked":["Sozu","Empty Cage"],"picked":"Runic Dome"},{"not_picked":["Tiny House","Coffee Dripper"],"picked":"Pandora\u0027s Box"}],"items_purged_floors":[14,21],"is_endless":false,"potions_floor_spawned":[1,4,8,13,18,19,20,24,28,31,44,46,48],"killed_by":"The Heart","ascension_level":6}}