{"host":"82t6xbn50zntxpg2","time":1610321030,"event":{"mods":["BaseMod","BetterRewards","Chen","Hubris","Infinite Spire","Koishi","KomeijiMod","Marisa（霧雨　魔理沙）","Minty Spire (QoL Compilation)","Replay The Spire","StSLib","Waifu the Spire","Yakumo Yukari mod","Youmu（魂魄妖梦）"],"gold_per_floor":[117,117,132,146,146,146,146,146,146,146,170,101,119,160,160,280,280,300,300,313,313,313,313],"floor_reached":22,"playtime":2551,"items_purged":[],"score":184,"play_id":"6902db43-4d69-4820-ab23-12a74f6e7cf5","local_time":"20210111012350","is_ascension_mode":false,"campfire_choices":[{"data":"Koishi:HauntingSlash","floor":6,"key":"SMITH"},{"data":"Koishi:SprinkleStarAndHeart","floor":8,"key":"SMITH"},{"data":"Koishi:RacingHeart","floor":10,"key":"SMITH"}],"circlet_count":0,"master_deck":["Koishi:BasicStrike","Koishi:BasicStrike","Koishi:BasicStrike","Koishi:BasicStrike","Koishi:BasicDefend","Koishi:BasicDefend","Koishi:BasicDefend","Koishi:Provoke","Koishi:HauntingSlash+1","Koishi:RorschachInDanmaku","Koishi:SprinkleStarAndHeart+1","Koishi:RacingHeart+1","Koishi:UnconsciousUrges+1","Koishi:YoukaiPolygraph+1","Koishi:CatchAndRose","Koishi:UnseenTerror","Regret","Koishi:Ego+1","Overencumbered","Koishi:Provoke","Koishi:MentalBreakdown+1","Finesse","ReplayTheSpireMod:Chaos Vortex","Koishi:SubterraneanRose","Koishi:RacingHeart+1"],"relics":["Koishi:ImaginaryFriend","Golden Egg","Golden Idol","Replay:Accelerometer","ShirouKen","ReplayTheSpireMod:SealedPack","Replay:Ringing Soul","hubris:EvacipatedBox"],"acts_visited":["Exordium","TheCity"],"potions_floor_usage":[16,20,22],"damage_taken":[{"damage":1,"enemies":"2 Louse","floor":1,"turns":3},{"damage":0,"enemies":"Jaw Worm","floor":3,"turns":10},{"damage":0,"enemies":"Cultist","floor":4,"turns":6},{"damage":7,"enemies":"2 Fungi Beasts","floor":11,"turns":6},{"damage":3,"enemies":"Large Slime","floor":13,"turns":5},{"damage":12,"enemies":"Replay:BlueRogue","floor":14,"turns":6},{"damage":35,"enemies":"Slime Boss","floor":16,"turns":13},{"damage":5,"enemies":"Spheric Guardian","floor":18,"turns":6},{"damage":23,"enemies":"2 Thieves","floor":20,"turns":6},{"damage":14,"enemies":"3 Cultists","floor":22,"turns":5}],"seed_played":"1192675308207339473","potions_obtained":[{"floor":1,"key":"Dexterity Potion"},{"floor":14,"key":"Languid Potion"},{"floor":16,"key":"BlessingOfTheForge"}],"is_trial":false,"path_per_floor":["M","?","M","M","?","R","?","R","T","R","M","$","M","E","R","B",null,"M","?","M","$","M"],"character_chosen":"KOISHI","items_purchased":["Koishi:YoukaiPolygraph","Replay:Ringing Soul","hubris:EvacipatedBox"],"campfire_rested":0,"item_purchase_floors":[12,21,21],"current_hp_per_floor":[66,66,66,66,50,50,50,50,50,50,45,45,49,45,45,14,66,65,65,46,11,0,0],"gold":313,"neow_bonus":"TEN_PERCENT_HP_BONUS","is_daily":false,"chose_seed":false,"campfire_upgraded":3,"win_rate":0.0,"timestamp":1610321030,"path_taken":["M","?","M","M","?","R","?","R","T","R","M","$","M","E","R","BOSS","M","?","M","?","M"],"items_purchased_type":["Card","Relic","Relic"],"build_version":"2020-12-22","purchased_purges":0,"victory":false,"max_hp_per_floor":[66,66,66,66,66,66,66,66,66,66,66,66,66,66,66,66,66,66,66,66,66,66,66],"card_choices":[{"not_picked":["Koishi:PhantomStrike","Koishi:ApparitionsStalkTheNight"],"picked":"Koishi:RorschachInDanmaku","floor":1},{"not_picked":["Koishi:UnconsciousUprising","Koishi:DreadfulBlow"],"picked":"Koishi:SprinkleStarAndHeart","floor":3},{"not_picked":["Koishi:SubconsciousSweep","Koishi:UnansweredLove"],"picked":"Koishi:RacingHeart","floor":4},{"not_picked":["Koishi:HeartfeltFancy","Koishi:SubconsciousSweep"],"picked":"Koishi:UnconsciousUrges","floor":11},{"not_picked":["Koishi:FleetingPhantom","Koishi:GhostParty"],"picked":"Koishi:CatchAndRose","floor":13},{"not_picked":["Koishi:BloodcurdlingScream","Koishi:ParalyzingFear"],"picked":"Koishi:UnseenTerror","floor":14},{"not_picked":["Koishi:ConfinedInnocent","Koishi:FadingMemory"],"picked":"Koishi:Ego","floor":16},{"not_picked":["Vigilance","Eruption"],"picked":"Koishi:Provoke","floor":17},{"not_picked":["Koishi:ConditionedTeleport","Koishi:HeartStoppingHorror"],"picked":"Koishi:MentalBreakdown","floor":17},{"not_picked":["hubris:Ssssneak","Specialist"],"picked":"Finesse","floor":17},{"not_picked":["infinitespire:UltimateForm","infinitespire:Punishment"],"picked":"ReplayTheSpireMod:Chaos Vortex","floor":17},{"not_picked":["Koishi:FleetingPhantom","Koishi:PerfectMindControl"],"picked":"Koishi:SubterraneanRose","floor":18},{"not_picked":["Koishi:FleetingPhantom+1","Koishi:UnansweredLove"],"picked":"Koishi:RacingHeart+1","floor":20}],"player_experience":386726,"relics_obtained":[{"floor":2,"key":"Golden Egg"},{"floor":14,"key":"Replay:Accelerometer"}],"event_choices":[{"damage_healed":0,"gold_gain":0,"player_choice":"Take Damage","damage_taken":16,"relics_obtained":["Golden Idol"],"max_hp_gain":0,"max_hp_loss":0,"event_name":"Golden Idol","floor":5,"gold_loss":0},{"damage_healed":0,"gold_gain":0,"player_choice":"Box","damage_taken":0,"relics_obtained":["ShirouKen"],"max_hp_gain":0,"max_hp_loss":0,"event_name":"Big Fish","floor":15,"gold_loss":0,"cards_obtained":["Regret"]}],"is_beta":false,"boss_relics":[{"not_picked":["Fusion Hammer","hubris:ScarierMask"],"picked":"ReplayTheSpireMod:SealedPack"}],"items_purged_floors":[],"is_endless":false,"potions_floor_spawned":[1,14,16],"killed_by":"3 Cultists","ascension_level":0}}