{"host":"0tiuc76yumknr6qf","time":1610306103,"event":{"mods":["BaseMod","Colored Map","Highlight Path","Jedi Mod","Minty Spire (QoL Compilation)","StSLib"],"gold_per_floor":[110,110,130,146,65,97,97,22,70,82,43,43,70,87,87,87,87],"floor_reached":16,"playtime":627,"items_purged":["Strike_G"],"score":220,"play_id":"7c1f1c83-014f-4daa-9e84-188a2f85cccb","local_time":"20210110131503","is_ascension_mode":true,"campfire_choices":[{"data":"Neutralize","floor":12,"key":"SMITH"},{"floor":15,"key":"REST"}],"circlet_count":0,"master_deck":["AscendersBane","Strike_G","Strike_G","Strike_G","Strike_G","Defend_G","Defend_G","Defend_G","Defend_G","Defend_G","Survivor","Neutralize+1","Flying Knee","Blade Dance","Corpse Explosion","Bane","Well Laid Plans","Deadly Poison","Riddle With Holes"],"relics":["Busted Crown","jedi:shrinkray","Dream Catcher","The Courier"],"acts_visited":["Exordium"],"potions_floor_usage":[6,13,16],"damage_taken":[{"damage":1,"enemies":"2 Louse","floor":1,"turns":3},{"damage":1,"enemies":"Cultist","floor":3,"turns":5},{"damage":7,"enemies":"Jaw Worm","floor":4,"turns":4},{"damage":25,"enemies":"Lagavulin","floor":6,"turns":6},{"damage":1,"enemies":"Exordium Wildlife","floor":10,"turns":3},{"damage":10,"enemies":"3 Sentries","floor":13,"turns":6},{"damage":4,"enemies":"Blue Slaver","floor":14,"turns":3},{"damage":32,"enemies":"Slime Boss","floor":16,"turns":5}],"seed_played":"903271406211564353","potions_obtained":[{"floor":2,"key":"Dexterity Potion"},{"floor":2,"key":"jedi:StrikingPotion"},{"floor":3,"key":"jedi:tentaclejuice"},{"floor":10,"key":"CunningPotion"}],"is_trial":false,"path_per_floor":["M","?","M","M","$","E","?","$","T","M","$","R","E","M","R","B"],"character_chosen":"THE_SILENT","items_purchased":["Corpse Explosion","Well Laid Plans"],"campfire_rested":1,"item_purchase_floors":[5,11],"current_hp_per_floor":[58,58,57,50,50,25,25,25,25,24,24,24,14,10,29,0,0],"gold":87,"neow_bonus":"BOSS_RELIC","is_daily":false,"chose_seed":false,"campfire_upgraded":1,"win_rate":0.0,"timestamp":1610306103,"path_taken":["M","?","?","M","$","E","?","?","T","M","?","R","E","M","R","BOSS"],"items_purchased_type":["Card","Card"],"build_version":"2020-12-22","purchased_purges":1,"victory":false,"max_hp_per_floor":[66,66,66,66,66,66,66,66,66,66,66,66,66,66,66,66,66],"card_choices":[{"not_picked":[],"picked":"Flying Knee","floor":1},{"not_picked":["Reflex"],"picked":"SKIP","floor":3},{"not_picked":[],"picked":"Blade Dance","floor":4},{"not_picked":["Flying Knee"],"picked":"SKIP","floor":6},{"not_picked":[],"picked":"Bane","floor":10},{"not_picked":["jedi:poisonivy"],"picked":"SKIP","floor":13},{"not_picked":[],"picked":"Deadly Poison","floor":14},{"not_picked":[],"picked":"Riddle With Holes","floor":15}],"player_experience":1841016,"relics_obtained":[{"floor":6,"key":"jedi:shrinkray"},{"floor":9,"key":"Dream Catcher"},{"floor":13,"key":"The Courier"}],"event_choices":[{"damage_healed":0,"gold_gain":0,"player_choice":"Got Potions","damage_taken":0,"max_hp_gain":0,"max_hp_loss":0,"event_name":"Lab","floor":2,"gold_loss":0},{"damage_healed":0,"gold_gain":0,"player_choice":"Fled","damage_taken":0,"max_hp_gain":0,"max_hp_loss":0,"event_name":"Scrap Ooze","floor":7,"gold_loss":0}],"is_beta":false,"boss_relics":[],"items_purged_floors":[8],"is_endless":false,"potions_floor_spawned":[3,10],"killed_by":"Slime Boss","ascension_level":20}}