{"host":"Ian","time":1610316268,"event":{"mods":["BaseMod","Bestiary","Block Reminder","Colored Map","Highlight Path","Key Reminder","Minty Spire (QoL Compilation)","Relic Stats"],"gold_per_floor":[118,131,131,0,0,31,31,63,87,119,132,143,170,186,186,186,186],"floor_reached":16,"playtime":740,"items_purged":["Strike_R"],"score":310,"play_id":"6743008c-e78e-469c-a721-584da0ab6197","local_time":"20210110220428","is_ascension_mode":true,"campfire_choices":[{"data":"Bash","floor":7,"key":"SMITH"},{"floor":15,"key":"REST"}],"circlet_count":0,"master_deck":["AscendersBane","Strike_R","Strike_R","Defend_R","Defend_R+1","Defend_R+1","Defend_R","Bash+1","Pommel Strike","Sever Soul","Impervious","Iron Wave","Power Through","Dropkick","Shockwave","True Grit","Brutality","Carnage"],"relics":["Burning Blood","NeowsBlessing","PreservedInsect","War Paint","Ancient Tea Set","Matryoshka","keyreminder:keyreminder","Art of War"],"acts_visited":["Exordium"],"potions_floor_usage":[10,10,16],"damage_taken":[{"damage":0,"enemies":"Cultist","floor":1,"turns":1},{"damage":0,"enemies":"Small Slimes","floor":2,"turns":1},{"damage":0,"enemies":"Gremlin Nob","floor":6,"turns":1},{"damage":40,"enemies":"Lagavulin","floor":8,"turns":4},{"damage":15,"enemies":"3 Sentries","floor":10,"turns":8},{"damage":0,"enemies":"Jaw Worm","floor":11,"turns":2},{"damage":2,"enemies":"2 Fungi Beasts","floor":12,"turns":4},{"damage":14,"enemies":"Lagavulin","floor":13,"turns":8},{"damage":22,"enemies":"Lots of Slimes","floor":14,"turns":7},{"damage":41,"enemies":"The Guardian","floor":16,"turns":14}],"seed_played":"2320632157010969586","potions_obtained":[{"floor":6,"key":"LiquidMemories"},{"floor":11,"key":"BlessingOfTheForge"},{"floor":14,"key":"PowerPotion"}],"is_trial":false,"path_per_floor":["M","M","?","$","?","E","R","E","T","E","M","M","E","M","R","B"],"character_chosen":"IRONCLAD","items_purchased":["Explosive Potion"],"campfire_rested":1,"item_purchase_floors":[4],"current_hp_per_floor":[74,75,68,68,68,74,74,40,40,31,37,41,33,17,39,0,0],"gold":186,"neow_bonus":"THREE_ENEMY_KILL","is_daily":false,"chose_seed":false,"campfire_upgraded":1,"win_rate":0.0,"timestamp":1610316268,"path_taken":["M","?","?","?","?","E","R","E","T","E","M","?","E","M","R","BOSS"],"items_purchased_type":["Potion"],"build_version":"2020-12-18","purchased_purges":1,"victory":false,"max_hp_per_floor":[75,75,75,75,75,75,75,75,75,75,75,75,75,75,75,75,75],"relic_stats":{"counters":[10,50],"PreservedInsect":91,"Art of War":[5],"War Paint":["Defend_R","Defend_R"],"obtain_stats":[{"keyreminder:keyreminder":10,"Matryoshka":10,"NeowsBlessing":0,"PreservedInsect":6,"Art of War":13,"War Paint":8,"Ancient Tea Set":9,"Burning Blood":0},{"keyreminder:keyreminder":5,"Matryoshka":5,"NeowsBlessing":0,"PreservedInsect":3,"Art of War":8,"War Paint":4,"Ancient Tea Set":4,"Burning Blood":0},{"keyreminder:keyreminder":15,"Matryoshka":15,"NeowsBlessing":0,"PreservedInsect":3,"Art of War":29,"War Paint":7,"Ancient Tea Set":7,"Burning Blood":0}],"Burning Blood":49},"card_choices":[{"not_picked":["Headbutt","Evolve"],"picked":"Pommel Strike","floor":1},{"not_picked":["Seeing Red","Burning Pact"],"picked":"Sever Soul","floor":2},{"not_picked":["Pummel","Body Slam"],"picked":"Iron Wave","floor":6},{"not_picked":["Warcry","Thunderclap"],"picked":"Power Through","floor":8},{"not_picked":["Corruption","Uppercut"],"picked":"Dropkick","floor":10},{"not_picked":["Perfected Strike","Shrug It Off"],"picked":"Shockwave","floor":11},{"not_picked":["Sword Boomerang","Reckless Charge"],"picked":"True Grit","floor":12},{"not_picked":["Thunderclap","Warcry"],"picked":"Brutality","floor":13},{"not_picked":["Shrug It Off","Ghostly Armor"],"picked":"Carnage","floor":14}],"player_experience":2669929,"relics_obtained":[{"floor":6,"key":"PreservedInsect"},{"floor":8,"key":"War Paint"},{"floor":9,"key":"Ancient Tea Set"},{"floor":10,"key":"Matryoshka"},{"floor":13,"key":"Art of War"}],"event_choices":[{"cards_removed":["Strike_R"],"damage_healed":0,"gold_gain":0,"player_choice":"Card Removal","damage_taken":7,"max_hp_gain":0,"max_hp_loss":0,"event_name":"Golden Wing","floor":3,"gold_loss":0},{"damage_healed":0,"gold_gain":0,"cards_transformed":["Strike_R"],"player_choice":"Transformed","damage_taken":0,"max_hp_gain":0,"max_hp_loss":0,"event_name":"Transmorgrifier","floor":5,"gold_loss":0,"cards_obtained":["Impervious"]}],"is_beta":true,"boss_relics":[],"items_purged_floors":[4],"is_endless":false,"potions_floor_spawned":[6,8,11,14],"killed_by":"The Guardian","ascension_level":20}}