{"host":"7krnriczr1b2ou5r","time":1610298318,"event":{"mods":["BaseMod","Keyboard Shortcuts","Marisa£¨Ùöéë¡¡Øª×âÞÞ£©","Minty Spire (QoL Compilation)","Relic Stats","StSLib"],"gold_per_floor":[110,285,298,63,82,117,134,465,465,499,512,543,543,562,562,659,659,678,678,62,62,78,110,123,148,148,164,192,6,18,36,36,139,139,156,171,187,202,16,47,47,75,99,99,126,156,183,231,243,255,267,279,17,43,43],"floor_reached":56,"playtime":2710,"items_purged":["Strike_MRS","Strike_MRS","Defend_MRS","Defend_MRS"],"score":2908,"play_id":"9f2f5f52-1994-4ecb-bda1-b3656827b21f","local_time":"20210111020518","is_ascension_mode":true,"campfire_choices":[{"data":"MillisecondPulsars","floor":15,"key":"SMITH"},{"data":"PropBag","floor":32,"key":"SMITH"},{"data":"PropBag+1","floor":41,"key":"PURGE"},{"data":"EarthLightRay","floor":49,"key":"SMITH"},{"data":"BinaryStars","floor":52,"key":"SMITH"}],"circlet_count":0,"master_deck":["AscendersBane","Strike_MRS+1","Strike_MRS+1","Defend_MRS","Defend_MRS","MasterSpark+1","UpSweep","BinaryStars+1","OpenUniverse+1","SatelliteIllusion+1","Acceleration","SuperNova+1","MillisecondPulsars+1","ManaConvection","DarkMatter+1","GasGiant+1","Acceleration","DragonMeteor","SatelliteIllusion","SatelliteIllusion","GravityBeat","Acceleration+1","OortCloud","Parasite","Parasite","BinaryStars","Acceleration","EarthLightRay+1","EscapeVelocity","Orbital+1","AsteroidBelt+1","StarDustReverie+1"],"relics":["MiniHakkero","Mummified Hand","Black Star","The Courier","Ice Cream","Membership Card","HandmadeGrimoire","Old Coin","Bottled Lightning","Torii","Toy Ornithopter","StrikeDummy","Busted Crown","OrangePellets","Akabeko","Blood Vial","Whetstone","Bag of Marbles","Art of War","CaptainsWheel","PreservedInsect","Darkstone Periapt","Tiny Chest","Pantograph","Bag of Preparation","Bronze Scales","Pear","Gremlin Horn","Vajra","AmplifyWand","ShroomBag","Shuriken","Sundial","War Paint","Unceasing Top","Runic Dome","SimpleLauncher","Letter Opener","Matryoshka","Anchor","Peace Pipe","Nunchaku","Unceasing Top","Toxic Egg 2","Juzu Bracelet","Strawberry","Lantern","InkBottle","Pen Nib","MawBank","CeramicFish","Oddly Smooth Stone","Boot","Happy Flower","Ornamental Fan","Orrery","Kunai","Mercury Hourglass"],"acts_visited":["Exordium","TheCity","TheBeyond","TheEnding"],"potions_floor_usage":[55,55],"damage_taken":[{"damage":2,"enemies":"Jaw Worm","floor":1,"turns":2},{"damage":6,"enemies":"2 Louse","floor":3,"turns":3},{"damage":1,"enemies":"Cultist","floor":5,"turns":3},{"damage":18,"enemies":"3 Sentries","floor":6,"turns":5},{"damage":4,"enemies":"2 Fungi Beasts","floor":7,"turns":3},{"damage":0,"enemies":"Gremlin Nob","floor":8,"turns":4},{"damage":0,"enemies":"3 Sentries","floor":10,"turns":3},{"damage":1,"enemies":"3 Louse","floor":11,"turns":2},{"damage":0,"enemies":"Lagavulin","floor":12,"turns":3},{"damage":0,"enemies":"Exordium Wildlife","floor":14,"turns":4},{"damage":4,"enemies":"Hexaghost","floor":16,"turns":7},{"damage":12,"enemies":"2 Thieves","floor":18,"turns":2},{"damage":0,"enemies":"3 Byrds","floor":22,"turns":3},{"damage":0,"enemies":"Slavers","floor":23,"turns":2},{"damage":0,"enemies":"Centurion and Healer","floor":24,"turns":1},{"damage":8,"enemies":"Book of Stabbing","floor":25,"turns":3},{"damage":0,"enemies":"3 Cultists","floor":27,"turns":2},{"damage":0,"enemies":"Gremlin Leader","floor":28,"turns":3},{"damage":0,"enemies":"Cultist and Chosen","floor":30,"turns":2},{"damage":0,"enemies":"Centurion and Healer","floor":31,"turns":1},{"damage":0,"enemies":"Automaton","floor":33,"turns":3},{"damage":1,"enemies":"3 Darklings","floor":35,"turns":1},{"damage":0,"enemies":"Orb Walker","floor":36,"turns":2},{"damage":0,"enemies":"Spire Growth","floor":37,"turns":1},{"damage":1,"enemies":"3 Darklings","floor":38,"turns":1},{"damage":3,"enemies":"Nemesis","floor":40,"turns":3},{"damage":0,"enemies":"Giant Head","floor":42,"turns":1},{"damage":0,"enemies":"Reptomancer","floor":45,"turns":1},{"damage":0,"enemies":"Jaw Worm Horde","floor":46,"turns":2},{"damage":0,"enemies":"Sphere and 2 Shapes","floor":47,"turns":1},{"damage":0,"enemies":"Giant Head","floor":48,"turns":1},{"damage":0,"enemies":"Donu and Deca","floor":50,"turns":2},{"damage":0,"enemies":"Shield and Spear","floor":54,"turns":1},{"damage":0,"enemies":"The Heart","floor":55,"turns":4}],"seed_played":"-3338726516034335114","potions_obtained":[{"floor":6,"key":"Explosive Potion"},{"floor":7,"key":"Explosive Potion"},{"floor":27,"key":"Dexterity Potion"}],"is_trial":false,"path_per_floor":["M","?","M","$","M","E","M","E","T","E","M","E","?","M","R","B",null,"M","?","$","?","M","E","M","E","T","M","E","$","M","M","R","B",null,"M","M","M","M","$","E","R","E","T","T","E","M","M","E","R","B",null,"R","$","E","B",null],"character_chosen":"MARISA","items_purchased":["MillisecondPulsars","OrangePellets","Akabeko","Blood Vial","Whetstone","Bag of Marbles","Art of War","CaptainsWheel","PreservedInsect","Acceleration","AmplifyWand","ShroomBag","Shuriken","Sundial","War Paint","SimpleLauncher","Acceleration","EarthLightRay","Letter Opener","Matryoshka","Anchor","AsteroidBelt+1","Boot","Happy Flower","Ornamental Fan","Orrery"],"campfire_rested":0,"item_purchase_floors":[4,20,20,20,20,20,20,20,20,20,29,29,29,29,29,39,39,39,39,39,39,53,53,53,53,53],"current_hp_per_floor":[66,66,60,60,59,41,37,37,37,37,36,36,21,21,21,17,61,49,49,49,55,57,59,61,55,65,67,69,81,83,89,89,103,103,103,103,103,103,103,101,101,103,110,110,110,110,110,110,110,110,110,110,110,110,110],"gold":43,"neow_bonus":"ONE_RANDOM_RARE_CARD","is_daily":false,"chose_seed":false,"campfire_upgraded":4,"win_rate":0.0,"timestamp":1610298318,"path_taken":["M","?","?","$","M","E","M","E","T","E","M","E","?","M","R","BOSS","M","?","$","?","M","E","M","E","T","M","E","?","?","M","R","BOSS","M","M","M","M","?","E","R","E","T","?","E","M","M","E","R","BOSS","R","$","E","BOSS"],"items_purchased_type":["Card","Relic","Relic","Relic","Relic","Relic","Relic","Relic","Relic","Card","Relic","Relic","Relic","Relic","Relic","Relic","Card","Card","Relic","Relic","Relic","Card","Relic","Relic","Relic","Relic"],"build_version":"2020-12-22","purchased_purges":4,"victory":true,"max_hp_per_floor":[75,75,75,75,75,75,75,75,75,75,75,75,75,75,75,75,75,75,75,75,81,81,81,81,81,91,91,91,103,103,103,103,103,103,103,103,103,103,103,103,103,103,110,110,110,110,110,110,110,110,110,110,110,110,110],"relic_stats":{"Darkstone Periapt":18,"Torii":7,"Gremlin Horn":[9,9],"CeramicFish":27,"Bag of Preparation":[36],"Juzu Bracelet":0,"Whetstone":["Strike_MRS","MasterSpark"],"Boot":[0],"Blood Vial":18,"Nunchaku":[3],"Mummified Hand":[171],"Sundial":[18],"Pantograph":14,"Tiny Chest":1,"Kunai":[6],"InkBottle":[17],"Happy Flower":[1],"counters":[34,82],"PreservedInsect":579,"Pen Nib":[3],"Letter Opener":[325],"War Paint":["GasGiant","Acceleration"],"MawBank":96,"Mercury Hourglass":[18],"Peace Pipe":1,"OrangePellets":[3],"Busted Crown":52,"Shuriken":[16],"Ornamental Fan":[20],"Bronze Scales":[70],"Black Star":12,"Art of War":[0],"obtain_stats":[{"Ice Cream":6,"Gremlin Horn":8,"CeramicFish":48,"Vajra":28,"Whetstone":20,"Boot":53,"Old Coin":8,"Blood Vial":20,"Sundial":29,"Strawberry":43,"Kunai":12,"Toxic Egg 2":42,"Pear":26,"Happy Flower":53,"Blue Candle":10,"Oddly Smooth Stone":48,"Pen Nib":45,"Letter Opener":14,"War Paint":29,"Akabeko":20,"OrangePellets":20,"Runic Dome":34,"Shuriken":28,"Bronze Scales":25,"Black Star":4,"MiniHakkero":0,"StrikeDummy":12,"Unceasing Top":33,"Darkstone Periapt":21,"AmplifyWand":29,"Lantern":44,"Torii":10,"Bag of Preparation":25,"Juzu Bracelet":43,"Nunchaku":40,"Matryoshka":39,"Mummified Hand":2,"Pantograph":23,"Tiny Chest":23,"HandmadeGrimoire":8,"SimpleLauncher":39,"InkBottle":44,"The Courier":6,"PreservedInsect":20,"MawBank":45,"Mercury Hourglass":7,"Peace Pipe":40,"ShroomBag":29,"CaptainsWheel":20,"Anchor":39,"Busted Crown":17,"Ornamental Fan":36,"Orrery":53,"Bag of Marbles":20,"Art of War":20,"Membership Card":6,"Bottled Lightning":9,"Toy Ornithopter":10},{"Ice Cream":4,"Gremlin Horn":6,"CeramicFish":31,"Vajra":18,"Whetstone":12,"Boot":32,"Old Coin":6,"Blood Vial":12,"Sundial":18,"Strawberry":27,"Kunai":9,"Toxic Egg 2":27,"Pear":16,"Happy Flower":32,"Blue Candle":7,"Oddly Smooth Stone":31,"Pen Nib":28,"Letter Opener":10,"War Paint":18,"Akabeko":12,"OrangePellets":12,"Runic Dome":21,"Shuriken":18,"Bronze Scales":16,"Black Star":2,"MiniHakkero":0,"StrikeDummy":9,"Unceasing Top":21,"Darkstone Periapt":12,"AmplifyWand":18,"Lantern":27,"Torii":7,"Bag of Preparation":16,"Juzu Bracelet":27,"Nunchaku":26,"Matryoshka":25,"Mummified Hand":1,"Pantograph":14,"Tiny Chest":14,"HandmadeGrimoire":6,"SimpleLauncher":25,"InkBottle":27,"The Courier":4,"PreservedInsect":12,"MawBank":28,"Mercury Hourglass":5,"Peace Pipe":26,"ShroomBag":18,"CaptainsWheel":12,"Anchor":25,"Busted Crown":11,"Ornamental Fan":23,"Orrery":32,"Bag of Marbles":12,"Art of War":12,"Membership Card":4,"Bottled Lightning":6,"Toy Ornithopter":7},{"Ice Cream":13,"Gremlin Horn":19,"CeramicFish":75,"Vajra":55,"Whetstone":41,"Boot":77,"Old Coin":20,"Blood Vial":41,"Sundial":55,"Strawberry":70,"Kunai":28,"Toxic Egg 2":70,"Pear":50,"Happy Flower":77,"Blue Candle":21,"Oddly Smooth Stone":75,"Pen Nib":71,"Letter Opener":30,"War Paint":55,"Akabeko":41,"OrangePellets":41,"Runic Dome":61,"Shuriken":54,"Bronze Scales":50,"Black Star":5,"MiniHakkero":0,"StrikeDummy":28,"Unceasing Top":61,"Darkstone Periapt":41,"AmplifyWand":55,"Lantern":70,"Torii":23,"Bag of Preparation":50,"Juzu Bracelet":70,"Nunchaku":69,"Matryoshka":66,"Mummified Hand":2,"Pantograph":46,"Tiny Chest":46,"HandmadeGrimoire":20,"SimpleLauncher":66,"InkBottle":70,"The Courier":13,"PreservedInsect":41,"MawBank":71,"Mercury Hourglass":16,"Peace Pipe":69,"ShroomBag":55,"CaptainsWheel":41,"Anchor":66,"Busted Crown":39,"Ornamental Fan":63,"Orrery":77,"Bag of Marbles":41,"Art of War":41,"Membership Card":13,"Bottled Lightning":20,"Toy Ornithopter":23}],"Toy Ornithopter":0,"Unceasing Top":[0]},"card_choices":[{"not_picked":["DC","Singularity"],"picked":"OpenUniverse","floor":1},{"not_picked":["MilkyWay","DC"],"picked":"Acceleration","floor":3},{"not_picked":["ManaConvection","WitchOfGreed","NonDirectionalLaser"],"picked":"SKIP","floor":5},{"not_picked":["WitchOfGreed","NonDirectionalLaser"],"picked":"ManaConvection","floor":5},{"not_picked":["GrandCross","MeteoricShower"],"picked":"PropBag","floor":6},{"not_picked":["6A","ChargeUpSpray"],"picked":"GasGiant","floor":7},{"not_picked":["BlazeAway","PowerUp"],"picked":"Acceleration","floor":8},{"not_picked":["WitchLeyline","6A","JA"],"picked":"SKIP","floor":10},{"not_picked":["RefractionSpark","WitchLeyline"],"picked":"DragonMeteor","floor":11},{"not_picked":["MilkyWay","MachineGunSpark"],"picked":"SatelliteIllusion","floor":12},{"not_picked":["WitchLeyline","UnstableBomb","6A"],"picked":"SKIP","floor":14},{"not_picked":["AbsoluteMagnitude","MillisecondPulsars"],"picked":"SatelliteIllusion","floor":16},{"not_picked":["Robbery"],"picked":"SKIP","floor":18},{"not_picked":["MeteoricShower"],"picked":"SKIP","floor":22},{"not_picked":["MeteoricShower"],"picked":"SKIP","floor":22},{"not_picked":["ChargingUp"],"picked":"SKIP","floor":23},{"not_picked":[],"picked":"OortCloud","floor":24},{"not_picked":["6A"],"picked":"SKIP","floor":25},{"not_picked":["DC"],"picked":"SKIP","floor":27},{"not_picked":["EnergyRecoil"],"picked":"SKIP","floor":28},{"not_picked":["ShootingEcho"],"picked":"SKIP","floor":30},{"not_picked":["LuminesStrike"],"picked":"SKIP","floor":31},{"not_picked":[],"picked":"BinaryStars","floor":33},{"not_picked":["DoubleSpark+1"],"picked":"SKIP","floor":35},{"not_picked":["DragonMeteor"],"picked":"SKIP","floor":36},{"not_picked":["ChargingUp"],"picked":"SKIP","floor":37},{"not_picked":["AsteroidBelt"],"picked":"SKIP","floor":38},{"not_picked":[],"picked":"EscapeVelocity","floor":40},{"not_picked":["EscapeVelocity"],"picked":"SKIP","floor":42},{"not_picked":["DarkMatter+1"],"picked":"SKIP","floor":45},{"not_picked":["MilkyWay+1"],"picked":"SKIP","floor":46},{"not_picked":["Acceleration+1"],"picked":"SKIP","floor":47},{"not_picked":[],"picked":"Orbital+1","floor":48},{"not_picked":[],"picked":"StarDustReverie+1","floor":53},{"not_picked":["EnergyFlow+1"],"picked":"SKIP","floor":54}],"player_experience":1114431,"relics_obtained":[{"floor":6,"key":"The Courier"},{"floor":6,"key":"Ice Cream"},{"floor":8,"key":"HandmadeGrimoire"},{"floor":8,"key":"Old Coin"},{"floor":9,"key":"Bottled Lightning"},{"floor":10,"key":"Torii"},{"floor":10,"key":"Toy Ornithopter"},{"floor":12,"key":"StrikeDummy"},{"floor":23,"key":"Tiny Chest"},{"floor":23,"key":"Pantograph"},{"floor":25,"key":"Bag of Preparation"},{"floor":25,"key":"Bronze Scales"},{"floor":26,"key":"Pear"},{"floor":28,"key":"Gremlin Horn"},{"floor":28,"key":"Vajra"},{"floor":40,"key":"Peace Pipe"},{"floor":40,"key":"Nunchaku"},{"floor":42,"key":"Unceasing Top"},{"floor":42,"key":"Toxic Egg 2"},{"floor":43,"key":"Juzu Bracelet"},{"floor":43,"key":"Strawberry"},{"floor":44,"key":"Lantern"},{"floor":44,"key":"InkBottle"},{"floor":45,"key":"Pen Nib"},{"floor":45,"key":"MawBank"},{"floor":48,"key":"CeramicFish"},{"floor":48,"key":"Oddly Smooth Stone"},{"floor":54,"key":"Kunai"},{"floor":54,"key":"Mercury Hourglass"}],"event_choices":[{"damage_healed":0,"gold_gain":175,"player_choice":"AGREE","damage_taken":0,"max_hp_gain":0,"max_hp_loss":0,"event_name":"Liars Game","floor":2,"gold_loss":0,"cards_obtained":["Doubt"]},{"damage_healed":0,"gold_gain":0,"player_choice":"Entered Light","damage_taken":15,"max_hp_gain":0,"max_hp_loss":0,"event_name":"Shining Light","floor":13,"gold_loss":0,"cards_upgraded":["OpenUniverse","Strike_MRS"]},{"damage_healed":0,"gold_gain":0,"player_choice":"Read","damage_taken":0,"max_hp_gain":0,"max_hp_loss":0,"event_name":"The Library","floor":19,"gold_loss":0,"cards_obtained":["GravityBeat"]},{"damage_healed":0,"gold_gain":0,"player_choice":"Opened","damage_taken":0,"relics_obtained":["Darkstone Periapt"],"max_hp_gain":0,"max_hp_loss":0,"event_name":"The Mausoleum","floor":21,"gold_loss":0,"cards_obtained":["Writhe"]}],"is_beta":false,"boss_relics":[{"not_picked":["Cursed Key","Snecko Eye"],"picked":"Busted Crown"},{"not_picked":["SacredBark","Runic Pyramid"],"picked":"Runic Dome"}],"items_purged_floors":[4,20,29,39],"is_endless":false,"potions_floor_spawned":[6,7,8,10,11,12,23,25,27,30,31,35,42,45,46,47,54],"ascension_level":12}}