{"host":"h4lp0eeso8a0ssq0","time":1610298124,"event":{"mods":["2.2 Compatiblity","AchievementEnabler","BaseMod","CapriCore","Colored Map","Minty Spire (QoL Compilation)","StSLib","SuperFastMode"],"gold_per_floor":[114,17,17,32,32,62,62,77,102,102,117,132,132,147,147,247,247,262,277,292,307,307,307,77,77,102,102,117,42,57,57,57,57,57],"floor_reached":33,"playtime":738,"items_purged":["Strike_P"],"score":299,"play_id":"301332c8-0be8-4b78-a404-1fd8b16a33db","local_time":"20210111020204","daily_mods":["Specialized","Diverse","Night Terrors"],"is_ascension_mode":false,"campfire_choices":[{"data":"Dramatic Entrance","floor":7.0,"key":"SMITH"},{"data":"Riddle With Holes","floor":15.0,"key":"SMITH"},{"data":"Sunder","floor":23,"key":"SMITH"},{"data":"Eruption","floor":25,"key":"SMITH"},{"data":"Wraith Form v2","floor":32,"key":"SMITH"}],"circlet_count":0,"master_deck":["Strike_P","Strike_P","Defend_P","Defend_P","Defend_P","Eruption+1","Vigilance","Accuracy","Accuracy","Accuracy","Accuracy","Accuracy","Dramatic Entrance+1","SashWhip","Conserve Battery","Riddle With Holes+1","Corpse Explosion","Sunder+1","Shockwave+1","Accuracy","Ghostly","Ghostly","Ghostly","Ghostly","Ghostly","Wraith Form v2+1"],"relics":["PureWater","Mummified Hand","Strawberry","Pear","Runic Pyramid","Lantern","Boot"],"acts_visited":["Exordium","TheCity"],"potions_floor_usage":[],"damage_taken":[{"damage":2.0,"enemies":"2 Louse","floor":1.0,"turns":2.0},{"damage":2.0,"enemies":"Cultist","floor":4.0,"turns":3.0},{"damage":38.0,"enemies":"Lagavulin","floor":6.0,"turns":10.0},{"damage":0.0,"enemies":"Small Slimes","floor":8.0,"turns":3.0},{"damage":0.0,"enemies":"2 Fungi Beasts","floor":11.0,"turns":1.0},{"damage":0.0,"enemies":"3 Louse","floor":12.0,"turns":2.0},{"damage":0.0,"enemies":"Blue Slaver","floor":14.0,"turns":2.0},{"damage":15.0,"enemies":"Slime Boss","floor":16.0,"turns":6.0},{"damage":13.0,"enemies":"2 Thieves","floor":18.0,"turns":2.0},{"damage":5.0,"enemies":"Chosen","floor":19.0,"turns":4.0},{"damage":25.0,"enemies":"Snake Plant","floor":20.0,"turns":3.0},{"damage":15.0,"enemies":"Cultist and Chosen","floor":21.0,"turns":6.0},{"damage":18,"enemies":"Centurion and Healer","floor":28,"turns":5},{"damage":3,"enemies":"Snake Plant","floor":30,"turns":5},{"damage":3,"enemies":"Collector","floor":33,"turns":3}],"seed_played":"-956745095108410897","potions_obtained":[{"floor":1.0,"key":"Fire Potion"},{"floor":8.0,"key":"SkillPotion"},{"floor":14.0,"key":"Dexterity Potion"},{"floor":16.0,"key":"Explosive Potion"},{"floor":18.0,"key":"Weak Potion"},{"floor":21.0,"key":"GamblersBrew"},{"floor":30,"key":"DistilledChaos"}],"is_trial":false,"path_per_floor":["M","$","?","M","?","E","R","M","T","?","M","M","?","M","R","B",null,"M","M","M","M","?","R","$","R","T","?","M","$","M","$","R","B"],"character_chosen":"WATCHER","items_purchased":["Dramatic Entrance","Accuracy","Lantern"],"campfire_rested":0,"item_purchase_floors":[2,24,24],"current_hp_per_floor":[70,70,70,68,68,30,30,30,37,44,44,44,49,49,49,34,94,81,76,51,36,67,67,67,67,67,47,29,29,26,26,26,23,23],"gold":57,"neow_bonus":"","is_daily":true,"chose_seed":false,"campfire_upgraded":5,"win_rate":0.0,"timestamp":1610298124,"path_taken":["M","$","?","?","?","E","R","M","T","?","M","M","?","M","R","BOSS","M","M","M","M","?","R","$","R","T","?","M","$","M","$","R","BOSS"],"items_purchased_type":["Card","Card","Relic"],"build_version":"2020-12-22","purchased_purges":1,"victory":false,"max_hp_per_floor":[72,72,72,72,72,72,72,72,79,89,89,89,94,94,94,94,94,94,94,94,94,94,94,94,94,94,47,47,47,47,47,47,47,47],"card_choices":[{"not_picked":["Finisher","Flechettes","Clothesline"],"picked":"SKIP","floor":1.0},{"not_picked":["Bane","Footwork","Perfected Strike"],"picked":"SKIP","floor":4.0},{"not_picked":["Halt","Wild Strike"],"picked":"Conserve Battery","floor":6.0},{"not_picked":["SashWhip","EmptyBody","Intimidate"],"picked":"SKIP","floor":8.0},{"not_picked":["ReachHeaven","Underhanded Strike","Noxious Fumes"],"picked":"SKIP","floor":11.0},{"not_picked":["Prostrate","FollowUp","Riddle With Holes"],"picked":"SKIP","floor":12.0},{"not_picked":["Prostrate","FollowUp"],"picked":"Riddle With Holes","floor":12.0},{"not_picked":["Worship","Doom and Gloom","Reckless Charge"],"picked":"SKIP","floor":14.0},{"not_picked":["Buffer","Biased Cognition"],"picked":"Corpse Explosion","floor":16.0},{"not_picked":["Dagger Throw","FlyingSleeves"],"picked":"Sunder","floor":18.0},{"not_picked":["Cold Snap","Rip and Tear+1","True Grit+1"],"picked":"SKIP","floor":19.0},{"not_picked":["Pray","Sword Boomerang","Twin Strike"],"picked":"SKIP","floor":20.0},{"not_picked":["EmptyBody+1","Scrape"],"picked":"Shockwave+1","floor":21.0},{"not_picked":["Headbutt+1","Footwork","Sword Boomerang"],"picked":"SKIP","floor":28},{"not_picked":["Catalyst","JustLucky"],"picked":"Wraith Form v2","floor":30}],"player_experience":122100,"relics_obtained":[{"floor":6.0,"key":"Mummified Hand"},{"floor":9.0,"key":"Strawberry"},{"floor":26,"key":"Boot"}],"event_choices":[{"cards_removed":["Defend_P"],"damage_healed":0.0,"max_hp_gain":0.0,"max_hp_loss":0.0,"gold_gain":0.0,"event_name":"Bonfire Elementals","player_choice":"Offered Basic","floor":3.0,"gold_loss":0.0,"damage_taken":0.0},{"damage_healed":0.0,"max_hp_gain":0.0,"max_hp_loss":0.0,"gold_gain":0.0,"cards_transformed":["Strike_P"],"event_name":"Living Wall","player_choice":"Change","floor":5.0,"gold_loss":0.0,"damage_taken":0.0,"cards_obtained":["SashWhip"]},{"damage_healed":0.0,"max_hp_gain":0.0,"max_hp_loss":0.0,"gold_gain":0.0,"event_name":"Scrap Ooze","player_choice":"Success","floor":10.0,"gold_loss":0.0,"damage_taken":3.0,"relics_obtained":["Pear"]},{"damage_healed":0.0,"max_hp_gain":5.0,"max_hp_loss":0.0,"gold_gain":0.0,"event_name":"Big Fish","player_choice":"Donut","floor":13.0,"gold_loss":0.0,"damage_taken":0.0},{"damage_healed":31,"gold_gain":0,"player_choice":"Heal","damage_taken":0,"max_hp_gain":0,"max_hp_loss":0,"event_name":"The Library","floor":22,"gold_loss":0},{"damage_healed":0,"gold_gain":0,"player_choice":"Became a Ghost","damage_taken":0,"max_hp_gain":0,"max_hp_loss":47,"event_name":"Ghosts","floor":27,"gold_loss":0,"cards_obtained":["Ghostly","Ghostly","Ghostly","Ghostly","Ghostly"]}],"is_beta":false,"boss_relics":[{"not_picked":["Fusion Hammer","Velvet Choker"],"picked":"Runic Pyramid"}],"items_purged_floors":[29],"is_endless":false,"potions_floor_spawned":[1,8,14,16,18,21,30],"killed_by":"Collector","ascension_level":0}}