{"host":"o7j6aatxjwpw1421","time":1610281807,"event":{"mods":["2.2 Compatiblity","AchievementEnabler","BaseMod","Colored Map","DeckTracker","Highlight Path","Keyboard Shortcuts","Minty Spire (QoL Compilation)","Permanent Neow","Quick Restart","StSLib","SuperFastMode","everything is the same but u backflip on backflip"],"gold_per_floor":[17,17,33,33,52,52,52,52,78,94,118,193,218,241,241,241,241],"floor_reached":16,"playtime":823,"items_purged":[],"score":188,"play_id":"df7c307d-b1b0-4140-8327-9db63f92dc37","local_time":"20210110213007","is_ascension_mode":true,"campfire_choices":[{"data":"Neutralize","floor":6.0,"key":"SMITH"},{"floor":8.0,"key":"REST"},{"floor":15,"key":"REST"}],"circlet_count":0,"master_deck":["AscendersBane","Strike_G","Strike_G","Strike_G","Strike_G","Defend_G","Defend_G","Defend_G","Defend_G","Survivor+1","Neutralize+1","Backstab","Grand Finale","Doppelganger","Acrobatics","Quick Slash","Well Laid Plans"],"relics":["Ring of the Snake","Golden Idol","Toy Ornithopter"],"acts_visited":["Exordium"],"potions_floor_usage":[14],"damage_taken":[{"damage":4.0,"enemies":"Jaw Worm","floor":1.0,"turns":5.0},{"damage":6.0,"enemies":"2 Louse","floor":3.0,"turns":3.0},{"damage":0.0,"enemies":"Cultist","floor":5.0,"turns":3.0},{"damage":0.0,"enemies":"Blue Slaver","floor":10.0,"turns":5.0},{"damage":11.0,"enemies":"3 Louse","floor":11.0,"turns":6.0},{"damage":13,"enemies":"Large Slime","floor":13,"turns":2},{"damage":0,"enemies":"Exordium Thugs","floor":14,"turns":4},{"damage":19,"enemies":"Hexaghost","floor":16,"turns":9}],"seed_played":"-8780438172511933137","potions_obtained":[{"floor":5.0,"key":"SteroidPotion"},{"floor":10.0,"key":"CunningPotion"},{"floor":11.0,"key":"Strength Potion"},{"floor":14,"key":"Dexterity Potion"}],"is_trial":false,"path_per_floor":["M","?","M","$","M","R","?","R","T","M","M","?","M","M","R","B"],"character_chosen":"THE_SILENT","items_purchased":[],"campfire_rested":2,"item_purchase_floors":[],"current_hp_per_floor":[55,32,26,26,26,26,26,45,45,45,34,23,10,15,34,15,15],"gold":241,"neow_bonus":"TRANSFORM_TWO_CARDS","is_daily":false,"chose_seed":false,"campfire_upgraded":1,"win_rate":0.0,"timestamp":1610281807,"path_taken":["M","?","M","$","M","R","?","R","T","?","M","?","M","M","R","BOSS"],"items_purchased_type":[],"build_version":"2020-12-22","purchased_purges":0,"victory":false,"max_hp_per_floor":[66,66,66,66,66,66,66,66,66,66,66,66,66,66,66,66,66],"card_choices":[{"not_picked":["PiercingWail","Accuracy","Concentrate"],"picked":"SKIP","floor":1.0},{"not_picked":["Flying Knee","Sucker Punch","Catalyst"],"picked":"SKIP","floor":3.0},{"not_picked":["Flying Knee","Predator","Concentrate"],"picked":"SKIP","floor":5.0},{"not_picked":["Poisoned Stab","Predator"],"picked":"Doppelganger","floor":10.0},{"not_picked":["Slice","Outmaneuver"],"picked":"Acrobatics","floor":11.0},{"not_picked":["Dodge and Roll","Dagger Spray"],"picked":"Quick Slash","floor":13},{"not_picked":["Quick Slash","Deadly Poison"],"picked":"Well Laid Plans","floor":14}],"player_experience":473804,"relics_obtained":[{"floor":9.0,"key":"Toy Ornithopter"}],"event_choices":[{"damage_healed":0.0,"max_hp_gain":0.0,"max_hp_loss":0.0,"gold_gain":0.0,"event_name":"Golden Idol","player_choice":"Take Damage","floor":2.0,"gold_loss":0.0,"damage_taken":23.0,"relics_obtained":["Golden Idol"]},{"damage_healed":0.0,"max_hp_gain":0.0,"max_hp_loss":0.0,"gold_gain":0.0,"event_name":"Upgrade Shrine","player_choice":"Upgraded","floor":7.0,"gold_loss":0.0,"damage_taken":0.0,"cards_upgraded":["Survivor"]},{"damage_healed":0.0,"max_hp_gain":0.0,"max_hp_loss":0.0,"gold_gain":75.0,"event_name":"World of Goop","player_choice":"Gather Gold","floor":12.0,"gold_loss":0.0,"damage_taken":11.0}],"is_beta":false,"boss_relics":[],"items_purged_floors":[],"is_endless":false,"potions_floor_spawned":[5,10,11,14],"killed_by":"Hexaghost","ascension_level":20}}