{"host":"jg7l4qx3tpyh92eq","time":1610288297,"event":{"mods":["BaseMod","Colored Powertips","Googly Eyes","Minty Spire (QoL Compilation)","Rare Cards Sparkle","Relic Stats","Replay The Spire","StSLib","Virulent Crown"],"gold_per_floor":[115,130,17,30,46,46,63,63,63],"floor_reached":8,"playtime":128,"items_purged":["Strike_G"],"score":50,"play_id":"4e862005-3102-4857-9b2d-354b1d485c8a","local_time":"20210111011817","is_ascension_mode":false,"campfire_choices":[{"data":"Noxious Fumes","floor":6.0,"key":"SMITH"}],"circlet_count":0,"master_deck":["Strike_G","Strike_G","Strike_G","Strike_G","Defend_G","Defend_G","Defend_G","Defend_G","Defend_G","Survivor","Neutralize","Deadly Poison","Noxious Fumes+1","Fluid Movement","Replay:Poison Smokescreen","Deadly Poison","Deadly Poison"],"relics":["Ring of the Snake","NeowsBlessing"],"acts_visited":["Exordium"],"potions_floor_usage":[],"damage_taken":[{"damage":0.0,"enemies":"Cultist","floor":1.0,"turns":1.0},{"damage":0.0,"enemies":"2 Louse","floor":2.0,"turns":1.0},{"damage":0.0,"enemies":"Jaw Worm","floor":4.0,"turns":1.0},{"damage":11.0,"enemies":"Exordium Thugs","floor":5.0,"turns":6.0},{"damage":4.0,"enemies":"Looter","floor":7.0,"turns":4.0},{"damage":0,"enemies":"3 Sentries","floor":8,"turns":1}],"seed_played":"-200835633800363210","potions_obtained":[{"floor":5.0,"key":"SneckoOil"},{"floor":7.0,"key":"Reflective Coating"}],"is_trial":false,"path_per_floor":["M","M","$","M","M","R","M","E"],"character_chosen":"THE_SILENT","items_purchased":["Fluid Movement"],"campfire_rested":0,"item_purchase_floors":[3],"current_hp_per_floor":[70,70,70,70,59,59,55,55,55],"gold":63,"neow_bonus":"THREE_ENEMY_KILL","is_daily":false,"chose_seed":false,"campfire_upgraded":1,"win_rate":0.0,"timestamp":1610288297,"path_taken":["M","M","$","M","?","R","M","E"],"items_purchased_type":["Card"],"build_version":"2020-12-22","purchased_purges":1,"victory":false,"max_hp_per_floor":[70,70,70,70,70,70,70,70,70],"relic_stats":{"counters":[6,13],"obtain_stats":[{"NeowsBlessing":0,"Ring of the Snake":0},{"NeowsBlessing":0,"Ring of the Snake":0},{"NeowsBlessing":0,"Ring of the Snake":0}],"Ring of the Snake":[10]},"card_choices":[{"not_picked":["All Out Attack","Slice"],"picked":"Deadly Poison","floor":1.0},{"not_picked":["Draining Mist","Underhanded Strike"],"picked":"Noxious Fumes","floor":2.0},{"not_picked":["Outmaneuver","Underhanded Strike"],"picked":"Replay:Poison Smokescreen","floor":4.0},{"not_picked":["Acrobatics","Blade Dance"],"picked":"Deadly Poison","floor":5.0},{"not_picked":["Blade Dance","Slice"],"picked":"Deadly Poison","floor":7.0}],"player_experience":209970,"relics_obtained":[],"event_choices":[],"is_beta":false,"boss_relics":[],"items_purged_floors":[3],"is_endless":false,"potions_floor_spawned":[5,7],"killed_by":"3 Sentries","ascension_level":0}}