{"host":"vumwfieg2b2mnrfl","time":1610242500,"event":{"mods":["AchievementEnabler","BaseMod","Minty Spire (QoL Compilation)","Rare Cards Sparkle","Relic Stats"],"gold_per_floor":[15,15,31,50,61,91,91,107,107,132,132,147,181,192,192,264,264,278,1,19,19,69,103,116,116,143,143,93,112,141,154,154,232,232,232,242,192,216,227,227,258,258,258,611,611,627,627,647,647,647],"floor_reached":51,"playtime":2947,"items_purged":["Defend_G","Strike_G"],"score":1303,"play_id":"e15cbae2-9572-4fe9-8b84-8b401c859e2a","local_time":"20210109193500","is_ascension_mode":true,"campfire_choices":[{"floor":7,"key":"REST"},{"floor":15,"key":"REST"},{"data":"Catalyst","floor":25,"key":"SMITH"},{"data":"Well Laid Plans","floor":32,"key":"SMITH"},{"floor":40,"key":"REST"},{"floor":42,"key":"REST"},{"data":"Noxious Fumes","floor":49,"key":"SMITH"}],"circlet_count":0,"master_deck":["AscendersBane","Strike_G","Strike_G","Strike_G","Defend_G","Defend_G","Defend_G","Defend_G","Survivor","Neutralize","Quick Slash","Backflip","Backflip","Prepared","Wraith Form v2","Poisoned Stab","Masterful Stab","Venomology","Well Laid Plans+1","Catalyst+1","Noxious Fumes+1","Bullet Time","Poisoned Stab","Noxious Fumes","Bullet Time+1","Shame","Choke","Night Terror+1","Storm of Steel+1","Crippling Poison+1","Bouncing Flask+1"],"relics":["Ring of the Snake","Torii","Eternal Feather","Mercury Hourglass","Prayer Wheel","Matryoshka","Snecko Eye","Membership Card","Toxic Egg 2","Bag of Marbles","Akabeko","Smiling Mask","PreservedInsect","Ancient Tea Set","SlaversCollar","Bronze Scales","Nunchaku","Pantograph","Oddly Smooth Stone","Old Coin"],"acts_visited":["Exordium","TheCity","TheBeyond"],"potions_floor_usage":[8,10,16,16,16,20,24,24,30,31,33,35,44,47,48,50],"damage_taken":[{"damage":1,"enemies":"2 Louse","floor":1,"turns":4},{"damage":1,"enemies":"Cultist","floor":3,"turns":4},{"damage":0,"enemies":"Small Slimes","floor":4,"turns":3},{"damage":9,"enemies":"3 Louse","floor":5,"turns":6},{"damage":24,"enemies":"3 Sentries","floor":6,"turns":13},{"damage":2,"enemies":"Looter","floor":8,"turns":5},{"damage":17,"enemies":"Gremlin Nob","floor":10,"turns":5},{"damage":1,"enemies":"Lots of Slimes","floor":12,"turns":3},{"damage":20,"enemies":"3 Sentries","floor":13,"turns":7},{"damage":1,"enemies":"Red Slaver","floor":14,"turns":3},{"damage":23,"enemies":"Slime Boss","floor":16,"turns":8},{"damage":2,"enemies":"Shell Parasite","floor":18,"turns":6},{"damage":0,"enemies":"3 Byrds","floor":20,"turns":4},{"damage":21,"enemies":"Book of Stabbing","floor":23,"turns":6},{"damage":0,"enemies":"Centurion and Healer","floor":24,"turns":5},{"damage":0,"enemies":"Cultist and Chosen","floor":29,"turns":5},{"damage":8,"enemies":"Slavers","floor":30,"turns":3},{"damage":1,"enemies":"Sentry and Sphere","floor":31,"turns":4},{"damage":9,"enemies":"Champ","floor":33,"turns":5},{"damage":0,"enemies":"3 Darklings","floor":35,"turns":1},{"damage":18,"enemies":"3 Shapes","floor":36,"turns":4},{"damage":29,"enemies":"3 Darklings","floor":39,"turns":6},{"damage":31,"enemies":"Giant Head","floor":41,"turns":6},{"damage":27,"enemies":"2 Orb Walkers","floor":44,"turns":4},{"damage":6,"enemies":"Sphere and 2 Shapes","floor":46,"turns":3},{"damage":7,"enemies":"Spire Growth","floor":47,"turns":4},{"damage":0,"enemies":"3 Darklings","floor":48,"turns":4},{"damage":58,"enemies":"Donu and Deca","floor":50,"turns":7}],"seed_played":"4787008323662458590","potions_obtained":[{"floor":1,"key":"SpeedPotion"},{"floor":2,"key":"DistilledChaos"},{"floor":2,"key":"GamblersBrew"},{"floor":4,"key":"LiquidMemories"},{"floor":10,"key":"Swift Potion"},{"floor":13,"key":"Fire Potion"},{"floor":16,"key":"FearPotion"},{"floor":23,"key":"Explosive Potion"},{"floor":24,"key":"Energy Potion"},{"floor":41,"key":"Dexterity Potion"}],"is_trial":false,"path_per_floor":["M","?","M","M","M","E","R","M","T","E","$","M","E","M","R","B",null,"M","$","M","?","?","E","M","R","T","?","$","M","E","M","R","B",null,"M","M","$","T","M","R","E","R","T","?","?","M","M","M","R","B",null],"character_chosen":"THE_SILENT","items_purchased":["Membership Card","Toxic Egg 2"],"campfire_rested":4,"item_purchase_floors":[19,19],"current_hp_per_floor":[58,58,57,57,48,24,52,50,50,33,33,32,12,11,42,33,58,56,56,56,56,56,35,35,53,53,53,53,53,45,44,59,50,62,62,44,44,44,15,49,18,55,55,28,54,48,41,41,54,16],"gold":647,"neow_bonus":"ONE_RARE_RELIC","is_daily":false,"chose_seed":false,"campfire_upgraded":3,"win_rate":0.0,"timestamp":1610242500,"path_taken":["M","?","M","M","?","E","R","M","T","E","$","?","E","?","R","BOSS","M","$","M","?","?","E","M","R","T","?","?","M","E","M","R","BOSS","M","M","$","?","?","R","E","R","T","?","?","M","M","M","R","BOSS"],"items_purchased_type":["Relic","Relic"],"build_version":"2020-12-22","purchased_purges":2,"victory":true,"max_hp_per_floor":[66,66,66,66,66,66,66,66,66,66,66,66,66,66,66,66,66,66,66,66,66,66,66,66,66,66,66,66,66,66,66,66,66,66,66,66,66,66,66,66,66,66,66,66,54,54,54,54,54,54],"relic_stats":{"Torii":47,"counters":[28,138],"Eternal Feather":100,"PreservedInsect":171,"Smiling Mask":-12,"Mercury Hourglass":[430],"Nunchaku":[8],"Bronze Scales":[84],"Pantograph":0,"Snecko Eye":[151,148,150,144],"Prayer Wheel":11,"obtain_stats":[{"Torii":0,"Oddly Smooth Stone":43,"Eternal Feather":6,"PreservedInsect":26,"Smiling Mask":26,"Ancient Tea Set":30,"Akabeko":23,"Mercury Hourglass":9,"Old Coin":44,"SlaversCollar":34,"Nunchaku":38,"Matryoshka":13,"Bronze Scales":38,"Pantograph":41,"Snecko Eye":17,"Prayer Wheel":10,"Bag of Marbles":21,"Membership Card":19,"Toxic Egg 2":19,"Ring of the Snake":0},{"Torii":0,"Oddly Smooth Stone":23,"Eternal Feather":5,"PreservedInsect":15,"Smiling Mask":15,"Ancient Tea Set":17,"Akabeko":14,"Mercury Hourglass":6,"Old Coin":24,"SlaversCollar":19,"Nunchaku":21,"Matryoshka":9,"Bronze Scales":21,"Pantograph":23,"Snecko Eye":11,"Prayer Wheel":7,"Bag of Marbles":13,"Membership Card":12,"Toxic Egg 2":12,"Ring of the Snake":0},{"Torii":0,"Oddly Smooth Stone":116,"Eternal Feather":30,"PreservedInsect":82,"Smiling Mask":82,"Ancient Tea Set":90,"Akabeko":77,"Mercury Hourglass":35,"Old Coin":120,"SlaversCollar":99,"Nunchaku":104,"Matryoshka":50,"Bronze Scales":104,"Pantograph":116,"Snecko Eye":61,"Prayer Wheel":40,"Bag of Marbles":71,"Membership Card":67,"Toxic Egg 2":67,"Ring of the Snake":0}],"Ring of the Snake":[56]},"card_choices":[{"not_picked":["Accuracy","Backstab"],"picked":"Quick Slash","floor":1},{"not_picked":["Endless Agony","Deflect"],"picked":"Backflip","floor":3},{"not_picked":["Endless Agony","Finisher"],"picked":"Backflip","floor":4},{"not_picked":["Underhanded Strike","Eviscerate"],"picked":"Prepared","floor":5},{"not_picked":["Sucker Punch","Tactician"],"picked":"Wraith Form v2","floor":6},{"not_picked":["Backflip","Acrobatics"],"picked":"Poisoned Stab","floor":8},{"not_picked":["Backflip","Outmaneuver"],"picked":"Masterful Stab","floor":10},{"not_picked":["Dagger Throw","Outmaneuver"],"picked":"Venomology","floor":12},{"not_picked":["Dagger Throw","Distraction","Choke"],"picked":"SKIP","floor":12},{"not_picked":["Underhanded Strike","Sucker Punch"],"picked":"Well Laid Plans","floor":13},{"not_picked":["Skewer","Die Die Die"],"picked":"Catalyst","floor":14},{"not_picked":["Blade Dance","Dodge and Roll"],"picked":"Noxious Fumes","floor":14},{"not_picked":["A Thousand Cuts","Doppelganger"],"picked":"Bullet Time","floor":16},{"not_picked":["Flying Knee","Underhanded Strike"],"picked":"Poisoned Stab","floor":18},{"not_picked":["Outmaneuver+1","Dodge and Roll+1","Flying Knee"],"picked":"SKIP","floor":18},{"not_picked":["Blade Dance+1","Backstab"],"picked":"Noxious Fumes","floor":20},{"not_picked":["Outmaneuver+1","Slice"],"picked":"Bullet Time+1","floor":20},{"not_picked":["Poisoned Stab","Underhanded Strike","Acrobatics+1"],"picked":"SKIP","floor":23},{"not_picked":["Slice","Reflex+1"],"picked":"Choke","floor":24},{"not_picked":["Cloak And Dagger+1","Terror+1","Sucker Punch"],"picked":"SKIP","floor":24},{"not_picked":["Flying Knee+1","Acrobatics+1"],"picked":"Night Terror+1","floor":29},{"not_picked":["Sucker Punch","Slice","Dagger Throw"],"picked":"SKIP","floor":29},{"not_picked":["Dagger Spray","PiercingWail+1","Cloak And Dagger+1"],"picked":"SKIP","floor":30},{"not_picked":["Deflect+1","Blade Dance+1","Dodge and Roll+1"],"picked":"SKIP","floor":31},{"not_picked":["Doppelganger+1","Blade Dance+1","Dagger Spray"],"picked":"SKIP","floor":31},{"not_picked":["Glass Knife","Bullet Time+1"],"picked":"Storm of Steel+1","floor":33},{"not_picked":["Finisher","Flying Knee","Sucker Punch+1"],"picked":"SKIP","floor":36},{"not_picked":["Acrobatics+1","Sucker Punch","Quick Slash"],"picked":"SKIP","floor":36},{"not_picked":["Poisoned Stab","Deflect+1","Sucker Punch+1"],"picked":"SKIP","floor":39},{"not_picked":["Infinite Blades","Acrobatics+1","Escape Plan+1"],"picked":"SKIP","floor":39},{"not_picked":["Wraith Form v2","Backflip+1"],"picked":"Crippling Poison+1","floor":41},{"not_picked":["Underhanded Strike","Dagger Spray","Sucker Punch"],"picked":"SKIP","floor":46},{"not_picked":["Finisher+1","Deadly Poison+1","Tactician+1"],"picked":"SKIP","floor":46},{"not_picked":["Dodge and Roll+1","Backflip+1"],"picked":"Bouncing Flask+1","floor":48},{"not_picked":["Finisher","Deadly Poison+1","Underhanded Strike"],"picked":"SKIP","floor":48}],"player_experience":396631,"relics_obtained":[{"floor":6,"key":"Eternal Feather"},{"floor":9,"key":"Mercury Hourglass"},{"floor":10,"key":"Prayer Wheel"},{"floor":13,"key":"Matryoshka"},{"floor":23,"key":"Akabeko"},{"floor":26,"key":"Smiling Mask"},{"floor":26,"key":"PreservedInsect"},{"floor":30,"key":"Ancient Tea Set"},{"floor":38,"key":"Bronze Scales"},{"floor":38,"key":"Nunchaku"},{"floor":41,"key":"Pantograph"},{"floor":43,"key":"Oddly Smooth Stone"},{"floor":44,"key":"Old Coin"}],"event_choices":[{"damage_healed":0,"gold_gain":0,"player_choice":"Got Potions","damage_taken":0,"max_hp_gain":0,"max_hp_loss":0,"event_name":"Lab","floor":2,"gold_loss":0},{"damage_healed":0,"gold_gain":0,"player_choice":"Stole Relic","damage_taken":0,"relics_obtained":["Bag of Marbles"],"max_hp_gain":0,"max_hp_loss":0,"event_name":"Addict","floor":21,"gold_loss":0,"cards_obtained":["Shame"]},{"damage_healed":0,"gold_gain":50,"player_choice":"Stole From Cult","damage_taken":0,"max_hp_gain":0,"max_hp_loss":0,"event_name":"Nest","floor":22,"gold_loss":0},{"cards_removed":["Strike_G"],"damage_healed":0,"gold_gain":0,"player_choice":"Elegance","damage_taken":0,"max_hp_gain":0,"max_hp_loss":0,"event_name":"Back to Basics","floor":27,"gold_loss":0},{"damage_healed":0,"gold_gain":0,"player_choice":"Fight","damage_taken":0,"max_hp_gain":0,"max_hp_loss":0,"event_name":"Mysterious Sphere","floor":44,"gold_loss":0},{"damage_healed":54,"gold_gain":0,"player_choice":"Heal","damage_taken":0,"max_hp_gain":0,"max_hp_loss":12,"event_name":"The Moai Head","floor":45,"gold_loss":0}],"is_beta":false,"boss_relics":[{"not_picked":["Sozu","Coffee Dripper"],"picked":"Snecko Eye"},{"not_picked":["Empty Cage","Black Star"],"picked":"SlaversCollar"}],"items_purged_floors":[28,37],"is_endless":false,"potions_floor_spawned":[1,4,10,13,16,23,24,29,30,35,41,46],"ascension_level":15}}