{"host":"yvxwvf4t2vu8n8lg","time":1610284165,"event":{"mods":["BaseMod","Downfall","Hermit","Marisa£®ÏF”Í°°ƒß¿Ì…≥£©","Minty Spire (QoL Compilation)","Prisma Mod","Reimu£®≤©¿ˆ¡È√Œ£©","Remilia£®¿Ÿ√◊¿Ú—«£©","Replay The Spire","StSLib","The Alterego","The Cursed","The Servant 0.9.4","WarShipGirlsR/’ΩΩ¢…Ÿ≈ÆR mod","Yakumo Yukari mod","Youmu£®ªÍ∆«—˝√Œ£©","Yuyuko"],"gold_per_floor":[117,128,139,150,163,191,366,31,54,54,68,68,93,113,113,214,314,331,351,400,428,440,440,450,450,450,468,501,520,520,533,533,637,637,654,654,654],"floor_reached":36,"playtime":3614,"items_purged":["Doubt"],"score":402,"play_id":"8b01aae3-d7e2-46b2-ad61-d2b1ad8a53ce","local_time":"20210110210925","is_ascension_mode":false,"campfire_choices":[{"data":"rmod:expedition","floor":10,"key":"SMITH"},{"floor":12,"key":"REST"},{"floor":15,"key":"REST"},{"floor":23,"key":"REST"},{"data":"rmod:chargemoney","floor":25,"key":"SMITH"},{"floor":30,"key":"REST"},{"floor":32,"key":"REST"}],"circlet_count":0,"master_deck":["rmod:strick","rmod:strick","rmod:strick","rmod:strick","rmod:defend","rmod:defend","rmod:defend","rmod:defend","rmod:basicallowance","rmod:maingunfire","rmod:launchingtorpedo","rmod:expedition+1","rmod:tearstotiara","rmod:diamondstrike","rmod:chargemoney+1","rmod:supportaircraftcarrier","rmod:goodfighter","rmod:maintain","rmod:saltedfish","rmod:diamondstrike","rmod:advancebysurprise+1","rmod:circuitoustactics","rmod:wife","rmod:maintain","rmod:sl","rmod:expedition","rmod:aggressivemary+1","rmod:abidefaith","rmod:chargemoney+1"],"relics":["rmod:firstchargereward","Simple Rune","Pantograph","Lantern","Blood Vial","Replay:Wanted Poster","Red Mask","Shuriken","Dream Catcher","Painkiller Herb"],"acts_visited":["Exordium","TheCity","TheBeyond"],"potions_floor_usage":[4,16,16,16,24,24,29,33,33,36,36],"damage_taken":[{"damage":0,"enemies":"Cultist","floor":1,"turns":3},{"damage":11,"enemies":"Small Slimes","floor":2,"turns":3},{"damage":5,"enemies":"Jaw Worm","floor":3,"turns":4},{"damage":3,"enemies":"Blue Slaver","floor":4,"turns":4},{"damage":9,"enemies":"Large Slime","floor":5,"turns":5},{"damage":32,"enemies":"Lagavulin","floor":6,"turns":6},{"damage":0,"enemies":"2 Fungi Beasts","floor":11,"turns":4},{"damage":21,"enemies":"3 Sentries","floor":13,"turns":7},{"damage":6,"enemies":"Red Slaver","floor":14,"turns":2},{"damage":7,"enemies":"Fading Forest","floor":16,"turns":12},{"damage":5,"enemies":"Chosen","floor":18,"turns":5},{"damage":25,"enemies":"2 Thieves","floor":19,"turns":4},{"damage":2,"enemies":"Centurion and Healer","floor":20,"turns":9},{"damage":30,"enemies":"Masked Bandits","floor":21,"turns":4},{"damage":1,"enemies":"Sentry and Sphere","floor":22,"turns":5},{"damage":6,"enemies":"3 Cultists","floor":24,"turns":4},{"damage":0,"enemies":"Cultist and Chosen","floor":27,"turns":4},{"damage":41,"enemies":"Slavers","floor":28,"turns":5},{"damage":6,"enemies":"Snake Plant","floor":29,"turns":3},{"damage":19,"enemies":"Centurion and Healer","floor":31,"turns":4},{"damage":34,"enemies":"Automaton","floor":33,"turns":7},{"damage":20,"enemies":"Orb Walker","floor":35,"turns":3},{"damage":73,"enemies":"Orb Walker","floor":36,"turns":15}],"seed_played":"6220930818423157522","potions_obtained":[{"floor":2,"key":"SpeedPotion"},{"floor":3,"key":"ColorlessPotion"},{"floor":6,"key":"Weak Potion"},{"floor":13,"key":"Strength Potion"},{"floor":14,"key":"PowerPotion"},{"floor":16,"key":"Milkshake"},{"floor":21,"key":"ColorlessPotion"},{"floor":22,"key":"SkillPotion"},{"floor":27,"key":"Venom Potion"},{"floor":28,"key":"Weak Potion"},{"floor":33,"key":"Block Potion"},{"floor":35,"key":"Block Potion"}],"is_trial":false,"path_per_floor":["M","M","M","M","M","E","?","$","T","R","M","R","E","M","R","B",null,"M","M","M","?","M","R","M","R","T","M","E","M","R","M","R","B",null,"?","?"],"character_chosen":"PRAEFECT","items_purchased":["Pantograph"],"campfire_rested":5,"item_purchase_floors":[8],"current_hp_per_floor":[82,71,66,63,54,22,22,22,22,22,22,46,25,21,45,75,82,77,54,54,26,27,51,47,47,47,49,10,6,30,13,37,30,82,62,0,0],"gold":654,"neow_bonus":"TEN_PERCENT_HP_BONUS","is_daily":false,"chose_seed":false,"campfire_upgraded":2,"win_rate":0.0,"timestamp":1610284165,"path_taken":["M","M","M","M","?","E","?","?","T","R","M","R","E","M","R","BOSS","M","M","M","?","M","R","M","R","T","M","E","M","R","M","R","BOSS","?","?"],"items_purchased_type":["Relic"],"build_version":"2020-12-22","purchased_purges":1,"victory":false,"max_hp_per_floor":[82,82,82,82,82,82,82,82,82,82,82,82,82,82,82,82,82,82,82,82,82,82,82,82,82,82,82,82,82,82,82,82,82,82,82,82,82],"card_choices":[{"not_picked":["rmod:firesupport","rmod:fuelsupply"],"picked":"rmod:launchingtorpedo","floor":1},{"not_picked":["rmod:aluminumsupply","rmod:fletcherpendant"],"picked":"rmod:expedition","floor":2},{"not_picked":["rmod:steelsupply","rmod:generalist"],"picked":"rmod:tearstotiara","floor":3},{"not_picked":["rmod:victimresponsibility","rmod:selfconfidence"],"picked":"rmod:diamondstrike","floor":4},{"not_picked":["rmod:rockthrower","rmod:lonelyqueen"],"picked":"rmod:chargemoney","floor":5},{"not_picked":["rmod:firesupport","rmod:capitalist"],"picked":"rmod:supportaircraftcarrier","floor":6},{"not_picked":["rmod:intelligenceanalysis","rmod:unsinkable"],"picked":"rmod:goodfighter","floor":11},{"not_picked":["rmod:unsinkable","rmod:fletcherpendant","rmod:aviationdawn"],"picked":"SKIP","floor":13},{"not_picked":["rmod:sl","rmod:steelsupply"],"picked":"rmod:maintain","floor":14},{"not_picked":["rmod:secretscript","rmod:desperatesituation"],"picked":"rmod:saltedfish","floor":16},{"not_picked":["rmod:aviationdawn","rmod:intelligenceanalysis"],"picked":"rmod:diamondstrike","floor":18},{"not_picked":["rmod:aviationdawn","rmod:robin","rmod:supportescort"],"picked":"SKIP","floor":19},{"not_picked":["rmod:unsinkable","rmod:firesupport"],"picked":"rmod:advancebysurprise+1","floor":20},{"not_picked":["rmod:intelligenceanalysis","rmod:steelsupply"],"picked":"rmod:circuitoustactics","floor":21},{"not_picked":["rmod:goodsister","rmod:steelsupply"],"picked":"rmod:wife","floor":22},{"not_picked":["rmod:unsinkable","rmod:aluminumsupply","rmod:goodsister"],"picked":"SKIP","floor":24},{"not_picked":["rmod:victimresponsibility+1","rmod:luckystar","rmod:ring"],"picked":"SKIP","floor":27},{"not_picked":["rmod:aviationdawn","rmod:saltedfish"],"picked":"rmod:maintain","floor":28},{"not_picked":["rmod:tearstotiara+1","rmod:aluminumsupply+1"],"picked":"rmod:sl","floor":29},{"not_picked":["rmod:maintain","rmod:fletcherpendant"],"picked":"rmod:expedition","floor":30},{"not_picked":["rmod:supportescort","rmod:steelsupply","rmod:aviationdawn"],"picked":"SKIP","floor":31},{"not_picked":["rmod:tearstotiara+1","rmod:luckystar"],"picked":"rmod:aggressivemary+1","floor":32},{"not_picked":["rmod:desperatesituation","rmod:timeschanged"],"picked":"rmod:abidefaith","floor":33},{"not_picked":["rmod:victimresponsibility+1","rmod:luckystar"],"picked":"rmod:chargemoney+1","floor":35}],"player_experience":9024,"relics_obtained":[{"floor":6,"key":"Simple Rune"},{"floor":9,"key":"Lantern"},{"floor":13,"key":"Blood Vial"},{"floor":21,"key":"Red Mask"},{"floor":26,"key":"Shuriken"},{"floor":28,"key":"Dream Catcher"}],"event_choices":[{"damage_healed":0,"gold_gain":175,"player_choice":"AGREE","damage_taken":0,"max_hp_gain":0,"max_hp_loss":0,"event_name":"Liars Game","floor":7,"gold_loss":0,"cards_obtained":["Doubt"]},{"damage_healed":0,"gold_gain":0,"player_choice":"Fought Bandits","damage_taken":0,"max_hp_gain":0,"max_hp_loss":0,"event_name":"Masked Bandits","floor":21,"gold_loss":0}],"is_beta":false,"boss_relics":[{"not_picked":["Abe\u0027s Treasure","Ectoplasm"],"picked":"Replay:Wanted Poster"},{"not_picked":["Ring of Chaos","Sozu"],"picked":"Painkiller Herb"}],"items_purged_floors":[8],"is_endless":false,"potions_floor_spawned":[2,3,6,13,14,16,21,22,27,28,33,35],"killed_by":"Orb Walker","ascension_level":0}}