{"host":"3b5lda25ezqra65h","time":1610289284,"event":{"mods":["BaseMod","BetterRewards","Colored Map","Colored Powertips","Marisa????????","Minty Spire (QoL Compilation)","Shop Mod","StSLib","The Animator","The Cursed","The Disciple","The Senshi","The Servant 0.9.4","Yuri Mod"],"gold_per_floor":[127,127,127,96,108,139,156,156,182,182,182],"floor_reached":10,"playtime":591,"items_purged":[],"score":91,"play_id":"c15a7f2e-71f1-4c9d-9894-9b21c5f3c746","local_time":"20210110153444","is_ascension_mode":false,"campfire_choices":[],"circlet_count":0,"master_deck":["animator:Strike_Konosuba","animator:Defend_Konosuba","animator:Strike","animator:Strike","animator:Strike","animator:Defend","animator:Defend","animator:Defend","animator:Kazuma","animator:Aqua","animator:Megumin+2","animator:Kazuma"],"relics":["animator:LivingPicture","animator:TheMissingPiece","animator:PurgingStone","NeowsBlessing","animator:OldCoffin","Boot"],"acts_visited":["Exordium"],"potions_floor_usage":[10],"damage_taken":[{"damage":0,"enemies":"Cultist","floor":1,"turns":1},{"damage":0,"enemies":"2 Louse","floor":5,"turns":1},{"damage":0,"enemies":"Gremlin Nob","floor":6,"turns":1},{"damage":4,"enemies":"Small Slimes","floor":7,"turns":3},{"damage":77,"enemies":"Lagavulin","floor":10,"turns":12}],"seed_played":"4794712091925406407","potions_obtained":[{"floor":5,"key":"DistilledChaos"}],"is_trial":false,"path_per_floor":["M","?","?","?","M","E","M","T","T","E"],"character_chosen":"THE_ANIMATOR","items_purchased":[],"campfire_rested":0,"item_purchase_floors":[],"current_hp_per_floor":[66,66,66,66,66,66,62,62,62,0,0],"gold":182,"neow_bonus":"THREE_ENEMY_KILL","is_daily":false,"chose_seed":false,"campfire_upgraded":0,"win_rate":0.0,"timestamp":1610289284,"path_taken":["M","?","?","?","M","E","M","?","T","E"],"items_purchased_type":[],"build_version":"2020-12-22","purchased_purges":0,"victory":false,"max_hp_per_floor":[66,66,66,66,66,66,66,66,66,66,66],"card_choices":[{"not_picked":["animator:Mikaela","animator:ChaikaBohdan"],"picked":"animator:Megumin","floor":1},{"not_picked":["animator:LizardPriest","animator:Aqua"],"picked":"animator:Kazuma","floor":5},{"not_picked":["animator:Kuribayashi","animator:Kazuma","animator:Genos"],"picked":"SKIP","floor":6},{"not_picked":["animator:Chris","animator:Vanir"],"picked":"animator:Megumin","floor":7}],"player_experience":262562,"relics_obtained":[{"floor":6,"key":"animator:OldCoffin"},{"floor":9,"key":"Boot"}],"event_choices":[{"damage_healed":0,"gold_gain":0,"player_choice":"Ignored","damage_taken":0,"max_hp_gain":0,"max_hp_loss":0,"event_name":"Liars Game","floor":2,"gold_loss":0},{"damage_healed":0,"gold_gain":0,"player_choice":"Leave","damage_taken":0,"max_hp_gain":0,"max_hp_loss":0,"event_name":"The Cleric","floor":3,"gold_loss":0},{"damage_healed":0,"gold_gain":0,"player_choice":"Left Gold","damage_taken":0,"max_hp_gain":0,"max_hp_loss":0,"event_name":"World of Goop","floor":4,"gold_loss":31}],"is_beta":false,"boss_relics":[],"items_purged_floors":[],"is_endless":false,"potions_floor_spawned":[5],"killed_by":"Lagavulin","ascension_level":0}}