{"host":"rgcz6yx3duq0lh14","time":1610284456,"event":{"mods":["ATMod(à¢‡ıMod)","AchievementEnabler","Act Like it!","Aspiration","Astrologer","BaseMod","CapriCore","Chen","Colored Map","Decade(â§è¨ñæ)","Friendly Minions","Gensokyo","GungeonMod","Hallownest","Hermit","Jedi Mod","KinomotoSakuraMod(ñÿîVñ{?)","Koishi","Mari Mod (Legacy)","Mari\u0027s V1 Patch","MarisaÅiñ∂âJÅ@ñÇóùçπÅj","Minty Spire (QoL Compilation)","MostiFishMod","Pale of the Ancients","Permanent Neow","Potionbrewer","Prisma Mod","Quick Restart","ReimuÅiîé??öÎÅj","Replay The Spire","Robot Space Explorer","RumiaBox-òIïƒ?ìIê_îÈ·¥éq","SIMod","Spicy Shops","StSLib","The Alterego","The Animator","The Bug Knight","The Cursed","The Dragon Tamer","The Forsaken","The Gatherer","The Immortal","The Marked","The Mystic","The Poker Player","The Runesmith","The Servant 0.9.4","TheWitcher","Yakumo Yukari mod","YoumuÅiç∞ÈÆódöÎÅj","Åy?ï®?îvÅzREMEMod"],"gold_per_floor":[14,14,31,31,31,31,66,66,135,135,135,168,178,103,103,201,201,211,228,122,132,132,152,152,387,410,410,428,453,453,466,466,564,564,581,62,75,75,90,90,128,162,162,189,227,278,278,326,326,318,344,372,372,143,143,178,178,202,202,222],"floor_reached":61,"playtime":2383,"items_purged":["Defend_FS","Defend_PP","Strike_RD"],"score":1871,"play_id":"f08f62d5-f809-413c-a709-5fca621e4c1c","local_time":"20210110211416","is_ascension_mode":true,"campfire_choices":[{"data":"AT_WindFlip","floor":6,"key":"SMITH"},{"data":"LadiesDemeanor","floor":8,"key":"SMITH"},{"data":"HarmonyShield","floor":10,"key":"SMITH"},{"data":"GemstoneDetection","floor":15,"key":"SMITH"},{"data":"TakeTheLead","floor":24,"key":"SMITH"},{"data":"HarmonyForm","floor":27,"key":"SMITH"},{"data":"LadiesDemeanor","floor":30,"key":"SMITH"},{"data":"RashStunts","floor":32,"key":"SMITH"},{"data":"TakeTheLead","floor":40,"key":"SMITH"},{"data":"LoveMe","floor":49,"key":"SMITH"},{"data":"HarmonyForm","floor":55,"key":"SMITH"},{"data":"Sisterhood","floor":57,"key":"SMITH"}],"circlet_count":0,"master_deck":["Strike_AJ","Strike_RR+1","Defend_TS","Defend_AJ","ConcertedEfforts","HarmonyShield+1","AT_WindFlip+1","Yay+1","Louder+1","LadiesDemeanor+1","GemstoneDetection+1","FarmExpert","HarmonyForm+1","TakeTheLead+1","Laughter","PinkiePromise+1","SwiftKick","Winterwrapup","Stare","ReinventMyself+1","RashStunts+1","RashStunts","LadiesDemeanor+1","Louder+1","TwentyPercentcooler+1","TakeTheLead+1","MostiFishMod:EE1D","MostiFishMod:EE1D","MostiFishMod:EE1D","FarmExpert+1","Generousity+1","MostiFishMod:Awakening+1","Boundary+1","Perfectionism+1","LadiesDemeanor","Sisterhood+1","RunningOfTheLeaves","RunningOfTheLeaves","Charge+1","FriendOfNature+1","Honesty+1","LoveMe+1","TenInstruments+1","HarmonyForm+1","Yay+1","CleanLibrary+1","RunningOfTheLeaves+1","Tornado+1","Yay+1"],"relics":["The_element_of_harmony","AT_ATBox","DaveBox","REME_ComplimentaryCards","Counterbalance","GuanYuAspect","SynthV:TestCard","Gensokyo:OccultBall","Gensokyo:Justice","Omamori","theForsaken:ScaryMask","Gensokyo:LunaticRedEyes","jedi:cryingmask","Coffee Dripper","AT_SunfireAegis","GodSword1","SynthV:C4","OriginationStaff","DemoMod:GlassGuonStoneRelic","AT_BladeRuinedKing","EE1DDrone","Replay:Multitool","Boneless","CeramicFish","HollowMod:LifeEnderRelic","Oddly Smooth Stone","TSMusicBox","paleoftheancients:Timepiece","paleoftheancients:KeyRelic","Letter Opener","paleoftheancients:SoulOfTheSilent","Whetstone","Pen Nib","Runesmith:AutoHammer"],"acts_visited":["Exordium","Gensokyo:Gensokyo","Gensokyo:Gensokyoer","Gensokyo:Gensokyoest"],"potions_floor_usage":[12,16,19,39,56,60],"damage_taken":[{"damage":0,"enemies":"Gensokyo:Gryphon","floor":1,"turns":3},{"damage":2,"enemies":"Gensokyo:2_Kodama","floor":3,"turns":4},{"damage":0,"enemies":"Gensokyo:Cirno","floor":7,"turns":4},{"damage":0,"enemies":"Gensokyo:Aya","floor":12,"turns":5},{"damage":0,"enemies":"Gensokyo:3_Fairies","floor":13,"turns":4},{"damage":19,"enemies":"Gensokyo:Kokoro","floor":16,"turns":7},{"damage":6,"enemies":"Gensokyo:Chomper","floor":18,"turns":4},{"damage":1,"enemies":"Gensokyo:2_Gloops","floor":19,"turns":4},{"damage":8,"enemies":"Gensokyo:Monolith_and_Dog","floor":21,"turns":5},{"damage":0,"enemies":"Gensokyo:Swordslinger","floor":23,"turns":4},{"damage":5,"enemies":"Gensokyo:Reisen","floor":25,"turns":5},{"damage":0,"enemies":"Gensokyo:Slime_Group","floor":28,"turns":3},{"damage":0,"enemies":"Gensokyo:Koishi","floor":29,"turns":4},{"damage":0,"enemies":"Gensokyo:Wraith","floor":31,"turns":3},{"damage":0,"enemies":"Gensokyo:Kaguya","floor":33,"turns":5},{"damage":0,"enemies":"Gensokyo:AncientGuardian","floor":35,"turns":4},{"damage":0,"enemies":"Gensokyo:3_Boulders","floor":37,"turns":2},{"damage":0,"enemies":"Gensokyo:Dusk_and_Dawn","floor":39,"turns":2},{"damage":0,"enemies":"Gensokyo:Marisa","floor":41,"turns":3},{"damage":3,"enemies":"Gensokyo:Sharpion","floor":42,"turns":4},{"damage":0,"enemies":"Gensokyo:4_Bats","floor":44,"turns":1},{"damage":0,"enemies":"Gensokyo:AtlasGolem","floor":45,"turns":2},{"damage":0,"enemies":"Gensokyo:Kasen","floor":46,"turns":2},{"damage":0,"enemies":"Gensokyo:Doremy","floor":48,"turns":4},{"damage":0,"enemies":"Gensokyo:Yuyuko","floor":50,"turns":3},{"damage":16,"enemies":"Gensokyo:Yuyuko","floor":51,"turns":4},{"damage":0,"enemies":"Gensokyo:Yuyuko","floor":52,"turns":3},{"damage":0,"enemies":"Gensokyo:Yuyuko","floor":56,"turns":5},{"damage":0,"enemies":"paleoftheancients:N","floor":60,"turns":5}],"seed_played":"-5551581505798827920","potions_obtained":[{"floor":1,"key":"GamblersBrew"},{"floor":7,"key":"Fire Potion"},{"floor":18,"key":"potionbrewer:CleansingPotion"},{"floor":23,"key":"BlessingOfTheForge"},{"floor":31,"key":"SmokeBomb"},{"floor":37,"key":"SteroidPotion"},{"floor":39,"key":"potionbrewer:BlacksmithPotion"},{"floor":42,"key":"DemoMod:LeadSkinPotion"},{"floor":56,"key":"jedi:StrikingPotion"}],"is_trial":false,"path_per_floor":["M","?","M","$","?","R","E","R","T","R","?","E","M","$","R","B",null,"M","M","COS","M","?","M","R","E","T","R","M","E","R","M","R","B",null,"M","$","M","?","M","R","E","M","T","M","M","E","?","E","R_BF","B","M","M","?","$","R","M","R","T","?","B",null],"character_chosen":"TWI_CLASS","items_purchased":["Replay:Multitool","MostiFishMod:Awakening","Whetstone","Pen Nib"],"campfire_rested":0,"item_purchase_floors":[36,36,54,54],"current_hp_per_floor":[41,41,41,41,41,41,41,41,41,41,41,41,41,41,41,30,41,39,40,40,33,18,32,32,39,39,39,41,41,41,41,41,41,41,41,41,41,26,41,41,41,41,41,41,41,41,41,41,41,41,41,41,41,41,41,41,41,41,41,41],"gold":222,"neow_bonus":"ONE_RARE_RELIC","is_daily":false,"chose_seed":false,"campfire_upgraded":12,"win_rate":0.0,"timestamp":1610284456,"path_taken":["M","?","M","$","?","R","E","R","T","R","?","E","M","?","R","BOSS","M","M","COS","M","?","?","R","E","T","R","?","E","R","M","R","BOSS","M","$","M","?","M","R","E","M","T","M","?","E","?","E","R_BF","BOSS","M","M","?","$","R","M","R","T","?","BOSS"],"items_purchased_type":["Relic","Card","Relic","Relic"],"build_version":"2020-12-22","purchased_purges":3,"victory":true,"max_hp_per_floor":[41,41,41,41,41,41,41,41,41,41,41,41,41,41,41,41,41,41,41,41,41,41,41,41,41,41,41,41,41,41,41,41,41,41,41,41,41,41,41,41,41,41,41,41,41,41,41,41,41,41,41,41,41,41,41,41,41,41,41,41],"card_choices":[{"not_picked":["PinkiePromise"],"picked":"Yay","floor":1},{"not_picked":["PartyAlone","Celebrities"],"picked":"SKIP","floor":1},{"not_picked":["Anxiousness","FriendOfNature","ServeMeal"],"picked":"Louder","floor":3},{"not_picked":["FarmExpert","Lasso","ServeMeal"],"picked":"RashStunts","floor":3},{"not_picked":["Return_To_Past","RashStunts","CheerUp"],"picked":"LadiesDemeanor","floor":7},{"not_picked":["Honesty","Dear_Princess","FarmExpert","MirrorLake"],"picked":"SKIP","floor":7},{"not_picked":["ThunderCloud","Whining","Celebrities"],"picked":"GemstoneDetection","floor":12},{"not_picked":["RashStunts","ISayNo","MirrorLake"],"picked":"FarmExpert","floor":12},{"not_picked":["PartyTime","KillingWithKindness","AppleFever","Honesty"],"picked":"SKIP","floor":13},{"not_picked":["AppleFeast","Mischief","Lasso","TenInstruments"],"picked":"SKIP","floor":13},{"not_picked":["TakeTheLead","Sisterhood","Flutterguy"],"picked":"HarmonyForm","floor":16},{"not_picked":["PartyCana","SonicRainbow","InspirationRecovery"],"picked":"TakeTheLead","floor":16},{"not_picked":["FollowTherRainbow","Dear_Princess+1","AllByMyself"],"picked":"Laughter","floor":18},{"not_picked":["HideCarefully","Harmanyblast","AppleFever"],"picked":"PinkiePromise+1","floor":18},{"not_picked":["Dear_Princess","RunningOfTheLeaves","Yay"],"picked":"SwiftKick","floor":19},{"not_picked":["ReinventMyself","ISayNo+1","Celebrities"],"picked":"Winterwrapup","floor":19},{"not_picked":["PartyAlone","Lasso","Mischief"],"picked":"Stare","floor":21},{"not_picked":["GemstoneDetection","Boundary","Yay","BatchProduction"],"picked":"SKIP","floor":21},{"not_picked":["Honesty","PartyTime+1","KillingWithKindness","Perfectionism"],"picked":"SKIP","floor":23},{"not_picked":["Louder+1","Winterwrapup","PinkiePromise","SwiftKick"],"picked":"SKIP","floor":23},{"not_picked":["Mischief","Smile","AppleFeast+1"],"picked":"ReinventMyself+1","floor":25},{"not_picked":["CheerUp","ThunderCloud","ServeMeal","FarmExpert+1"],"picked":"SKIP","floor":25},{"not_picked":["PartyAlone","Winterwrapup+1","Boundary"],"picked":"RashStunts","floor":28},{"not_picked":["Dear_Princess","Magic_Beam","AppleFever+1"],"picked":"RashStunts","floor":28},{"not_picked":["Whining","RunningOfTheLeaves","BehindTheScene"],"picked":"LadiesDemeanor","floor":29},{"not_picked":["ServeMeal","BehindTheScene","Anxiousness","PinkieSense"],"picked":"SKIP","floor":29},{"not_picked":["Return_To_Past","PartyAlone","CleanLibrary"],"picked":"Louder+1","floor":31},{"not_picked":["ServeMeal","RushToSky","AlloutStrike"],"picked":"TwentyPercentcooler+1","floor":31},{"not_picked":["CowboySkills","Sisterhood","Overwhelming"],"picked":"TakeTheLead","floor":33},{"not_picked":["Smile","AppleFever","RushToSky+1"],"picked":"FarmExpert+1","floor":35},{"not_picked":["SwiftKick+1","BatchProduction","Tornado"],"picked":"Generousity+1","floor":35},{"not_picked":["Lasso","Yay","TasteRainbow"],"picked":"Boundary+1","floor":37},{"not_picked":["Celebrities","Magic_Beam+1","GemstoneDetection+1"],"picked":"Perfectionism+1","floor":37},{"not_picked":["Louder","Laughter","FriendOfNature"],"picked":"LadiesDemeanor","floor":39},{"not_picked":["ThunderCloud","ReinventMyself+1","HideCarefully","Louder"],"picked":"SKIP","floor":39},{"not_picked":["AppleFever","Batlization+1","DynamicVision"],"picked":"Sisterhood","floor":41},{"not_picked":["BehindTheScene","Boundary+1","Perfectionism+1","Batlization"],"picked":"SKIP","floor":41},{"not_picked":["Whining","Generousity","PartyAlone+1"],"picked":"RunningOfTheLeaves","floor":42},{"not_picked":["Yay+1","AllByMyself","Anxiousness+1"],"picked":"RunningOfTheLeaves","floor":42},{"not_picked":["Magictrain+1","Honesty+1","BehindTheScene+1"],"picked":"Charge+1","floor":44},{"not_picked":["GemstoneDetection+1","HideCarefully+1","ServeMeal","Mischief"],"picked":"SKIP","floor":44},{"not_picked":["Winterwrapup+1","Harmanyblast","PartyAlone"],"picked":"FriendOfNature+1","floor":45},{"not_picked":["AppleFeast","FriendOfNature+1","KillingWithKindness+1"],"picked":"Honesty+1","floor":45},{"not_picked":["Honesty+1","Perfectionism","TwentyPercentcooler+1"],"picked":"LoveMe","floor":46},{"not_picked":["InspirationRecovery","CheerUp+1","Celebrities+1"],"picked":"TenInstruments+1","floor":46},{"not_picked":["Magictrain+1","Celebrities","BehindTheScene+1"],"picked":"HarmonyForm","floor":48},{"not_picked":["PinkiePromise","RushToSky+1","Magic_Beam+1"],"picked":"Yay+1","floor":48},{"not_picked":["ThrowingApples+1","Return_To_Past","KillingWithKindness"],"picked":"CleanLibrary+1","floor":51},{"not_picked":["TenInstruments+1","Charge+1","ServeMeal+1","CleanLibrary"],"picked":"SKIP","floor":51},{"not_picked":["KillingWithKindness","Yay","GemstoneDetection"],"picked":"RunningOfTheLeaves+1","floor":52},{"not_picked":["Anxiousness+1","Boundary","Smile","Whining"],"picked":"SKIP","floor":52},{"not_picked":["PartyAlone","RashStunts","ReinventMyself+1"],"picked":"Tornado+1","floor":56},{"not_picked":["TenInstruments+1","Sisterhood","Anxiousness"],"picked":"Yay+1","floor":56}],"player_experience":944601,"relics_obtained":[{"floor":1,"key":"SynthV:TestCard"},{"floor":7,"key":"Omamori"},{"floor":9,"key":"theForsaken:ScaryMask"},{"floor":12,"key":"jedi:cryingmask"},{"floor":16,"key":"Gensokyo:OccultBall"},{"floor":18,"key":"Gensokyo:OccultBall"},{"floor":25,"key":"GodSword1"},{"floor":26,"key":"SynthV:C4"},{"floor":29,"key":"AT_BladeRuinedKing"},{"floor":31,"key":"Gensokyo:OccultBall"},{"floor":33,"key":"Gensokyo:OccultBall"},{"floor":39,"key":"Gensokyo:OccultBall"},{"floor":41,"key":"CeramicFish"},{"floor":43,"key":"HollowMod:LifeEnderRelic"},{"floor":46,"key":"Oddly Smooth Stone"},{"floor":48,"key":"TSMusicBox"},{"floor":51,"key":"paleoftheancients:SoulOfTheSilent"},{"floor":58,"key":"Runesmith:AutoHammer"}],"event_choices":[{"cards_removed":["Strike_TS"],"damage_healed":0,"gold_gain":0,"player_choice":"Purged","damage_taken":0,"max_hp_gain":0,"max_hp_loss":0,"event_name":"Purifier","floor":53,"gold_loss":0}],"is_beta":false,"boss_relics":[{"not_picked":["aspiration:MarisaSkillbook","Replay:Grab Bag"],"picked":"Coffee Dripper"},{"not_picked":["aspiration:RunesmithSkillbook","aspiration:RunicSpoon"],"picked":"EE1DDrone"}],"items_purged_floors":[14,36,36],"is_endless":false,"potions_floor_spawned":[1,7,18,23,31,37,39,42,44,45,51,56],"ascension_level":1}}