{"host":"9ndbo4kgsfoemf7y","time":1610262878,"event":{"mods":["AchievementEnabler","BaseMod","Colored Map","DeckTracker","Keyboard Shortcuts","Minty Spire (QoL Compilation)","Permanent Neow","Quick Restart","Relic Stats","StSLib","SuperFastMode"],"gold_per_floor":[11,11,11,24,24,65,65,65,65],"floor_reached":8,"playtime":173,"items_purged":[],"score":70,"play_id":"1cc07d58-d65c-4403-b0ed-e42fbae5f903","local_time":"20210110161438","is_ascension_mode":true,"campfire_choices":[{"data":"Hyperbeam","floor":7,"key":"SMITH"}],"circlet_count":0,"master_deck":["Strike_B","Strike_B","Strike_B","Defend_B","Defend_B","Defend_B","Defend_B","Zap","Dualcast","Sadistic Nature","Self Repair","Hyperbeam+1","Gash","Steam Power"],"relics":["Cracked Core","Golden Idol","Sundial"],"acts_visited":["Exordium"],"potions_floor_usage":[6],"damage_taken":[{"damage":8,"enemies":"Jaw Worm","floor":1,"turns":4},{"damage":11,"enemies":"2 Louse","floor":4,"turns":2},{"damage":20,"enemies":"3 Sentries","floor":6,"turns":4},{"damage":40,"enemies":"Lagavulin","floor":8,"turns":5}],"seed_played":"-1077914815259695373","potions_obtained":[{"floor":1,"key":"Swift Potion"},{"floor":4,"key":"AttackPotion"}],"is_trial":false,"path_per_floor":["M","?","?","M","$","E","R","E"],"character_chosen":"DEFECT","items_purchased":[],"campfire_rested":0,"item_purchase_floors":[],"current_hp_per_floor":[60,60,60,49,49,36,36,0,0],"gold":65,"neow_bonus":"RANDOM_COLORLESS_2","is_daily":false,"chose_seed":false,"campfire_upgraded":1,"win_rate":0.0,"timestamp":1610262878,"path_taken":["M","?","?","M","?","E","R","E"],"items_purchased_type":[],"build_version":"2020-12-22","purchased_purges":0,"victory":false,"max_hp_per_floor":[75,75,69,69,69,69,69,69,69],"relic_stats":{"counters":[4,15],"Golden Idol":11,"Sundial":[0],"obtain_stats":[{"Golden Idol":3,"Sundial":6,"Cracked Core":0},{"Golden Idol":1,"Sundial":3,"Cracked Core":0},{"Golden Idol":4,"Sundial":10,"Cracked Core":0}]},"card_choices":[{"not_picked":["Metamorphosis","Thinking Ahead"],"picked":"Sadistic Nature","floor":0},{"not_picked":["Turbo","Sweeping Beam"],"picked":"Self Repair","floor":1},{"not_picked":["Coolheaded","Melter"],"picked":"Gash","floor":4},{"not_picked":["Stack","Meteor Strike"],"picked":"Steam Power","floor":6}],"player_experience":807281,"relics_obtained":[{"floor":6,"key":"Sundial"}],"event_choices":[{"damage_healed":0,"gold_gain":0,"cards_transformed":["Strike_B"],"player_choice":"Change","damage_taken":0,"max_hp_gain":0,"max_hp_loss":0,"event_name":"Living Wall","floor":2,"gold_loss":0,"cards_obtained":["Hyperbeam"]},{"damage_healed":0,"gold_gain":0,"player_choice":"Lose Max HP","damage_taken":0,"relics_obtained":["Golden Idol"],"max_hp_gain":0,"max_hp_loss":6,"event_name":"Golden Idol","floor":3,"gold_loss":0}],"is_beta":false,"boss_relics":[],"items_purged_floors":[],"is_endless":false,"potions_floor_spawned":[1,4],"killed_by":"Lagavulin","ascension_level":6}}