{"host":"5m2js577gj4e7pak","time":1610296866,"event":{"mods":["AchievementEnabler","BaseMod","Better Match","BetterRewards","Colored Map","Colored Powertips","Googly Eyes","Highlight Path","Lobotomy","LobotomyExtend","Minty Spire (QoL Compilation)","Quick Restart","Relic Filter","StSLib"],"gold_per_floor":[112,126,126,141,141,185,185,221,247,247,270,54,69,144,144,144,144],"floor_reached":16,"playtime":443,"items_purged":[],"score":110,"play_id":"ea7cfbe2-c5ac-44b9-a1db-43f58b5c6e12","local_time":"20210110174106","is_ascension_mode":true,"campfire_choices":[{"floor":15,"key":"REST"}],"circlet_count":0,"master_deck":["SpecialBullet","SpecialBullet","SpecialBullet","SpecialBullet","SpecialBullet","SpecialBullet","SpecialBullet","SpecialBullet","InformationCode","SecurityCode","TrainingCode","TodaysExpression","Gaze","RapturousDream","Regret","RedEyes","Wingbeat","Noise","Finesse","WristCuter","RapturousDream","WristCuter"],"relics":["CogitoBucket","LetterFromLob","Golden Idol","Orichalcum","Juzu Bracelet","Odd Mushroom","Ancient Tea Set","Theresia"],"acts_visited":["Exordium"],"potions_floor_usage":[6,16,16,16],"damage_taken":[{"damage":10,"enemies":"Small Slimes","floor":1,"turns":2},{"damage":12,"enemies":"Jaw Worm","floor":2,"turns":2},{"damage":1,"enemies":"2 Louse","floor":4,"turns":2},{"damage":14,"enemies":"3 Sentries","floor":6,"turns":5},{"damage":37,"enemies":"The Mushroom Lair","floor":8,"turns":6},{"damage":30,"enemies":"Large Slime","floor":11,"turns":4},{"damage":0,"enemies":"2 Fungi Beasts","floor":13,"turns":3},{"damage":36,"enemies":"The Guardian","floor":16,"turns":8}],"seed_played":"7086443340690739252","potions_obtained":[{"floor":1,"key":"Energy Potion"},{"floor":4,"key":"Explosive Potion"},{"floor":8,"key":"Energy Potion"},{"floor":11,"key":"Weak Potion"}],"is_trial":false,"path_per_floor":["M","M","?","M","?","E","R","?","T","R","M","$","M","?","R","B"],"character_chosen":"Angela","items_purchased":["Noise","Finesse","WristCuter","RapturousDream"],"campfire_rested":1,"item_purchase_floors":[12,12,12,12],"current_hp_per_floor":[75,71,52,63,63,63,63,40,40,40,10,10,24,13,36,0,0],"gold":144,"neow_bonus":"TEN_PERCENT_HP_BONUS","is_daily":false,"chose_seed":false,"campfire_upgraded":0,"win_rate":0.0,"timestamp":1610296866,"path_taken":["M","M","?","M","?","E","R","?","T","R","M","$","M","?","R","BOSS"],"items_purchased_type":["Card","Card","Card","Card"],"build_version":"2020-12-22","purchased_purges":0,"victory":false,"max_hp_per_floor":[77,77,77,77,77,77,77,77,77,77,77,77,77,77,77,77,77],"card_choices":[{"not_picked":["Lantern"],"picked":"TodaysExpression","floor":1},{"not_picked":["Horn"],"picked":"Gaze","floor":2},{"not_picked":["SolemnVow"],"picked":"RapturousDream","floor":4},{"not_picked":["MeatLantern","Murderer"],"picked":"OSAHOGD","floor":6},{"not_picked":["Regret_ego"],"picked":"GrinderMk4","floor":6},{"not_picked":["Diffraction"],"picked":"RedEyes","floor":8},{"not_picked":["Moonlight"],"picked":"Wingbeat","floor":11},{"not_picked":["Harmony"],"picked":"WristCuter","floor":13}],"player_experience":41823,"relics_obtained":[{"floor":1,"key":"LetterFromLob"},{"floor":6,"key":"Juzu Bracelet"},{"floor":8,"key":"Odd Mushroom"},{"floor":9,"key":"Ancient Tea Set"}],"event_choices":[{"damage_healed":0,"gold_gain":0,"player_choice":"Take Damage","damage_taken":19,"relics_obtained":["Golden Idol"],"max_hp_gain":0,"max_hp_loss":0,"event_name":"Golden Idol","floor":3,"gold_loss":0},{"damage_healed":0,"gold_gain":0,"player_choice":"Box","damage_taken":0,"relics_obtained":["Orichalcum"],"max_hp_gain":0,"max_hp_loss":0,"event_name":"Big Fish","floor":5,"gold_loss":0,"cards_obtained":["Regret"]},{"damage_healed":0,"gold_gain":0,"player_choice":"Fought Mushrooms","damage_taken":0,"max_hp_gain":0,"max_hp_loss":0,"event_name":"Mushrooms","floor":8,"gold_loss":0},{"damage_healed":0,"gold_gain":75,"player_choice":"Gather Gold","damage_taken":11,"max_hp_gain":0,"max_hp_loss":0,"event_name":"World of Goop","floor":14,"gold_loss":0}],"is_beta":false,"boss_relics":[],"items_purged_floors":[],"is_endless":false,"potions_floor_spawned":[1,4,8,11],"killed_by":"The Guardian","ascension_level":2}}