{"host":"dm4yvegl9um2tlqd","time":1610261864,"event":{"mods":["2.2 Compatiblity","BaseMod","Colored Map","DeckTracker","Highlight Path","KOR Keyword Fix","Keyboard Shortcuts","Minty Spire (QoL Compilation)","Permanent Neow","Quick Restart","Random Character Button","StSLib","SuperFastMode","everything is the same but u backflip on backflip"],"gold_per_floor":[216,226,19,32,51,51,67,67,67,67,85,85,116,132,132,228,228,245,170,170,196,213,213,229,229,229,239,265,275,275,275,275,380,380,392,614,626,626,646,646,671,484,508,508,523,533,547,562,562,562,562,562,39,74,74,74],"floor_reached":55,"playtime":1867,"items_purged":["Strike_G","Defend_G"],"score":953,"play_id":"fd2d3d94-74ca-4fa7-a96e-4e318e3ecbbc","local_time":"20210110155744","is_ascension_mode":true,"campfire_choices":[{"data":"Leg Sweep","floor":6.0,"key":"SMITH"},{"data":"Noxious Fumes","floor":8.0,"key":"SMITH"},{"data":"Neutralize","floor":10.0,"key":"SMITH"},{"data":"Heel Hook","floor":15.0,"key":"SMITH"},{"floor":23.0,"key":"REST"},{"floor":25.0,"key":"REST"},{"floor":30.0,"key":"RECALL"},{"floor":32.0,"key":"REST"},{"floor":40.0,"key":"REST"},{"floor":44.0,"key":"REST"},{"floor":49.0,"key":"REST"},{"floor":52.0,"key":"REST"}],"circlet_count":0,"master_deck":["Defend_G","Defend_G","Defend_G","Defend_G","Survivor","Neutralize+1","Riddle With Holes","Die Die Die","Masterful Stab","Quick Slash","Backstab","Leg Sweep+1","Noxious Fumes+1","Choke","Heel Hook+1","Calculated Gamble","Wraith Form v2","Bane+1","Deflect+1","After Image","Distraction+1","Corpse Explosion","Masterful Stab+1","Phantasmal Killer+1","Backstab+1","Expertise+1","Choke+1","Masterful Stab+1","Backstab+1","Mind Blast+1","Footwork","Prepared+1","Masterful Stab+1","PiercingWail","Footwork+1","Prepared+1","Panacea","Expertise"],"relics":["Ring of the Snake","Membership Card","FossilizedHelix","Incense Burner","Mummified Hand","Fusion Hammer","Enchiridion","Red Mask","Molten Egg 2","Astrolabe","Ancient Tea Set","Pen Nib","Vajra","Thread and Needle","Mercury Hourglass","Orrery","Sundial"],"acts_visited":["Exordium","TheCity","TheBeyond","TheEnding"],"potions_floor_usage":[55,55,55,55,55,55],"damage_taken":[{"damage":1.0,"enemies":"Cultist","floor":1.0,"turns":5.0},{"damage":1.0,"enemies":"Jaw Worm","floor":2.0,"turns":5.0},{"damage":0.0,"enemies":"2 Louse","floor":4.0,"turns":1.0},{"damage":0.0,"enemies":"Looter","floor":5.0,"turns":2.0},{"damage":0.0,"enemies":"3 Louse","floor":7.0,"turns":1.0},{"damage":0.0,"enemies":"2 Fungi Beasts","floor":11.0,"turns":3.0},{"damage":0.0,"enemies":"Lagavulin","floor":13.0,"turns":8.0},{"damage":0.0,"enemies":"Exordium Thugs","floor":14.0,"turns":3.0},{"damage":4.0,"enemies":"Hexaghost","floor":16.0,"turns":8.0},{"damage":6.0,"enemies":"3 Byrds","floor":18.0,"turns":4.0},{"damage":3.0,"enemies":"Masked Bandits","floor":21.0,"turns":4.0},{"damage":0.0,"enemies":"Shell Parasite","floor":22.0,"turns":4.0},{"damage":0.0,"enemies":"Cultist and Chosen","floor":24.0,"turns":6.0},{"damage":0.0,"enemies":"Chosen and Byrds","floor":27.0,"turns":4.0},{"damage":0.0,"enemies":"Slavers","floor":28.0,"turns":6.0},{"damage":6.0,"enemies":"Snake Plant","floor":29.0,"turns":4.0},{"damage":25.0,"enemies":"Champ","floor":33.0,"turns":10.0},{"damage":0.0,"enemies":"3 Shapes","floor":35.0,"turns":2.0},{"damage":0.0,"enemies":"3 Darklings","floor":37.0,"turns":2.0},{"damage":0.0,"enemies":"Writhing Mass","floor":39.0,"turns":3.0},{"damage":0.0,"enemies":"Reptomancer","floor":41.0,"turns":5.0},{"damage":0.0,"enemies":"Jaw Worm Horde","floor":45.0,"turns":2.0},{"damage":0.0,"enemies":"Transient","floor":46.0,"turns":5.0},{"damage":0.0,"enemies":"Sphere and 2 Shapes","floor":47.0,"turns":4.0},{"damage":6.0,"enemies":"Jaw Worm Horde","floor":48.0,"turns":3.0},{"damage":19.0,"enemies":"Donu and Deca","floor":50.0,"turns":4.0},{"damage":0.0,"enemies":"Shield and Spear","floor":54.0,"turns":4.0},{"damage":75,"enemies":"The Heart","floor":55,"turns":6}],"seed_played":"-263591125343987299","potions_obtained":[{"floor":2.0,"key":"SpeedPotion"},{"floor":5.0,"key":"LiquidBronze"},{"floor":11.0,"key":"FearPotion"},{"floor":18.0,"key":"DuplicationPotion"},{"floor":27.0,"key":"AttackPotion"},{"floor":33.0,"key":"PowerPotion"}],"is_trial":false,"path_per_floor":["M","M","$","M","M","R","M","R","T","R","M","?","E","M","R","B",null,"M","?","?","?","M","R","M","R","T","M","E","M","R","?","R","B",null,"M","?","M","?","M","R","E","$","T","R","M","M","M","M","R","B",null,"R","$","E","B"],"character_chosen":"THE_SILENT","items_purchased":["Membership Card","Masterful Stab","Quick Slash","Mind Blast+1","Pen Nib","Weak Potion","Thread and Needle","Mercury Hourglass","EntropicBrew","FearPotion","Orrery","Panacea"],"campfire_rested":7,"item_purchase_floors":[3,3,3,42,42,42,53,53,53,53,53,53],"current_hp_per_floor":[69,68,68,68,68,68,68,68,68,68,68,61,61,61,61,57,70,64,64,48,45,45,66,66,70,70,70,70,64,64,51,73,48,75,75,75,75,75,75,75,75,75,75,75,75,75,75,69,75,56,75,75,75,75,0,0],"gold":74,"neow_bonus":"HUNDRED_GOLD","is_daily":false,"chose_seed":false,"campfire_upgraded":4,"win_rate":0.0,"timestamp":1610261864,"path_taken":["M","M","$","M","M","R","?","R","T","R","M","?","E","M","R","BOSS","M","?","?","?","M","R","M","R","T","M","E","M","R","?","R","BOSS","M","?","M","?","M","R","E","$","T","R","M","M","?","M","R","BOSS","R","$","E","BOSS"],"items_purchased_type":["Relic","Card","Card","Card","Relic","Potion","Relic","Relic","Potion","Potion","Relic","Card"],"build_version":"2020-12-22","purchased_purges":2,"victory":false,"max_hp_per_floor":[70,70,70,70,70,70,70,70,70,70,70,70,70,70,70,70,70,70,70,70,70,70,70,70,70,70,70,70,70,70,75,75,75,75,75,75,75,75,75,75,75,75,75,75,75,75,75,75,75,75,75,75,75,75,75,75],"card_choices":[{"not_picked":["Dodge and Roll","Prepared"],"picked":"Riddle With Holes","floor":1.0},{"not_picked":["Quick Slash","Blade Dance"],"picked":"Die Die Die","floor":2.0},{"not_picked":["Flying Knee","Bouncing Flask"],"picked":"Backstab","floor":4.0},{"not_picked":["Quick Slash","Dagger Throw"],"picked":"Leg Sweep","floor":5.0},{"not_picked":["Deflect","Distraction"],"picked":"Noxious Fumes","floor":7.0},{"not_picked":["Tactician","Outmaneuver"],"picked":"Choke","floor":11.0},{"not_picked":["Expertise","All Out Attack"],"picked":"Heel Hook","floor":13.0},{"not_picked":["Sucker Punch","Endless Agony"],"picked":"Calculated Gamble","floor":14.0},{"not_picked":["Phantasmal Killer","Glass Knife"],"picked":"Wraith Form v2","floor":16.0},{"not_picked":["Poisoned Stab","Noxious Fumes"],"picked":"Bane+1","floor":18.0},{"not_picked":["Underhanded Strike","Prepared"],"picked":"Deflect+1","floor":21.0},{"not_picked":["Leg Sweep","Poisoned Stab","Predator+1"],"picked":"SKIP","floor":22.0},{"not_picked":["Blade Dance+1","Deadly Poison"],"picked":"After Image","floor":24.0},{"not_picked":["Dagger Spray","Dagger Throw+1"],"picked":"Distraction+1","floor":27.0},{"not_picked":["Quick Slash+1","Bane+1"],"picked":"Corpse Explosion","floor":28.0},{"not_picked":["Underhanded Strike+1","Noxious Fumes+1"],"picked":"Masterful Stab+1","floor":29.0},{"not_picked":["Unload+1","Venomology"],"picked":"Phantasmal Killer","floor":33.0},{"not_picked":["Dagger Throw+1","Bane+1","Underhanded Strike+1"],"picked":"SKIP","floor":35.0},{"not_picked":["Flechettes+1","Backflip+1"],"picked":"Masterful Stab+1","floor":37.0},{"not_picked":["Bane+1","Prepared"],"picked":"Backstab+1","floor":39.0},{"not_picked":["Predator+1","Bane+1","Finisher+1"],"picked":"SKIP","floor":41.0},{"not_picked":["Dagger Throw+1","Sucker Punch+1","Flying Knee+1"],"picked":"SKIP","floor":45.0},{"not_picked":["Bane+1","Slice+1","Deadly Poison"],"picked":"SKIP","floor":46.0},{"not_picked":["Flechettes+1","Dagger Throw+1"],"picked":"Footwork","floor":47.0},{"not_picked":["Masterful Stab+1","Doppelganger"],"picked":"Prepared+1","floor":48.0},{"not_picked":["Slice+1","Backstab+1"],"picked":"Masterful Stab+1","floor":53.0},{"not_picked":["Sucker Punch+1","Flying Knee+1"],"picked":"PiercingWail","floor":53.0},{"not_picked":["Finisher+1","Dagger Spray+1"],"picked":"Footwork+1","floor":53.0},{"not_picked":["Deflect","Backflip"],"picked":"Prepared+1","floor":53.0},{"not_picked":["Endless Agony+1","All Out Attack+1"],"picked":"Expertise","floor":54.0}],"player_experience":14035,"relics_obtained":[{"floor":9.0,"key":"FossilizedHelix"},{"floor":13.0,"key":"Mummified Hand"},{"floor":20.0,"key":"Enchiridion"},{"floor":21.0,"key":"Red Mask"},{"floor":28.0,"key":"Molten Egg 2"},{"floor":41.0,"key":"Ancient Tea Set"},{"floor":43.0,"key":"Vajra"},{"floor":54.0,"key":"Sundial"}],"event_choices":[{"damage_healed":0.0,"max_hp_gain":0.0,"max_hp_loss":0.0,"gold_gain":0.0,"event_name":"Scrap Ooze","player_choice":"Success","floor":12.0,"gold_loss":0.0,"damage_taken":7.0,"relics_obtained":["Incense Burner"]},{"cards_removed":["Strike_G"],"damage_healed":0.0,"max_hp_gain":0.0,"max_hp_loss":0.0,"gold_gain":0.0,"event_name":"Beggar","player_choice":"Gave Gold","floor":19.0,"gold_loss":75.0,"damage_taken":0.0},{"damage_healed":0.0,"max_hp_gain":0.0,"max_hp_loss":0.0,"gold_gain":0.0,"event_name":"Cursed Tome","player_choice":"Obtained Book","floor":20.0,"gold_loss":0.0,"damage_taken":16.0},{"damage_healed":0.0,"max_hp_gain":0.0,"max_hp_loss":0.0,"gold_gain":0.0,"event_name":"Masked Bandits","player_choice":"Fought Bandits","floor":21.0,"gold_loss":0.0,"damage_taken":0.0},{"damage_healed":0.0,"max_hp_gain":5.0,"max_hp_loss":0.0,"gold_gain":0.0,"event_name":"Forgotten Altar","player_choice":"Shed Blood","floor":31.0,"gold_loss":0.0,"damage_taken":18.0},{"damage_healed":0.0,"max_hp_gain":0.0,"max_hp_loss":0.0,"gold_gain":222.0,"event_name":"Tomb of Lord Red Mask","player_choice":"Wore Mask","floor":36.0,"gold_loss":0.0,"damage_taken":0.0},{"damage_healed":0.0,"max_hp_gain":0.0,"max_hp_loss":0.0,"gold_gain":0.0,"event_name":"Upgrade Shrine","player_choice":"Upgraded","floor":38.0,"gold_loss":0.0,"damage_taken":0.0,"cards_upgraded":["Phantasmal Killer"]}],"is_beta":false,"boss_relics":[{"not_picked":["Cursed Key","Calling Bell"],"picked":"Fusion Hammer"},{"not_picked":["Coffee Dripper","Black Star"],"picked":"Astrolabe"}],"items_purged_floors":[42,53],"is_endless":false,"potions_floor_spawned":[2,5,11,13,14,18,27,29,33,35,45,47,48,54],"killed_by":"The Heart","ascension_level":2}}