{"host":"s7l2a3wroivred6i","time":1610246354,"event":{"mods":["AchievementEnabler","BaseMod","Better Altar","Better Match","Better Note","Better Sensory Stone","Better Skull","Better Synergies","Better Third Choice","BetterRewards","Conspire","Downfall","GifTheSpireLib","Hubris","Infinite Spire","Minty Spire (QoL Compilation)","Replay The Spire","Retaliation","StSLib","Stuff the Spire","The Blue Laboratory"],"gold_per_floor":[112,35,54,68,88,122,122,122,192,225,238,238,0,0,0,125,125,138,122,122,147,147,147,147,147],"floor_reached":24,"playtime":3897,"items_purged":[],"score":256,"play_id":"af11aded-982f-424f-9bf9-3d171e0fc5ba","local_time":"20210109213914","is_ascension_mode":false,"campfire_choices":[{"floor":7,"key":"REST"},{"floor":15,"key":"REST"},{"floor":23,"key":"REST"}],"circlet_count":0,"master_deck":["Strike_P","Strike_P","Strike_P","Strike_P","Defend_P","Defend_P","Defend_P","Defend_P","Eruption","Vigilance","Perseverance","Establishment","MentalFortress","infinitespire:Execution+1"],"relics":["PureWater","StuffTheSpire:Expresso","Vajra","InkBottle","Golden Idol","Frozen Egg 2","Oddly Smooth Stone","ClockworkSouvenir","Chameleon Ring","hubris:MobiusCoin"],"acts_visited":["Exordium","TheCity"],"potions_floor_usage":[5,6,10,11,16,16,21],"damage_taken":[{"damage":0,"enemies":"2 Louse","floor":1,"turns":2},{"damage":1,"enemies":"Jaw Worm","floor":3,"turns":4},{"damage":0,"enemies":"Cultist","floor":4,"turns":3},{"damage":2,"enemies":"Blue Slaver","floor":5,"turns":8},{"damage":32,"enemies":"Lagavulin","floor":6,"turns":14},{"damage":17,"enemies":"3 Sentries","floor":10,"turns":4},{"damage":7,"enemies":"Red Slaver","floor":11,"turns":4},{"damage":10,"enemies":"Slime Boss","floor":16,"turns":3},{"damage":58,"enemies":"Spheric Guardian","floor":18,"turns":13},{"damage":22,"enemies":"2 Thieves","floor":19,"turns":4},{"damage":20,"enemies":"Snake Plant","floor":21,"turns":6},{"damage":38,"enemies":"3 Cultists","floor":24,"turns":5}],"seed_played":"3847608187244682222","potions_obtained":[{"floor":5,"key":"FairyPotion"},{"floor":6,"key":"blueLaboratory:BottleOfRum"},{"floor":11,"key":"BlessingOfTheForge"},{"floor":19,"key":"blueLaboratory:BottledTrinity"}],"is_trial":false,"path_per_floor":["M","$","M","M","M","E","R","?","T","E","M","?","$","?","R","B",null,"M","M","AVR","M","?","R","M"],"character_chosen":"WATCHER","items_purchased":["StuffTheSpire:Expresso","Vajra","blueLaboratory:AlphaPotion","DuplicationPotion","Regen Potion","ClockworkSouvenir","Death Potion"],"campfire_rested":3,"item_purchase_floors":[0,0,0,0,2,13,13],"current_hp_per_floor":[58,58,57,57,69,37,58,40,40,23,16,40,40,40,61,51,72,14,42,42,22,22,43,5,5],"gold":147,"neow_bonus":"","is_daily":false,"chose_seed":false,"campfire_upgraded":0,"win_rate":0.0,"timestamp":1610246354,"path_taken":["M","$","M","M","M","E","R","?","T","E","M","?","$","?","R","BOSS","M","M","AVR","M","?","R","?"],"items_purchased_type":["Relic","Relic","Potion","Potion","Potion","Relic","Potion"],"build_version":"2020-12-22","purchased_purges":0,"victory":false,"max_hp_per_floor":[72,72,72,72,72,72,72,72,72,72,72,72,72,72,72,72,72,72,72,72,72,72,72,72,72],"card_choices":[{"not_picked":["EmptyBody","Adaptation","Evaluate"],"picked":"SKIP","floor":1},{"not_picked":["SashWhip","Pray"],"picked":"Perseverance","floor":3},{"not_picked":["Replay:BluntJabs","Fasting2","Crescendo"],"picked":"SKIP","floor":4},{"not_picked":["Halt","Evaluate"],"picked":"Establishment","floor":5},{"not_picked":["Wireheading","EmptyBody"],"picked":"MentalFortress","floor":6},{"not_picked":["EmptyFist","Consecrate","Halt"],"picked":"SKIP","floor":10},{"not_picked":["Wireheading+1","WreathOfFlame","Meditate"],"picked":"SKIP","floor":11},{"not_picked":["ThirdEye","FlurryOfBlows","Consecrate"],"picked":"SKIP","floor":18},{"not_picked":["EmptyBody","Crescendo","Halt"],"picked":"SKIP","floor":19},{"not_picked":["EmptyFist+1","EmptyBody+1","FlurryOfBlows+1"],"picked":"SKIP","floor":21}],"player_experience":336688,"relics_obtained":[{"floor":6,"key":"InkBottle"},{"floor":9,"key":"Frozen Egg 2"},{"floor":10,"key":"Oddly Smooth Stone"}],"event_choices":[{"damage_healed":0,"gold_gain":0,"player_choice":"Take Damage","damage_taken":18,"relics_obtained":["Golden Idol"],"max_hp_gain":0,"max_hp_loss":0,"event_name":"Golden Idol","floor":8,"gold_loss":0},{"damage_healed":24,"gold_gain":0,"player_choice":"Banana","damage_taken":0,"max_hp_gain":0,"max_hp_loss":0,"event_name":"Big Fish","floor":12,"gold_loss":0},{"damage_healed":0,"gold_gain":0,"player_choice":"Forge","damage_taken":0,"max_hp_gain":0,"max_hp_loss":0,"event_name":"Accursed Blacksmith","floor":22,"gold_loss":0,"cards_upgraded":["infinitespire:Execution"]}],"is_beta":false,"boss_relics":[{"not_picked":["Kintsugi","hubris:VirtuousBlindfold","Replay:Drink Me"]}],"items_purged_floors":[],"is_endless":false,"potions_floor_spawned":[4,5,6,11,19],"killed_by":"3 Cultists","ascension_level":0}}