{"host":"w9yruvs4bqht6bhw","time":1610238831,"event":{"mods":["BaseMod","Colored Powertips","Minty Spire (QoL Compilation)"],"gold_per_floor":[119,194,204,204,12,12,41,71,135,147,170,152,175,187,199,316,328,353,365,377,402,431,443,443],"floor_reached":23,"playtime":718,"items_purged":["Bash"],"score":267,"play_id":"fe8a0888-8197-44d9-ac62-54972172b9f8","local_time":"20210109193351","is_ascension_mode":true,"campfire_choices":[{"data":"Uppercut","floor":6,"key":"SMITH"},{"data":"Thunderclap","floor":10,"key":"SMITH"},{"data":"Double Tap","floor":15,"key":"SMITH"}],"circlet_count":0,"master_deck":["Strike_R+1","Strike_R+1","Strike_R+1","Strike_R+1","Strike_R+1","Defend_R+1","Defend_R+1","Defend_R+1","Defend_R+1","Double Tap+1","Headbutt","Thunderclap+1","Uppercut+1","Battle Trance","Headbutt","Demon Form","Shrug It Off","Spot Weakness","Shockwave+1"],"relics":["Burning Blood","MawBank","Smiling Mask","SlaversCollar"],"acts_visited":["Exordium","TheCity"],"potions_floor_usage":[8,11,16,16,16,21,23,23],"damage_taken":[{"damage":5,"enemies":"2 Louse","floor":1,"turns":4},{"damage":6,"enemies":"Cultist","floor":3,"turns":3},{"damage":25,"enemies":"Lagavulin","floor":7,"turns":5},{"damage":12,"enemies":"Small Slimes","floor":8,"turns":3},{"damage":2,"enemies":"3 Louse","floor":11,"turns":2},{"damage":31,"enemies":"Gremlin Gang","floor":13,"turns":4},{"damage":24,"enemies":"Slime Boss","floor":16,"turns":9},{"damage":31,"enemies":"3 Byrds","floor":18,"turns":6},{"damage":30,"enemies":"2 Thieves","floor":21,"turns":5},{"damage":30,"enemies":"Cultist and Chosen","floor":22,"turns":5},{"damage":25,"enemies":"Book of Stabbing","floor":23,"turns":3}],"seed_played":"415667346298466635","potions_obtained":[{"floor":7,"key":"BloodPotion"},{"floor":11,"key":"ElixirPotion"},{"floor":12,"key":"FairyPotion"},{"floor":12,"key":"Dexterity Potion"},{"floor":13,"key":"SkillPotion"},{"floor":16,"key":"BloodPotion"},{"floor":18,"key":"Explosive Potion"},{"floor":21,"key":"SteroidPotion"},{"floor":22,"key":"DistilledChaos"}],"is_trial":false,"path_per_floor":["M","?","M","?","$","R","E","M","T","R","M","?","M","$","R","B",null,"M","?","?","M","M","E"],"character_chosen":"IRONCLAD","items_purchased":["Uppercut","Block Potion"],"campfire_rested":0,"item_purchase_floors":[5,5],"current_hp_per_floor":[72,65,65,72,72,72,53,61,61,61,65,65,40,40,40,36,63,38,38,38,14,18,0,0],"gold":443,"neow_bonus":"THREE_RARE_CARDS","is_daily":false,"chose_seed":false,"campfire_upgraded":3,"win_rate":0.0,"timestamp":1610238831,"path_taken":["M","?","?","?","$","R","E","M","T","R","M","?","?","$","R","BOSS","M","?","?","M","M","E"],"items_purchased_type":["Card","Potion"],"build_version":"2020-12-22","purchased_purges":1,"victory":false,"max_hp_per_floor":[72,72,72,72,72,72,72,72,72,72,72,72,72,72,72,72,72,72,72,72,72,72,72,72],"card_choices":[{"not_picked":["Exhume","Offering"],"picked":"Double Tap","floor":0},{"not_picked":["True Grit","Cleave"],"picked":"Headbutt","floor":1},{"not_picked":["Sword Boomerang","Clash"],"picked":"Thunderclap","floor":3},{"not_picked":["Cleave","Disarm"],"picked":"Battle Trance","floor":7},{"not_picked":["Carnage","Sever Soul","Disarm"],"picked":"SKIP","floor":8},{"not_picked":["Anger","Rage","Combust"],"picked":"SKIP","floor":11},{"not_picked":["Clothesline","Rage"],"picked":"Headbutt","floor":13},{"not_picked":["Berserk","Immolate"],"picked":"Demon Form","floor":16},{"not_picked":["Wild Strike","Dual Wield"],"picked":"Shrug It Off","floor":18},{"not_picked":["Clothesline","Heavy Blade","Blood for Blood"],"picked":"SKIP","floor":21},{"not_picked":["Heavy Blade","Burning Pact"],"picked":"Shockwave+1","floor":22}],"player_experience":361259,"relics_obtained":[{"floor":7,"key":"MawBank"},{"floor":9,"key":"Smiling Mask"}],"event_choices":[{"damage_healed":0,"gold_gain":75,"player_choice":"Touch","damage_taken":7,"max_hp_gain":0,"max_hp_loss":0,"event_name":"FaceTrader","floor":2,"gold_loss":0},{"damage_healed":24,"gold_gain":0,"player_choice":"Banana","damage_taken":0,"max_hp_gain":0,"max_hp_loss":0,"event_name":"Big Fish","floor":4,"gold_loss":0},{"damage_healed":0,"gold_gain":0,"player_choice":"Bought 2 Potions","damage_taken":0,"max_hp_gain":0,"max_hp_loss":0,"event_name":"The Woman in Blue","floor":12,"gold_loss":0},{"damage_healed":0,"gold_gain":0,"player_choice":"Read","damage_taken":0,"max_hp_gain":0,"max_hp_loss":0,"event_name":"The Library","floor":19,"gold_loss":0,"cards_obtained":["Spot Weakness"]},{"damage_healed":0,"gold_gain":0,"player_choice":"Simplicity","damage_taken":0,"max_hp_gain":0,"max_hp_loss":0,"event_name":"Back to Basics","floor":20,"gold_loss":0,"cards_upgraded":["Strike_R","Strike_R","Strike_R","Strike_R","Strike_R","Defend_R","Defend_R","Defend_R","Defend_R"]}],"is_beta":false,"boss_relics":[{"not_picked":["Empty Cage","Mark of Pain"],"picked":"SlaversCollar"}],"items_purged_floors":[5],"is_endless":false,"potions_floor_spawned":[7,11,13,16,18,21,22],"killed_by":"Book of Stabbing","ascension_level":8}}