{"host":"7v9v7e0ijfujyvc8","time":1610311337,"event":{"mods":["BaseMod","Better Altar","Better Note","Better Skull","Better Third Choice","BetterRewards","Evolution","Gold Saver","Highlight Path","Minty Spire (QoL Compilation)","RNG Fix","Rare Cards Sparkle","Shop Mod","Spicy Shops","StSLib","SuperFastMode","The Exordian Avenger"],"gold_per_floor":[212,212,63,75,91,91,41,76,76],"floor_reached":8,"playtime":615,"items_purged":[],"score":56,"play_id":"d717e783-4c26-43fd-ae6d-fe2d49aa116e","local_time":"20210110214217","is_ascension_mode":false,"campfire_choices":[{"data":"Metallicize","floor":6,"key":"SMITH"}],"circlet_count":0,"master_deck":["Iron Wave","Strike_R","Strike_R","Strike_R","Defend_R","Defend_R","Defend_R","Defend_R","Bash","Heavy Blade","Metallicize+1"],"relics":["Burning Blood","EVO:Axolotl","MerchantsRug"],"acts_visited":["Exordium"],"potions_floor_usage":[],"damage_taken":[{"damage":2,"enemies":"2 Louse","floor":1,"turns":3},{"damage":1,"enemies":"Jaw Worm","floor":4,"turns":5},{"damage":0,"enemies":"Small Slimes","floor":5,"turns":3},{"damage":56,"enemies":"Lagavulin","floor":8,"turns":15}],"seed_played":"3663619273875203358","potions_obtained":[{"floor":1,"key":"AttackPotion"}],"is_trial":false,"path_per_floor":["M","?","$","M","M","R","?","E"],"character_chosen":"IRONCLAD","items_purchased":["MerchantsRug"],"campfire_rested":0,"item_purchase_floors":[3],"current_hp_per_floor":[80,80,80,80,80,80,80,30,30],"gold":76,"neow_bonus":"HUNDRED_GOLD","is_daily":false,"chose_seed":false,"campfire_upgraded":1,"win_rate":0.0,"timestamp":1610311337,"path_taken":["M","?","$","M","M","R","?","E"],"items_purchased_type":["Relic"],"build_version":"2020-12-22","purchased_purges":0,"victory":false,"max_hp_per_floor":[80,80,80,80,80,80,80,80,80],"card_choices":[{"not_picked":["Anger","Burning Pact","Thunderclap"],"picked":"SKIP","floor":1},{"not_picked":["Wild Strike","Clothesline"],"picked":"Heavy Blade","floor":4},{"not_picked":["Cleave","Warcry"],"picked":"Metallicize","floor":5}],"player_experience":41015,"relics_obtained":[],"event_choices":[{"cards_removed":["Iron Wave"],"damage_healed":0,"gold_gain":0,"player_choice":"Give","damage_taken":0,"max_hp_gain":0,"max_hp_loss":0,"event_name":"betterNote:BetterNote","floor":2,"gold_loss":0,"cards_obtained":["None"]},{"cards_removed":["Strike_R"],"damage_healed":0,"gold_gain":0,"player_choice":"Card Removal","damage_taken":0,"max_hp_gain":0,"max_hp_loss":0,"event_name":"The Cleric","floor":7,"gold_loss":50}],"is_beta":false,"boss_relics":[],"items_purged_floors":[],"is_endless":false,"potions_floor_spawned":[1],"killed_by":"Lagavulin","ascension_level":0}}