{"host":"zblly6lesjopg2ep","time":1610274359,"event":{"mods":["AchievementEnabler","BaseMod","Colored Map","Minty Spire (QoL Compilation)","Quick Restart","StSLib","The Alterego"],"gold_per_floor":[118,128,31,31,43,43,78,78,150,207,8,21,21,31,31,129,129,129,129],"floor_reached":18,"playtime":1119,"items_purged":["Strike_G"],"score":160,"play_id":"0ef41b52-5a75-4098-9f89-d071d73a5bfc","local_time":"20210110112559","is_ascension_mode":false,"campfire_choices":[{"data":"Cloak And Dagger","floor":6,"key":"SMITH"},{"floor":13,"key":"REST"},{"data":"Noxious Fumes","floor":15,"key":"SMITH"}],"circlet_count":0,"master_deck":["Strike_G","Strike_G","Strike_G","Strike_G","Defend_G","Defend_G","Defend_G","Defend_G","Defend_G","Survivor","Neutralize","Poisoned Stab","Cloak And Dagger+1","Infinite Blades","Dagger Spray","Bouncing Flask","Underhanded Strike","Prepared","Dagger Spray","Cloak And Dagger","Infinite Blades","Noxious Fumes+1","Bane","Catalyst","Die Die Die"],"relics":["Ring of the Snake","Orichalcum","Meat on the Bone","Fusion Hammer"],"acts_visited":["Exordium","TheCity"],"potions_floor_usage":[7,16],"damage_taken":[{"damage":0,"enemies":"Jaw Worm","floor":1,"turns":4},{"damage":0,"enemies":"2 Louse","floor":2,"turns":4},{"damage":0,"enemies":"Cultist","floor":5,"turns":4},{"damage":19,"enemies":"Gremlin Nob","floor":7,"turns":5},{"damage":15,"enemies":"Exordium Wildlife","floor":12,"turns":4},{"damage":7,"enemies":"2 Fungi Beasts","floor":14,"turns":4},{"damage":31,"enemies":"Slime Boss","floor":16,"turns":8},{"damage":0,"enemies":"Spheric Guardian","floor":18,"turns":1}],"seed_played":"-686172698866769416","potions_obtained":[{"floor":2,"key":"LiquidBronze"},{"floor":14,"key":"AttackPotion"}],"is_trial":false,"path_per_floor":["M","M","$","?","M","R","E","?","T","?","$","M","R","M","R","B",null,"M"],"character_chosen":"THE_SILENT","items_purchased":["Cloak And Dagger","Infinite Blades","Noxious Fumes","Bane"],"campfire_rested":1,"item_purchase_floors":[3,3,11,11],"current_hp_per_floor":[77,77,77,77,77,77,58,58,58,58,58,43,66,59,59,40,77,77,77],"gold":129,"neow_bonus":"TEN_PERCENT_HP_BONUS","is_daily":false,"chose_seed":false,"campfire_upgraded":2,"win_rate":0.0,"timestamp":1610274359,"path_taken":["M","M","$","?","M","R","E","?","T","?","$","M","R","M","R","BOSS","M"],"items_purchased_type":["Card","Card","Card","Card"],"build_version":"2020-12-22","purchased_purges":1,"victory":false,"max_hp_per_floor":[77,77,77,77,77,77,77,77,77,77,77,77,77,77,77,77,77,77,77],"card_choices":[{"not_picked":["Underhanded Strike","PiercingWail"],"picked":"Poisoned Stab","floor":1},{"not_picked":["Endless Agony","Flying Knee","Dagger Throw"],"picked":"SKIP","floor":2},{"not_picked":["Wraith Form v2","PiercingWail"],"picked":"Dagger Spray","floor":5},{"not_picked":["Bane","Flying Knee"],"picked":"Bouncing Flask","floor":7},{"not_picked":["Backstab","Dagger Spray"],"picked":"Catalyst","floor":12},{"not_picked":["Acrobatics","Endless Agony","Expertise"],"picked":"SKIP","floor":14},{"not_picked":["Glass Knife","Night Terror"],"picked":"Die Die Die","floor":16}],"player_experience":128254,"relics_obtained":[{"floor":7,"key":"Orichalcum"},{"floor":9,"key":"Meat on the Bone"}],"event_choices":[{"damage_healed":0,"gold_gain":0,"player_choice":"Ignored","damage_taken":0,"max_hp_gain":0,"max_hp_loss":0,"event_name":"Golden Idol","floor":4,"gold_loss":0},{"damage_healed":0,"gold_gain":57,"player_choice":"Gained Gold","damage_taken":0,"max_hp_gain":0,"max_hp_loss":0,"event_name":"Golden Wing","floor":10,"gold_loss":0}],"is_beta":false,"boss_relics":[{"not_picked":["Snecko Eye","Cursed Key"],"picked":"Fusion Hammer"}],"items_purged_floors":[11],"is_endless":false,"potions_floor_spawned":[2,14],"killed_by":"Spheric Guardian","ascension_level":0}}