{"host":"llhd11jd6h92zheo","time":1610285677,"event":{"mods":["Act Like it!","BaseMod","Chen","Friendly Minions","Mari Mod (Legacy)","Mari\u0027s V1 Patch","Marisa£®ÏF”Í°°ƒß¿Ì…≥£©","Minty Spire (QoL Compilation)","Quick Restart","Reimu£®≤©¿ˆ¡È√Œ£©","Relic Stats","Replay The Spire","StSLib","The Alterego","The Bug Knight","The Marked","The Servant 0.9.4","UnlockEverythingMod","Yohane!","Yuri Mod","vexMod","°æ“≈ŒÔø®≈∆°øREMEMod"],"gold_per_floor":[158,8888,8904,8324,8347,8347,8384,8407,8431,8431,8454,7886,7886,7886,7886,7885,7885],"floor_reached":16,"playtime":1077,"items_purged":["MariMod:Mari_Defend","MariMod:Mari_Strike"],"score":100,"play_id":"316efa6d-dbe6-44ec-b521-6fa37f602388","local_time":"20210110213437","is_ascension_mode":false,"campfire_choices":[{"floor":6,"key":"RECALL"},{"floor":10,"key":"REST"},{"data":"alterego_mod:IndependentAction","floor":13,"key":"SMITH"},{"floor":15,"key":"REST"}],"circlet_count":0,"master_deck":["MariMod:Mari_Strike","MariMod:Mari_Strike","MariMod:Mari_Strike","MariMod:Mari_Defend","MariMod:Mari_Defend+1","MariMod:Mari_Defend","MariMod:Mari_Defend","MariMod:Mari_Reminisce+1","MariMod:Mari_Debut","ReturningBlade","MariMod:Mari_Withdrawal","MariMod:Mari_Reckless_Driving","alterego_mod:Clones","alterego_mod:IndependentAction+1","alterego_mod:TrashNCrash","MariMod:Mari_Character_Development","alterego_mod:BusterCard"],"relics":["MariMod:MariTheSpark","REME_ComplimentaryCards","NeowsBlessing","Juzu Bracelet","PreservedInsect","Frozen Eye","War Paint","Replay:Bandana","HandDrill"],"acts_visited":["Exordium"],"potions_floor_usage":[16,16],"damage_taken":[{"damage":0,"enemies":"Cultist","floor":1,"turns":2},{"damage":0,"enemies":"2 Louse","floor":3,"turns":1},{"damage":0,"enemies":"Jaw Worm","floor":5,"turns":1},{"damage":37,"enemies":"Gremlin Nob","floor":7,"turns":5},{"damage":20,"enemies":"Blue Slaver","floor":8,"turns":5},{"damage":12,"enemies":"3 Louse","floor":11,"turns":4},{"damage":52,"enemies":"Hexaghost","floor":16,"turns":11}],"seed_played":"5134129189920669227","potions_obtained":[{"floor":1,"key":"PowerPotion"},{"floor":11,"key":"SpeedPotion"}],"is_trial":false,"path_per_floor":["M","?","M","$","M","R","E","M","T","R","M","$","R","?","R","B"],"character_chosen":"MARI","items_purchased":["Juzu Bracelet","PreservedInsect","Frozen Eye","MariMod:Mari_Reckless_Driving","MariMod:Mari_Character_Development","alterego_mod:BusterCard","Replay:Bandana","HandDrill"],"campfire_rested":2,"item_purchase_floors":[4,4,4,4,12,12,12,12],"current_hp_per_floor":[72,72,72,72,72,72,35,15,15,36,24,24,24,29,52,0,0],"gold":7885,"neow_bonus":"THREE_ENEMY_KILL","is_daily":false,"chose_seed":false,"campfire_upgraded":1,"win_rate":0.0,"timestamp":1610285677,"path_taken":["M","?","M","$","M","R","E","M","T","R","M","$","R","?","R","BOSS"],"items_purchased_type":["Relic","Relic","Relic","Card","Card","Card","Relic","Relic"],"build_version":"2020-12-22","purchased_purges":2,"victory":false,"max_hp_per_floor":[72,72,72,72,72,72,72,72,72,72,72,72,72,77,77,77,77],"relic_stats":{"counters":[7,29],"PreservedInsect":22,"Juzu Bracelet":0,"HandDrill":[2],"War Paint":["MariMod:Mari_Reminisce","MariMod:Mari_Defend"],"obtain_stats":[{"MariMod:MariTheSpark":0,"Frozen Eye":4,"Replay:Bandana":12,"NeowsBlessing":0,"PreservedInsect":4,"Juzu Bracelet":4,"HandDrill":12,"War Paint":7,"REME_ComplimentaryCards":0},{"MariMod:MariTheSpark":0,"Frozen Eye":2,"Replay:Bandana":6,"NeowsBlessing":0,"PreservedInsect":2,"Juzu Bracelet":2,"HandDrill":6,"War Paint":4,"REME_ComplimentaryCards":0},{"MariMod:MariTheSpark":0,"Frozen Eye":3,"Replay:Bandana":18,"NeowsBlessing":0,"PreservedInsect":3,"Juzu Bracelet":3,"HandDrill":18,"War Paint":9,"REME_ComplimentaryCards":0}]},"card_choices":[{"not_picked":["MariMod:Mari_Old_Costume","MariMod:Mari_Heavy_Metal","alterego_mod:GoddessCore"],"picked":"SKIP","floor":1},{"not_picked":["MariMod:Mari_Lie_In_Wait","MariMod:Mari_Self_Care"],"picked":"MariMod:Mari_Withdrawal","floor":3},{"not_picked":["MariMod:Mari_Self_Care","MariMod:Mari_Pent_Up_Emotions"],"picked":"alterego_mod:Clones","floor":5},{"not_picked":["MariMod:Mari_All_Or_Nothing","alterego_mod:Exercise"],"picked":"alterego_mod:IndependentAction","floor":7},{"not_picked":["alterego_mod:Bounce","MariMod:Mari_Excitement","MariMod:Mari_Its_Joke"],"picked":"SKIP","floor":8},{"not_picked":["alterego_mod:PresenceConcealment","MariMod:Mari_Sparkle"],"picked":"alterego_mod:TrashNCrash","floor":11}],"player_experience":293143,"relics_obtained":[{"floor":7,"key":"War Paint"}],"event_choices":[{"cards_removed":["MariMod:Mari_Strike"],"damage_healed":0,"gold_gain":0,"player_choice":"Card Removal","damage_taken":0,"max_hp_gain":0,"max_hp_loss":0,"event_name":"The Cleric","floor":2,"gold_loss":50},{"damage_healed":0,"gold_gain":0,"player_choice":"Donut","damage_taken":0,"max_hp_gain":5,"max_hp_loss":0,"event_name":"Big Fish","floor":14,"gold_loss":0}],"is_beta":false,"boss_relics":[],"items_purged_floors":[4,12],"is_endless":false,"potions_floor_spawned":[1,11],"killed_by":"Hexaghost","ascension_level":0}}