{"host":"f6f8cjhjgha9mpdq","time":1610274705,"event":{"mods":["BaseMod","Minty Spire (QoL Compilation)","Permanent Neow","StSLib","SuperFastMode"],"gold_per_floor":[110,110,35,49,63,63,92,107,156,156,173,207,207,227,227,303,303,317,12,12,24,53,53,66,66,92,92,121,121,151,188,188,263,263,279,143,189,139,139,168,168,200,200,200,200],"floor_reached":44,"playtime":3278,"items_purged":["Strike_P","Defend_P+1","Strike_P+1"],"score":955,"play_id":"89b2ca62-c5c2-487b-b6be-7154f2a1d438","local_time":"20210110193145","is_ascension_mode":true,"campfire_choices":[{"data":"CrushJoints","floor":6.0,"key":"SMITH"},{"data":"LessonLearned","floor":13.0,"key":"SMITH"},{"floor":15.0,"key":"REST"},{"floor":23.0,"key":"DIG"},{"floor":25.0,"key":"DIG"},{"floor":29.0,"key":"DIG"},{"floor":32.0,"key":"DIG"},{"floor":41.0,"key":"DIG"}],"circlet_count":0,"master_deck":["AscendersBane","Strike_P+1","Defend_P+1","Eruption+1","Vigilance+1","LessonLearned+1","CrushJoints+1","LikeWater+1","EmptyMind+1","BowlingBash+1","Scrawl+1","ThirdEye+1","EmptyBody+1","Adaptation+1","MentalFortress+1","Wish+1","Omniscience+1","TalkToTheHand+1","Finesse","Deep Breath","Ragnarok","FearNoEvil+1"],"relics":["PureWater","Frozen Egg 2","Art of War","Fusion Hammer","Shovel","Red Mask","War Paint","Pear","Omamori","Peace Pipe","Smiling Mask","Bird Faced Urn","Juzu Bracelet","Empty Cage","Turnip","InkBottle","Pen Nib","Anchor","Pantograph"],"acts_visited":["Exordium","TheCity","TheBeyond"],"potions_floor_usage":[44],"damage_taken":[{"damage":0.0,"enemies":"Jaw Worm","floor":1.0,"turns":4.0},{"damage":0.0,"enemies":"2 Louse","floor":4.0,"turns":3.0},{"damage":1.0,"enemies":"Cultist","floor":5.0,"turns":4.0},{"damage":25.0,"enemies":"3 Sentries","floor":7.0,"turns":7.0},{"damage":13.0,"enemies":"Exordium Wildlife","floor":8.0,"turns":5.0},{"damage":1.0,"enemies":"Blue Slaver","floor":11.0,"turns":3.0},{"damage":0.0,"enemies":"Gremlin Nob","floor":12.0,"turns":2.0},{"damage":19.0,"enemies":"Gremlin Gang","floor":14.0,"turns":5.0},{"damage":10.0,"enemies":"Hexaghost","floor":16.0,"turns":9.0},{"damage":0.0,"enemies":"2 Thieves","floor":18.0,"turns":2.0},{"damage":0.0,"enemies":"Spheric Guardian","floor":21.0,"turns":2.0},{"damage":0.0,"enemies":"Masked Bandits","floor":22.0,"turns":5.0},{"damage":0.0,"enemies":"Chosen and Byrds","floor":24.0,"turns":4.0},{"damage":0.0,"enemies":"Gremlin Leader","floor":28.0,"turns":3.0},{"damage":20.0,"enemies":"Book of Stabbing","floor":30.0,"turns":6.0},{"damage":0.0,"enemies":"Centurion and Healer","floor":31.0,"turns":4.0},{"damage":22.0,"enemies":"Champ","floor":33.0,"turns":9.0},{"damage":0.0,"enemies":"Orb Walker","floor":35.0,"turns":3.0},{"damage":37.0,"enemies":"2 Orb Walkers","floor":37.0,"turns":6.0},{"damage":29.0,"enemies":"Reptomancer","floor":40.0,"turns":5.0},{"damage":14.0,"enemies":"Giant Head","floor":42.0,"turns":6.0},{"damage":11,"enemies":"Nemesis","floor":44,"turns":9}],"seed_played":"-5348262891088073718","potions_obtained":[{"floor":1.0,"key":"ColorlessPotion"},{"floor":8.0,"key":"Dexterity Potion"},{"floor":10.0,"key":"PowerPotion"},{"floor":14.0,"key":"Explosive Potion"},{"floor":21.0,"key":"SteroidPotion"},{"floor":28.0,"key":"Energy Potion"},{"floor":33.0,"key":"SpeedPotion"},{"floor":37.0,"key":"PowerPotion"}],"is_trial":false,"path_per_floor":["M","?","$","M","M","R","E","M","T","?","M","E","R","M","R","B",null,"M","$","?","M","?","R","M","R","T","$","E","R","E","M","R","B",null,"M","$","?","$","?","E","R","E","T","E"],"character_chosen":"WATCHER","items_purchased":["Shovel","Finesse"],"campfire_rested":1,"item_purchase_floors":[19,36],"current_hp_per_floor":[61,61,61,61,60,60,35,22,22,22,21,21,21,2,20,10,49,49,49,49,49,49,49,49,59,59,59,59,59,39,43,43,27,61,63,63,32,32,32,11,11,5,5,0,0],"gold":200,"neow_bonus":"THREE_RARE_CARDS","is_daily":false,"chose_seed":false,"campfire_upgraded":2,"win_rate":0.0,"timestamp":1610274705,"path_taken":["M","?","?","M","M","R","E","?","T","?","?","E","R","M","R","BOSS","M","$","?","M","?","R","M","R","T","?","E","R","E","M","R","BOSS","M","$","?","$","?","E","R","E","T","E"],"items_purchased_type":["Relic","Card"],"build_version":"2020-12-22","purchased_purges":3,"victory":false,"max_hp_per_floor":[62,62,62,62,62,62,62,62,62,62,62,62,62,62,62,62,62,62,62,62,62,62,62,62,72,72,72,72,72,72,72,72,72,72,72,72,72,72,72,72,72,72,72,72,72],"card_choices":[{"not_picked":["DeusExMachina","Brilliance"],"picked":"LessonLearned","floor":0.0},{"not_picked":["BattleHymn","Wireheading"],"picked":"CrushJoints","floor":1.0},{"not_picked":["Consecrate","EmptyFist"],"picked":"EmptyMind","floor":4.0},{"not_picked":["SignatureMove","CrushJoints","FollowUp"],"picked":"SKIP","floor":5.0},{"not_picked":["FollowUp","EmptyFist","JustLucky"],"picked":"SKIP","floor":7.0},{"not_picked":["LikeWater+1","Prostrate"],"picked":"BowlingBash","floor":8.0},{"not_picked":["WheelKick","CutThroughFate","FollowUp"],"picked":"SKIP","floor":11.0},{"not_picked":["CrushJoints","WreathOfFlame"],"picked":"Scrawl","floor":12.0},{"not_picked":["PathToVictory","ThirdEye","SandsOfTime"],"picked":"SKIP","floor":14.0},{"not_picked":["PathToVictory","SandsOfTime"],"picked":"ThirdEye","floor":14.0},{"not_picked":["EmptyFist","Prostrate","BowlingBash"],"picked":"SKIP","floor":18.0},{"not_picked":["Protect","CarveReality"],"picked":"EmptyBody","floor":21.0},{"not_picked":["LikeWater+1","WaveOfTheHand+1"],"picked":"Adaptation+1","floor":22.0},{"not_picked":["ClearTheMind","Consecrate"],"picked":"MentalFortress+1","floor":24.0},{"not_picked":["EmptyMind+1","Pray+1","FearNoEvil"],"picked":"SKIP","floor":28.0},{"not_picked":["Protect","EmptyFist"],"picked":"Wish","floor":30.0},{"not_picked":["ClearTheMind","Wireheading+1","Halt"],"picked":"SKIP","floor":31.0},{"not_picked":["LessonLearned","Establishment+1"],"picked":"Omniscience","floor":33.0},{"not_picked":["PathToVictory","FlyingSleeves+1"],"picked":"TalkToTheHand","floor":35.0},{"not_picked":["Prostrate","ThirdEye","BowlingBash+1"],"picked":"SKIP","floor":40.0},{"not_picked":["DeceiveReality","BowlingBash+1"],"picked":"FearNoEvil+1","floor":42.0}],"player_experience":544869,"relics_obtained":[{"floor":7.0,"key":"Frozen Egg 2"},{"floor":12.0,"key":"Art of War"},{"floor":22.0,"key":"Red Mask"},{"floor":23.0,"key":"War Paint"},{"floor":25.0,"key":"Pear"},{"floor":26.0,"key":"Omamori"},{"floor":28.0,"key":"Peace Pipe"},{"floor":29.0,"key":"Smiling Mask"},{"floor":30.0,"key":"Bird Faced Urn"},{"floor":32.0,"key":"Juzu Bracelet"},{"floor":37.0,"key":"Turnip"},{"floor":40.0,"key":"InkBottle"},{"floor":41.0,"key":"Pen Nib"},{"floor":42.0,"key":"Anchor"},{"floor":43.0,"key":"Pantograph"}],"event_choices":[{"damage_healed":0.0,"max_hp_gain":0.0,"max_hp_loss":0.0,"gold_gain":0.0,"cards_transformed":["Defend_P"],"event_name":"Living Wall","player_choice":"Change","floor":2.0,"gold_loss":0.0,"damage_taken":0.0,"cards_obtained":["LikeWater"]},{"damage_healed":0.0,"max_hp_gain":0.0,"max_hp_loss":0.0,"gold_gain":0.0,"event_name":"Lab","player_choice":"Got Potions","floor":10.0,"gold_loss":0.0,"damage_taken":0.0},{"damage_healed":0.0,"max_hp_gain":0.0,"max_hp_loss":0.0,"gold_gain":0.0,"event_name":"Cursed Tome","player_choice":"Ignored","floor":20.0,"gold_loss":0.0,"damage_taken":0.0},{"damage_healed":0.0,"max_hp_gain":0.0,"max_hp_loss":0.0,"gold_gain":0.0,"event_name":"Masked Bandits","player_choice":"Fought Bandits","floor":22.0,"gold_loss":0.0,"damage_taken":0.0},{"damage_healed":0.0,"max_hp_gain":0.0,"max_hp_loss":0.0,"gold_gain":0.0,"event_name":"Mysterious Sphere","player_choice":"Fight","floor":37.0,"gold_loss":0.0,"damage_taken":0.0},{"damage_healed":0.0,"max_hp_gain":0.0,"max_hp_loss":0.0,"gold_gain":0.0,"event_name":"Match and Keep!","player_choice":"2 cards matched","floor":39.0,"gold_loss":0.0,"damage_taken":0.0,"cards_obtained":["Deep Breath","Ragnarok"]}],"is_beta":false,"boss_relics":[{"not_picked":["Busted Crown","Runic Pyramid"],"picked":"Fusion Hammer"},{"not_picked":["VioletLotus","HolyWater"],"picked":"Empty Cage"}],"items_purged_floors":[3,36,38],"is_endless":false,"potions_floor_spawned":[1,8,11,14,21,28,33,37],"killed_by":"Nemesis","ascension_level":14}}