{"host":"nptej036rrbiurf5","time":1610252126,"event":{"mods":["BaseMod","Colored Map","Colored Powertips","DeckTracker","Minty Spire (QoL Compilation)","StSLib","SuperFastMode"],"gold_per_floor":[132,282,357,37,37,90,90,116,142,174,248,248,248,248],"floor_reached":13,"playtime":276,"items_purged":["Doubt"],"score":248,"play_id":"92b8c9c8-9e88-4cc6-8c58-cad1883b9a58","local_time":"20210110131526","is_ascension_mode":true,"campfire_choices":[{"data":"Limit Break","floor":7,"key":"SMITH"}],"circlet_count":0,"master_deck":["AscendersBane","Strike_R","Strike_R","Strike_R","Strike_R","Strike_R","Defend_R","Defend_R","Defend_R","Defend_R","Bash","HandOfGreed","Sword Boomerang","Limit Break+1","Battle Trance","Warcry"],"relics":["Burning Blood","Sling","Self Forming Clay","Mango","Nunchaku","Dream Catcher","Gremlin Horn","Centennial Puzzle"],"acts_visited":["Exordium"],"potions_floor_usage":[8,13],"damage_taken":[{"damage":9,"enemies":"Jaw Worm","floor":1,"turns":4},{"damage":35,"enemies":"3 Sentries","floor":6,"turns":8},{"damage":0,"enemies":"Gremlin Nob","floor":8,"turns":2},{"damage":7,"enemies":"Small Slimes","floor":10,"turns":4},{"damage":16,"enemies":"3 Sentries","floor":11,"turns":6},{"damage":8,"enemies":"Gremlin Nob","floor":13,"turns":3}],"seed_played":"4377805300640052461","potions_obtained":[{"floor":6,"key":"Strength Potion"},{"floor":11,"key":"Block Potion"}],"is_trial":false,"path_per_floor":["M","?","?","$","?","E","R","E","T","M","E","?","E"],"character_chosen":"IRONCLAD","items_purchased":["Sling","Rupture"],"campfire_rested":0,"item_purchase_floors":[4,4],"current_hp_per_floor":[47,47,36,36,36,21,21,27,27,26,16,11,3,3],"gold":248,"neow_bonus":"RANDOM_COLORLESS_2","is_daily":false,"chose_seed":false,"campfire_upgraded":1,"win_rate":0.0,"timestamp":1610252126,"path_taken":["M","?","?","$","?","E","R","E","T","?","E","?","E"],"items_purchased_type":["Relic","Card"],"build_version":"2020-12-22","purchased_purges":1,"victory":false,"max_hp_per_floor":[75,75,75,75,75,89,89,89,89,89,89,89,89,89],"card_choices":[{"not_picked":["Mayhem","Magnetism"],"picked":"HandOfGreed","floor":0},{"not_picked":["Cleave","Thunderclap"],"picked":"Sword Boomerang","floor":1},{"not_picked":["Pommel Strike","Heavy Blade"],"picked":"Limit Break","floor":6},{"not_picked":["Warcry","Body Slam"],"picked":"Battle Trance","floor":8},{"not_picked":["Anger","Havoc"],"picked":"Warcry","floor":10},{"not_picked":["Dual Wield","Combust","True Grit"],"picked":"SKIP","floor":11}],"player_experience":887005,"relics_obtained":[{"floor":6,"key":"Mango"},{"floor":8,"key":"Nunchaku"},{"floor":9,"key":"Dream Catcher"},{"floor":11,"key":"Gremlin Horn"}],"event_choices":[{"damage_healed":0,"gold_gain":150,"player_choice":"AGREE","damage_taken":0,"max_hp_gain":0,"max_hp_loss":0,"event_name":"Liars Game","floor":2,"gold_loss":0,"cards_obtained":["Doubt"]},{"damage_healed":0,"gold_gain":75,"player_choice":"Gather Gold","damage_taken":11,"max_hp_gain":0,"max_hp_loss":0,"event_name":"World of Goop","floor":3,"gold_loss":0},{"cards_removed":["Rupture"],"damage_healed":0,"gold_gain":0,"player_choice":"Gave Card","damage_taken":0,"relics_obtained":["Self Forming Clay"],"max_hp_gain":0,"max_hp_loss":0,"event_name":"WeMeetAgain","floor":5,"gold_loss":0},{"damage_healed":0,"gold_gain":0,"player_choice":"Success","damage_taken":5,"relics_obtained":["Centennial Puzzle"],"max_hp_gain":0,"max_hp_loss":0,"event_name":"Scrap Ooze","floor":12,"gold_loss":0}],"is_beta":false,"boss_relics":[],"items_purged_floors":[4],"is_endless":false,"potions_floor_spawned":[6,11],"killed_by":"Gremlin Nob","ascension_level":20}}