{"host":"5gc11emcm5chfr5t","time":1610307903,"event":{"mods":["2.2 Compatiblity","AchievementEnabler","BaseMod","Bestiary","Better Note","Colored Map","Colored Powertips","Downfall","Googly Eyes","Minty Spire (QoL Compilation)","Rare Cards Sparkle","StSLib"],"gold_per_floor":[99,119,137,287,287,287,287,317,317,411,465,56,80,119,152,226,226,1,12,0,0,16,17,17],"floor_reached":23,"playtime":999,"items_purged":["Doubt"],"score":402,"play_id":"491a1be7-0254-4dd5-a55b-9de681f44dc4","local_time":"20210110144503","is_ascension_mode":true,"campfire_choices":[{"floor":1,"key":"RECALL"},{"data":"sneckomod:GlitteringGambit","floor":18,"key":"SMITH"}],"circlet_count":0,"master_deck":["AscendersBane","sneckomod:Strike","sneckomod:Strike","sneckomod:Strike","sneckomod:Defend","sneckomod:Defend","sneckomod:Defend","sneckomod:TailWhip","sneckomod:SnekBite","sneckomod:Unknown","sneckomod:Unknown","sneckomod:UnknownClassBLUE","sneckomod:Nope","sneckomod:ImprovisedAttack","sneckomod:GlitteringGambit+1","sneckomod:SoulRoll","expansioncontent:DashGenerateEvil","sneckomod:SoulRoll","sneckomod:UnknownStrength","sneckomod:DiceBlock","sneckomod:MorePower","sneckomod:DiceBlock","sneckomod:UnknownUncommonAttack+1","sneckomod:QuickMove","sneckomod:UnknownStrength+1"],"relics":["sneckomod:SneckoTalon","Anchor","Toy Ornithopter","Oddly Smooth Stone","Black Star","downfall:HeartBlessingRed","downfall:HeartBlessingBlue","downfall:HeartBlessingGreen"],"acts_visited":["Exordium","TheCity"],"potions_floor_usage":[10,11,14,23],"damage_taken":[{"damage":1,"enemies":"2 Louse","floor":2,"turns":3},{"damage":4,"enemies":"Small Slimes","floor":3,"turns":2},{"damage":0,"enemies":"Cultist","floor":6,"turns":1},{"damage":36,"enemies":"3 Sentries","floor":8,"turns":9},{"damage":5,"enemies":"3 Louse","floor":10,"turns":3},{"damage":4,"enemies":"2 Fungi Beasts","floor":11,"turns":3},{"damage":5,"enemies":"downfall:FleeingMerchant","floor":12,"turns":4},{"damage":0,"enemies":"3 Louse","floor":13,"turns":4},{"damage":38,"enemies":"Lagavulin","floor":14,"turns":6},{"damage":0,"enemies":"Exordium Wildlife","floor":15,"turns":3},{"damage":32,"enemies":"downfall:Watcher","floor":16,"turns":8},{"damage":3,"enemies":"Spheric Guardian","floor":19,"turns":6},{"damage":0,"enemies":"downfall:FleeingMerchant","floor":20,"turns":4},{"damage":37,"enemies":"Chosen","floor":22,"turns":10},{"damage":54,"enemies":"Gremlin Leader","floor":23,"turns":4}],"seed_played":"-6302585640326553318","potions_obtained":[{"floor":8,"key":"sneckomod:MuddlingPotion"},{"floor":10,"key":"Fruit Juice"},{"floor":11,"key":"Strength Potion"},{"floor":19,"key":"LiquidBronze"}],"is_trial":false,"path_per_floor":["R","M","M","?","?","M","T","E","?","M","M","$","M","E","M","B",null,"R","M","$","?","M","E"],"character_chosen":"THE_SNECKO","items_purchased":["expansioncontent:DashGenerateEvil","FairyPotion"],"campfire_rested":0,"item_purchase_floors":[12,12],"current_hp_per_floor":[75,74,74,74,74,74,74,38,33,38,39,34,34,1,1,14,70,80,77,77,77,40,0,0],"gold":17,"neow_bonus":"BOSS_RELIC","is_daily":false,"chose_seed":false,"campfire_upgraded":1,"win_rate":0.0,"timestamp":1610307903,"path_taken":["R","M","M","?","?","M","T","E","?","M","M","$","M","E","M","BOSS","R","M","$","?","?","E"],"items_purchased_type":["Card","Potion"],"build_version":"2020-12-22","purchased_purges":1,"victory":false,"max_hp_per_floor":[83,83,83,83,83,83,83,83,83,88,88,88,88,88,88,88,88,98,98,98,98,98,98,98],"card_choices":[{"not_picked":["sneckomod:DiceBlock","sneckomod:UnknownWeak"],"picked":"sneckomod:UnknownClassBLUE","floor":2},{"not_picked":["sneckomod:UnknownCommonAttack","sneckomod:UnknownClassSLIMEBOUND"],"picked":"sneckomod:Nope","floor":3},{"not_picked":["sneckomod:Nope","sneckomod:UnknownWeak"],"picked":"sneckomod:ImprovisedAttack","floor":6},{"not_picked":["sneckomod:UnknownCommonAttack","sneckomod:UnlimitedRolls"],"picked":"sneckomod:GlitteringGambit","floor":8},{"not_picked":["sneckomod:Unknown1Cost","sneckomod:UnknownBlock","sneckomod:UnknownCommonAttack"],"picked":"SKIP","floor":10},{"not_picked":["sneckomod:QuickMove","sneckomod:DefensiveFlair"],"picked":"sneckomod:SoulRoll","floor":11},{"not_picked":["sneckomod:UnknownStrike","sneckomod:Unknown1Cost","sneckomod:DiceCrush"],"picked":"SKIP","floor":12},{"not_picked":["sneckomod:SerpentIdol","sneckomod:DangerNoodle"],"picked":"sneckomod:SoulRoll","floor":13},{"not_picked":["sneckomod:SoulRoll","sneckomod:UnknownClassHEXA_GHOST_PURPLE"],"picked":"sneckomod:UnknownStrength","floor":14},{"not_picked":["sneckomod:IronFang","sneckomod:Unknown1Cost"],"picked":"sneckomod:DiceBlock","floor":15},{"not_picked":["sneckomod:Unknown3Cost","sneckomod:UnknownRarePower"],"picked":"sneckomod:MorePower","floor":16},{"not_picked":["sneckomod:SoulCleanse","sneckomod:UnknownStrike"],"picked":"sneckomod:DiceBlock","floor":19},{"not_picked":["sneckomod:UnknownBlock+1","sneckomod:UnknownClassBLUE+1"],"picked":"sneckomod:UnknownUncommonAttack+1","floor":20},{"not_picked":["sneckomod:CheapStock","sneckomod:Transmogrify"],"picked":"sneckomod:QuickMove","floor":20},{"not_picked":["sneckomod:Unknown1Cost+1","sneckomod:Unknown0Cost+1"],"picked":"sneckomod:UnknownStrength+1","floor":22},{"not_picked":["sneckomod:UnknownCommonSkill","sneckomod:UnknownVulnerable","sneckomod:UnknownCommonAttack"],"picked":"SKIP","floor":22}],"player_experience":540630,"relics_obtained":[{"floor":8,"key":"Anchor"},{"floor":14,"key":"Oddly Smooth Stone"}],"event_choices":[{"damage_healed":0,"gold_gain":0,"player_choice":"Success","damage_taken":5,"relics_obtained":["Toy Ornithopter"],"max_hp_gain":0,"max_hp_loss":0,"event_name":"Scrap Ooze","floor":9,"gold_loss":0}],"is_beta":false,"boss_relics":[{"not_picked":["Fusion Hammer","Runic Dome"],"picked":"Black Star"}],"items_purged_floors":[12],"is_endless":false,"potions_floor_spawned":[8,10,11,19],"killed_by":"Gremlin Leader","ascension_level":20}}