{"host":"t75twhtg6c476ygg","time":1610289525,"event":{"mods":["AchievementEnabler","BaseMod","Colored Powertips","Minty Spire (QoL Compilation)","Quick Restart","Relic Stats","StSLib","SuperFastMode"],"gold_per_floor":[114,129,129,144,159,189,189,219,244,319,334,349,364,394,394,494,494,509,509,509,524,539,539,569,584,609,624,624,639,669,219,219,319,319,334,384,384,399,309,339,354,354,354,369,65,80,130,145,145,145],"floor_reached":51,"playtime":1431,"items_purged":[],"score":893,"play_id":"d9bb7e4b-2461-4cb6-a593-53cd266896a3","local_time":"20210110143845","daily_mods":["Specialized","Diverse","Night Terrors"],"is_ascension_mode":false,"campfire_choices":[{"data":"Accuracy","floor":7.0,"key":"SMITH"},{"data":"Flex","floor":15.0,"key":"SMITH"},{"floor":23.0,"key":"REST"},{"floor":32.0,"key":"REST"},{"data":"1","floor":42.0,"key":"LIFT"},{"data":"2","floor":49,"key":"LIFT"}],"circlet_count":0,"master_deck":["Eruption+1","Vigilance+1","Accuracy+1","Accuracy+1","Accuracy+1","Accuracy+1","Accuracy+1","Blade Dance+1","Blade Dance+1","LessonLearned+1","Flex+1","Buffer+1","Storm+1","LessonLearned+1","Capacitor+1","Vault+1"],"relics":["PureWater","Mummified Hand","Pear","Strawberry","Boot","Fusion Hammer","MutagenicStrength","Enchiridion","Bag of Marbles","Vajra","Omamori","Akabeko","Bronze Scales","DollysMirror","Pandora\u0027s Box","Thread and Needle","Girya","Anchor","Blood Vial","Lantern","Centennial Puzzle"],"acts_visited":["Exordium","TheCity","TheBeyond"],"potions_floor_usage":[50,50,50,50,50],"damage_taken":[{"damage":0.0,"enemies":"2 Louse","floor":1.0,"turns":1.0},{"damage":0.0,"enemies":"Cultist","floor":2.0,"turns":2.0},{"damage":0.0,"enemies":"Small Slimes","floor":4.0,"turns":1.0},{"damage":0.0,"enemies":"2 Fungi Beasts","floor":5.0,"turns":2.0},{"damage":0.0,"enemies":"Lagavulin","floor":6.0,"turns":2.0},{"damage":11.0,"enemies":"Gremlin Nob","floor":8.0,"turns":3.0},{"damage":2.0,"enemies":"3 Louse","floor":11.0,"turns":2.0},{"damage":0.0,"enemies":"Blue Slaver","floor":12.0,"turns":2.0},{"damage":0.0,"enemies":"Exordium Thugs","floor":13.0,"turns":2.0},{"damage":0.0,"enemies":"3 Sentries","floor":14.0,"turns":3.0},{"damage":18.0,"enemies":"Slime Boss","floor":16.0,"turns":7.0},{"damage":0.0,"enemies":"2 Thieves","floor":18.0,"turns":2.0},{"damage":1.0,"enemies":"Chosen","floor":21.0,"turns":3.0},{"damage":0.0,"enemies":"Snake Plant","floor":22.0,"turns":1.0},{"damage":14.0,"enemies":"Slavers","floor":24.0,"turns":3.0},{"damage":0.0,"enemies":"Cultist and Chosen","floor":25.0,"turns":1.0},{"damage":0.0,"enemies":"Centurion and Healer","floor":27.0,"turns":6.0},{"damage":0.0,"enemies":"Snake Plant","floor":29.0,"turns":1.0},{"damage":0.0,"enemies":"Book of Stabbing","floor":30.0,"turns":1.0},{"damage":27.0,"enemies":"Collector","floor":33.0,"turns":6.0},{"damage":0.0,"enemies":"3 Darklings","floor":35.0,"turns":2.0},{"damage":0.0,"enemies":"Mind Bloom Boss Battle","floor":36.0,"turns":1.0},{"damage":3.0,"enemies":"3 Shapes","floor":38.0,"turns":1.0},{"damage":0.0,"enemies":"Giant Head","floor":40.0,"turns":3.0},{"damage":0.0,"enemies":"Spire Growth","floor":41.0,"turns":4.0},{"damage":0.0,"enemies":"Sphere and 2 Shapes","floor":44.0,"turns":2.0},{"damage":0,"enemies":"3 Darklings","floor":46,"turns":2},{"damage":0,"enemies":"Jaw Worm Horde","floor":48,"turns":2},{"damage":12,"enemies":"Awakened One","floor":50,"turns":4}],"seed_played":"-956745095108410897","potions_obtained":[{"floor":1.0,"key":"Fire Potion"},{"floor":4.0,"key":"DuplicationPotion"},{"floor":8.0,"key":"DuplicationPotion"},{"floor":13.0,"key":"Explosive Potion"},{"floor":25.0,"key":"AttackPotion"},{"floor":29.0,"key":"SteroidPotion"},{"floor":30.0,"key":"EntropicBrew"},{"floor":41.0,"key":"Ambrosia"}],"is_trial":false,"path_per_floor":["M","M","?","M","M","E","R","E","T","?","M","M","M","E","R","B",null,"M","?","?","M","M","R","E","M","T","M","?","M","E","$","R","B",null,"M","?","?","M","?","E","M","R","T","M","$","M","T","M","R","B",null],"character_chosen":"WATCHER","items_purchased":["Akabeko","Bronze Scales","DollysMirror","Lantern","Capacitor","Vault"],"campfire_rested":2,"item_purchase_floors":[31,31,31,45,45,45],"current_hp_per_floor":[72,72,72,72,72,72,72,71,78,67,65,65,65,65,65,47,89,89,89,73,72,72,84,70,70,70,70,70,70,70,70,79,52,79,79,79,75,72,72,72,72,72,72,74,74,75,75,75,75,63],"gold":145,"neow_bonus":"","is_daily":true,"chose_seed":false,"campfire_upgraded":2,"win_rate":0.0,"timestamp":1610289525,"path_taken":["M","M","?","M","?","E","R","E","T","?","M","M","M","E","R","BOSS","M","?","?","M","M","R","E","M","T","M","?","M","E","$","R","BOSS","M","?","?","M","?","E","M","R","T","?","$","?","?","M","R","BOSS"],"items_purchased_type":["Relic","Relic","Relic","Relic","Card","Card"],"build_version":"2020-12-22","purchased_purges":0,"victory":true,"max_hp_per_floor":[72,72,72,72,72,72,72,82,89,89,89,89,89,89,89,89,89,89,89,89,89,89,84,84,84,84,84,84,84,84,84,79,79,79,79,79,75,75,75,75,75,75,75,75,75,75,75,75,75,75],"relic_stats":{"Blood Vial":3,"Centennial Puzzle":[3],"counters":[29,72],"Mummified Hand":[130],"Bronze Scales":[27],"Pandora\u0027s Box":["Wild Strike","Doom and Gloom","Carnage","CarveReality","Havoc","Corpse Explosion","Uppercut","Capacitor"],"Boot":[3],"obtain_stats":[{"Girya":40,"Lantern":45,"Pear":8,"Enchiridion":20,"Vajra":26,"Thread and Needle":36,"Omamori":30,"Boot":14,"Akabeko":31,"Blood Vial":43,"Anchor":40,"Centennial Puzzle":47,"Mummified Hand":0,"DollysMirror":31,"Strawberry":9,"MutagenicStrength":19,"Bronze Scales":31,"Pandora\u0027s Box":34,"Fusion Hammer":17,"Bag of Marbles":24,"PureWater":0},{"Girya":24,"Lantern":26,"Pear":6,"Enchiridion":12,"Vajra":16,"Thread and Needle":22,"Omamori":19,"Boot":10,"Akabeko":19,"Blood Vial":25,"Anchor":24,"Centennial Puzzle":27,"Mummified Hand":0,"DollysMirror":19,"Strawberry":6,"MutagenicStrength":12,"Bronze Scales":19,"Pandora\u0027s Box":20,"Fusion Hammer":11,"Bag of Marbles":15,"PureWater":0},{"Girya":56,"Lantern":64,"Pear":11,"Enchiridion":29,"Vajra":37,"Thread and Needle":54,"Omamori":45,"Boot":20,"Akabeko":45,"Blood Vial":62,"Anchor":58,"Centennial Puzzle":66,"Mummified Hand":0,"DollysMirror":45,"Strawberry":11,"MutagenicStrength":29,"Bronze Scales":45,"Pandora\u0027s Box":51,"Fusion Hammer":27,"Bag of Marbles":36,"PureWater":0}]},"card_choices":[{"not_picked":["Flechettes","Clothesline"],"picked":"Finisher","floor":1.0},{"not_picked":["Crippling Poison","Poisoned Stab","Steam"],"picked":"SKIP","floor":2.0},{"not_picked":["Underhanded Strike","Havoc","Fission"],"picked":"SKIP","floor":4.0},{"not_picked":["Sever Soul","Riddle With Holes","Halt"],"picked":"SKIP","floor":5.0},{"not_picked":["Deflect","Setup","SashWhip"],"picked":"SKIP","floor":6.0},{"not_picked":["Rainbow","Reboot","ReachHeaven"],"picked":"SKIP","floor":8.0},{"not_picked":["Anger","Acrobatics","Twin Strike"],"picked":"SKIP","floor":11.0},{"not_picked":["Expertise","Capacitor","Hemokinesis"],"picked":"SKIP","floor":12.0},{"not_picked":["Vengeance","Coolheaded","Flechettes"],"picked":"SKIP","floor":13.0},{"not_picked":["Electrodynamics","Backflip"],"picked":"Flex","floor":14.0},{"not_picked":["All For One","Offering"],"picked":"Buffer","floor":16.0},{"not_picked":["Sunder","Dagger Throw","FlyingSleeves"],"picked":"SKIP","floor":18.0},{"not_picked":["Cold Snap","Rip and Tear+1","True Grit+1"],"picked":"SKIP","floor":21.0},{"not_picked":["Pray","Sword Boomerang","Twin Strike"],"picked":"SKIP","floor":22.0},{"not_picked":["EmptyBody+1","Scrape","Shockwave+1"],"picked":"SKIP","floor":24.0},{"not_picked":["Beam Cell","Predator","Steam Power+1"],"picked":"SKIP","floor":25.0},{"not_picked":["ClearTheMind","PiercingWail","Limit Break"],"picked":"SKIP","floor":27.0},{"not_picked":["Havoc","Distraction","All Out Attack"],"picked":"SKIP","floor":29.0},{"not_picked":["Gash","Tempest+1","Chaos"],"picked":"SKIP","floor":30.0},{"not_picked":["BootSequence+1","Pommel Strike","Quick Slash"],"picked":"SKIP","floor":35.0},{"not_picked":["Flying Knee+1","Concentrate+1","Rebound+1"],"picked":"SKIP","floor":38.0},{"not_picked":["Iron Wave+1","Rampage+1","Catalyst"],"picked":"SKIP","floor":40.0},{"not_picked":["Outmaneuver","Setup+1","Conserve Battery"],"picked":"SKIP","floor":41.0},{"not_picked":["Battle Trance","Deadly Poison","FlurryOfBlows"],"picked":"SKIP","floor":44.0},{"not_picked":["WaveOfTheHand+1","Infernal Blade+1","Endless Agony+1"],"picked":"SKIP","floor":46},{"not_picked":["LikeWater","Second Wind","Capacitor"],"picked":"SKIP","floor":48}],"player_experience":240376,"relics_obtained":[{"floor":6.0,"key":"Mummified Hand"},{"floor":8.0,"key":"Pear"},{"floor":9.0,"key":"Strawberry"},{"floor":14.0,"key":"Boot"},{"floor":20.0,"key":"Enchiridion"},{"floor":24.0,"key":"Bag of Marbles"},{"floor":26.0,"key":"Vajra"},{"floor":30.0,"key":"Omamori"},{"floor":36.0,"key":"Thread and Needle"},{"floor":40.0,"key":"Anchor"},{"floor":43.0,"key":"Blood Vial"},{"floor":47,"key":"Centennial Puzzle"}],"event_choices":[{"damage_healed":0.0,"max_hp_gain":0.0,"max_hp_loss":0.0,"gold_gain":0.0,"event_name":"Upgrade Shrine","player_choice":"Upgraded","floor":3.0,"gold_loss":0.0,"damage_taken":0.0,"cards_upgraded":["Accuracy"]},{"damage_healed":0.0,"max_hp_gain":0.0,"max_hp_loss":0.0,"gold_gain":75.0,"event_name":"World of Goop","player_choice":"Gather Gold","floor":10.0,"gold_loss":0.0,"damage_taken":11.0},{"damage_healed":0.0,"max_hp_gain":0.0,"max_hp_loss":0.0,"gold_gain":0.0,"event_name":"Drug Dealer","player_choice":"Inject Mutagens","floor":19.0,"gold_loss":0.0,"damage_taken":0.0,"relics_obtained":["MutagenicStrength"]},{"damage_healed":0.0,"max_hp_gain":0.0,"max_hp_loss":0.0,"gold_gain":0.0,"event_name":"Cursed Tome","player_choice":"Obtained Book","floor":20.0,"gold_loss":0.0,"damage_taken":16.0},{"damage_healed":0.0,"max_hp_gain":0.0,"max_hp_loss":0.0,"gold_gain":0.0,"event_name":"The Library","player_choice":"Read","floor":28.0,"gold_loss":0.0,"damage_taken":0.0,"cards_obtained":["Storm"]},{"damage_healed":0.0,"max_hp_gain":0.0,"max_hp_loss":0.0,"gold_gain":0.0,"event_name":"MindBloom","player_choice":"Fight","floor":36.0,"gold_loss":0.0,"damage_taken":0.0},{"damage_healed":0.0,"max_hp_gain":0.0,"max_hp_loss":4.0,"gold_gain":0.0,"event_name":"Winding Halls","player_choice":"Max HP","floor":37.0,"gold_loss":0.0,"damage_taken":0.0},{"cards_removed":["Finisher"],"damage_healed":0.0,"max_hp_gain":0.0,"max_hp_loss":0.0,"gold_gain":0.0,"event_name":"Designer","player_choice":"Upgrade and Remove","floor":39.0,"gold_loss":90.0,"damage_taken":0.0,"cards_upgraded":["Eruption"]}],"is_beta":false,"boss_relics":[{"not_picked":["Runic Pyramid","Velvet Choker"],"picked":"Fusion Hammer"},{"not_picked":["Snecko Eye","SacredBark"],"picked":"Pandora\u0027s Box"}],"items_purged_floors":[],"is_endless":false,"potions_floor_spawned":[1,4,8,13,14,21,25,29,30,33,35,38,40,41,46],"ascension_level":0}}