{"host":"nptej036rrbiurf5","time":1610285697,"event":{"mods":["BaseMod","Colored Map","Colored Powertips","DeckTracker","Minty Spire (QoL Compilation)","StSLib","SuperFastMode"],"gold_per_floor":[114,134,134,134,151,151,76,88,88,88,102,27,52,72,72,149,149,160,160,71,81,92,92,92],"floor_reached":23,"playtime":425,"items_purged":["Strike_P"],"score":486,"play_id":"68a1a23e-e206-4381-bf98-0e5b347280bd","local_time":"20210110223457","is_ascension_mode":true,"campfire_choices":[{"data":"ThirdEye","floor":6.0,"key":"SMITH"},{"data":"Sanctity","floor":10.0,"key":"SMITH"},{"data":"BattleHymn","floor":15.0,"key":"SMITH"}],"circlet_count":0,"master_deck":["AscendersBane","Strike_P","Defend_P","Defend_P","Eruption+1","Vigilance","ThirdEye+1","EmptyFist","Sanctity+1","CrushJoints","BattleHymn+1","DevaForm","Adaptation"],"relics":["PureWater","Dead Branch","Mercury Hourglass","Sundial","Empty Cage"],"acts_visited":["Exordium","TheCity"],"potions_floor_usage":[21],"damage_taken":[{"damage":0.0,"enemies":"Small Slimes","floor":1.0,"turns":2.0},{"damage":3.0,"enemies":"2 Louse","floor":2.0,"turns":3.0},{"damage":2.0,"enemies":"Cultist","floor":5.0,"turns":3.0},{"damage":3.0,"enemies":"Exordium Wildlife","floor":8.0,"turns":2.0},{"damage":6.0,"enemies":"Exordium Thugs","floor":11.0,"turns":3.0},{"damage":8.0,"enemies":"Gremlin Nob","floor":13.0,"turns":3.0},{"damage":0.0,"enemies":"2 Fungi Beasts","floor":14.0,"turns":2.0},{"damage":0.0,"enemies":"Slime Boss","floor":16.0,"turns":6.0},{"damage":0.0,"enemies":"3 Byrds","floor":18.0,"turns":3.0},{"damage":22,"enemies":"2 Thieves","floor":21,"turns":3},{"damage":13,"enemies":"Centurion and Healer","floor":22,"turns":3},{"damage":24,"enemies":"Slavers","floor":23,"turns":1}],"seed_played":"4772301039239307541","potions_obtained":[{"floor":1.0,"key":"BlessingOfTheForge"},{"floor":2.0,"key":"LiquidBronze"},{"floor":11.0,"key":"BottledMiracle"},{"floor":13.0,"key":"Strength Potion"},{"floor":16.0,"key":"FearPotion"}],"is_trial":false,"path_per_floor":["M","M","?","?","M","R","?","M","T","R","M","$","E","M","R","B",null,"M","?","$","M","M","E"],"character_chosen":"WATCHER","items_purchased":["Adaptation"],"campfire_rested":0,"item_purchase_floors":[20],"current_hp_per_floor":[43,40,33,33,31,31,31,28,28,28,22,22,14,14,14,14,55,55,55,55,33,20,0,0],"gold":92,"neow_bonus":"ONE_RARE_RELIC","is_daily":false,"chose_seed":false,"campfire_upgraded":3,"win_rate":0.0,"timestamp":1610285697,"path_taken":["M","M","?","?","?","R","?","M","T","R","M","?","E","M","R","BOSS","M","?","$","M","M","E"],"items_purchased_type":["Card"],"build_version":"2020-12-22","purchased_purges":1,"victory":false,"max_hp_per_floor":[68,68,68,68,68,68,68,68,68,68,68,68,68,68,68,68,68,68,68,68,68,68,68,68],"card_choices":[{"not_picked":["LikeWater","Prostrate","FlurryOfBlows"],"picked":"SKIP","floor":1.0},{"not_picked":["Collect","ClearTheMind"],"picked":"ThirdEye","floor":2.0},{"not_picked":["Conclude","Wallop"],"picked":"EmptyFist","floor":5.0},{"not_picked":["Meditate","Blasphemy"],"picked":"Sanctity","floor":8.0},{"not_picked":["CutThroughFate","Protect"],"picked":"CrushJoints","floor":11.0},{"not_picked":["WreathOfFlame","Swivel","Prostrate"],"picked":"SKIP","floor":13.0},{"not_picked":["Wireheading","EmptyBody"],"picked":"BattleHymn","floor":14.0},{"not_picked":["ConjureBlade","Devotion"],"picked":"DevaForm","floor":16.0},{"not_picked":["EmptyFist","ThirdEye","SashWhip"],"picked":"SKIP","floor":18.0},{"not_picked":["Consecrate","Meditate","EmptyFist"],"picked":"SKIP","floor":21},{"not_picked":["Crescendo","EmptyFist","EmptyBody"],"picked":"SKIP","floor":22}],"player_experience":889100,"relics_obtained":[{"floor":9.0,"key":"Mercury Hourglass"},{"floor":13.0,"key":"Sundial"}],"event_choices":[{"cards_removed":["Defend_P"],"damage_healed":0.0,"max_hp_gain":0.0,"max_hp_loss":0.0,"gold_gain":0.0,"event_name":"Golden Wing","player_choice":"Card Removal","floor":3.0,"gold_loss":0.0,"damage_taken":7.0},{"damage_healed":0.0,"max_hp_gain":0.0,"max_hp_loss":0.0,"gold_gain":0.0,"event_name":"Accursed Blacksmith","player_choice":"Forge","floor":4.0,"gold_loss":0.0,"damage_taken":0.0,"cards_upgraded":["Eruption"]},{"cards_removed":["Strike_P"],"damage_healed":0.0,"max_hp_gain":0.0,"max_hp_loss":0.0,"gold_gain":0.0,"event_name":"The Cleric","player_choice":"Card Removal","floor":7.0,"gold_loss":75.0,"damage_taken":0.0},{"damage_healed":0.0,"max_hp_gain":0.0,"max_hp_loss":0.0,"gold_gain":0.0,"event_name":"Vampires","player_choice":"Ignored","floor":19.0,"gold_loss":0.0,"damage_taken":0.0}],"is_beta":false,"boss_relics":[{"not_picked":["Pandora\u0027s Box","Runic Dome"],"picked":"Empty Cage"}],"items_purged_floors":[12],"is_endless":false,"potions_floor_spawned":[1,2,11,13,16],"killed_by":"Slavers","ascension_level":20}}