{"host":"08t08ld674si40tv","time":1610263292,"event":{"mods":["AchievementEnabler","BaseMod","Colored Map","Minty Spire (QoL Compilation)","StSLib","SuperFastMode"],"gold_per_floor":[114,126,144,144,155,155,155,155,209,220,220,220,264,279,279,372,372,396,128,178,202,202,202,202,227,227,227,243,120,120,120,120],"floor_reached":31,"playtime":579,"items_purged":["Strike_B","Strike_B+1"],"score":411,"play_id":"e39ab136-ae47-4266-8262-0c5c26230108","local_time":"20210110162132","is_ascension_mode":true,"campfire_choices":[{"data":"Zap","floor":6,"key":"SMITH"},{"data":"Streamline","floor":8,"key":"SMITH"},{"data":"Dualcast","floor":11,"key":"SMITH"},{"data":"Reprogram","floor":15,"key":"SMITH"},{"floor":23,"key":"REST"},{"floor":27,"key":"REST"}],"circlet_count":0,"master_deck":["AscendersBane","Strike_B+1","Strike_B+1","Defend_B+1","Defend_B+1","Defend_B+1","Defend_B+1","Zap+1","Dualcast+1","All For One","Streamline+1","Go for the Eyes+1","Sweeping Beam","Reprogram+1","Echo Form","Beam Cell","Hologram"],"relics":["Cracked Core","Juzu Bracelet","Golden Idol","Toy Ornithopter","Philosopher\u0027s Stone","Membership Card","Nunchaku","Question Card","ClockworkSouvenir"],"acts_visited":["Exordium","TheCity"],"potions_floor_usage":[13,30,30],"damage_taken":[{"damage":1,"enemies":"Cultist","floor":1,"turns":3},{"damage":1,"enemies":"2 Louse","floor":2,"turns":3},{"damage":12,"enemies":"Jaw Worm","floor":3,"turns":3},{"damage":0,"enemies":"Red Slaver","floor":5,"turns":3},{"damage":6,"enemies":"Looter","floor":10,"turns":3},{"damage":5,"enemies":"Lagavulin","floor":13,"turns":5},{"damage":0,"enemies":"Large Slime","floor":14,"turns":4},{"damage":43,"enemies":"The Guardian","floor":16,"turns":13},{"damage":23,"enemies":"2 Thieves","floor":18,"turns":4},{"damage":9,"enemies":"Chosen","floor":21,"turns":3},{"damage":17,"enemies":"Sentry and Sphere","floor":25,"turns":4},{"damage":29,"enemies":"Snake Plant","floor":28,"turns":5},{"damage":7,"enemies":"Colosseum Slavers","floor":30,"turns":3},{"damage":19,"enemies":"Cultist and Chosen","floor":31,"turns":4}],"seed_played":"-7840351191141699708","potions_obtained":[{"floor":2,"key":"AttackPotion"},{"floor":5,"key":"PotionOfCapacity"},{"floor":13,"key":"LiquidMemories"},{"floor":18,"key":"PowerPotion"}],"is_trial":false,"path_per_floor":["M","M","M","?","M","R","?","R","T","M","R","?","E","M","R","B",null,"M","$","?","M","?","R","?","M","T","R","M","$","?","M"],"character_chosen":"DEFECT","items_purchased":["Membership Card","Nunchaku","ClockworkSouvenir"],"campfire_rested":2,"item_purchase_floors":[19,19,29],"current_hp_per_floor":[45,44,32,55,55,55,55,55,55,49,49,49,44,44,44,1,48,25,25,25,16,16,35,35,18,18,37,8,8,11,0,0],"gold":120,"neow_bonus":"THREE_RARE_CARDS","is_daily":false,"chose_seed":false,"campfire_upgraded":4,"win_rate":0.0,"timestamp":1610263292,"path_taken":["M","M","?","?","M","R","?","R","T","M","R","?","E","M","R","BOSS","M","$","?","M","?","R","?","M","T","R","M","?","?","M"],"items_purchased_type":["Relic","Relic","Relic"],"build_version":"2020-12-22","purchased_purges":2,"victory":false,"max_hp_per_floor":[71,71,71,71,71,71,71,71,71,71,71,64,64,64,64,64,64,64,64,64,64,64,64,64,64,64,64,64,64,64,64,64],"card_choices":[{"not_picked":["Rainbow","Meteor Strike"],"picked":"All For One","floor":0},{"not_picked":["Coolheaded","Conserve Battery"],"picked":"Streamline","floor":1},{"not_picked":["Compile Driver","FTL"],"picked":"Go for the Eyes","floor":2},{"not_picked":["Barrage","Loop"],"picked":"Sweeping Beam","floor":3},{"not_picked":["Ball Lightning","Hello World","Blizzard"],"picked":"SKIP","floor":5},{"not_picked":["Streamline","Rip and Tear","Coolheaded"],"picked":"SKIP","floor":10},{"not_picked":["Steam Power","Rainbow","Rip and Tear"],"picked":"SKIP","floor":13},{"not_picked":["Go for the Eyes","Darkness"],"picked":"Reprogram","floor":14},{"not_picked":["Core Surge","Amplify"],"picked":"Echo Form","floor":16},{"not_picked":["Darkness","Cold Snap"],"picked":"Beam Cell","floor":18},{"not_picked":["Cold Snap","FTL"],"picked":"Hologram","floor":21},{"not_picked":["Genetic Algorithm+1","Tempest+1","Streamline"],"picked":"SKIP","floor":25},{"not_picked":["Rebound","Streamline","Aggregate","Compile Driver"],"picked":"SKIP","floor":28}],"player_experience":220112,"relics_obtained":[{"floor":9,"key":"Juzu Bracelet"},{"floor":13,"key":"Toy Ornithopter"},{"floor":26,"key":"Question Card"}],"event_choices":[{"damage_healed":23,"gold_gain":0,"player_choice":"Banana","damage_taken":0,"max_hp_gain":0,"max_hp_loss":0,"event_name":"Big Fish","floor":4,"gold_loss":0},{"damage_healed":0,"gold_gain":0,"player_choice":"Forge","damage_taken":0,"max_hp_gain":0,"max_hp_loss":0,"event_name":"Accursed Blacksmith","floor":7,"gold_loss":0,"cards_upgraded":["Go for the Eyes"]},{"damage_healed":0,"gold_gain":0,"player_choice":"Lose Max HP","damage_taken":0,"relics_obtained":["Golden Idol"],"max_hp_gain":0,"max_hp_loss":7,"event_name":"Golden Idol","floor":12,"gold_loss":0},{"damage_healed":0,"gold_gain":50,"player_choice":"Stole From Cult","damage_taken":0,"max_hp_gain":0,"max_hp_loss":0,"event_name":"Nest","floor":20,"gold_loss":0},{"damage_healed":0,"gold_gain":0,"player_choice":"Simplicity","damage_taken":0,"max_hp_gain":0,"max_hp_loss":0,"event_name":"Back to Basics","floor":22,"gold_loss":0,"cards_upgraded":["Strike_B","Strike_B","Strike_B","Defend_B","Defend_B","Defend_B","Defend_B"]},{"damage_healed":0,"gold_gain":0,"player_choice":"Ignored","damage_taken":0,"max_hp_gain":0,"max_hp_loss":0,"event_name":"Ghosts","floor":24,"gold_loss":0},{"damage_healed":0,"gold_gain":0,"player_choice":"Fight","damage_taken":0,"max_hp_gain":0,"max_hp_loss":0,"event_name":"Colosseum","floor":30,"gold_loss":0},{"damage_healed":0,"gold_gain":0,"player_choice":"Fled From Nobs","damage_taken":0,"max_hp_gain":0,"max_hp_loss":0,"event_name":"Colosseum","floor":30,"gold_loss":0}],"is_beta":false,"boss_relics":[{"not_picked":["Sozu","Snecko Eye"],"picked":"Philosopher\u0027s Stone"}],"items_purged_floors":[19,29],"is_endless":false,"potions_floor_spawned":[2,5,10,13,18,28,30],"killed_by":"Cultist and Chosen","ascension_level":15}}