{"host":"y36bp6mnm73x3iob","time":1610305240,"event":{"mods":["2.2 Compatiblity","Aspiration","BaseMod","Downfall","GifTheSpireLib","Hermit","Hubris","Marisa????????","Minty Spire (QoL Compilation)","Replay The Spire","Retaliation","StSLib","Stuff the Spire","The Cursed","The Disciple","The Servant 0.9.4"],"gold_per_floor":[115,131,150,204,204,204,48,48,48,165,165,165,22,36,36,136,136,155,95,95,95],"floor_reached":20,"playtime":1026,"items_purged":[],"score":178,"play_id":"c51712fa-6662-4a27-ab9f-089bc1934500","local_time":"20210110210040","is_ascension_mode":true,"campfire_choices":[{"data":"Armaments","floor":6,"key":"SMITH"},{"data":"Brutality","floor":8,"key":"SMITH"}],"circlet_count":0,"master_deck":["Strike_R","Strike_R","Defend_R","Defend_R","Defend_R","Defend_R","StuffTheSpire:Incineration","Hemokinesis","Armaments+1","Brutality+1","Pommel Strike","Survivor","Neutralize","DDmod:EasePowerCard+1","StuffTheSpire:Slingshot+1","Armaments+1","DDmod:UnstoppableAttack","DDmod:EasePowerCard","hubris:NaturalOne","hubris:StunningStrike+1","StuffTheSpire:RockThrow+1","DDmod:UnstoppableAttack+1"],"relics":["Burning Blood","hubris:Icosahedron","Golden Egg","hubris:Towel","Replay:Drink Me"],"acts_visited":["Exordium","TheCity"],"potions_floor_usage":[19],"damage_taken":[{"damage":5,"enemies":"Small Slimes","floor":1,"turns":4},{"damage":4,"enemies":"Jaw Worm","floor":2,"turns":5},{"damage":3,"enemies":"2 Louse","floor":3,"turns":2},{"damage":20,"enemies":"Large Slime","floor":10,"turns":5},{"damage":17,"enemies":"Lots of Slimes","floor":14,"turns":5},{"damage":62,"enemies":"The Guardian","floor":16,"turns":12},{"damage":80,"enemies":"Spheric Guardian","floor":18,"turns":15},{"damage":28,"enemies":"2 Thieves","floor":19,"turns":5},{"damage":0,"enemies":"Snake Plant","floor":20,"turns":1}],"seed_played":"-8294526070959090345","potions_obtained":[{"floor":10,"key":"champ:CounterPotion"},{"floor":14,"key":"SteroidPotion"},{"floor":18,"key":"EssenceOfSteel"}],"is_trial":false,"path_per_floor":["M","M","M","?","?","R","$","R","T","M","?","?","$","M","R","B",null,"M","M","M"],"character_chosen":"IRONCLAD","items_purchased":["Brutality","DDmod:EasePowerCard","StuffTheSpire:Slingshot","Armaments"],"campfire_rested":0,"item_purchase_floors":[7,13,13,13],"current_hp_per_floor":[73,75,78,78,78,78,78,78,78,64,64,64,64,55,55,53,72,47,27,27,27],"gold":95,"neow_bonus":"TWENTY_PERCENT_HP_BONUS","is_daily":false,"chose_seed":false,"campfire_upgraded":2,"win_rate":0.0,"timestamp":1610305240,"path_taken":["M","M","M","?","?","R","?","R","T","M","?","?","$","M","R","BOSS","M","?","M"],"items_purchased_type":["Card","Card","Card","Card"],"build_version":"2020-12-22","purchased_purges":0,"victory":false,"max_hp_per_floor":[96,96,96,96,96,96,96,96,96,96,96,96,96,96,96,96,72,72,72,72,72],"card_choices":[{"not_picked":["Headbutt","Havoc"],"picked":"StuffTheSpire:Incineration","floor":1},{"not_picked":["Havoc","StuffTheSpire:Slingshot"],"picked":"Hemokinesis","floor":2},{"not_picked":["Cleave","StuffTheSpire:Slingshot"],"picked":"Armaments","floor":3},{"not_picked":["ReplayTheSpireMod:Strike From Hell","Power Through"],"picked":"Pommel Strike","floor":10},{"not_picked":["Pommel Strike","Perfected Strike"],"picked":"DDmod:UnstoppableAttack","floor":14},{"not_picked":["DDmod:SpikeShotSkill","Impervious"],"picked":"hubris:StunningStrike","floor":16},{"not_picked":["Metallicize","DDmod:SpikeInjectionSkill"],"picked":"StuffTheSpire:RockThrow+1","floor":18},{"not_picked":["Clash+1","Flex"],"picked":"DDmod:UnstoppableAttack+1","floor":19}],"player_experience":460281,"relics_obtained":[{"floor":9,"key":"Golden Egg"}],"event_choices":[{"damage_healed":0,"gold_gain":54,"player_choice":"Gained Gold","damage_taken":0,"max_hp_gain":0,"max_hp_loss":0,"event_name":"Golden Wing","floor":4,"gold_loss":0}],"is_beta":false,"boss_relics":[{"not_picked":["aspiration:PoetsPen_weak","Fusion Hammer"],"picked":"Replay:Drink Me"}],"items_purged_floors":[],"is_endless":false,"potions_floor_spawned":[10,14,18],"killed_by":"Snake Plant","ascension_level":2}}