{"host":"d739yreqm0rh30t5","time":1610292012,"event":{"mods":["BaseMod","BetterRewards","Colored Powertips","Downfall","Googly Eyes","Hermit","Minty Spire (QoL Compilation)","Replay The Spire","Shop Mod","StSLib","The Cursed"],"gold_per_floor":[99,115,129,129,129,147,147,162,179,206,206,234,234,249,268,268,268,268],"floor_reached":16,"playtime":1433,"items_purged":[],"score":114,"play_id":"e8371faf-1fb6-4297-bdf1-31c3d31eb822","local_time":"20210110162012","is_ascension_mode":false,"campfire_choices":[{"data":"Crow Ritual","floor":1,"key":"SMITH"},{"floor":13,"key":"REST"}],"circlet_count":0,"master_deck":["hexamod:Strike","hexamod:Strike","hexamod:Strike","hexamod:Strike","hexamod:Defend","hexamod:Defend","hexamod:Defend","hexamod:Defend","hexamod:Sear+1","hexamod:Float","Crow Ritual+1","hexamod:EtherealExpedition+1","hexamod:GhostOfSpirePresent","hexamod:FirstSeal","hexamod:SwordOfDarkness","hexamod:AdvancingGuard+1","hexamod:Haunt+1","Regret","hexamod:ThirdSeal","hexamod:NightmareGuise","hexamod:SwordOfDarkness","hexamod:FifthSeal","hexamod:BurningTouch"],"relics":["hexamod:SpiritBrand","Snack Pack","Matryoshka","Regal Pillow","CaptainsWheel"],"acts_visited":["Exordium"],"potions_floor_usage":[12,16,16],"damage_taken":[{"damage":1,"enemies":"Cultist","floor":2,"turns":5},{"damage":2,"enemies":"2 Louse","floor":3,"turns":2},{"damage":10,"enemies":"Jaw Worm","floor":6,"turns":4},{"damage":12,"enemies":"Blue Slaver","floor":8,"turns":6},{"damage":2,"enemies":"Red Slaver","floor":9,"turns":5},{"damage":33,"enemies":"Gremlin Nob","floor":10,"turns":5},{"damage":17,"enemies":"Replay:BlueRogue","floor":12,"turns":7},{"damage":1,"enemies":"Exordium Wildlife","floor":14,"turns":5},{"damage":4,"enemies":"Large Slime","floor":15,"turns":4},{"damage":62,"enemies":"downfall:Ironclad","floor":16,"turns":10}],"seed_played":"7285278619240454421","potions_obtained":[{"floor":6,"key":"Explosive Potion"},{"floor":9,"key":"sneckomod:MuddlingPotion"},{"floor":10,"key":"Slimebound:ThreeZeroPotion"},{"floor":15,"key":"hexamod:DoubleChargePotion"}],"is_trial":false,"path_per_floor":["R","M","M","T","?","M","T","M","M","E","?","E","R","M","M","B"],"character_chosen":"THE_SPIRIT","items_purchased":[],"campfire_rested":1,"item_purchase_floors":[],"current_hp_per_floor":[63,62,60,60,60,50,50,45,50,28,28,18,51,57,60,0,0,0],"gold":268,"neow_bonus":"RANDOM_COLORLESS_2","is_daily":false,"chose_seed":false,"campfire_upgraded":1,"win_rate":0.0,"timestamp":1610292012,"path_taken":["R","M","M","?","?","M","T","M","M","E","?","E","R","M","M","BOSS"],"items_purchased_type":[],"build_version":"2020-12-22","purchased_purges":0,"victory":false,"max_hp_per_floor":[63,63,63,63,63,63,63,63,63,63,63,63,63,63,63,63,63,63],"card_choices":[{"not_picked":["Secret Technique","Panache"],"picked":"Crow Ritual","floor":0},{"not_picked":["hexamod:SwordOfDarkness","hexamod:RecurringNightmare"],"picked":"hexamod:EtherealExpedition","floor":2},{"not_picked":["hexamod:Hexaguard","hexamod:FastForward"],"picked":"hexamod:GhostOfSpirePresent","floor":3},{"not_picked":["hexamod:ShieldOfDarkness","hexamod:Hexaguard"],"picked":"hexamod:FirstSeal","floor":6},{"not_picked":["hexamod:Firestarter","hexamod:CatchUp"],"picked":"hexamod:SwordOfDarkness","floor":8},{"not_picked":["hexamod:GhostOfSpirePast","hexamod:NightmareStrike"],"picked":"hexamod:AdvancingGuard","floor":9},{"not_picked":["hexamod:Again","hexamod:AdvancingGuard"],"picked":"hexamod:Haunt","floor":10},{"not_picked":["hexamod:GhostOfSpirePast","hexamod:HeatShield"],"picked":"hexamod:ThirdSeal","floor":12},{"not_picked":["hexamod:Hexaguard","hexamod:RainOfEmbers"],"picked":"hexamod:NightmareGuise","floor":14},{"not_picked":["hexamod:HeatMetal","hexamod:NecessarySacrifice"],"picked":"hexamod:SwordOfDarkness","floor":14},{"not_picked":["hexamod:HauntingEcho","hexamod:PhantomFireball"],"picked":"hexamod:FifthSeal","floor":15},{"not_picked":["hexamod:Firestarter","hexamod:HauntingEcho"],"picked":"hexamod:BurningTouch","floor":15}],"player_experience":131148,"relics_obtained":[{"floor":4,"key":"Snack Pack"},{"floor":7,"key":"Matryoshka"},{"floor":10,"key":"Regal Pillow"},{"floor":12,"key":"CaptainsWheel"}],"event_choices":[],"is_beta":false,"boss_relics":[],"items_purged_floors":[],"is_endless":false,"potions_floor_spawned":[6,9,10,15],"killed_by":"downfall:Ironclad","ascension_level":0}}