{"host":"5wznv0010959mrmz","time":1610252352,"event":{"mods":["BaseMod","Highlight Path","Minty Spire (QoL Compilation)","Relic Stats"],"gold_per_floor":[116,133,152,163,163,188,202,202,202,202,29,29,53,89,89,182,182,195,220,220,220,220,245,245,255,336,365,23,123,133,160,160,236,236,254,14,14,14,25,60,60,60,60,78,97,124,139,165,165,165,165,165],"floor_reached":51,"playtime":2170,"items_purged":["Backstab"],"score":1750,"play_id":"f585272f-03aa-40b9-8f02-458bdb06d55f","local_time":"20210109221912","is_ascension_mode":true,"campfire_choices":[{"data":"Dash","floor":8,"key":"SMITH"},{"data":"Catalyst","floor":10,"key":"SMITH"},{"floor":15,"key":"REST"},{"data":"Crippling Poison","floor":24,"key":"SMITH"},{"data":"Malaise","floor":32,"key":"SMITH"},{"data":"Burst","floor":41,"key":"SMITH"},{"floor":49,"key":"RECALL"}],"circlet_count":0,"master_deck":["AscendersBane","Defend_G","Defend_G","Defend_G","Defend_G","Defend_G","Survivor","Neutralize","Well Laid Plans","Dagger Spray","Backstab","Dash+1","Catalyst+1","Bouncing Flask+1","Backflip","Leg Sweep","Malaise+1","Crippling Poison+1","Expertise","Madness","Madness","Burst+1","Prepared+1"],"relics":["Ring of the Snake","Omamori","Mummified Hand","Potion Belt","Bloody Idol","Bronze Scales","SlaversCollar","The Specimen","Happy Flower","Bottled Lightning","Anchor","Membership Card","Letter Opener","Gambling Chip","Molten Egg 2","Paper Crane","Coffee Dripper","TwistedFunnel","Ice Cream","TungstenRod","Orichalcum","Bag of Preparation"],"acts_visited":["Exordium","TheCity","TheBeyond"],"potions_floor_usage":[4,13,16,16,18,19,23,29,30,31,33,33,50],"damage_taken":[{"damage":8,"enemies":"2 Louse","floor":1,"turns":3},{"damage":0,"enemies":"Small Slimes","floor":2,"turns":4},{"damage":2,"enemies":"Jaw Worm","floor":3,"turns":3},{"damage":0,"enemies":"Lots of Slimes","floor":4,"turns":3},{"damage":14,"enemies":"Gremlin Nob","floor":6,"turns":3},{"damage":0,"enemies":"2 Fungi Beasts","floor":7,"turns":3},{"damage":5,"enemies":"Exordium Wildlife","floor":13,"turns":4},{"damage":15,"enemies":"3 Sentries","floor":14,"turns":9},{"damage":0,"enemies":"Slime Boss","floor":16,"turns":6},{"damage":0,"enemies":"Chosen","floor":18,"turns":7},{"damage":8,"enemies":"Shell Parasite","floor":19,"turns":4},{"damage":9,"enemies":"Slavers","floor":23,"turns":4},{"damage":0,"enemies":"Cultist and Chosen","floor":25,"turns":4},{"damage":16,"enemies":"Book of Stabbing","floor":27,"turns":4},{"damage":1,"enemies":"Colosseum Slavers","floor":29,"turns":3},{"damage":4,"enemies":"Colosseum Nobs","floor":29,"turns":3},{"damage":14,"enemies":"Shelled Parasite and Fungi","floor":30,"turns":3},{"damage":9,"enemies":"Slavers","floor":31,"turns":3},{"damage":0,"enemies":"Champ","floor":33,"turns":10},{"damage":0,"enemies":"3 Darklings","floor":35,"turns":4},{"damage":0,"enemies":"3 Shapes","floor":39,"turns":3},{"damage":13,"enemies":"Reptomancer","floor":40,"turns":4},{"damage":0,"enemies":"3 Darklings","floor":44,"turns":3},{"damage":0,"enemies":"4 Shapes","floor":45,"turns":2},{"damage":0,"enemies":"Giant Head","floor":46,"turns":4},{"damage":22,"enemies":"Spire Growth","floor":47,"turns":4},{"damage":15,"enemies":"Donu and Deca","floor":50,"turns":5},{"damage":34,"enemies":"Awakened One","floor":51,"turns":6}],"seed_played":"3046102220744623282","potions_obtained":[{"floor":1,"key":"GhostInAJar"},{"floor":2,"key":"Swift Potion"},{"floor":6,"key":"CultistPotion"},{"floor":14,"key":"EntropicBrew"},{"floor":18,"key":"SneckoOil"},{"floor":23,"key":"SteroidPotion"},{"floor":27,"key":"EssenceOfSteel"},{"floor":29,"key":"Regen Potion"},{"floor":30,"key":"SneckoOil"},{"floor":44,"key":"LiquidMemories"},{"floor":46,"key":"FearPotion"},{"floor":47,"key":"Energy Potion"}],"is_trial":false,"path_per_floor":["M","M","M","M","?","E","M","R","T","R","$","?","M","E","R","B",null,"M","M","?","?","?","E","R","M","T","E","$","?","M","E","R","B",null,"M","$","?","?","M","E","R","?","T","M","M","E","M","T","R","B","B"],"character_chosen":"THE_SILENT","items_purchased":["Potion Belt","Membership Card","Letter Opener","TwistedFunnel","Ice Cream"],"campfire_rested":1,"item_purchase_floors":[11,28,28,36,36],"current_hp_per_floor":[51,51,49,49,49,35,35,35,35,35,35,35,30,15,33,33,53,53,45,45,45,45,41,41,46,51,40,40,40,43,39,39,44,56,60,60,49,49,54,46,46,46,46,51,56,60,43,48,48,33,0,0],"gold":165,"neow_bonus":"TRANSFORM_TWO_CARDS","is_daily":false,"chose_seed":false,"campfire_upgraded":5,"win_rate":0.0,"timestamp":1610252352,"path_taken":["M","M","M","M","?","E","M","R","T","R","$","?","M","E","R","BOSS","M","M","?","?","?","E","R","M","T","E","$","?","M","E","R","BOSS","M","$","?","?","?","E","R","?","T","?","M","E","M","?","R","BOSS","BOSS"],"items_purchased_type":["Relic","Relic","Relic","Relic","Relic"],"build_version":"2020-12-22","purchased_purges":1,"victory":false,"max_hp_per_floor":[60,60,60,60,60,60,60,60,60,60,60,60,60,60,60,60,60,60,60,60,60,60,60,60,60,60,60,60,60,60,60,60,60,60,60,60,60,60,60,60,60,60,60,60,60,60,60,60,60,60,60,60],"relic_stats":{"Happy Flower":[21],"counters":[28,118],"Mummified Hand":[10],"Bloody Idol":78,"Bronze Scales":[220],"Gambling Chip":[45],"Bag of Preparation":[4],"Letter Opener":[330],"Orichalcum":[12],"obtain_stats":[{"Potion Belt":11,"TwistedFunnel":36,"Ice Cream":36,"The Specimen":22,"Happy Flower":23,"Golden Idol":12,"Omamori":6,"Bag of Preparation":48,"Letter Opener":28,"Paper Crane":31,"Orichalcum":46,"SlaversCollar":17,"Anchor":27,"Mummified Hand":9,"Bronze Scales":14,"Bloody Idol":20,"Gambling Chip":29,"Molten Egg 2":29,"Coffee Dripper":34,"Bottled Lightning":26,"Membership Card":28,"TungstenRod":40,"Ring of the Snake":0},{"Potion Belt":6,"TwistedFunnel":20,"Ice Cream":20,"The Specimen":11,"Happy Flower":12,"Golden Idol":6,"Omamori":5,"Bag of Preparation":26,"Letter Opener":14,"Paper Crane":18,"Orichalcum":25,"SlaversCollar":9,"Anchor":14,"Mummified Hand":6,"Bronze Scales":8,"Bloody Idol":11,"Gambling Chip":16,"Molten Egg 2":16,"Coffee Dripper":19,"Bottled Lightning":13,"Membership Card":14,"TungstenRod":22,"Ring of the Snake":0},{"Potion Belt":19,"TwistedFunnel":87,"Ice Cream":87,"The Specimen":49,"Happy Flower":53,"Golden Idol":19,"Omamori":16,"Bag of Preparation":107,"Letter Opener":61,"Paper Crane":73,"Orichalcum":103,"SlaversCollar":38,"Anchor":61,"Mummified Hand":19,"Bronze Scales":32,"Bloody Idol":49,"Gambling Chip":67,"Molten Egg 2":67,"Coffee Dripper":83,"Bottled Lightning":57,"Membership Card":61,"TungstenRod":94,"Ring of the Snake":0}],"TungstenRod":11,"Ring of the Snake":[56]},"card_choices":[{"not_picked":["Blur","Cloak And Dagger"],"picked":"Backstab","floor":1},{"not_picked":["PiercingWail","Sucker Punch"],"picked":"Dash","floor":2},{"not_picked":["Wraith Form v2","Endless Agony"],"picked":"Catalyst","floor":3},{"not_picked":["Underhanded Strike","Predator"],"picked":"Bouncing Flask","floor":4},{"not_picked":["Night Terror","Bane"],"picked":"Backflip","floor":6},{"not_picked":["Poisoned Stab","Sucker Punch","Bane"],"picked":"SKIP","floor":7},{"not_picked":["Setup","Flechettes","Flying Knee"],"picked":"SKIP","floor":13},{"not_picked":["Noxious Fumes","Backstab"],"picked":"Leg Sweep","floor":14},{"not_picked":["Envenom","After Image"],"picked":"Malaise","floor":16},{"not_picked":["Flying Knee+1","Dagger Spray","Sucker Punch"],"picked":"SKIP","floor":18},{"not_picked":["Underhanded Strike","Dagger Spray"],"picked":"Crippling Poison","floor":19},{"not_picked":["Backstab","Finisher","Caltrops"],"picked":"SKIP","floor":23},{"not_picked":["Bouncing Flask","Bullet Time","Finisher"],"picked":"SKIP","floor":25},{"not_picked":["Deflect","Cloak And Dagger","Quick Slash+1"],"picked":"SKIP","floor":27},{"not_picked":["Deadly Poison","Bane+1","Infinite Blades"],"picked":"SKIP","floor":30},{"not_picked":["Acrobatics","Predator+1","Quick Slash+1"],"picked":"SKIP","floor":31},{"not_picked":["Expertise","Accuracy","Quick Slash+1"],"picked":"SKIP","floor":35},{"not_picked":["Deadly Poison","Bane+1","Deflect"],"picked":"SKIP","floor":39},{"not_picked":["Sucker Punch+1","Expertise"],"picked":"Burst","floor":40},{"not_picked":["Cloak And Dagger+1","Well Laid Plans+1","Poisoned Stab+1"],"picked":"SKIP","floor":44},{"not_picked":["Endless Agony+1","Flying Knee+1","Terror"],"picked":"SKIP","floor":45},{"not_picked":["Riddle With Holes+1","Blade Dance","Bane+1"],"picked":"SKIP","floor":46},{"not_picked":["Leg Sweep","Bouncing Flask"],"picked":"Prepared+1","floor":47}],"player_experience":432527,"relics_obtained":[{"floor":6,"key":"Omamori"},{"floor":9,"key":"Mummified Hand"},{"floor":14,"key":"Bronze Scales"},{"floor":23,"key":"Happy Flower"},{"floor":26,"key":"Bottled Lightning"},{"floor":27,"key":"Anchor"},{"floor":29,"key":"Gambling Chip"},{"floor":29,"key":"Molten Egg 2"},{"floor":31,"key":"Paper Crane"},{"floor":40,"key":"TungstenRod"},{"floor":46,"key":"Orichalcum"},{"floor":48,"key":"Bag of Preparation"}],"event_choices":[{"damage_healed":0,"gold_gain":0,"player_choice":"Grow","damage_taken":0,"max_hp_gain":0,"max_hp_loss":0,"event_name":"Living Wall","floor":5,"gold_loss":0,"cards_upgraded":["Bouncing Flask"]},{"damage_healed":0,"gold_gain":0,"player_choice":"Take Wound","damage_taken":0,"relics_obtained":["Golden Idol"],"max_hp_gain":0,"max_hp_loss":0,"event_name":"Golden Idol","floor":12,"gold_loss":0,"cards_obtained":["Injury"]},{"damage_healed":0,"gold_gain":0,"player_choice":"Gave Idol","damage_taken":0,"relics_obtained":["Bloody Idol"],"max_hp_gain":0,"max_hp_loss":0,"event_name":"Forgotten Altar","floor":20,"relics_lost":["Golden Idol"],"gold_loss":0},{"damage_healed":0,"gold_gain":0,"cards_transformed":["Strike_G","Strike_G"],"player_choice":"Became Test Subject","damage_taken":0,"max_hp_gain":0,"max_hp_loss":0,"event_name":"Drug Dealer","floor":21,"gold_loss":0,"cards_obtained":["Expertise","Backstab"]},{"damage_healed":0,"gold_gain":0,"player_choice":"Opened","damage_taken":0,"relics_obtained":["The Specimen"],"max_hp_gain":0,"max_hp_loss":0,"event_name":"The Mausoleum","floor":22,"gold_loss":0,"cards_obtained":["Writhe"]},{"damage_healed":0,"gold_gain":0,"player_choice":"Fight","damage_taken":0,"max_hp_gain":0,"max_hp_loss":0,"event_name":"Colosseum","floor":29,"gold_loss":0},{"damage_healed":0,"gold_gain":0,"player_choice":"Fought Nobs","damage_taken":0,"max_hp_gain":0,"max_hp_loss":0,"event_name":"Colosseum","floor":29,"gold_loss":0},{"damage_healed":0,"gold_gain":0,"player_choice":"Embrace Madness","damage_taken":11,"max_hp_gain":0,"max_hp_loss":0,"event_name":"Winding Halls","floor":37,"gold_loss":0,"cards_obtained":["Madness","Madness"]},{"cards_removed":["Strike_G"],"damage_healed":0,"gold_gain":0,"player_choice":"Card Removal","damage_taken":0,"max_hp_gain":0,"max_hp_loss":0,"event_name":"Wheel of Change","floor":38,"gold_loss":0},{"damage_healed":0,"gold_gain":0,"player_choice":"0 cards matched","damage_taken":0,"max_hp_gain":0,"max_hp_loss":0,"event_name":"Match and Keep!","floor":42,"gold_loss":0,"cards_obtained":[]}],"is_beta":false,"boss_relics":[{"not_picked":["Sozu","Ectoplasm"],"picked":"SlaversCollar"},{"not_picked":["WristBlade","Pandora\u0027s Box"],"picked":"Coffee Dripper"}],"items_purged_floors":[28],"is_endless":false,"potions_floor_spawned":[1,2,6,14,16,18,23,27,29,30,44,46,47],"killed_by":"Awakened One","ascension_level":20}}