{"host":"vca5odlxycr7xk6d","time":1610248499,"event":{"mods":["Act Like it!","BaseMod","Better Note","BetterRewards","Colored Map","Gensokyo","GungeonMod","Hermit","Hubris","Infinite Spire","Lobotomy","LobotomyExtend","Marisa????????","Minty Spire (QoL Compilation)","Rare Cards Sparkle","Reimu??????","Replay The Spire","Shop Mod","StSLib","The Animator","The Exalted","The Hierophant"],"gold_per_floor":[112,171,171,188,199,199,124,140,163,163,176,187,200,200,200,300,300,314,156,156,175,155,155,167,167,245,265,332,351,226,259,259,362,362,374,153,174,174,196,203,203],"floor_reached":40,"playtime":2408,"items_purged":["hermit:Strike_Hermit","hermit:Strike_Hermit","hermit:Strike_Hermit","hermit:Defend_Hermit"],"score":495,"play_id":"7dd7bf4f-cdf2-42d0-9341-f3bc69ada1db","local_time":"20210110101459","is_ascension_mode":false,"campfire_choices":[{"data":"hermit:GoldenBullet","floor":6,"key":"SMITH"},{"data":"hermit:Reprieve","floor":10,"key":"SMITH"},{"data":"hermit:Dive","floor":15,"key":"SMITH"},{"data":"hermit:DeadOrAlive","floor":23,"key":"SMITH"},{"data":"hermit:Snipe","floor":25,"key":"SMITH"},{"data":"hermit:CursedWeapon","floor":32,"key":"SMITH"}],"circlet_count":0,"master_deck":["hermit:Defend_Hermit","hermit:Defend_Hermit","hermit:Defend_Hermit","hermit:Snapshot+1","hermit:Covet","hermit:Snipe+1","hermit:EyeOfTheStorm","hermit:Headshot","hermit:GoldenBullet+1","hermit:Reprieve+1","hermit:Misfire","hermit:Dive+1","hermit:Spite","hermit:DeadOrAlive+1","hermit:ShadowCloak+1","hermit:Headshot","hermit:Combo+1","hermit:Grudge+1","hermit:Scavenge+1","hermit:CursedWeapon+1","hermit:Midnight+1","hermit:WideOpen","hermit:Dissolve","hermit:Deadeye+1","hermit:BigShot","hermit:Virtue+1","hermit:Enervate+1"],"relics":["hermit:Momento","LetterFromLob","Orichalcum","infinitespire:Bottled Soul","DemoMod:Metronome","DemoMod:RiddleOfLead","Question Card","hubris:GlazedTorus","hubris:Zylophone","ChewingGum"],"acts_visited":["Exordium","TheCity","TheBeyond"],"potions_floor_usage":[16,16,16,28,28,31,40],"damage_taken":[{"damage":3,"enemies":"Jaw Worm","floor":1,"turns":4},{"damage":7,"enemies":"2 Louse","floor":4,"turns":4},{"damage":1,"enemies":"Cultist","floor":5,"turns":3},{"damage":2,"enemies":"2 Fungi Beasts","floor":8,"turns":5},{"damage":0,"enemies":"Looter","floor":11,"turns":1},{"damage":0,"enemies":"3 Louse","floor":12,"turns":2},{"damage":0,"enemies":"Lots of Slimes","floor":13,"turns":3},{"damage":41,"enemies":"The Guardian","floor":16,"turns":11},{"damage":3,"enemies":"Spheric Guardian","floor":18,"turns":3},{"damage":0,"enemies":"Chosen","floor":21,"turns":3},{"damage":7,"enemies":"Snecko","floor":24,"turns":3},{"damage":12,"enemies":"Chosen and Byrds","floor":27,"turns":6},{"damage":21,"enemies":"Slavers","floor":28,"turns":3},{"damage":24,"enemies":"Centurion and Healer","floor":29,"turns":5},{"damage":0,"enemies":"Gremlin Leader","floor":31,"turns":2},{"damage":22,"enemies":"hubris:MusketHawk","floor":33,"turns":6},{"damage":3,"enemies":"3 Darklings","floor":35,"turns":3},{"damage":0,"enemies":"Orb Walker","floor":37,"turns":3},{"damage":3,"enemies":"Maw","floor":39,"turns":6},{"damage":85,"enemies":"Nightmare","floor":40,"turns":5}],"seed_played":"-1736819424634512572","potions_obtained":[{"floor":1,"key":"Reflective Coating"},{"floor":2,"key":"SmokeBomb"},{"floor":2,"key":"Flashbang"},{"floor":11,"key":"DuplicationPotion"},{"floor":13,"key":"EssenceOfSteel"},{"floor":21,"key":"Regen Potion"},{"floor":22,"key":"SkillPotion"},{"floor":24,"key":"PowerPotion"},{"floor":35,"key":"Milkshake"}],"is_trial":false,"path_per_floor":["M","?","?","M","M","R","$","M","T","R","M","M","M","?","R","B",null,"M","$","?","M","?","R","M","R","T","M","E","M","$","E","R","B",null,"M","$","M","?","M","NM"],"character_chosen":"HERMIT","items_purchased":["hermit:ShadowCloak+1","hermit:BigShot"],"campfire_rested":0,"item_purchase_floors":[19,36],"current_hp_per_floor":[72,54,54,47,46,46,46,44,44,44,44,44,48,41,41,4,85,82,82,82,82,82,82,78,78,78,70,62,42,42,42,42,28,85,82,82,82,82,79,0,0],"gold":203,"neow_bonus":"UPGRADE_CARD","is_daily":false,"chose_seed":false,"campfire_upgraded":6,"win_rate":0.0,"timestamp":1610248499,"path_taken":["M","?","?","M","?","R","$","M","T","R","M","M","M","?","R","BOSS","M","$","?","M","?","R","M","R","T","M","E","M","$","E","R","BOSS","M","$","M","?","?","NM"],"items_purchased_type":["Card","Card"],"build_version":"2020-12-22","purchased_purges":4,"victory":false,"max_hp_per_floor":[75,75,75,75,75,75,75,75,75,75,75,75,75,75,75,75,85,85,85,85,85,85,85,85,85,85,85,85,85,85,85,85,85,85,85,85,85,85,85,85,85],"card_choices":[{"not_picked":["hermit:FullyLoaded","hermit:BodyArmor"],"picked":"hermit:Snipe","floor":1},{"not_picked":["hermit:Headshot","hermit:Cheat"],"picked":"hermit:EyeOfTheStorm","floor":2},{"not_picked":["hermit:Desperado","hermit:SprayPray"],"picked":"hermit:Headshot","floor":4},{"not_picked":["hermit:Malice","hermit:WideOpen"],"picked":"hermit:GoldenBullet","floor":5},{"not_picked":["hermit:CalledShot","hermit:Spite"],"picked":"hermit:Reprieve","floor":8},{"not_picked":["hermit:Feint","hermit:TakeCover"],"picked":"hermit:Misfire","floor":11},{"not_picked":["hermit:Enervate","hermit:Ricochet"],"picked":"hermit:Dive","floor":12},{"not_picked":["hermit:Showdown","hermit:Maintenance"],"picked":"hermit:Spite","floor":13},{"not_picked":["hermit:Reprieve","hermit:HighNoon"],"picked":"hermit:DeadOrAlive","floor":16},{"not_picked":["hermit:DeadMansHand","hermit:Misfire","hermit:Manifest"],"picked":"SKIP","floor":18},{"not_picked":["hermit:EyeOfTheStorm+1","hermit:BodyArmor","hermit:TakeAim"],"picked":"SKIP","floor":21},{"not_picked":["hermit:Feint","hermit:Snipe"],"picked":"hermit:Grudge+1","floor":24},{"not_picked":["hermit:Quickdraw","hermit:ItchyTrigger","hermit:Feint"],"picked":"hermit:Scavenge+1","floor":27},{"not_picked":["hermit:SprayPray","hermit:Combo+1","hermit:Gestalt"],"picked":"hermit:CursedWeapon","floor":28},{"not_picked":["hermit:Glare","hermit:Horror","hermit:Misfire"],"picked":"hermit:Midnight+1","floor":29},{"not_picked":["hermit:EternalForm","hermit:ShadowCloak","hermit:Feint"],"picked":"hermit:WideOpen","floor":31},{"not_picked":["hermit:BlackWind","hermit:Roughhouse","hermit:FromBeyond"],"picked":"hermit:Dissolve","floor":33},{"not_picked":["hermit:Midnight+1","hermit:TrackingShot","hermit:Cheat+1"],"picked":"hermit:Deadeye+1","floor":35},{"not_picked":["hermit:Manifest","hermit:Feint","hermit:NoHoldsBarred"],"picked":"hermit:Virtue+1","floor":37},{"not_picked":["hermit:HighCaliber","hermit:Snipe","hermit:Quickdraw"],"picked":"hermit:Enervate+1","floor":39}],"player_experience":500147,"relics_obtained":[{"floor":1,"key":"LetterFromLob"},{"floor":2,"key":"Orichalcum"},{"floor":9,"key":"DemoMod:Metronome"},{"floor":26,"key":"Question Card"},{"floor":28,"key":"hubris:GlazedTorus"},{"floor":31,"key":"hubris:Zylophone"}],"event_choices":[{"damage_healed":0,"gold_gain":0,"player_choice":"Gave Potion","damage_taken":0,"relics_obtained":["infinitespire:Bottled Soul"],"max_hp_gain":0,"max_hp_loss":0,"event_name":"WeMeetAgain","floor":3,"gold_loss":0},{"cards_removed":["hermit:Strike_Hermit"],"damage_healed":0,"gold_gain":0,"player_choice":"Card Removal","damage_taken":7,"max_hp_gain":0,"max_hp_loss":0,"event_name":"Golden Wing","floor":14,"gold_loss":0},{"damage_healed":0,"gold_gain":0,"player_choice":"2 cards matched","damage_taken":0,"max_hp_gain":0,"max_hp_loss":0,"event_name":"Match and Keep!","floor":20,"gold_loss":0,"cards_obtained":["hermit:Headshot","hermit:Combo"]},{"damage_healed":0,"gold_gain":0,"player_choice":"Bought 1 Potion","damage_taken":0,"max_hp_gain":0,"max_hp_loss":0,"event_name":"The Woman in Blue","floor":22,"gold_loss":0},{"damage_healed":0,"gold_gain":0,"player_choice":"Upgraded","damage_taken":0,"max_hp_gain":0,"max_hp_loss":0,"event_name":"Upgrade Shrine","floor":38,"gold_loss":0,"cards_upgraded":["hermit:Combo"]}],"is_beta":false,"boss_relics":[{"not_picked":["Bromod:ArcaneBarrier","Pandora\u0027s Box"],"picked":"DemoMod:RiddleOfLead"},{"not_picked":["hubris:HollowSoul","hubris:GrandSneckoEye"],"picked":"ChewingGum"}],"items_purged_floors":[7,19,30,36],"is_endless":false,"potions_floor_spawned":[1,11,13,21,24,27,35],"killed_by":"Nightmare","ascension_level":0}}