{"host":"kdt6w7ix8lwe69i9","time":1610257320,"event":{"mods":["100% Spire Juice","Bartender","BaseMod","ChefMod","Downfall","Fiend Mod","Jorbs\u0027s Wanderer Trilogy","Minty Spire (QoL Compilation)","Reimu（博丽灵梦）","Robot Space Explorer","StSLib","The Caster","The Cursed","The Disciple","The Dragon Tamer","The Druid","The Elementalist","The Forsaken","The Gatherer","The Marked","TheBandit"],"gold_per_floor":[119,169,179,193,217,230,264,276,276,303,303,313,328,345,345,441,441,455,468,468,52,66,93,113,138,138,138,138,138,151,151,151,246,246,265,279,361,636,649,678,696,696,720,732,742,527,537,550,550,550,550,550,3,32,32,32],"floor_reached":55,"playtime":37625,"items_purged":["Regret"],"score":932,"play_id":"8d218cf1-6e80-493f-bf95-06c33d2f36da","local_time":"20210110004200","is_ascension_mode":false,"campfire_choices":[{"floor":11.0,"key":"RECALL"},{"data":"RobotSpaceExplorer:PowerGlove","floor":15.0,"key":"SMITH"},{"floor":29.0,"key":"REST"},{"data":"RobotSpaceExplorer:DoubleFind","floor":32.0,"key":"SMITH"},{"floor":42.0,"key":"REST"},{"floor":49.0,"key":"REST"},{"data":"RobotSpaceExplorer:Exploration","floor":52,"key":"SMITH"}],"circlet_count":0,"master_deck":["RobotSpaceExplorer:Strike","RobotSpaceExplorer:Strike","RobotSpaceExplorer:Strike","RobotSpaceExplorer:Strike","RobotSpaceExplorer:Defend","RobotSpaceExplorer:Defend","RobotSpaceExplorer:Defend","RobotSpaceExplorer:Defend","RobotSpaceExplorer:Scan","RobotSpaceExplorer:MiniLasers","CurseOfTheBell","RobotSpaceExplorer:MetalStrike+1","RobotSpaceExplorer:ShovelStrike+1","RobotSpaceExplorer:LuckyStrike+1","RobotSpaceExplorer:ShockKick+1","RobotSpaceExplorer:PlasmaMissile+1","RobotSpaceExplorer:HighVoltage+1","RobotSpaceExplorer:ScrapMissile+1","RobotSpaceExplorer:StunGrenade+1","RobotSpaceExplorer:PowerGlove+1","RobotSpaceExplorer:ShovelStrike+1","RobotSpaceExplorer:TrailblazerForm","RobotSpaceExplorer:MetalStrike+1","RobotSpaceExplorer:ScrapMissile+1","expansioncontent:DefensiveStance+1","RobotSpaceExplorer:DoubleFind+1","RobotSpaceExplorer:MiniDrones+1","RobotSpaceExplorer:MiniDrones+1","RobotSpaceExplorer:ShovelStrike+1","RobotSpaceExplorer:Discharger+1","RobotSpaceExplorer:FreezeRay+1","RobotSpaceExplorer:LaserBurst+1","RobotSpaceExplorer:Exploration+1","RobotSpaceExplorer:GearShield+1","RobotSpaceExplorer:ShovelStrike+1","RobotSpaceExplorer:ExhaustFan+1","RobotSpaceExplorer:DoubleFind+1","RobotSpaceExplorer:SlimeMissile+1","RobotSpaceExplorer:Accelerator+1","RobotSpaceExplorer:TurboDodge+1","RobotSpaceExplorer:Pulsar+1","RobotSpaceExplorer:PowerGlove+1","RobotSpaceExplorer:ImprovisedAttack+1","RobotSpaceExplorer:Electropulse+1","RobotSpaceExplorer:Discharger+1","RobotSpaceExplorer:SurgingStrike+1","RobotSpaceExplorer:ShockKick+1"],"relics":["Calling Bell","Strawberry","Thread and Needle","Molten Egg 2","Regal Pillow","Bottled Flame","Turnip","SacredBark","theForsaken:HumbleEgg","Frozen Egg 2","Bag of Preparation","Tiny Chest","theForsaken:ScaryMask","RobotSpaceExplorer:Reprocessor","Toxic Egg 2","Letter Opener","Potion Belt","Mercury Hourglass","Pear","Mastiff:ReiMu"],"acts_visited":["Exordium","TheCity","TheBeyond","TheEnding"],"potions_floor_usage":[50,55],"damage_taken":[{"damage":0.0,"enemies":"Small Slimes","floor":1.0,"turns":5.0},{"damage":0.0,"enemies":"Jaw Worm","floor":3.0,"turns":5.0},{"damage":0.0,"enemies":"Cultist","floor":4.0,"turns":3.0},{"damage":0.0,"enemies":"Lots of Slimes","floor":6.0,"turns":3.0},{"damage":15.0,"enemies":"Gremlin Nob","floor":7.0,"turns":5.0},{"damage":0.0,"enemies":"Gremlin Gang","floor":8.0,"turns":4.0},{"damage":0.0,"enemies":"3 Sentries","floor":10.0,"turns":3.0},{"damage":0.0,"enemies":"Exordium Wildlife","floor":12.0,"turns":2.0},{"damage":6.0,"enemies":"Large Slime","floor":13.0,"turns":5.0},{"damage":0.0,"enemies":"3 Louse","floor":14.0,"turns":1.0},{"damage":0.0,"enemies":"Slime Boss","floor":16.0,"turns":8.0},{"damage":2.0,"enemies":"3 Byrds","floor":18.0,"turns":5.0},{"damage":12.0,"enemies":"Shell Parasite","floor":19.0,"turns":5.0},{"damage":0.0,"enemies":"Cultist and Chosen","floor":22.0,"turns":5.0},{"damage":0.0,"enemies":"Gremlin Leader","floor":23.0,"turns":4.0},{"damage":8.0,"enemies":"Centurion and Healer","floor":24.0,"turns":5.0},{"damage":0.0,"enemies":"Slavers","floor":25.0,"turns":1.0},{"damage":3.0,"enemies":"Snecko","floor":30.0,"turns":5.0},{"damage":12.0,"enemies":"Collector","floor":33.0,"turns":8.0},{"damage":6.0,"enemies":"Orb Walker","floor":35.0,"turns":4.0},{"damage":7.0,"enemies":"3 Shapes","floor":36.0,"turns":4.0},{"damage":37.0,"enemies":"Spire Growth","floor":39.0,"turns":6.0},{"damage":60.0,"enemies":"Reptomancer","floor":40.0,"turns":7.0},{"damage":4.0,"enemies":"Maw","floor":41.0,"turns":7.0},{"damage":7.0,"enemies":"Jaw Worm Horde","floor":44.0,"turns":2.0},{"damage":5.0,"enemies":"Writhing Mass","floor":45.0,"turns":4.0},{"damage":8.0,"enemies":"Transient","floor":47.0,"turns":5.0},{"damage":4.0,"enemies":"Sphere and 2 Shapes","floor":48.0,"turns":4.0},{"damage":90,"enemies":"Awakened One","floor":50,"turns":10},{"damage":30,"enemies":"Shield and Spear","floor":54,"turns":5},{"damage":72,"enemies":"The Heart","floor":55,"turns":5}],"seed_played":"-8138427084524828433","potions_obtained":[{"floor":1.0,"key":"Energy Potion"},{"floor":6.0,"key":"Fruit Juice"},{"floor":10.0,"key":"sneckomod:MuddlingPotion"},{"floor":13.0,"key":"FairyPotion"},{"floor":19.0,"key":"AttackPotion"},{"floor":22.0,"key":"AttackPotion"},{"floor":24.0,"key":"sneckomod:MuddlingPotion"},{"floor":33.0,"key":"Strength Potion"},{"floor":40.0,"key":"GamblersBrew"},{"floor":44.0,"key":"RobotSpaceExplorer:LiquidFusion"},{"floor":47.0,"key":"Guardian:BlockOnCardUsePotion"}],"is_trial":false,"path_per_floor":["M","?","M","M","T","M","E","M","T","E","R","M","M","M","R","B",null,"M","M","?","$","M","E","M","E","T","?","?","R","M","?","R","B",null,"M","M","T","?","M","E","M","R","T","M","M","$","M","M","R","B",null,"R","$","E","B"],"character_chosen":"RobotSpaceExplorer","items_purchased":["Frozen Egg 2","expansioncontent:DefensiveStance+1","RobotSpaceExplorer:DoubleFind","RobotSpaceExplorer:Pulsar+1","RobotSpaceExplorer:PowerGlove+1","RobotSpaceExplorer:ImprovisedAttack+1","Mercury Hourglass","Pear","RobotSpaceExplorer:SurgingStrike+1"],"campfire_rested":3,"item_purchase_floors":[21,21,21,46,46,46,53,53,53],"current_hp_per_floor":[82,82,82,82,82,87,72,72,72,72,72,72,66,66,66,66,87,85,73,73,73,73,73,65,65,65,65,48,90,87,87,87,75,92,86,79,79,79,42,42,38,80,80,73,68,68,60,56,92,2,92,92,102,72,0,0],"gold":32,"neow_bonus":"BOSS_RELIC","is_daily":false,"chose_seed":false,"campfire_upgraded":3,"win_rate":0.0,"timestamp":1610257320,"path_taken":["M","?","M","M","?","M","E","M","T","E","R","?","?","M","R","BOSS","M","?","?","$","M","E","?","E","T","?","?","R","M","?","R","BOSS","M","M","?","?","M","E","M","R","T","?","M","$","M","M","R","BOSS","R","$","E","BOSS"],"items_purchased_type":["Relic","Card","Card","Card","Card","Card","Relic","Relic","Card"],"build_version":"2020-12-22","purchased_purges":1,"victory":false,"max_hp_per_floor":[82,82,82,82,82,87,87,87,87,87,87,87,87,87,87,87,87,87,87,87,87,87,87,87,87,87,87,92,92,92,92,92,92,92,92,92,92,92,92,92,92,92,92,92,92,92,92,92,92,92,92,92,102,102,102,102],"card_choices":[{"not_picked":["RobotSpaceExplorer:Ammunition","RobotSpaceExplorer:Counterblock"],"picked":"RobotSpaceExplorer:MetalStrike+1","floor":1.0},{"not_picked":["RobotSpaceExplorer:GlueShot","RobotSpaceExplorer:SurgingStrike+1"],"picked":"RobotSpaceExplorer:ShovelStrike+1","floor":3.0},{"not_picked":["RobotSpaceExplorer:ScrapShield","RobotSpaceExplorer:TurboDodge"],"picked":"RobotSpaceExplorer:LuckyStrike+1","floor":4.0},{"not_picked":["RobotSpaceExplorer:FreezeRay","RobotSpaceExplorer:ImprovisedAttack+1"],"picked":"RobotSpaceExplorer:ShockKick+1","floor":6.0},{"not_picked":["RobotSpaceExplorer:ScrapShield","RobotSpaceExplorer:ImprovisedAttack+1"],"picked":"RobotSpaceExplorer:PlasmaMissile+1","floor":7.0},{"not_picked":["RobotSpaceExplorer:Probe+1","RobotSpaceExplorer:SlimeMissile+1"],"picked":"RobotSpaceExplorer:HighVoltage+1","floor":8.0},{"not_picked":["RobotSpaceExplorer:MiniBoosters","RobotSpaceExplorer:Jetpack"],"picked":"RobotSpaceExplorer:ScrapMissile+1","floor":10.0},{"not_picked":["RobotSpaceExplorer:SurgingShield","RobotSpaceExplorer:SlimeMissile+1"],"picked":"RobotSpaceExplorer:StunGrenade+1","floor":12.0},{"not_picked":["RobotSpaceExplorer:SlimeMissile+1","RobotSpaceExplorer:ScrapMissile+1"],"picked":"RobotSpaceExplorer:PowerGlove","floor":13.0},{"not_picked":["RobotSpaceExplorer:ExhaustFan","RobotSpaceExplorer:DoubleBlock"],"picked":"RobotSpaceExplorer:ShovelStrike+1","floor":14.0},{"not_picked":["RobotSpaceExplorer:Autoloader","RobotSpaceExplorer:DroneSwarm"],"picked":"RobotSpaceExplorer:TrailblazerForm","floor":16.0},{"not_picked":["RobotSpaceExplorer:Counterblock","RobotSpaceExplorer:ExhaustFan"],"picked":"RobotSpaceExplorer:MetalStrike+1","floor":18.0},{"not_picked":["RobotSpaceExplorer:FranticSearch+1","RobotSpaceExplorer:SlimeMissile+1"],"picked":"RobotSpaceExplorer:ScrapMissile+1","floor":19.0},{"not_picked":["RobotSpaceExplorer:DoubleFind","RobotSpaceExplorer:SurgingStrike+1"],"picked":"RobotSpaceExplorer:MiniDrones+1","floor":22.0},{"not_picked":["RobotSpaceExplorer:Exploration","RobotSpaceExplorer:Fix"],"picked":"RobotSpaceExplorer:MiniDrones+1","floor":23.0},{"not_picked":["RobotSpaceExplorer:Blitz+1","RobotSpaceExplorer:MetalStrike+1"],"picked":"RobotSpaceExplorer:ShovelStrike+1","floor":24.0},{"not_picked":["RobotSpaceExplorer:GearShield","RobotSpaceExplorer:Ammunition+1"],"picked":"RobotSpaceExplorer:Discharger+1","floor":25.0},{"not_picked":["RobotSpaceExplorer:Pulsar+1","RobotSpaceExplorer:SwiftStep+1"],"picked":"RobotSpaceExplorer:FreezeRay+1","floor":30.0},{"not_picked":["RobotSpaceExplorer:Arsenal","RobotSpaceExplorer:Blaster+1"],"picked":"RobotSpaceExplorer:Exploration","floor":33.0},{"not_picked":["RobotSpaceExplorer:ShockKick+1","RobotSpaceExplorer:ShovelStrike+1"],"picked":"RobotSpaceExplorer:GearShield+1","floor":35.0},{"not_picked":["RobotSpaceExplorer:FranticSearch+1","RobotSpaceExplorer:SurgingShield+1"],"picked":"RobotSpaceExplorer:ShovelStrike+1","floor":36.0},{"not_picked":["RobotSpaceExplorer:PlasmaMissile+1","RobotSpaceExplorer:Jetpack+1"],"picked":"RobotSpaceExplorer:ExhaustFan+1","floor":39.0},{"not_picked":["RobotSpaceExplorer:PowerCollector+1","RobotSpaceExplorer:FrostMissile+1"],"picked":"RobotSpaceExplorer:DoubleFind+1","floor":40.0},{"not_picked":["RobotSpaceExplorer:FrostMissile+1","RobotSpaceExplorer:ShovelStrike+1"],"picked":"RobotSpaceExplorer:SlimeMissile+1","floor":41.0},{"not_picked":["RobotSpaceExplorer:Jetpack+1","RobotSpaceExplorer:GlueShot+1"],"picked":"RobotSpaceExplorer:Accelerator+1","floor":44.0},{"not_picked":["RobotSpaceExplorer:MetalStrike+1","RobotSpaceExplorer:DoubleBlock+1"],"picked":"RobotSpaceExplorer:TurboDodge+1","floor":45.0},{"not_picked":["RobotSpaceExplorer:Probe+1","RobotSpaceExplorer:SurgingShield+1"],"picked":"RobotSpaceExplorer:Electropulse+1","floor":47.0},{"not_picked":["RobotSpaceExplorer:ScrapMissile+1","RobotSpaceExplorer:Reload+1"],"picked":"RobotSpaceExplorer:Discharger+1","floor":48.0},{"not_picked":["RobotSpaceExplorer:SwiftStep+1","RobotSpaceExplorer:IronShell+1"],"picked":"RobotSpaceExplorer:ShockKick+1","floor":54}],"player_experience":1743477,"relics_obtained":[{"floor":0.0,"key":"Strawberry"},{"floor":0.0,"key":"Thread and Needle"},{"floor":0.0,"key":"Molten Egg 2"},{"floor":7.0,"key":"Regal Pillow"},{"floor":9.0,"key":"Bottled Flame"},{"floor":10.0,"key":"Turnip"},{"floor":23.0,"key":"Bag of Preparation"},{"floor":25.0,"key":"Tiny Chest"},{"floor":26.0,"key":"theForsaken:ScaryMask"},{"floor":37.0,"key":"Toxic Egg 2"},{"floor":40.0,"key":"Letter Opener"},{"floor":43.0,"key":"Potion Belt"},{"floor":54,"key":"Mastiff:ReiMu"}],"event_choices":[{"damage_healed":0.0,"max_hp_gain":0.0,"max_hp_loss":0.0,"gold_gain":0.0,"event_name":"WeMeetAgain","player_choice":"Gave Potion","floor":20.0,"gold_loss":0.0,"damage_taken":0.0,"relics_obtained":["theForsaken:HumbleEgg"]},{"damage_healed":0.0,"max_hp_gain":0.0,"max_hp_loss":0.0,"gold_gain":0.0,"event_name":"Beggar","player_choice":"Ignored","floor":27.0,"gold_loss":0.0,"damage_taken":0.0},{"damage_healed":0.0,"max_hp_gain":5.0,"max_hp_loss":0.0,"gold_gain":0.0,"event_name":"Forgotten Altar","player_choice":"Shed Blood","floor":28.0,"gold_loss":0.0,"damage_taken":22.0},{"damage_healed":0.0,"max_hp_gain":0.0,"max_hp_loss":0.0,"gold_gain":0.0,"event_name":"The Library","player_choice":"Read","floor":31.0,"gold_loss":0.0,"damage_taken":0.0,"cards_obtained":["RobotSpaceExplorer:LaserBurst"]},{"damage_healed":0.0,"max_hp_gain":0.0,"max_hp_loss":0.0,"gold_gain":275.0,"event_name":"Golden Shrine","player_choice":"Desecrate","floor":38.0,"gold_loss":0.0,"damage_taken":0.0,"cards_obtained":["Regret"]}],"is_beta":false,"boss_relics":[{"not_picked":["Velvet Choker","Fiend:Scarf"],"picked":"SacredBark"},{"not_picked":["Cursed Key","RedLine:ReiMu"],"picked":"RobotSpaceExplorer:Reprocessor"}],"items_purged_floors":[46],"is_endless":false,"potions_floor_spawned":[1,6,10,13,19,22,24,33,40,44,47],"killed_by":"The Heart","ascension_level":0}}