{"host":"vh84ep2bvzg72dp7","time":1610269974,"event":{"mods":["AchievementEnabler","Act Like it!","Aspiration","Astrologer","Bard","BaseMod","Beaked The Cultist","Better Altar","Better Match","Better Note","Better Sensory Stone","Better Skull","Better Third Choice","BetterRewards","Conspire","Downfall","Gensokyo","Halation","Hermit","Infinite Spire","Jorbs\u0027s Wanderer Trilogy","Marisa（霧雨　魔理沙）","Minty Spire (QoL Compilation)","MostiFishMod","Replay The Spire","Shop Mod","Spicy Shops","StSLib","The Alterego","The Animator","The Construct","The Cursed","The Hierophant","The Jungle","The Poker Player","The Runesmith","The Servant 0.9.4","The Wild Card","TheArtist","WarShipGirlsR/战舰少女R mod"],"gold_per_floor":[114,114,132,5,17,17,27,42,90,121,121,137,23,34,34,134,134,148,148,160,178,194,228,228,256,256,281,281,316,330,330,330,432,432,452,727,745,364,304,337,337,366,366,385,385,404,404,423,423,528,528,527,527],"floor_reached":52,"playtime":2184,"items_purged":["WaveOfTheHand","Defend_P"],"score":934,"play_id":"4f1dbf14-6c37-4db4-bf44-9315b80ae09c","local_time":"20210110161254","is_ascension_mode":true,"campfire_choices":[{"data":"Eruption","floor":6,"key":"SMITH"},{"data":"Vengeance","floor":11,"key":"SMITH"},{"data":"CutThroughFate","floor":15,"key":"SMITH"},{"data":"FlurryOfBlows","floor":28,"key":"SMITH"},{"data":"JustLucky","floor":32,"key":"SMITH"},{"data":"MostiFishMod:StarHerder","floor":41,"key":"SMITH"},{"data":"MostiFishMod:OutWit","floor":45,"key":"SMITH"},{"data":"JustLucky","floor":47,"key":"SMITH"},{"data":"MentalFortress","floor":49,"key":"SMITH"}],"circlet_count":0,"master_deck":["animator:Curse_Dizziness","MostiFishMod:Dust","Judgement","JustLucky","Study","MostiFishMod:DustFall","MostiFishMod:Minus","ReachHeaven","MostiFishMod:CyberBuddha","Halt","Wish","WindmillStrike","Indignation","SashWhip","ReachHeaven","Fasting2","MostiFishMod:DisColor","Adaptation","LikeWater","FlurryOfBlows","MostiFishMod:Pointsdynamics","EmptyFist","Indignation","Scrawl","DevaForm","BowlingBash","Weave","BowlingBash","InnerPeace","SpiritShield","ThirdEye","MostiFishMod:Moonprays","Establishment","Meditate","EmptyBody","Replay:Battleflow","Meditate","DeusExMachina","ClearTheMind","CrushJoints","Wallop","MostiFishMod:Clarity","TalkToTheHand"],"relics":["PureWater","DaveBox","Civilization","SynthV:TestCard","ReplayTheSpireMod:CursedCoin","ReplayFunnel","halation:SwordOfLegend","ShadowXiaoBlade","Smiling Mask","alterego_mod:SomeoneToFightFor","conspire:BottledYoYo","Omamori","Durian","aspiration:Stabinomicon","Ring of Fury","conspire:RunicOctahedron","BargainBundle","Replay:Accelerometer","Divine Protection","conspire:Dentures","FixedStarFall"],"acts_visited":["Exordium","TheCity","TheBeyond","Exordium"],"potions_floor_usage":[],"damage_taken":[{"damage":0,"enemies":"2 Louse","floor":1,"turns":2},{"damage":0,"enemies":"Small Slimes","floor":3,"turns":2},{"damage":0,"enemies":"Cultist","floor":5,"turns":2},{"damage":0,"enemies":"Exordium Thugs","floor":7,"turns":2},{"damage":0,"enemies":"Red Slaver","floor":8,"turns":1},{"damage":5,"enemies":"Gremlin Nob","floor":10,"turns":3},{"damage":0,"enemies":"Blue Slaver","floor":12,"turns":1},{"damage":0,"enemies":"Exordium Thugs","floor":14,"turns":1},{"damage":0,"enemies":"Slime Boss","floor":16,"turns":3},{"damage":0,"enemies":"Spheric Guardian","floor":18,"turns":1},{"damage":0,"enemies":"2 Thieves","floor":20,"turns":2},{"damage":0,"enemies":"Shelled Parasite and Fungi","floor":21,"turns":1},{"damage":0,"enemies":"Snake Plant","floor":22,"turns":1},{"damage":4,"enemies":"Gremlin Leader","floor":23,"turns":2},{"damage":22,"enemies":"Nightmare","floor":25,"turns":3},{"damage":4,"enemies":"Gremlin Leader","floor":27,"turns":2},{"damage":0,"enemies":"Book of Stabbing","floor":29,"turns":1},{"damage":0,"enemies":"Snecko","floor":30,"turns":1},{"damage":0,"enemies":"Champ","floor":33,"turns":1},{"damage":11,"enemies":"3 Shapes","floor":35,"turns":1},{"damage":0,"enemies":"3 Darklings","floor":37,"turns":1},{"damage":0,"enemies":"Nightmare","floor":40,"turns":2},{"damage":0,"enemies":"Reptomancer","floor":42,"turns":1},{"damage":0,"enemies":"Transient","floor":44,"turns":4},{"damage":0,"enemies":"Spire Growth","floor":46,"turns":1},{"damage":0,"enemies":"Sphere and 2 Shapes","floor":48,"turns":1},{"damage":9,"enemies":"Replay:Hell Engine","floor":50,"turns":3},{"damage":0,"enemies":"Cultist","floor":52,"turns":1}],"seed_played":"-2856837277967486074","potions_obtained":[{"floor":5,"key":"champ:CounterPotion"},{"floor":7,"key":"BottledMiracle"},{"floor":8,"key":"Elixir"}],"is_trial":false,"path_per_floor":["M","?","M","$","M","R","M","M","T","E","R","M","$","M","R","B",null,"M","?","M","M","M","E","?","NM","T","E","R","E","M","?","R","B",null,"M","?","M","$","?","NM","R","E","T","M","R","M","R","M","R","B",null,"M"],"character_chosen":"WATCHER","items_purchased":["ReplayTheSpireMod:CursedCoin","MostiFishMod:Unraveling","Wireheading","FlurryOfBlows","CutThroughFate","MentalFortress","BargainBundle","Jack Of All Trades","ReplayUltimateDefense","Strength Potion"],"campfire_rested":0,"item_purchase_floors":[4,4,4,13,13,38,38,38,38,38],"current_hp_per_floor":[81,81,85,85,90,90,97,105,105,109,108,118,118,130,136,150,150,165,165,182,201,221,240,240,242,242,268,292,318,345,345,351,379,379,399,399,436,436,436,474,483,524,524,566,568,611,611,657,657,696,705,705,705],"gold":527,"neow_bonus":"TEN_PERCENT_HP_BONUS","is_daily":false,"chose_seed":false,"campfire_upgraded":9,"win_rate":0.0,"timestamp":1610269974,"path_taken":["M","?","M","$","M","R","M","M","T","E","R","M","$","M","R","BOSS","M","?","M","M","M","E","?","NM","T","E","R","E","M","?","R","BOSS","M","?","?","$","?","NM","R","E","T","M","R","?","R","M","R","BOSS","M"],"items_purchased_type":["Relic","Card","Card","Card","Card","Card","Relic","Card","Card","Potion"],"build_version":"2020-12-22","purchased_purges":2,"victory":false,"max_hp_per_floor":[81,81,85,85,90,90,97,105,105,114,114,124,124,136,136,150,150,165,165,182,201,221,244,244,268,268,298,298,324,351,351,351,379,379,410,410,447,447,447,485,485,526,526,568,568,611,611,657,657,705,705,705,705],"card_choices":[{"not_picked":["EmptyBody","Replay:BluntJabs"],"picked":"Vengeance","floor":1},{"not_picked":["expansioncontent:Hexaburn","expansioncontent:TimeRipple","Enlightenment","Replay:BasicMightCard"],"picked":"expansioncontent:GuardianWhirl","floor":2},{"not_picked":["Tantrum","MostiFishMod:Clarity","DeceiveReality","PathToVictory"],"picked":"FlurryOfBlows","floor":3},{"not_picked":["ReachHeaven","Nirvana","Scrawl","Evaluate"],"picked":"FlyingSleeves","floor":5},{"not_picked":["Protect","Replay:Cycle","Replay:ManipulateFuture","PathToVictory"],"picked":"WaveOfTheHand","floor":7},{"not_picked":["CrushJoints","Replay:AtTheReady","Wireheading","Halt"],"picked":"FlurryOfBlows","floor":8},{"not_picked":["MostiFishMod:Moonprays","PathToVictory","FollowUp","CrushJoints"],"picked":"EmptyBody","floor":10},{"not_picked":["FollowUp","ThirdEye","Conclude","SashWhip"],"picked":"Replay:Vibes","floor":12},{"not_picked":["Adaptation","WaveOfTheHand","Evaluate","FlyingSleeves"],"picked":"Consecrate","floor":14},{"not_picked":["MostiFishMod:StarWish","Scrawl","MostiFishMod:Unraveling","MostiFishMod:KamiSmash"],"picked":"MostiFishMod:StarHerder","floor":16},{"not_picked":["SandsOfTime","MentalFortress","Fasting2","Replay:DivineShield"],"picked":"Indignation","floor":18},{"not_picked":["MostiFishMod:Clarity","Protect","CrushJoints+1","Meditate"],"picked":"Evaluate","floor":20},{"not_picked":["MostiFishMod:FlowState","Consecrate","Evaluate","Prostrate"],"picked":"FearNoEvil+1","floor":21},{"not_picked":["ForeignInfluence+1","Replay:DivineShield","Replay:Hum+1","MostiFishMod:ScryFuture"],"picked":"JustLucky","floor":22},{"not_picked":["Wallop+1","Evaluate","DeceiveReality+1","Prostrate"],"picked":"FlurryOfBlows","floor":23},{"not_picked":["FollowUp","CutThroughFate","WaveOfTheHand+1","SignatureMove","EmptyFist"],"picked":"SKIP","floor":25},{"not_picked":["FollowUp","WaveOfTheHand+1","SignatureMove","EmptyFist"],"picked":"CutThroughFate","floor":25},{"not_picked":["Collect","MostiFishMod:Adaptation","FearNoEvil+1","Replay:ManipulateFuture+1"],"picked":"JustLucky","floor":27},{"not_picked":["ThirdEye","SashWhip","MostiFishMod:ScryFuture","Evaluate+1"],"picked":"FearNoEvil","floor":29},{"not_picked":["FlyingSleeves+1","EmptyBody+1","Wireheading","EmptyMind"],"picked":"Worship","floor":30},{"not_picked":["MostiFishMod:StarOceanP","MostiFishMod:KamiSmash","ConjureBlade","MostiFishMod:StarWish"],"picked":"MostiFishMod:OutWit","floor":33},{"not_picked":["Replay:AtTheReady","Sanctity+1","TalkToTheHand+1","FlyingSleeves+1"],"picked":"Crescendo","floor":35},{"not_picked":["MostiFishMod:Clarity+1","WindmillStrike","Replay:Vibes+1","SashWhip"],"picked":"Prostrate+1","floor":37},{"not_picked":["Replay:BluntJabs","Consecrate+1","Evaluate","PathToVictory"],"picked":"ClearTheMind","floor":40},{"not_picked":["MostiFishMod:StarHerder","Crescendo+1","CutThroughFate+1","CrushJoints+1"],"picked":"FearNoEvil","floor":42},{"not_picked":["FollowUp","ReachHeaven","BowlingBash","PathToVictory"],"picked":"FlurryOfBlows","floor":44},{"not_picked":["Protect+1","FlyingSleeves","LikeWater+1","Evaluate"],"picked":"Perseverance","floor":46},{"not_picked":["Consecrate+1","JustLucky+1","MostiFishMod:Unraveling","Worship"],"picked":"CutThroughFate+1","floor":48},{"not_picked":["MostiFishMod:StarHerder","MostiFishMod:Adaptation","MostiFishMod:StarLaLaLa","Replay:AllIn"],"picked":"MostiFishMod:DustFall","floor":50}],"player_experience":335548,"relics_obtained":[{"floor":1,"key":"SynthV:TestCard"},{"floor":9,"key":"ReplayFunnel"},{"floor":10,"key":"halation:SwordOfLegend"},{"floor":23,"key":"Smiling Mask"},{"floor":25,"key":"conspire:BottledYoYo"},{"floor":26,"key":"Omamori"},{"floor":27,"key":"Durian"},{"floor":29,"key":"aspiration:Stabinomicon"},{"floor":31,"key":"Ring of Fury"},{"floor":40,"key":"Replay:Accelerometer"},{"floor":42,"key":"Divine Protection"},{"floor":43,"key":"conspire:Dentures"}],"event_choices":[{"damage_healed":0,"gold_gain":1,"player_choice":"1","damage_taken":0,"max_hp_gain":0,"max_hp_loss":0,"event_name":"betterStone:BetterStone","floor":2,"gold_loss":0},{"damage_healed":0,"gold_gain":0,"player_choice":"Ignored","damage_taken":0,"max_hp_gain":0,"max_hp_loss":0,"event_name":"Vampires","floor":19,"gold_loss":0},{"damage_healed":0,"gold_gain":0,"player_choice":"Choice 2","damage_taken":0,"relics_obtained":["alterego_mod:SomeoneToFightFor"],"max_hp_gain":0,"max_hp_loss":0,"event_name":"Secret Garden","floor":24,"gold_loss":0},{"damage_healed":0,"gold_gain":275,"player_choice":"Desecrate","damage_taken":0,"max_hp_gain":0,"max_hp_loss":0,"event_name":"Golden Shrine","floor":36,"gold_loss":0,"cards_obtained":["Regret"]},{"cards_removed":["Defend_P"],"damage_healed":0,"gold_gain":0,"player_choice":"Single Remove","damage_taken":0,"max_hp_gain":0,"max_hp_loss":0,"event_name":"Designer","floor":39,"gold_loss":60}],"is_beta":false,"boss_relics":[{"not_picked":["halation:CatFaceCupcake","aspiration:PoetsPen_weak"],"picked":"ShadowXiaoBlade"},{"not_picked":["Fusion Hammer","Runic Dome"],"picked":"conspire:RunicOctahedron"},{"not_picked":["Pandora\u0027s Box","Replay:Bronze Core"],"picked":"FixedStarFall"}],"items_purged_floors":[38,38],"is_endless":true,"potions_floor_spawned":[5,7,8,12,16,18,20,22,29,35,44,46],"killed_by":"Cultist","ascension_level":1}}