{"host":"bgq1kh73gni2z7sn","time":1610289595,"event":{"mods":["BaseMod","Block Reminder","Highlight Path","Infinite Spire","Minty Spire (QoL Compilation)","Quick Restart","StSLib"],"gold_per_floor":[116,116,133,42,58,58,84,103,103,103,128,10,30,40,40,139,139,154,15,15,15,15,42,42,73,73,43,43],"floor_reached":27,"playtime":1012,"items_purged":[],"score":371,"play_id":"0d9d1bd9-d8de-4b61-922e-c888c26b89a0","local_time":"20210110153955","is_ascension_mode":true,"campfire_choices":[{"data":"Inflame","floor":6,"key":"SMITH"},{"floor":10,"key":"REST"},{"floor":15,"key":"REST"},{"floor":24,"key":"REST"}],"circlet_count":0,"master_deck":["Strike_R","Strike_R","Strike_R","Strike_R","Strike_R","Defend_R","Defend_R","Defend_R","Defend_R","Bash","Thunderclap","Thunderclap","Inflame+1","Perfected Strike","Twin Strike","Anger","Cleave","Flame Barrier","Pommel Strike","Impervious","Cleave","Anger","Double Tap","Flex","Good Instincts","Shrug It Off","Shame","Inflame+1","Dropkick"],"relics":["Burning Blood","Pen Nib","Bottled Tornado","infinitespire:ShieldingShard","Sozu","HornCleat","CultistMask","Bottled Lightning","Red Skull","Bottled Flame"],"acts_visited":["Exordium","TheCity"],"potions_floor_usage":[8,18,23],"damage_taken":[{"damage":6,"enemies":"Cultist","floor":1,"turns":3},{"damage":19,"enemies":"Small Slimes","floor":3,"turns":4},{"damage":7,"enemies":"Jaw Worm","floor":5,"turns":3},{"damage":35,"enemies":"Lagavulin","floor":7,"turns":5},{"damage":17,"enemies":"Large Slime","floor":8,"turns":4},{"damage":25,"enemies":"3 Sentries","floor":11,"turns":4},{"damage":11,"enemies":"Red Slaver","floor":13,"turns":2},{"damage":0,"enemies":"3 Louse","floor":14,"turns":2},{"damage":0,"enemies":"Slime Boss","floor":16,"turns":6},{"damage":17,"enemies":"Shell Parasite","floor":18,"turns":3},{"damage":42,"enemies":"Book of Stabbing","floor":23,"turns":6},{"damage":47,"enemies":"Slavers","floor":25,"turns":5},{"damage":10,"enemies":"2 Thieves","floor":27,"turns":1}],"seed_played":"-3143109389700093329","potions_obtained":[{"floor":7,"key":"Explosive Potion"},{"floor":13,"key":"LiquidMemories"},{"floor":16,"key":"Regen Potion"}],"is_trial":false,"path_per_floor":["M","?","M","$","M","R","E","M","T","R","E","$","M","M","R","B",null,"M","$","?","?","?","E","R","E","T","M"],"character_chosen":"IRONCLAD","items_purchased":["Inflame","Perfected Strike","Pommel Strike","Impervious","Good Instincts","Shrug It Off"],"campfire_rested":3,"item_purchase_floors":[4,4,12,12,19,19],"current_hp_per_floor":[88,88,75,75,74,74,45,34,34,60,41,41,36,42,68,74,88,77,77,60,60,60,24,51,10,10,0,0],"gold":43,"neow_bonus":"TEN_PERCENT_HP_BONUS","is_daily":false,"chose_seed":false,"campfire_upgraded":1,"win_rate":0.0,"timestamp":1610289595,"path_taken":["M","?","?","?","?","R","E","M","T","R","E","$","M","M","R","BOSS","M","$","?","?","?","E","R","E","T","?"],"items_purchased_type":["Card","Card","Card","Card","Card","Card"],"build_version":"2020-12-22","purchased_purges":0,"victory":false,"max_hp_per_floor":[88,88,88,88,88,88,88,88,88,88,88,88,88,88,88,88,88,88,88,93,93,93,93,93,93,93,93,93],"card_choices":[{"not_picked":["True Grit","Rampage"],"picked":"Thunderclap","floor":1},{"not_picked":["Clothesline","Sentinel"],"picked":"Thunderclap","floor":3},{"not_picked":["Disarm","Wild Strike"],"picked":"Twin Strike","floor":5},{"not_picked":["Body Slam","Flex"],"picked":"Anger","floor":7},{"not_picked":["Flex","Shrug It Off"],"picked":"Cleave","floor":8},{"not_picked":["Exhume","Combust"],"picked":"Flame Barrier","floor":11},{"not_picked":["Sword Boomerang","Clash"],"picked":"Cleave","floor":13},{"not_picked":["Combust","Pummel"],"picked":"Anger","floor":14},{"not_picked":["Impervious","Exhume"],"picked":"Double Tap","floor":16},{"not_picked":["Burning Pact","Havoc"],"picked":"Flex","floor":18},{"not_picked":["Whirlwind","Perfected Strike"],"picked":"Inflame+1","floor":23},{"not_picked":["Rage","Sword Boomerang"],"picked":"Dropkick","floor":25}],"player_experience":96500,"relics_obtained":[{"floor":7,"key":"Pen Nib"},{"floor":9,"key":"Bottled Tornado"},{"floor":11,"key":"infinitespire:ShieldingShard"},{"floor":23,"key":"Bottled Lightning"},{"floor":25,"key":"Red Skull"},{"floor":26,"key":"Bottled Flame"}],"event_choices":[{"damage_healed":0,"gold_gain":0,"player_choice":"Ignored","damage_taken":0,"max_hp_gain":0,"max_hp_loss":0,"event_name":"Purifier","floor":2,"gold_loss":0},{"damage_healed":0,"gold_gain":0,"player_choice":"Shed Blood","damage_taken":22,"max_hp_gain":5,"max_hp_loss":0,"event_name":"Forgotten Altar","floor":20,"gold_loss":0},{"damage_healed":0,"gold_gain":0,"player_choice":"Stole Relic","damage_taken":0,"relics_obtained":["HornCleat"],"max_hp_gain":0,"max_hp_loss":0,"event_name":"Addict","floor":21,"gold_loss":0,"cards_obtained":["Shame"]},{"damage_healed":0,"gold_gain":0,"player_choice":"Trade","damage_taken":0,"relics_obtained":["CultistMask"],"max_hp_gain":0,"max_hp_loss":0,"event_name":"FaceTrader","floor":22,"gold_loss":0}],"is_beta":false,"boss_relics":[{"not_picked":["SacredBark","Ectoplasm"],"picked":"Sozu"}],"items_purged_floors":[],"is_endless":false,"potions_floor_spawned":[7,13,16,23,25],"killed_by":"2 Thieves","ascension_level":4}}