{"host":"kig4ty9d1aubg29s","time":1610271659,"event":{"mods":["BaseMod","Minty Spire (QoL Compilation)","READ ME - Guardian Mod","READ ME - Snecko Mod","StSLib","The Cursed","The Gatherer","The Hierophant","The Runesmith"],"gold_per_floor":[111,111,111,33,47,47,78,78,78,78,78,78],"floor_reached":11,"playtime":214,"items_purged":[],"score":138,"play_id":"35552bf2-1ead-43f7-a302-c1279842ba06","local_time":"20210110184059","is_ascension_mode":true,"campfire_choices":[{"floor":6,"key":"REST"},{"floor":8,"key":"REST"},{"data":"Storm","floor":10,"key":"SMITH"}],"circlet_count":0,"master_deck":["AscendersBane","Strike_B","Strike_B","Strike_B","Strike_B","Defend_B","Defend_B","Defend_B","Defend_B","Zap","Dualcast","Conserve Battery","Storm+1","Go for the Eyes","Conserve Battery"],"relics":["Cracked Core","Du-Vu Doll","Meat on the Bone","Sundial","Turnip","Bird Faced Urn"],"acts_visited":["Exordium"],"potions_floor_usage":[7],"damage_taken":[{"damage":7,"enemies":"2 Louse","floor":1,"turns":2},{"damage":2,"enemies":"Jaw Worm","floor":5,"turns":4},{"damage":27,"enemies":"Lagavulin","floor":7,"turns":8},{"damage":57,"enemies":"Gremlin Nob","floor":11,"turns":4}],"seed_played":"-1439946818074409699","potions_obtained":[{"floor":1,"key":"Weak Potion"}],"is_trial":false,"path_per_floor":["M","?","T","$","M","R","E","R","T","R","E"],"character_chosen":"DEFECT","items_purchased":["Storm"],"campfire_rested":2,"item_purchase_floors":[4],"current_hp_per_floor":[57,46,46,46,44,63,36,55,55,55,0,0],"gold":78,"neow_bonus":"ONE_RARE_RELIC","is_daily":false,"chose_seed":false,"campfire_upgraded":1,"win_rate":0.0,"timestamp":1610271659,"path_taken":["M","?","?","?","M","R","E","R","T","R","E"],"items_purchased_type":["Card"],"build_version":"2020-12-22","purchased_purges":0,"victory":false,"max_hp_per_floor":[64,64,64,64,64,64,64,64,64,64,64,64],"card_choices":[{"not_picked":["Reinforced Body","Coolheaded"],"picked":"Conserve Battery","floor":1},{"not_picked":["Consume","Hello World"],"picked":"Go for the Eyes","floor":5},{"not_picked":["Redo","Sweeping Beam"],"picked":"Conserve Battery","floor":7}],"player_experience":1927419,"relics_obtained":[{"floor":3,"key":"Sundial"},{"floor":7,"key":"Turnip"},{"floor":9,"key":"Bird Faced Urn"}],"event_choices":[{"damage_healed":0,"gold_gain":0,"player_choice":"Success","damage_taken":11,"relics_obtained":["Meat on the Bone"],"max_hp_gain":0,"max_hp_loss":0,"event_name":"Scrap Ooze","floor":2,"gold_loss":0}],"is_beta":false,"boss_relics":[],"items_purged_floors":[],"is_endless":false,"potions_floor_spawned":[1],"killed_by":"Gremlin Nob","ascension_level":20}}