{"host":"1a3cjta80tad0aqj","time":1610289647,"event":{"mods":["2.2 Compatiblity","AchievementEnabler","BaseMod","Colored Map","DeckTracker","KOR Keyword Fix","Keyboard Shortcuts","Minty Spire (QoL Compilation)","Permanent Neow","Quick Restart","Random Character Button","StSLib","SuperFastMode","everything is the same but u backflip on backflip"],"gold_per_floor":[114,39,39,54,54,84,97,97,122,137,137,167,167,182,182,282,282,297,312,327,342,342,342,92,92,117,117,132,7,22,22,22,22,22],"floor_reached":33,"playtime":1243,"items_purged":["Accuracy","Defend_P","Strike_P"],"score":280,"play_id":"d8e10a4e-b05e-4192-8af6-91298fd5f941","local_time":"20210110234047","daily_mods":["Specialized","Diverse","Night Terrors"],"is_ascension_mode":false,"campfire_choices":[{"floor":8.0,"key":"REST"},{"data":"Eruption","floor":11.0,"key":"SMITH"},{"data":"ReachHeaven","floor":15.0,"key":"SMITH"},{"data":"Sunder","floor":23.0,"key":"SMITH"},{"data":"Buffer","floor":25.0,"key":"SMITH"},{"floor":32.0,"key":"REST"}],"circlet_count":0,"master_deck":["Strike_P","Strike_P","Strike_P","Defend_P","Defend_P","Defend_P","Eruption+1","Vigilance","Accuracy","Accuracy","Accuracy","Perfected Strike","Conserve Battery","SashWhip","ReachHeaven+1","FollowUp","Buffer+1","Sunder+1","Rip and Tear+1","Shockwave+1","Beam Cell","Double Energy"],"relics":["PureWater","Mummified Hand","Pear","Odd Mushroom","Strawberry","Boot","Runic Pyramid","Lantern","Bag of Marbles"],"acts_visited":["Exordium","TheCity"],"potions_floor_usage":[33,33],"damage_taken":[{"damage":0.0,"enemies":"2 Louse","floor":1.0,"turns":2.0},{"damage":2.0,"enemies":"Cultist","floor":4.0,"turns":4.0},{"damage":26.0,"enemies":"Lagavulin","floor":6.0,"turns":4.0},{"damage":44.0,"enemies":"The Mushroom Lair","floor":7.0,"turns":5.0},{"damage":3.0,"enemies":"Small Slimes","floor":10.0,"turns":4.0},{"damage":0.0,"enemies":"Gremlin Nob","floor":12.0,"turns":2.0},{"damage":0.0,"enemies":"2 Fungi Beasts","floor":14.0,"turns":4.0},{"damage":38.0,"enemies":"Slime Boss","floor":16.0,"turns":8.0},{"damage":15.0,"enemies":"2 Thieves","floor":18.0,"turns":4.0},{"damage":0.0,"enemies":"Chosen","floor":19.0,"turns":3.0},{"damage":30.0,"enemies":"Snake Plant","floor":20.0,"turns":3.0},{"damage":0.0,"enemies":"Cultist and Chosen","floor":21.0,"turns":4.0},{"damage":5.0,"enemies":"Centurion and Healer","floor":28.0,"turns":4.0},{"damage":0.0,"enemies":"Snake Plant","floor":30.0,"turns":1.0},{"damage":85,"enemies":"Collector","floor":33,"turns":5}],"seed_played":"-956745095108410897","potions_obtained":[{"floor":1.0,"key":"Fire Potion"},{"floor":7.0,"key":"SkillPotion"},{"floor":14.0,"key":"Dexterity Potion"},{"floor":16.0,"key":"Explosive Potion"},{"floor":18.0,"key":"Weak Potion"},{"floor":21.0,"key":"GamblersBrew"},{"floor":30.0,"key":"DistilledChaos"}],"is_trial":false,"path_per_floor":["M","$","?","M","?","E","?","R","T","M","R","E","?","M","R","B",null,"M","M","M","M","?","R","$","R","T","?","M","$","M","$","R","B"],"character_chosen":"WATCHER","items_purchased":["Lantern"],"campfire_rested":2,"item_purchase_floors":[24],"current_hp_per_floor":[72,72,72,70,63,47,3,77,84,81,81,81,86,86,86,48,89,74,74,44,44,44,44,44,44,44,44,39,39,39,39,84,0,0],"gold":22,"neow_bonus":"","is_daily":true,"chose_seed":false,"campfire_upgraded":4,"win_rate":0.0,"timestamp":1610289647,"path_taken":["M","$","?","?","?","E","?","R","T","M","R","E","?","M","R","BOSS","M","M","M","M","?","R","$","R","T","?","M","$","M","$","R","BOSS"],"items_purchased_type":["Relic"],"build_version":"2020-12-22","purchased_purges":3,"victory":false,"max_hp_per_floor":[72,72,72,72,72,82,82,77,84,84,84,84,89,89,89,89,89,89,89,89,89,89,89,89,89,89,89,89,89,89,89,84,84,84],"card_choices":[{"not_picked":["Finisher","Flechettes","Clothesline"],"picked":"SKIP","floor":1.0},{"not_picked":["Bane","Footwork"],"picked":"Perfected Strike","floor":4.0},{"not_picked":["Halt","Wild Strike"],"picked":"Conserve Battery","floor":6.0},{"not_picked":["EmptyBody","Intimidate"],"picked":"SashWhip","floor":7.0},{"not_picked":["Underhanded Strike","Noxious Fumes"],"picked":"ReachHeaven","floor":10.0},{"not_picked":["Prostrate","Riddle With Holes"],"picked":"FollowUp","floor":12.0},{"not_picked":["Worship","Doom and Gloom","Reckless Charge"],"picked":"SKIP","floor":14.0},{"not_picked":["Biased Cognition","Corpse Explosion"],"picked":"Buffer","floor":16.0},{"not_picked":["Dagger Throw","FlyingSleeves"],"picked":"Sunder","floor":18.0},{"not_picked":["Cold Snap","True Grit+1"],"picked":"Rip and Tear+1","floor":19.0},{"not_picked":["Pray","Sword Boomerang","Twin Strike"],"picked":"SKIP","floor":20.0},{"not_picked":["EmptyBody+1","Scrape"],"picked":"Shockwave+1","floor":21.0},{"not_picked":["Choke+1","Barrage","Consecrate"],"picked":"SKIP","floor":28.0},{"not_picked":["Heavy Blade","Backstab"],"picked":"Double Energy","floor":30.0}],"player_experience":274556,"relics_obtained":[{"floor":6.0,"key":"Pear"},{"floor":7.0,"key":"Odd Mushroom"},{"floor":9.0,"key":"Strawberry"},{"floor":12.0,"key":"Boot"},{"floor":26.0,"key":"Bag of Marbles"}],"event_choices":[{"cards_removed":["Accuracy"],"damage_healed":0.0,"max_hp_gain":0.0,"max_hp_loss":0.0,"gold_gain":0.0,"event_name":"Bonfire Elementals","player_choice":"Offered Uncommon","floor":3.0,"gold_loss":0.0,"damage_taken":0.0},{"damage_healed":0.0,"max_hp_gain":0.0,"max_hp_loss":0.0,"gold_gain":0.0,"event_name":"Scrap Ooze","player_choice":"Success","floor":5.0,"gold_loss":0.0,"damage_taken":7.0,"relics_obtained":["Mummified Hand"]},{"damage_healed":0.0,"max_hp_gain":0.0,"max_hp_loss":0.0,"gold_gain":0.0,"event_name":"Mushrooms","player_choice":"Fought Mushrooms","floor":7.0,"gold_loss":0.0,"damage_taken":0.0},{"damage_healed":0.0,"max_hp_gain":5.0,"max_hp_loss":0.0,"gold_gain":0.0,"event_name":"Big Fish","player_choice":"Donut","floor":13.0,"gold_loss":0.0,"damage_taken":0.0},{"damage_healed":0.0,"max_hp_gain":0.0,"max_hp_loss":0.0,"gold_gain":0.0,"event_name":"The Library","player_choice":"Read","floor":22.0,"gold_loss":0.0,"damage_taken":0.0,"cards_obtained":["Beam Cell"]},{"damage_healed":0.0,"max_hp_gain":0.0,"max_hp_loss":0.0,"gold_gain":0.0,"event_name":"Ghosts","player_choice":"Ignored","floor":27.0,"gold_loss":0.0,"damage_taken":0.0}],"is_beta":false,"boss_relics":[{"not_picked":["Fusion Hammer","Velvet Choker"],"picked":"Runic Pyramid"}],"items_purged_floors":[2,24,29],"is_endless":false,"potions_floor_spawned":[1,7,14,16,18,21,30],"killed_by":"Collector","ascension_level":0}}