{"host":"65aqouwnlnzlnyrz","time":1610282164,"event":{"mods":["BaseMod","Colored Powertips","Downfall","FoggyMod","Good Game Mod","Marked Mod","Minty Spire (QoL Compilation)","Spicy Shops","StSLib","The Construct","The Runesmith","[IsaacMod]以撒尖塔","【功能Mod】Neow奖励","【功能Mod】混沌之环修复补丁","【遗物Mod】死灵法师NEW","【遗物Mod】简单游戏"],"gold_per_floor":[99,199,199,217,217,30,30,30,30,59,59,91,16,1,12,12,12],"floor_reached":16,"playtime":1258,"items_purged":[],"score":106,"play_id":"66b18c8a-159e-4aef-8417-e4f66ade44bb","local_time":"20210110203604","is_ascension_mode":true,"campfire_choices":[{"floor":1.0,"key":"RECALL"},{"data":"Shackles_Of_Pain","floor":8.0,"key":"SMITH"},{"data":"Shackles_Of_Pain","floor":13.0,"key":"SMITH"}],"circlet_count":0,"master_deck":["PosionRing","PosionRing","Acid_Javelin","PosionWeak","Toxic_Smoke_Screen","Toxic_Smoke_Screen","PosionArmor","BettingIsNotGood","construct:Isolate","Shackles_Of_Pain+1","PosionWeak","Summon_Undead","Shackles_Of_Pain+1","Corrupt","Bomb"],"relics":["EasyRelic","HushsDoor","REME:ComplimentaryCards","DeadEye","Sozu","downfall:BrokenWingStatue","SteamSale","Orichalcum","downfall:HeartBlessingGreen"],"acts_visited":["Exordium"],"potions_floor_usage":[],"damage_taken":[{"damage":0.0,"enemies":"Small Slimes","floor":4.0,"turns":2.0},{"damage":3.0,"enemies":"downfall:FleeingMerchant","floor":6.0,"turns":4.0},{"damage":30.0,"enemies":"Lagavulin","floor":10.0,"turns":5.0},{"damage":3.0,"enemies":"Jaw Worm","floor":12.0,"turns":3.0},{"damage":12.0,"enemies":"downfall:FleeingMerchant","floor":14.0,"turns":4.0},{"damage":2.0,"enemies":"2 Louse","floor":15.0,"turns":3.0},{"damage":33,"enemies":"downfall:Defect","floor":16,"turns":4}],"seed_played":"-5192493933057750646","potions_obtained":[],"is_trial":false,"path_per_floor":["R","?","?","M","?","$","T","R","?","E","?","M","R","$","M","B"],"character_chosen":"NECROMANCER","items_purchased":["SteamSale","PosionWeak"],"campfire_rested":0,"item_purchase_floors":[6,6],"current_hp_per_floor":[75,75,75,75,80,77,77,77,77,47,47,47,47,35,33,0,0],"gold":12,"neow_bonus":"BOSS_RELIC","is_daily":false,"chose_seed":false,"campfire_upgraded":2,"win_rate":0.0,"timestamp":1610282164,"path_taken":["R","?","?","?","?","$","T","R","?","E","?","?","R","?","M","BOSS"],"items_purchased_type":["Relic","Card"],"build_version":"2020-12-22","purchased_purges":0,"victory":false,"max_hp_per_floor":[75,75,75,75,80,80,80,80,80,80,80,80,80,80,80,80,80],"card_choices":[{"not_picked":[],"picked":"BettingIsNotGood","floor":0.0},{"not_picked":["Thousand_Bone_Knives","Scare","Vampiric_Strike"],"picked":"SKIP","floor":4.0},{"not_picked":["Scare","Epidemic"],"picked":"Shackles_Of_Pain","floor":6.0},{"not_picked":["Bone_Armory","Bomb"],"picked":"Summon_Undead","floor":10.0},{"not_picked":["Blood_Curse","Toxic_Smoke_Screen"],"picked":"Shackles_Of_Pain","floor":12.0},{"not_picked":["PosionWeak","Acid_Javelin"],"picked":"Corrupt","floor":14.0},{"not_picked":["Negative_Energy_Mist","Blood_Whip"],"picked":"Bomb","floor":15.0}],"player_experience":98711,"relics_obtained":[{"floor":10.0,"key":"Orichalcum"}],"event_choices":[{"damage_healed":0.0,"max_hp_gain":5.0,"max_hp_loss":0.0,"gold_gain":0.0,"event_name":"Big Fish","player_choice":"Donut","floor":5.0,"gold_loss":0.0,"damage_taken":0.0}],"is_beta":false,"boss_relics":[],"items_purged_floors":[],"is_endless":false,"potions_floor_spawned":[4,12,15],"killed_by":"downfall:Defect","ascension_level":2}}