{"host":"ojme7g6xlqwffsso","time":1610282142,"event":{"mods":["Act Like it!","BaseMod","Downfall","Hermit","MarisaÅiñ∂âJÅ@ñÇóùçπÅj","Minty Spire (QoL Compilation)","Quick Restart","Replay The Spire","Shade Mod","Shop Mod","StSLib","The Alterego","The Bug Knight","The Cursed","The Hierophant","The Marked","The Mystic","The Necromancer","The Servant 0.9.4","Yuri Mod"],"gold_per_floor":[18,18,36,60,79,79,95,105,105,105,105,154,186,234,234,374,374,413,433,167,167,317,350,410,410,434,489,489,530,86,137,137,275,275,309,309,362,407,14,74,88,88],"floor_reached":41,"playtime":2746,"items_purged":[],"score":646,"play_id":"7b7091f5-d4f2-419c-ba75-b22d8f85298b","local_time":"20210110213542","is_ascension_mode":false,"campfire_choices":[{"data":"mysticmod:EbbAndFlow","floor":6.0,"key":"SMITH"},{"floor":15.0,"key":"REST"},{"data":"mysticmod:MysticalShield","floor":25.0,"key":"SMITH"},{"data":"mysticmod:Discipline","floor":28.0,"key":"SMITH"},{"floor":32.0,"key":"REST"}],"circlet_count":0,"master_deck":["mysticmod:Strike_Mystic+1","mysticmod:Strike_Mystic","mysticmod:Strike_Mystic+1","mysticmod:Defend_Mystic","mysticmod:Defend_Mystic","mysticmod:Defend_Mystic","mysticmod:ArcaneDodge","mysticmod:ShockingGrasp","mysticmod:EbbAndFlow+1","mysticmod:Grease+1","mysticmod:BulkUp","mysticmod:Riposte","mysticmod:LightningBolt","mysticmod:Fly","mysticmod:Disengage","mysticmod:PowerSlash","mysticmod:Probe","mysticmod:DiviningBlow","mysticmod:MysticalShield+1","mysticmod:SuddenClarity","mysticmod:Probe+1","mysticmod:EnergizedRift","mysticmod:Daze+1","mysticmod:Stoneskin","mysticmod:Discipline+1","mysticmod:ChargedParry","mysticmod:Alacrity+1","mysticmod:Feint","mysticmod:FiveFootStep","mysticmod:Snowball","mysticmod:EnchantedMoulinet","mysticmod:Riposte","mysticmod:KeenEdge","mysticmod:Fireball+1","mysticmod:Snowball","mysticmod:Momentum","mysticmod:MightyMagic"],"relics":["mysticmod:SpellBook","Golden Idol","Replay:Bandana","Simple Rune","Ornamental Fan","Orichalcum","Replay:Ringing Soul","Sozu","Ninja Scroll","Toolbox","FossilizedHelix","Toy Ornithopter","Art of War","Nunchaku","MealTicket","mysticmod:DeckOfManyThings","Sundial","ReplayTheSpireMod:Shallot"],"acts_visited":[],"potions_floor_usage":[],"damage_taken":[{"damage":0.0,"enemies":"Small Slimes","floor":1.0,"turns":4.0},{"damage":17.0,"enemies":"Cultist","floor":3.0,"turns":7.0},{"damage":5.0,"enemies":"2 Louse","floor":4.0,"turns":2.0},{"damage":0.0,"enemies":"Looter","floor":5.0,"turns":3.0},{"damage":2.0,"enemies":"Large Slime","floor":7.0,"turns":8.0},{"damage":0.0,"enemies":"Gremlin Nob","floor":8.0,"turns":2.0},{"damage":24.0,"enemies":"Lagavulin","floor":12.0,"turns":8.0},{"damage":1.0,"enemies":"Lots of Slimes","floor":13.0,"turns":4.0},{"damage":0.0,"enemies":"Replay:BlueRogue","floor":14.0,"turns":6.0},{"damage":13.0,"enemies":"Hexaghost","floor":16.0,"turns":11.0},{"damage":4.0,"enemies":"theJungle:MUSHROOMGANG","floor":18.0,"turns":6.0},{"damage":27.0,"enemies":"JungleHuntersEvent","floor":19.0,"turns":8.0},{"damage":1.0,"enemies":"theJungle:GiantWrat","floor":23.0,"turns":6.0},{"damage":0.0,"enemies":"theJungle:2_Phrogs","floor":24.0,"turns":8.0},{"damage":0.0,"enemies":"theJungle:MamaSnecko","floor":27.0,"turns":7.0},{"damage":15.0,"enemies":"theJungle:2_Flameangoes","floor":29.0,"turns":6.0},{"damage":15.0,"enemies":"theJungle:JungleHuntersEncounter","floor":31.0,"turns":6.0},{"damage":7.0,"enemies":"theJungle:QueenSpyder","floor":33.0,"turns":18.0},{"damage":0.0,"enemies":"Orb Walker","floor":35.0,"turns":2.0},{"damage":2.0,"enemies":"3 Shapes","floor":37.0,"turns":3.0},{"damage":43.0,"enemies":"Sphere and 2 Shapes","floor":38.0,"turns":6.0},{"damage":44.0,"enemies":"Nemesis","floor":40.0,"turns":9.0},{"damage":12,"enemies":"Writhing Mass","floor":41,"turns":2}],"seed_played":"6856609564950333837","potions_obtained":[{"floor":1.0,"key":"SmokeBomb"},{"floor":5.0,"key":"Weak Potion"},{"floor":13.0,"key":"Dexterity Potion"},{"floor":14.0,"key":"DistilledChaos"}],"is_trial":false,"path_per_floor":["M","?","M","M","M","R","M","?","T","?","?","E","M","E","R","B",null,"M","?","$","?","?","M","E","R","T","E","R","M","$","M","R","B",null,"M","?","M","M","$","E","M"],"character_chosen":"MYSTIC_CLASS","items_purchased":["Toolbox","mysticmod:EnergizedRift","mysticmod:Daze+1","Nunchaku","MealTicket","mysticmod:Feint","mysticmod:FiveFootStep","Sundial","mysticmod:Momentum"],"campfire_rested":2,"item_purchase_floors":[20,20,20,30,30,30,30,39,39],"current_hp_per_floor":[77,58,41,36,36,36,34,34,34,31,31,7,6,9,33,23,83,82,58,61,63,63,65,68,68,68,71,71,59,62,50,83,79,113,116,119,120,80,98,57,45,45],"gold":88,"neow_bonus":"TRANSFORM_TWO_CARDS","is_daily":false,"chose_seed":false,"campfire_upgraded":3,"win_rate":0.0,"timestamp":1610282142,"path_taken":["M","?","M","M","M","R","M","?","T","?","?","E","?","E","R","BOSS","M","?","$","?","?","M","E","R","T","E","R","M","$","M","R","BOSS","M","?","?","M","$","E","M"],"items_purchased_type":["Relic","Card","Card","Relic","Relic","Card","Card","Relic","Card"],"build_version":"2020-12-22","purchased_purges":0,"victory":false,"max_hp_per_floor":[77,77,77,77,77,77,77,77,77,77,77,77,77,80,80,83,83,86,89,92,92,92,95,98,98,98,101,101,104,107,110,110,113,113,116,119,122,125,128,131,131,131],"card_choices":[{"not_picked":["mysticmod:MagicMissile","mysticmod:EbbAndFlow"],"picked":"mysticmod:BulkUp","floor":1.0},{"not_picked":["mysticmod:SuddenClarity","mysticmod:Fireball"],"picked":"mysticmod:Riposte","floor":3.0},{"not_picked":["mysticmod:Flourish","mysticmod:PowerSlash"],"picked":"mysticmod:LightningBolt","floor":4.0},{"not_picked":["mysticmod:Probe","mysticmod:BladedDash"],"picked":"mysticmod:Fly","floor":5.0},{"not_picked":["mysticmod:IllusionOfCalm","mysticmod:Daze"],"picked":"mysticmod:Disengage","floor":7.0},{"not_picked":["mysticmod:BulkUp","mysticmod:Fireball"],"picked":"mysticmod:PowerSlash","floor":12.0},{"not_picked":["mysticmod:Stoneskin","mysticmod:BladeMaster"],"picked":"mysticmod:Probe","floor":13.0},{"not_picked":["mysticmod:Alacrity","mysticmod:HeavyStrike"],"picked":"mysticmod:DiviningBlow","floor":14.0},{"not_picked":["mysticmod:Natural20","mysticmod:Doublecast"],"picked":"mysticmod:MysticalShield","floor":16.0},{"not_picked":["mysticmod:CorrosiveTouch","mysticmod:EarthenWall"],"picked":"mysticmod:SuddenClarity","floor":18.0},{"not_picked":["mysticmod:Sideswipe","mysticmod:PowerSlash"],"picked":"mysticmod:Probe+1","floor":19.0},{"not_picked":["mysticmod:Doublecast","mysticmod:EbbAndFlow"],"picked":"mysticmod:Stoneskin","floor":23.0},{"not_picked":["mysticmod:PureInstinct","mysticmod:Riposte"],"picked":"mysticmod:Discipline","floor":24.0},{"not_picked":["mysticmod:HeavyStrike","mysticmod:LightningBolt"],"picked":"mysticmod:ChargedParry","floor":27.0},{"not_picked":["mysticmod:PowerSlash","mysticmod:Disengage"],"picked":"mysticmod:Alacrity+1","floor":29.0},{"not_picked":["mysticmod:CorrosiveTouch","mysticmod:Disengage+1"],"picked":"mysticmod:Snowball","floor":31.0},{"not_picked":["mysticmod:ObscuringMist","mysticmod:SpellRecall"],"picked":"mysticmod:EnchantedMoulinet","floor":33.0},{"not_picked":["mysticmod:Alacrity","mysticmod:HunkerDown"],"picked":"mysticmod:Riposte","floor":35.0},{"not_picked":["mysticmod:EarthenWall+1","mysticmod:Daze+1"],"picked":"mysticmod:Fireball+1","floor":37.0},{"not_picked":["mysticmod:BulkUp","mysticmod:Alacrity"],"picked":"mysticmod:Snowball","floor":38.0},{"not_picked":["mysticmod:HeavyStrike+1","mysticmod:Alacrity+1"],"picked":"mysticmod:MightyMagic","floor":40.0}],"player_experience":958270,"relics_obtained":[{"floor":9.0,"key":"Simple Rune"},{"floor":12.0,"key":"Orichalcum"},{"floor":14.0,"key":"Replay:Ringing Soul"},{"floor":19.0,"key":"Ninja Scroll"},{"floor":24.0,"key":"FossilizedHelix"},{"floor":26.0,"key":"Toy Ornithopter"},{"floor":27.0,"key":"Art of War"},{"floor":40.0,"key":"ReplayTheSpireMod:Shallot"}],"event_choices":[{"damage_healed":0.0,"max_hp_gain":0.0,"max_hp_loss":0.0,"gold_gain":0.0,"event_name":"Golden Idol","player_choice":"Take Damage","floor":2.0,"gold_loss":0.0,"damage_taken":19.0,"relics_obtained":["Golden Idol"]},{"damage_healed":0.0,"max_hp_gain":0.0,"max_hp_loss":0.0,"gold_gain":0.0,"event_name":"Dead Adventurer","player_choice":"Searched \u00273\u0027 times","floor":8.0,"gold_loss":0.0,"damage_taken":0.0,"relics_obtained":["Replay:Bandana"]},{"damage_healed":0.0,"max_hp_gain":0.0,"max_hp_loss":0.0,"gold_gain":0.0,"event_name":"Scrap Ooze","player_choice":"Success","floor":10.0,"gold_loss":0.0,"damage_taken":3.0,"relics_obtained":["Ornamental Fan"]},{"damage_healed":0.0,"max_hp_gain":0.0,"max_hp_loss":0.0,"gold_gain":0.0,"event_name":"Upgrade Shrine","player_choice":"Upgraded","floor":11.0,"gold_loss":0.0,"damage_taken":0.0,"cards_upgraded":["mysticmod:Grease"]},{"damage_healed":0.0,"max_hp_gain":0.0,"max_hp_loss":0.0,"gold_gain":0.0,"cards_transformed":["mysticmod:FiveFootStep"],"event_name":"Transmorgrifier","player_choice":"Transformed","floor":36.0,"gold_loss":0.0,"damage_taken":0.0,"cards_obtained":["mysticmod:KeenEdge"]}],"is_beta":false,"boss_relics":[{"not_picked":["Fusion Hammer","Busted Crown"],"picked":"Sozu"},{"not_picked":["ChewingGum","Replay:Drink Me"],"picked":"mysticmod:DeckOfManyThings"}],"items_purged_floors":[],"is_endless":false,"potions_floor_spawned":[1,5,8,13,14,19,23,24,29,31,35,38],"killed_by":"Writhing Mass","ascension_level":0}}