{"host":"q4axc00jr2bozlh9","time":1610310346,"event":{"mods":["AchievementEnabler","BaseMod","Bestiary","Colored Map","Colored Powertips","Curses Come First","Minty Spire (QoL Compilation)","Relic Stats","StSLib","SuperFastMode","UnlockEverythingMod"],"gold_per_floor":[109,109,125,142,54,82,7,24,24,24,44,44,63,63,63,164,164,178,188,206,206,206,237,52,52,100,134,144,161,161,161],"floor_reached":30,"playtime":1289,"items_purged":["Strike_R","Parasite"],"score":277,"play_id":"33893851-76a6-4a68-a4ae-a13e267667e1","local_time":"20210110212546","is_ascension_mode":false,"campfire_choices":[{"floor":10,"key":"RECALL"},{"data":"Enlightenment","floor":15,"key":"SMITH"}],"circlet_count":0,"master_deck":["Strike_R","Strike_R","Strike_R","Strike_R","Defend_R","Defend_R","Defend_R","Defend_R","Bash","Apotheosis+1","Metallicize","Iron Wave","Clothesline","Enlightenment+1","Juggernaut","Dropkick","Seeing Red","Immolate","Shockwave","Entrench","Ghostly","Ghostly","Ghostly","Ghostly","Ghostly","Discovery","RitualDagger","Ghostly Armor","Sever Soul"],"relics":["Burning Blood","Regal Pillow","Toy Ornithopter","Coffee Dripper","Question Card","Oddly Smooth Stone","Tiny Chest","Red Mask"],"acts_visited":["Exordium","TheCity"],"potions_floor_usage":[13,16,16,16,27,27],"damage_taken":[{"damage":1,"enemies":"Cultist","floor":1,"turns":4},{"damage":0,"enemies":"2 Louse","floor":3,"turns":2},{"damage":1,"enemies":"Jaw Worm","floor":4,"turns":5},{"damage":15,"enemies":"Gremlin Nob","floor":6,"turns":5},{"damage":10,"enemies":"Lots of Slimes","floor":8,"turns":5},{"damage":11,"enemies":"Blue Slaver","floor":11,"turns":3},{"damage":8,"enemies":"2 Fungi Beasts","floor":13,"turns":4},{"damage":18,"enemies":"Slime Boss","floor":16,"turns":11},{"damage":6,"enemies":"Chosen","floor":18,"turns":4},{"damage":18,"enemies":"Spheric Guardian","floor":19,"turns":6},{"damage":17,"enemies":"Snecko","floor":20,"turns":5},{"damage":5,"enemies":"Book of Stabbing","floor":23,"turns":6},{"damage":26,"enemies":"Masked Bandits","floor":27,"turns":6},{"damage":6,"enemies":"3 Cultists","floor":28,"turns":6},{"damage":1,"enemies":"Centurion and Healer","floor":29,"turns":9},{"damage":23,"enemies":"Gremlin Leader","floor":30,"turns":4}],"seed_played":"3854056547453584115","potions_obtained":[{"floor":6,"key":"BloodPotion"},{"floor":13,"key":"FearPotion"},{"floor":14,"key":"Block Potion"},{"floor":14,"key":"LiquidBronze"},{"floor":14,"key":"DistilledChaos"},{"floor":20,"key":"BlessingOfTheForge"},{"floor":23,"key":"CultistPotion"},{"floor":27,"key":"Regen Potion"}],"is_trial":false,"path_per_floor":["M","?","M","M","$","E","$","M","T","R","M","?","M","?","R","B",null,"M","M","M","?","?","E","$","?","T","?","M","M","E"],"character_chosen":"IRONCLAD","items_purchased":["Enlightenment","Discovery"],"campfire_rested":0,"item_purchase_floors":[5,24],"current_hp_per_floor":[72,72,72,72,72,63,63,59,59,59,54,54,71,71,71,72,72,72,60,49,36,36,36,33,27,27,17,17,22,0,0],"gold":161,"neow_bonus":"RANDOM_COLORLESS_2","is_daily":false,"chose_seed":false,"campfire_upgraded":1,"win_rate":0.0,"timestamp":1610310346,"path_taken":["M","?","M","M","$","E","$","M","T","R","M","?","?","?","R","BOSS","M","?","M","?","?","E","$","?","T","?","?","M","E"],"items_purchased_type":["Card","Card"],"build_version":"2020-12-22","purchased_purges":2,"victory":false,"max_hp_per_floor":[72,72,72,72,72,72,72,72,72,72,72,72,72,72,72,72,72,72,72,72,36,36,36,33,33,33,33,33,33,33,33],"relic_stats":{"Regal Pillow":0,"counters":[16,85],"Tiny Chest":0,"Question Card":4,"obtain_stats":[{"Regal Pillow":6,"Oddly Smooth Stone":23,"Tiny Chest":26,"Coffee Dripper":17,"Red Mask":27,"Question Card":22,"Burning Blood":0,"Toy Ornithopter":9},{"Regal Pillow":4,"Oddly Smooth Stone":12,"Tiny Chest":12,"Coffee Dripper":8,"Red Mask":13,"Question Card":11,"Burning Blood":0,"Toy Ornithopter":5},{"Regal Pillow":16,"Oddly Smooth Stone":60,"Tiny Chest":60,"Coffee Dripper":39,"Red Mask":66,"Question Card":54,"Burning Blood":0,"Toy Ornithopter":21}],"Burning Blood":71,"Toy Ornithopter":30},"card_choices":[{"not_picked":["The Bomb","Secret Weapon"],"picked":"Apotheosis","floor":0},{"not_picked":["Fire Breathing","Rupture"],"picked":"Metallicize","floor":1},{"not_picked":["Pommel Strike","Entrench"],"picked":"Iron Wave","floor":3},{"not_picked":["Cleave","Evolve"],"picked":"Clothesline","floor":4},{"not_picked":["Warcry","Twin Strike"],"picked":"Juggernaut","floor":6},{"not_picked":["Disarm","Pommel Strike"],"picked":"Dropkick","floor":8},{"not_picked":["Warcry","Bloodletting","Havoc"],"picked":"SKIP","floor":11},{"not_picked":["Searing Blow","Body Slam","Sentinel"],"picked":"SKIP","floor":13},{"not_picked":["Double Tap","Berserk"],"picked":"Immolate","floor":16},{"not_picked":["Rampage","Iron Wave"],"picked":"Shockwave","floor":18},{"not_picked":["Sentinel","Wild Strike","Armaments+1"],"picked":"SKIP","floor":19},{"not_picked":["Armaments","Bloodletting+1"],"picked":"Entrench","floor":20},{"not_picked":["Pommel Strike","Limit Break","Wild Strike+1","Flex"],"picked":"SKIP","floor":23},{"not_picked":["Sword Boomerang+1","Body Slam","Twin Strike+1"],"picked":"Ghostly Armor","floor":28},{"not_picked":["Cleave","Body Slam+1","Flex"],"picked":"Sever Soul","floor":29}],"player_experience":214076,"relics_obtained":[{"floor":6,"key":"Regal Pillow"},{"floor":9,"key":"Toy Ornithopter"},{"floor":23,"key":"Oddly Smooth Stone"},{"floor":26,"key":"Tiny Chest"},{"floor":27,"key":"Red Mask"}],"event_choices":[{"damage_healed":0,"gold_gain":0,"player_choice":"Grow","damage_taken":0,"max_hp_gain":0,"max_hp_loss":0,"event_name":"Living Wall","floor":2,"gold_loss":0,"cards_upgraded":["Apotheosis"]},{"damage_healed":0,"gold_gain":0,"player_choice":"2 cards matched","damage_taken":0,"max_hp_gain":0,"max_hp_loss":0,"event_name":"Match and Keep!","floor":12,"gold_loss":0,"cards_obtained":["Seeing Red","Parasite"]},{"damage_healed":0,"gold_gain":0,"player_choice":"Got Potions","damage_taken":0,"max_hp_gain":0,"max_hp_loss":0,"event_name":"Lab","floor":14,"gold_loss":0},{"damage_healed":0,"gold_gain":0,"player_choice":"Became a Ghost","damage_taken":0,"max_hp_gain":0,"max_hp_loss":36,"event_name":"Ghosts","floor":21,"gold_loss":0,"cards_obtained":["Ghostly","Ghostly","Ghostly","Ghostly","Ghostly"]},{"damage_healed":0,"gold_gain":0,"player_choice":"Opened","damage_taken":0,"relics_obtained":["Question Card"],"max_hp_gain":0,"max_hp_loss":0,"event_name":"The Mausoleum","floor":22,"gold_loss":0},{"damage_healed":0,"gold_gain":0,"player_choice":"Joined the Cult","damage_taken":6,"max_hp_gain":0,"max_hp_loss":0,"event_name":"Nest","floor":25,"gold_loss":0,"cards_obtained":["RitualDagger"]},{"damage_healed":0,"gold_gain":0,"player_choice":"Fought Bandits","damage_taken":0,"max_hp_gain":0,"max_hp_loss":0,"event_name":"Masked Bandits","floor":27,"gold_loss":0}],"is_beta":false,"boss_relics":[{"not_picked":["Snecko Eye","Black Blood"],"picked":"Coffee Dripper"}],"items_purged_floors":[7,24],"is_endless":false,"potions_floor_spawned":[6,13,20,23,27],"killed_by":"Gremlin Leader","ascension_level":0}}