{"host":"g01l53quoe6lrer0","time":1610273103,"event":{"mods":["2.2 Compatiblity","AchievementEnabler","BaseMod","Colored Map","Highlight Path","Keyboard Shortcuts","Minty Spire (QoL Compilation)","Permanent Neow","StSLib","SuperFastMode","everything is the same but u backflip on backflip"],"gold_per_floor":[366,384,309,324,339,339,239,239,239,314,329,329,347,222,222,298,298,298,298],"floor_reached":18,"playtime":351,"items_purged":["Strike_R","Defend_R","Defend_R"],"score":304,"play_id":"96d06c0f-7965-44a4-a41a-35950d64920d","local_time":"20210110190503","is_ascension_mode":true,"campfire_choices":[{"data":"Uppercut","floor":6,"key":"SMITH"},{"data":"Flame Barrier","floor":8,"key":"SMITH"},{"floor":15,"key":"REST"}],"circlet_count":0,"master_deck":["AscendersBane","Strike_R","Strike_R","Strike_R","Strike_R","Defend_R","Defend_R","Bash","Uppercut+1","Thunderclap","Flame Barrier+1","Havoc","Headbutt","Demon Form"],"relics":["Burning Blood","Art of War","SlaversCollar"],"acts_visited":["Exordium","TheCity"],"potions_floor_usage":[16],"damage_taken":[{"damage":6.0,"enemies":"2 Louse","floor":1.0,"turns":4.0},{"damage":9.0,"enemies":"Jaw Worm","floor":2.0,"turns":4.0},{"damage":4,"enemies":"Small Slimes","floor":4,"turns":3},{"damage":8,"enemies":"Looter","floor":5,"turns":2},{"damage":3,"enemies":"3 Louse","floor":11,"turns":4},{"damage":17,"enemies":"Blue Slaver","floor":13,"turns":4},{"damage":22,"enemies":"The Guardian","floor":16,"turns":11},{"damage":42,"enemies":"Shell Parasite","floor":18,"turns":7}],"seed_played":"-863545159399182466","potions_obtained":[{"floor":1.0,"key":"EssenceOfSteel"},{"floor":5,"key":"GamblersBrew"},{"floor":13,"key":"LiquidBronze"}],"is_trial":false,"path_per_floor":["M","M","$","M","M","R","$","R","T","?","M","?","M","$","R","B",null,"M"],"character_chosen":"IRONCLAD","items_purchased":[],"campfire_rested":1,"item_purchase_floors":[],"current_hp_per_floor":[50,47,47,49,47,47,47,47,47,36,39,39,28,28,50,34,65,23,23],"gold":298,"neow_bonus":"TWO_FIFTY_GOLD","is_daily":false,"chose_seed":false,"campfire_upgraded":2,"win_rate":0.0,"timestamp":1610273103,"path_taken":["M","M","$","M","M","R","$","R","T","?","M","?","M","$","R","BOSS","M"],"items_purchased_type":[],"build_version":"2020-12-22","purchased_purges":3,"victory":false,"max_hp_per_floor":[75,75,75,75,75,75,75,75,75,75,75,75,75,75,75,75,75,75,75],"card_choices":[{"not_picked":["Blood for Blood","Armaments"],"picked":"Uppercut","floor":1.0},{"not_picked":["Infernal Blade","Twin Strike"],"picked":"Thunderclap","floor":2.0},{"not_picked":["Carnage","Spot Weakness"],"picked":"Flame Barrier","floor":4},{"not_picked":["Uppercut","Dark Embrace","Thunderclap"],"picked":"SKIP","floor":5},{"not_picked":["Clothesline","Combust"],"picked":"Havoc","floor":11},{"not_picked":["Havoc","Sword Boomerang"],"picked":"Headbutt","floor":13},{"not_picked":["Limit Break","Brutality"],"picked":"Demon Form","floor":16}],"player_experience":128317,"relics_obtained":[{"floor":9,"key":"Art of War"}],"event_choices":[{"damage_healed":0,"gold_gain":75,"player_choice":"Gather Gold","damage_taken":11,"max_hp_gain":0,"max_hp_loss":0,"event_name":"World of Goop","floor":10,"gold_loss":0},{"damage_healed":0,"gold_gain":0,"player_choice":"Ignored","damage_taken":0,"max_hp_gain":0,"max_hp_loss":0,"event_name":"Golden Idol","floor":12,"gold_loss":0}],"is_beta":false,"boss_relics":[{"not_picked":["Philosopher\u0027s Stone","Snecko Eye"],"picked":"SlaversCollar"}],"items_purged_floors":[3,7,14],"is_endless":false,"potions_floor_spawned":[1,5,13],"killed_by":"Shell Parasite","ascension_level":20}}