{"host":"tvwbxqry54t86y0v","time":1610249723,"event":{"mods":["2.2 Compatiblity","A Magickal Journey","Astrologer","BaseMod","Beaked The Cultist","BetterRewards","Block Reminder","Clockwork Mod","Colored Powertips","DeckTracker","Downfall","Fiend Mod","GungeonMod","Hermit","Hubris","Infinite Spire","Ironclad Rager","Marked Mod","Mimic Mod","Minty Spire (QoL Compilation)","Potionbrewer","Replay The Spire","Shade Mod","Somnambulant","StSLib","The Bug Knight","The Cursed","The Druid","The Elementalist","The Exalted","The Forsaken","The Hierophant","The Jungle","The Marked","The Mystic","The Problem Sleuth","The Runesmith","The Senshi","The Spell Scribe","The Valiant","The Wild Card","TheFirefly","TheHeartMod","Unceasing Turn Reminder","thorton"],"gold_per_floor":[115,190,210,210,310,310,7,7,59,59,94,104,119,138,138,237,237,255,255,273,273,243,243],"floor_reached":22,"playtime":1040,"items_purged":[],"score":184,"play_id":"f1d8465d-f1f0-433b-83e6-d3eeba91f536","local_time":"20210110143523","is_ascension_mode":false,"campfire_choices":[{"data":"theWildCard:Michael","floor":6,"key":"SMITH"},{"floor":8,"key":"REST"},{"data":"Fiend:FiendAja","floor":10,"key":"SMITH"},{"floor":15,"key":"REST"}],"circlet_count":0,"master_deck":["Fiend:FiendDemonSlash","Fiend:FiendDemonSlash","Fiend:FiendDemonSlash","Fiend:FiendDemonSlash","Fiend:FiendDemonSlash","Fiend:FiendFortify","Fiend:FiendFortify","Fiend:FiendFortify","Fiend:FiendFortify","Fiend:FiendConsume","Fiend:FiendViolentOutburst","Fiend:FiendBloodlust","Fiend:FiendCancer","theWildCard:Michael+1","Fiend:FiendRage","Fiend:FiendMeatShield","Fiend:FiendVaccine","Fiend:FiendRiskyDice","Fiend:FiendFlay","Fiend:FiendAja+1","Fiend:FiendSalvage","Fiend:FiendBloodlust","Fiend:FiendMeditate","Fiend:FiendBloodstone","Fiend:FiendViolentOutburst+1","Slimebound:Tackle+1","Slimebound:Tackle+1","Slimebound:Tackle+1"],"relics":["Fiend:FiendTotem","Oddly Smooth Stone","potionbrewer:BoosterPack","Runesmith:AutoHammer","Blood Vial","Philosopher\u0027s Stone"],"acts_visited":["Exordium","TheCity"],"potions_floor_usage":[16,16,22,22,22],"damage_taken":[{"damage":4,"enemies":"Small Slimes","floor":1,"turns":4},{"damage":7,"enemies":"Jaw Worm","floor":3,"turns":3},{"damage":29,"enemies":"3 Sentries","floor":11,"turns":7},{"damage":0,"enemies":"Cultist","floor":12,"turns":3},{"damage":11,"enemies":"Red Slaver","floor":13,"turns":3},{"damage":18,"enemies":"3 Louse","floor":14,"turns":4},{"damage":15,"enemies":"Fading Forest","floor":16,"turns":11},{"damage":37,"enemies":"Chosen","floor":18,"turns":5},{"damage":26,"enemies":"Shell Parasite","floor":20,"turns":5},{"damage":27,"enemies":"Shelled Parasite and Fungi","floor":22,"turns":4}],"seed_played":"7260463680555900664","potions_obtained":[{"floor":11,"key":"ColorlessPotion"},{"floor":12,"key":"potionbrewer:CleansingPotion"},{"floor":13,"key":"sneckomod:MuddlingPotion"},{"floor":16,"key":"SkillPotion"},{"floor":18,"key":"potionbrewer:MidasPotion"},{"floor":20,"key":"AttackPotion"}],"is_trial":false,"path_per_floor":["M","?","M","?","?","R","$","R","T","R","E","M","M","M","R","B",null,"M","?","M","?","M"],"character_chosen":"THE_FIEND","items_purchased":["Oddly Smooth Stone","potionbrewer:BoosterPack"],"campfire_rested":2,"item_purchase_floors":[7,7],"current_hp_per_floor":[66,55,48,48,48,48,48,69,69,69,47,49,47,38,59,53,70,33,33,16,16,0,0],"gold":243,"neow_bonus":"THREE_CARDS","is_daily":false,"chose_seed":false,"campfire_upgraded":2,"win_rate":0.0,"timestamp":1610249723,"path_taken":["M","?","M","?","?","R","$","R","T","R","E","?","M","M","R","BOSS","M","?","M","?","M"],"items_purchased_type":["Relic","Relic"],"build_version":"2020-12-22","purchased_purges":0,"victory":false,"max_hp_per_floor":[70,70,70,70,70,70,70,70,70,70,70,70,70,70,70,70,70,70,70,70,70,72,72],"card_choices":[{"not_picked":["Fiend:FiendSalvage","Fiend:FiendMeatShield"],"picked":"Fiend:FiendViolentOutburst","floor":0},{"not_picked":["Fiend:FiendSliceAndDice","Fiend:FiendConserve"],"picked":"Fiend:FiendBloodlust","floor":1},{"not_picked":["Fiend:FiendInjection","Fiend:FiendFleshPlating"],"picked":"Fiend:FiendCancer","floor":3},{"not_picked":["Fiend:FiendDemonicContract","Fiend:FiendFiendishCharge","Fiend:FiendConserve"],"picked":"SKIP","floor":11},{"not_picked":["Fiend:FiendRampage","Fiend:FiendFiendishCharge"],"picked":"Fiend:FiendSalvage","floor":12},{"not_picked":["Fiend:FiendVaccine","Fiend:FiendRam"],"picked":"Fiend:FiendBloodlust","floor":13},{"not_picked":["Fiend:FiendHealBurst","Fiend:FiendFleshPlating"],"picked":"Fiend:FiendMeditate","floor":14},{"not_picked":["Fiend:FiendBribery","Fiend:FiendFiendsGrip"],"picked":"Fiend:FiendBloodstone","floor":16},{"not_picked":["Fiend:FiendDemonWhip","Fiend:FiendMeditate"],"picked":"Fiend:FiendViolentOutburst+1","floor":18},{"not_picked":["Fiend:FiendVaccine","Fiend:FiendMeatPaste","Fiend:FiendMeatMagnet"],"picked":"SKIP","floor":20}],"player_experience":1091432,"relics_obtained":[{"floor":9,"key":"Runesmith:AutoHammer"},{"floor":11,"key":"Blood Vial"}],"event_choices":[{"damage_healed":0,"gold_gain":75,"player_choice":"Gather Gold","damage_taken":11,"max_hp_gain":0,"max_hp_loss":0,"event_name":"World of Goop","floor":2,"gold_loss":0},{"damage_healed":0,"gold_gain":100,"player_choice":"Pray","damage_taken":0,"max_hp_gain":0,"max_hp_loss":0,"event_name":"Golden Shrine","floor":5,"gold_loss":0}],"is_beta":false,"boss_relics":[{"not_picked":["Ectoplasm","hubris:BlackHole"],"picked":"Philosopher\u0027s Stone"}],"items_purged_floors":[],"is_endless":false,"potions_floor_spawned":[11,12,13,14,16,18,20],"killed_by":"Shelled Parasite and Fungi","ascension_level":0}}