{"host":"x205naxbihvu3p76","time":1610289324,"event":{"mods":["AchievementEnabler","BaseMod","Minty Spire (QoL Compilation)","StSLib","SuperFastMode"],"gold_per_floor":[119,133,152,170,180,205,235,266,266,266,282,310,338,364,364,437,437,457,468,487,502,519,551,586,620,644,663,676,706,735,762,762,839,839,856,870,888,902,902,932,965,998,998,1014,1040,1070,1070,1070,1070,1070,1070,1070,1070,1070,1100,1100],"floor_reached":57,"playtime":3484,"items_purged":[],"score":5177,"play_id":"28ec6aa5-e0cf-4036-ac15-f103e1d7cc8f","local_time":"20210110233524","is_ascension_mode":true,"campfire_choices":[{"floor":15,"key":"RECALL"},{"floor":32,"key":"REST"},{"floor":49,"key":"REST"},{"floor":53,"key":"REST"}],"circlet_count":1,"master_deck":["Electrodynamics+1","Echo Form+1","Defragment+1","Biased Cognition+1","Heatsinks+1","Storm","Storm","Storm","Creative AI+1","Heatsinks+1","Heatsinks+1","Heatsinks+1","Force Field+1","Force Field+1","Flash of Steel+1","Echo Form","Echo Form+1","Creative AI+1","Creative AI+1"],"relics":["Cracked Core","Circlet","HandDrill","FrozenCore","Runic Capacitor","Snake Skull","Snecko Eye","Cracked Core","Runic Capacitor","Runic Capacitor","Mummified Hand","Bag of Marbles","Bag of Preparation","Bag of Preparation","Lizard Tail","Busted Crown","Inserter","Fusion Hammer","Black Blood","Calipers","Bird Faced Urn","Blue Candle","Singing Bowl","Potion Belt","White Beast Statue","DataDisk","Gremlin Horn","Lantern","Omamori","Ice Cream","FossilizedHelix","OrangePellets","Molten Egg 2","Oddly Smooth Stone","DataDisk","Bottled Lightning","Shuriken","Nunchaku","Runic Dome","Calipers","Smiling Mask","Centennial Puzzle","Potion Belt","Nuclear Battery","Pear","Juzu Bracelet","Singing Bowl","Vajra","WingedGreaves","Pen Nib"],"acts_visited":["Exordium","TheCity","TheBeyond","TheEnding"],"potions_floor_usage":[56,56,56,56],"damage_taken":[{"damage":8,"enemies":"2 Louse","floor":1,"turns":3},{"damage":0,"enemies":"Cultist","floor":2,"turns":1},{"damage":0,"enemies":"Small Slimes","floor":3,"turns":1},{"damage":0,"enemies":"Gremlin Gang","floor":4,"turns":1},{"damage":0,"enemies":"Looter","floor":5,"turns":1},{"damage":0,"enemies":"Lagavulin","floor":6,"turns":1},{"damage":0,"enemies":"Gremlin Nob","floor":7,"turns":1},{"damage":0,"enemies":"3 Sentries","floor":8,"turns":1},{"damage":0,"enemies":"2 Fungi Beasts","floor":11,"turns":1},{"damage":0,"enemies":"Gremlin Nob","floor":12,"turns":1},{"damage":0,"enemies":"3 Sentries","floor":13,"turns":1},{"damage":0,"enemies":"Gremlin Nob","floor":14,"turns":1},{"damage":0,"enemies":"Hexaghost","floor":16,"turns":1},{"damage":0,"enemies":"3 Byrds","floor":18,"turns":2},{"damage":0,"enemies":"Chosen","floor":19,"turns":1},{"damage":0,"enemies":"Snake Plant","floor":20,"turns":1},{"damage":0,"enemies":"Centurion and Healer","floor":21,"turns":1},{"damage":0,"enemies":"Chosen and Byrds","floor":22,"turns":1},{"damage":0,"enemies":"Book of Stabbing","floor":23,"turns":1},{"damage":0,"enemies":"Gremlin Leader","floor":24,"turns":1},{"damage":0,"enemies":"Slavers","floor":25,"turns":1},{"damage":0,"enemies":"Snecko","floor":27,"turns":1},{"damage":0,"enemies":"Centurion and Healer","floor":28,"turns":1},{"damage":0,"enemies":"Book of Stabbing","floor":29,"turns":1},{"damage":0,"enemies":"Slavers","floor":30,"turns":1},{"damage":0,"enemies":"Book of Stabbing","floor":31,"turns":1},{"damage":0,"enemies":"Champ","floor":33,"turns":1},{"damage":0,"enemies":"3 Darklings","floor":35,"turns":1},{"damage":0,"enemies":"Orb Walker","floor":36,"turns":1},{"damage":0,"enemies":"Maw","floor":37,"turns":2},{"damage":0,"enemies":"Spire Growth","floor":38,"turns":1},{"damage":0,"enemies":"Nemesis","floor":40,"turns":1},{"damage":0,"enemies":"Giant Head","floor":41,"turns":2},{"damage":0,"enemies":"Nemesis","floor":42,"turns":1},{"damage":0,"enemies":"Transient","floor":44,"turns":3},{"damage":0,"enemies":"Giant Head","floor":45,"turns":1},{"damage":0,"enemies":"Nemesis","floor":46,"turns":1},{"damage":0,"enemies":"Donu and Deca","floor":50,"turns":1},{"damage":0,"enemies":"Awakened One","floor":51,"turns":2},{"damage":0,"enemies":"Shield and Spear","floor":55,"turns":1},{"damage":0,"enemies":"The Heart","floor":56,"turns":5}],"seed_played":"-3788311007164670710","potions_obtained":[{"floor":1,"key":"CultistPotion"},{"floor":2,"key":"DistilledChaos"},{"floor":3,"key":"Weak Potion"},{"floor":4,"key":"SteroidPotion"},{"floor":21,"key":"Swift Potion"},{"floor":22,"key":"Swift Potion"},{"floor":30,"key":"FearPotion"},{"floor":33,"key":"FearPotion"},{"floor":35,"key":"Fruit Juice"},{"floor":37,"key":"FearPotion"},{"floor":40,"key":"FocusPotion"},{"floor":42,"key":"EssenceOfDarkness"}],"is_trial":false,"path_per_floor":["M","M","M","M","M","E","E","E","T","?","M","E","E","E","R","B",null,"M","M","M","M","M","E","E","E","T","M","M","E","E","E","R","B",null,"M","M","M","M","?","E","E","E","T","M","E","E","?","?","R","B","B",null,"R","$","E","B",null],"character_chosen":"DEFECT","items_purchased":[],"campfire_rested":3,"item_purchase_floors":[],"current_hp_per_floor":[56,73,75,77,79,81,83,85,85,85,87,89,91,93,93,93,93,95,97,99,99,101,103,105,107,107,109,111,113,115,117,117,119,119,121,123,125,127,127,129,131,141,141,143,145,147,147,147,147,147,147,147,147,147,149,154],"gold":1100,"neow_bonus":"TRANSFORM_CARD","is_daily":false,"chose_seed":false,"campfire_upgraded":0,"win_rate":0.0,"timestamp":1610289324,"path_taken":["M","M","M","M","M","E","E","E","T","?","M","E","E","E","R","BOSS","M","M","M","M","M","E","E","E","T","M","M","E","E","E","R","BOSS","M","M","M","M","?","E","E","E","T","M","E","E","?","?","R","BOSS","BOSS","R","$","E","BOSS"],"items_purchased_type":[],"build_version":"2020-12-22","purchased_purges":0,"victory":true,"max_hp_per_floor":[71,73,75,77,79,81,83,85,85,85,87,89,91,93,93,93,93,95,97,99,99,101,103,105,107,107,109,111,113,115,117,117,119,119,121,123,125,127,127,129,131,141,141,143,145,147,147,147,147,147,147,147,147,147,149,154],"card_choices":[{"not_picked":["Auto Shields","Turbo"],"picked":"Chill","floor":1},{"not_picked":["Sweeping Beam"],"picked":"Singing Bowl","floor":2},{"not_picked":["Lockon"],"picked":"Singing Bowl","floor":3},{"not_picked":["Barrage"],"picked":"Singing Bowl","floor":4},{"not_picked":["Conserve Battery"],"picked":"Singing Bowl","floor":5},{"not_picked":["Reprogram"],"picked":"Singing Bowl","floor":6},{"not_picked":["FTL+1"],"picked":"Singing Bowl","floor":7},{"not_picked":["Sunder+1"],"picked":"Singing Bowl","floor":8},{"not_picked":["Stack"],"picked":"Singing Bowl","floor":11},{"not_picked":["Chill"],"picked":"Singing Bowl","floor":12},{"not_picked":["Loop"],"picked":"Singing Bowl","floor":13},{"not_picked":["Cold Snap+1"],"picked":"Singing Bowl","floor":14},{"not_picked":["Redo"],"picked":"Singing Bowl","floor":18},{"not_picked":["BootSequence"],"picked":"Singing Bowl","floor":19},{"not_picked":["Rebound+1"],"picked":"SKIP","floor":20},{"not_picked":["Rebound+1"],"picked":"Singing Bowl","floor":20},{"not_picked":["Chill"],"picked":"SKIP","floor":21},{"not_picked":["Chill"],"picked":"SKIP","floor":21},{"not_picked":["Sweeping Beam+1"],"picked":"Singing Bowl","floor":22},{"not_picked":["Conserve Battery"],"picked":"Singing Bowl","floor":23},{"not_picked":["Static Discharge"],"picked":"Singing Bowl","floor":24},{"not_picked":["Leap+1"],"picked":"Singing Bowl","floor":25},{"not_picked":["Compile Driver+1"],"picked":"Singing Bowl","floor":27},{"not_picked":["Echo Form"],"picked":"Singing Bowl","floor":28},{"not_picked":["Rip and Tear+1"],"picked":"Singing Bowl","floor":29},{"not_picked":["Redo"],"picked":"Singing Bowl","floor":30},{"not_picked":["Leap+1"],"picked":"Singing Bowl","floor":31},{"not_picked":["Amplify"],"picked":"Singing Bowl","floor":33},{"not_picked":["Hologram"],"picked":"Singing Bowl","floor":35},{"not_picked":["Consume+1"],"picked":"Singing Bowl","floor":36},{"not_picked":["Gash+1"],"picked":"Singing Bowl","floor":37},{"not_picked":["Rebound+1"],"picked":"Singing Bowl","floor":38},{"not_picked":["Hologram"],"picked":"Singing Bowl","floor":40},{"not_picked":["Compile Driver+1"],"picked":"Singing Bowl","floor":41},{"not_picked":["Steam"],"picked":"SKIP","floor":42},{"not_picked":["Redo+1"],"picked":"Singing Bowl","floor":44},{"not_picked":["FTL+1"],"picked":"Singing Bowl","floor":45},{"not_picked":["Hyperbeam+1"],"picked":"Singing Bowl","floor":46},{"not_picked":["Turbo"],"picked":"Singing Bowl","floor":55}],"player_experience":963708,"relics_obtained":[{"floor":6,"key":"Molten Egg 2"},{"floor":7,"key":"Oddly Smooth Stone"},{"floor":8,"key":"DataDisk"},{"floor":9,"key":"Bottled Lightning"},{"floor":12,"key":"Shuriken"},{"floor":13,"key":"Nunchaku"},{"floor":23,"key":"Calipers"},{"floor":24,"key":"Smiling Mask"},{"floor":25,"key":"Centennial Puzzle"},{"floor":29,"key":"Potion Belt"},{"floor":42,"key":"Pear"},{"floor":43,"key":"Juzu Bracelet"},{"floor":45,"key":"Singing Bowl"},{"floor":46,"key":"Vajra"},{"floor":55,"key":"Pen Nib"}],"event_choices":[{"damage_healed":0,"gold_gain":0,"player_choice":"Leave","damage_taken":0,"max_hp_gain":0,"max_hp_loss":0,"event_name":"FaceTrader","floor":10,"gold_loss":0},{"damage_healed":0,"gold_gain":0,"player_choice":"Ignored","damage_taken":0,"max_hp_gain":0,"max_hp_loss":0,"event_name":"Tomb of Lord Red Mask","floor":39,"gold_loss":0},{"damage_healed":0,"gold_gain":0,"player_choice":"Full Heal","damage_taken":0,"max_hp_gain":0,"max_hp_loss":0,"event_name":"Wheel of Change","floor":47,"gold_loss":0},{"damage_healed":29,"gold_gain":0,"player_choice":"Writhe","damage_taken":0,"max_hp_gain":0,"max_hp_loss":0,"event_name":"Winding Halls","floor":48,"gold_loss":0,"cards_obtained":["Writhe"]}],"is_beta":false,"boss_relics":[{"not_picked":["Inserter","SlaversCollar"],"picked":"Runic Dome"},{"not_picked":["Pandora\u0027s Box","Astrolabe"],"picked":"Nuclear Battery"}],"items_purged_floors":[],"is_endless":false,"potions_floor_spawned":[1,2,3,4,5,6,7,8,11,12,13,14,16,18,19,20,21,22,23,24,25,27,28,29,30,31,33,35,36,37,38,40,41,42,44,45,46,55],"ascension_level":20}}