{"host":"a6pjfiz7lhls3cu7","time":1610259006,"event":{"mods":["AchievementEnabler","BaseMod","Colored Map","Colored Powertips","Highlight Path","Minty Spire (QoL Compilation)","Random Character Button","Relic Stats"],"gold_per_floor":[99,66,66,66,66,66,66,66,66,66,66,66,66,66,66,66,66,66,66,66,66,66,66,66,66,66,66,66,66,66,66],"floor_reached":30,"playtime":1056,"items_purged":[],"score":319,"play_id":"afbb0bf6-4208-470b-beb3-c7a497ff1731","local_time":"20210109231006","is_ascension_mode":true,"campfire_choices":[{"floor":6,"key":"REST"},{"floor":8,"key":"REST"},{"floor":15,"key":"REST"},{"floor":24,"key":"REST"},{"floor":29,"key":"REST"}],"circlet_count":0,"master_deck":["Strike_G","Strike_G","Strike_G","Strike_G","Strike_G","Defend_G","Defend_G+1","Defend_G","Survivor","Neutralize","Poisoned Stab+1","Caltrops","Blade Dance","Crippling Poison","Catalyst","Accuracy","Deadly Poison","Deadly Poison","Blade Dance+1","Poisoned Stab+1","Deadly Poison","Caltrops","Terror"],"relics":["Ectoplasm","Prayer Wheel","Akabeko","Lantern","Omamori","Empty Cage","Art of War","Juzu Bracelet","White Beast Statue"],"acts_visited":["Exordium","TheCity"],"potions_floor_usage":[7,12,23,25,28,28,28,28,30],"damage_taken":[{"damage":0,"enemies":"2 Louse","floor":1,"turns":3},{"damage":4,"enemies":"Small Slimes","floor":4,"turns":4},{"damage":49,"enemies":"Gremlin Nob","floor":7,"turns":6},{"damage":9,"enemies":"3 Sentries","floor":10,"turns":10},{"damage":15,"enemies":"Lagavulin","floor":12,"turns":5},{"damage":1,"enemies":"Cultist","floor":13,"turns":3},{"damage":0,"enemies":"Blue Slaver","floor":14,"turns":2},{"damage":28,"enemies":"The Guardian","floor":16,"turns":8},{"damage":24,"enemies":"Spheric Guardian","floor":18,"turns":5},{"damage":4,"enemies":"Chosen","floor":21,"turns":4},{"damage":17,"enemies":"Book of Stabbing","floor":23,"turns":4},{"damage":13,"enemies":"Snecko","floor":25,"turns":4},{"damage":19,"enemies":"Centurion and Healer","floor":28,"turns":5},{"damage":28,"enemies":"Slavers","floor":30,"turns":3}],"seed_played":"7683867403341676448","potions_obtained":[{"floor":4,"key":"EssenceOfSteel"},{"floor":7,"key":"LiquidMemories"},{"floor":10,"key":"PowerPotion"},{"floor":18,"key":"EntropicBrew"},{"floor":21,"key":"Energy Potion"},{"floor":28,"key":"AttackPotion"}],"is_trial":false,"path_per_floor":["M","?","?","M","?","R","E","R","T","E","$","E","M","M","R","B",null,"M","?","?","M","$","E","R","M","T","?","M","R","E"],"character_chosen":"THE_SILENT","items_purchased":[],"campfire_rested":5,"item_purchase_floors":[],"current_hp_per_floor":[70,70,70,66,52,70,21,42,42,33,33,18,17,17,38,10,70,46,33,33,29,29,12,34,21,21,21,2,24,0,0],"gold":66,"neow_bonus":"BOSS_RELIC","is_daily":false,"chose_seed":false,"campfire_upgraded":0,"win_rate":0.0,"timestamp":1610259006,"path_taken":["M","?","?","M","?","R","E","R","T","E","?","E","M","M","R","BOSS","M","?","?","M","$","E","R","?","T","?","M","R","E"],"items_purchased_type":[],"build_version":"2020-12-22","purchased_purges":0,"victory":false,"max_hp_per_floor":[70,70,70,70,70,70,70,70,70,70,70,70,70,70,70,70,70,70,75,75,75,75,75,75,75,75,75,75,75,75,75],"relic_stats":{"counters":[14,66],"Prayer Wheel":6,"Ectoplasm":426,"Art of War":[3],"Juzu Bracelet":0,"obtain_stats":[{"Lantern":10,"Prayer Wheel":7,"Ectoplasm":0,"Omamori":12,"Art of War":23,"Juzu Bracelet":26,"Empty Cage":17,"Akabeko":9,"White Beast Statue":27,"Ring of the Snake":0},{"Lantern":4,"Prayer Wheel":3,"Ectoplasm":0,"Omamori":5,"Art of War":11,"Juzu Bracelet":12,"Empty Cage":8,"Akabeko":3,"White Beast Statue":12,"Ring of the Snake":0},{"Lantern":23,"Prayer Wheel":13,"Ectoplasm":0,"Omamori":28,"Art of War":54,"Juzu Bracelet":58,"Empty Cage":41,"Akabeko":13,"White Beast Statue":58,"Ring of the Snake":0}]},"card_choices":[{"not_picked":["Underhanded Strike","Acrobatics","Distraction"],"picked":"SKIP","floor":1},{"not_picked":["Underhanded Strike","Predator"],"picked":"Poisoned Stab","floor":4},{"not_picked":["Underhanded Strike","Masterful Stab"],"picked":"Caltrops","floor":7},{"not_picked":["Underhanded Strike","Concentrate"],"picked":"Blade Dance","floor":10},{"not_picked":["Outmaneuver","Finisher"],"picked":"Crippling Poison","floor":12},{"not_picked":["Flying Knee","Prepared"],"picked":"Catalyst","floor":13},{"not_picked":["Footwork","Dagger Throw","Storm of Steel"],"picked":"SKIP","floor":13},{"not_picked":["Deflect","Slice"],"picked":"Accuracy","floor":14},{"not_picked":["Bouncing Flask","Underhanded Strike"],"picked":"Deadly Poison","floor":14},{"not_picked":["Quick Slash","Setup+1"],"picked":"Deadly Poison","floor":18},{"not_picked":["Quick Slash+1","Setup","Riddle With Holes"],"picked":"SKIP","floor":18},{"not_picked":["Choke","Crippling Poison"],"picked":"Blade Dance+1","floor":21},{"not_picked":["Sucker Punch+1","Quick Slash+1"],"picked":"Poisoned Stab+1","floor":21},{"not_picked":["Bane","Dagger Throw+1"],"picked":"Deadly Poison","floor":23},{"not_picked":["Deflect","Bane"],"picked":"Caltrops","floor":25},{"not_picked":["Outmaneuver","Dagger Spray+1"],"picked":"Terror","floor":25},{"not_picked":["Outmaneuver","Choke","Grand Finale"],"picked":"SKIP","floor":28},{"not_picked":["Heel Hook+1","Outmaneuver","Dagger Throw+1"],"picked":"SKIP","floor":28}],"player_experience":295025,"relics_obtained":[{"floor":7,"key":"Prayer Wheel"},{"floor":9,"key":"Akabeko"},{"floor":10,"key":"Lantern"},{"floor":12,"key":"Omamori"},{"floor":23,"key":"Art of War"},{"floor":26,"key":"Juzu Bracelet"}],"event_choices":[{"damage_healed":0,"gold_gain":0,"player_choice":"Left Gold","damage_taken":0,"max_hp_gain":0,"max_hp_loss":0,"event_name":"World of Goop","floor":2,"gold_loss":33},{"damage_healed":0,"gold_gain":0,"player_choice":"Ignored","damage_taken":0,"max_hp_gain":0,"max_hp_loss":0,"event_name":"Golden Idol","floor":3,"gold_loss":0},{"damage_healed":0,"gold_gain":0,"player_choice":"Entered Light","damage_taken":14,"max_hp_gain":0,"max_hp_loss":0,"event_name":"Shining Light","floor":5,"gold_loss":0,"cards_upgraded":["Poisoned Stab","Defend_G"]},{"damage_healed":0,"gold_gain":0,"player_choice":"Shed Blood","damage_taken":18,"max_hp_gain":5,"max_hp_loss":0,"event_name":"Forgotten Altar","floor":19,"gold_loss":0},{"damage_healed":0,"gold_gain":0,"player_choice":"Bought 0 Potions","damage_taken":0,"max_hp_gain":0,"max_hp_loss":0,"event_name":"The Woman in Blue","floor":20,"gold_loss":0},{"damage_healed":0,"gold_gain":0,"player_choice":"Opened","damage_taken":0,"relics_obtained":["White Beast Statue"],"max_hp_gain":0,"max_hp_loss":0,"event_name":"The Mausoleum","floor":27,"gold_loss":0,"cards_obtained":["Writhe"]}],"is_beta":false,"boss_relics":[{"not_picked":["Cursed Key","Velvet Choker"],"picked":"Empty Cage"}],"items_purged_floors":[],"is_endless":false,"potions_floor_spawned":[4,7,10,18,21,28],"killed_by":"Slavers","ascension_level":4}}