{"host":"vzygucmp2u9s1xuv","time":1610278782,"event":{"mods":["BaseMod","Colored Map","DeckTracker","Keyboard Shortcuts","Minty Spire (QoL Compilation)","Quick Restart","StSLib","SuperFastMode"],"gold_per_floor":[115,115,115,115,35,75,75,21,45,45,79,79,79],"floor_reached":12,"playtime":129,"items_purged":[],"score":178,"play_id":"c03d4647-2708-43c4-bad8-8732b05d466a","local_time":"20210110203942","is_ascension_mode":true,"campfire_choices":[{"floor":7,"key":"REST"},{"data":"Dagger Spray","floor":10,"key":"SMITH"}],"circlet_count":0,"master_deck":["AscendersBane","Strike_G","Strike_G","Strike_G","Strike_G","Defend_G","Defend_G","Defend_G","Defend_G","Defend_G","Survivor","Neutralize","Dagger Throw","Calculated Gamble","Footwork","Flechettes","Dagger Spray+1","Cloak And Dagger"],"relics":["Ring of the Snake","NeowsBlessing","Anchor","Golden Idol","Sundial","CeramicFish"],"acts_visited":["Exordium"],"potions_floor_usage":[],"damage_taken":[{"damage":0,"enemies":"Small Slimes","floor":1,"turns":1},{"damage":0,"enemies":"3 Sentries","floor":6,"turns":2},{"damage":0,"enemies":"Cultist","floor":11,"turns":1},{"damage":54,"enemies":"Lagavulin","floor":12,"turns":8}],"seed_played":"-2062043902209453122","potions_obtained":[{"floor":11,"key":"GhostInAJar"}],"is_trial":false,"path_per_floor":["M","?","?","?","$","E","R","$","T","R","M","E"],"character_chosen":"THE_SILENT","items_purchased":["Footwork","Dagger Spray"],"campfire_rested":1,"item_purchase_floors":[5,8],"current_hp_per_floor":[59,33,33,33,33,33,51,51,51,51,51,0,0],"gold":79,"neow_bonus":"THREE_ENEMY_KILL","is_daily":false,"chose_seed":false,"campfire_upgraded":1,"win_rate":0.0,"timestamp":1610278782,"path_taken":["M","?","?","?","$","E","R","$","T","R","?","E"],"items_purchased_type":["Card","Card"],"build_version":"2020-12-22","purchased_purges":0,"victory":false,"max_hp_per_floor":[66,66,60,60,60,60,60,60,60,60,60,60,60],"card_choices":[{"not_picked":["Setup","Predator"],"picked":"Dagger Throw","floor":1},{"not_picked":["Sucker Punch","Acrobatics"],"picked":"Flechettes","floor":6},{"not_picked":["Prepared","Dagger Spray"],"picked":"Cloak And Dagger","floor":11}],"player_experience":654840,"relics_obtained":[{"floor":6,"key":"Sundial"},{"floor":9,"key":"CeramicFish"}],"event_choices":[{"damage_healed":0,"gold_gain":0,"player_choice":"Success","damage_taken":26,"relics_obtained":["Anchor"],"max_hp_gain":0,"max_hp_loss":0,"event_name":"Scrap Ooze","floor":2,"gold_loss":0},{"damage_healed":0,"gold_gain":0,"player_choice":"Lose Max HP","damage_taken":0,"relics_obtained":["Golden Idol"],"max_hp_gain":0,"max_hp_loss":6,"event_name":"Golden Idol","floor":3,"gold_loss":0},{"damage_healed":0,"gold_gain":0,"cards_transformed":["Strike_G"],"player_choice":"Transformed","damage_taken":0,"max_hp_gain":0,"max_hp_loss":0,"event_name":"Transmorgrifier","floor":4,"gold_loss":0,"cards_obtained":["Calculated Gamble"]}],"is_beta":false,"boss_relics":[],"items_purged_floors":[],"is_endless":false,"potions_floor_spawned":[11],"killed_by":"Lagavulin","ascension_level":16}}