{"host":"g75gtovmj0ine2rf","time":1610247662,"event":{"mods":["2.2 Compatiblity","AchievementEnabler","Act Like it!","Aspiration","Astrologer","Bard","BaseMod","Better Match","BetterRewards","CapriCore","Challenge The Spire","ChefMod","Clockwork Mod","Colored Map","Conspire","Elementarium","Energized Spire","Friendly Minions","Gensokyo","Halation","Hallownest","Hermit","HexUI Lib","Highlight Path","Hubris","Infinite Spire","Jedi Mod","Lobotomy","Menagerie","Minty Spire (QoL Compilation)","Puzzle Mod","Quick Restart","Rare Cards Sparkle","Relic Stats","Replay The Spire","Robot Space Explorer","Shade Mod","Shop Mod","Spicy Shops","StSLib","SuperFastMode","The Construct","The Cursed","The Dragon Tamer","The Factory","The Jungle","The Marked","The Runesmith","TheBandit","TheFirefly","TheSwordswoman","TheVacant","Transform Curses","Wandering Minibosses","thorton","vexMod"],"gold_per_floor":[20,20,20,20,20,47,58,58,84,110,123,123,149,168,168,271,271,281,281,281,95,112,112,145,159,184,202,127,127,151,160,160,278,278,290,409,409,420,431,431,473,473,500,500,519,519,537,551,551,551],"floor_reached":51,"playtime":3781,"items_purged":["Clockwork:Shield"],"score":565,"play_id":"b8ab4ff1-3b7d-4742-99eb-2e52906a735c","local_time":"20210110140102","is_ascension_mode":false,"campfire_choices":[{"data":"Clockwork:SiegeStrike","floor":8.0,"key":"SMITH"},{"data":"Clockwork:RevUp","floor":23,"key":"SMITH"},{"floor":29,"key":"REST"},{"data":"Clockwork:LiteraryArmor","floor":29,"key":"SMITH"},{"floor":32,"key":"REST"},{"data":"Clockwork:AssemblyLine","floor":32,"key":"SMITH"},{"floor":40,"key":"REST"},{"data":"Clockwork:PerfectForm","floor":40,"key":"SMITH"},{"floor":42,"key":"REST"},{"data":"Clockwork:Tinker","floor":42,"key":"SMITH"},{"floor":46,"key":"REST"},{"floor":46,"key":"RECALL"}],"circlet_count":0,"master_deck":["Clockwork:Strike+1","Clockwork:Shield+1","Clockwork:Shield","Clockwork:Shield+1","Clockwork:Tinker+1","Clockwork:CogShield+1","Clockwork:HeadStart+1","Clockwork:SiegeStrike+1","Clockwork:LiteraryArmor+1","CurseOfTheBell","Clockwork:RevUp+1","Clockwork:HeadStart+1","Clockwork:AssemblyLine+1","Clockwork:PerfectForm+1","Panic Button+1","Clockwork:ElasticNanites+1"],"relics":["Clockwork:MomentumEngine","Ginger","Kunai","Akabeko","War Paint","Clockwork:CopperScales","Replay:Accelerometer","Calling Bell","aspiration:HiddenCompartment","jedi:archwizardhat","Runesmith:Locket","infinitespire:Magic Flask","Boot","Clockwork:Varja","CeramicFish","Clockwork:QuicksilverHourglass","Elementarium:ElementariumTrophy","aspiration:DefectSkillbook","Clockwork:SomewhatSmoothStone","halation:TwoAmDonut","Replay:Baseball"],"acts_visited":["Exordium","Hallownest:Greenpath","TheBeyond"],"potions_floor_usage":[24,25,33,50],"damage_taken":[{"damage":1.0,"enemies":"Hallownest:monsterHuskWarrior","floor":1.0,"turns":8.0},{"damage":5.0,"enemies":"Hallownest:eliteVengeflyKing","floor":6.0,"turns":18.0},{"damage":1.0,"enemies":"Hallownest:2_MossCreeps","floor":7.0,"turns":7.0},{"damage":1.0,"enemies":"Hallownest:eliteCrystalGuardian","floor":10.0,"turns":8.0},{"damage":5.0,"enemies":"Hallownest:monsterHuskGuard","floor":11.0,"turns":4.0},{"damage":16.0,"enemies":"Hallownest:monsterMarmu","floor":12.0,"turns":6.0},{"damage":0.0,"enemies":"Hallownest:eliteMossKnight","floor":13.0,"turns":7.0},{"damage":0.0,"enemies":"Hallownest:Wandering_and_Horned","floor":14.0,"turns":6.0},{"damage":1.0,"enemies":"Hallownest:BossFalseKnight","floor":16.0,"turns":13.0},{"damage":0,"enemies":"Elementarium:2_ELEMENTALS","floor":18,"turns":4},{"damage":25,"enemies":"Elementarium:Cyclone","floor":22,"turns":6},{"damage":51,"enemies":"Elementarium:FIRE_NOBILITY","floor":24,"turns":10},{"damage":5,"enemies":"Elementarium:STONE_GOLEMS","floor":25,"turns":7},{"damage":3,"enemies":"Elementarium:VOID_CORRUPTION_AND_ORB_OF_FIRE","floor":27,"turns":6},{"damage":19,"enemies":"Elementarium:RubyGolem","floor":30,"turns":4},{"damage":17,"enemies":"Elementarium:GolemEmperor","floor":33,"turns":11},{"damage":2,"enemies":"3 Shapes","floor":35,"turns":4},{"damage":8,"enemies":"Orb Walker","floor":38,"turns":3},{"damage":31,"enemies":"Jaw Worm Horde","floor":39,"turns":6},{"damage":13,"enemies":"R_Hoarder","floor":41,"turns":10},{"damage":20,"enemies":"Transient","floor":45,"turns":5},{"damage":0,"enemies":"Writhing Mass","floor":47,"turns":5},{"damage":17,"enemies":"Jaw Worm Horde","floor":48,"turns":4},{"damage":3,"enemies":"Jaw Worm Horde","floor":49,"turns":4},{"damage":3,"enemies":"Replay:Hell Engine","floor":50,"turns":9}],"seed_played":"5386572617963844913","potions_obtained":[{"floor":1.0,"key":"Elixir"},{"floor":6.0,"key":"BlessingOfTheForge"},{"floor":11.0,"key":"Languid Potion"},{"floor":14.0,"key":"LifebloodPotion"},{"floor":16.0,"key":"AttackPotion"},{"floor":24,"key":"FearPotion"},{"floor":30,"key":"Doom Potion"},{"floor":41,"key":"Dexterity Potion"},{"floor":48,"key":"LiquidMemories"}],"is_trial":false,"path_per_floor":["M","$","?","?","$","E","M","R","T","E","M","?","E","M","R_BF","B",null,"M","?","T","$","M","R","E","M","T","M","?","R","M","?","R","B",null,"M","?","?","M","M","R","E","R","T","?","M","R","M","M","R_BF","B",null],"character_chosen":"CLOCKWORK","items_purchased":["Clockwork:RevUp"],"campfire_rested":5,"item_purchase_floors":[21],"current_hp_per_floor":[84,84,84,84,84,79,78,78,78,77,72,56,56,56,81,80,85,85,85,85,85,60,60,9,4,4,1,1,26,7,7,32,15,85,83,83,83,75,44,69,56,81,81,81,61,85,85,68,65,62],"gold":551,"neow_bonus":"ONE_RARE_RELIC","is_daily":false,"chose_seed":false,"campfire_upgraded":6,"win_rate":0.0,"timestamp":1610247662,"path_taken":["M","?","?","?","$","E","M","R","T","E","M","?","E","M","R_BF","BOSS","M","?","?","$","M","R","E","M","T","M","?","R","?","?","R","BOSS","M","?","?","M","M","R","E","R","T","?","M","R","M","?","R_BF","BOSS"],"items_purchased_type":["Card"],"build_version":"2020-12-22","purchased_purges":1,"victory":true,"max_hp_per_floor":[85,85,85,85,85,85,85,85,85,85,85,85,85,85,85,85,85,85,85,85,85,85,85,85,85,85,85,85,85,85,85,85,85,85,85,85,85,85,85,85,85,85,85,85,85,85,85,85,85,85],"relic_stats":{"counters":[25,174],"CeramicFish":63,"Ginger":[30],"Kunai":[32],"War Paint":["Clockwork:Shield","Clockwork:CraftCopperScales"],"Boot":[40],"obtain_stats":[{"Replay:Accelerometer":13,"Clockwork:CopperScales":11,"CeramicFish":26,"Clockwork:SomewhatSmoothStone":41,"Runesmith:Locket":17,"Clockwork:Varja":25,"Ginger":0,"infinitespire:Magic Flask":20,"War Paint":10,"jedi:archwizardhat":17,"aspiration:HiddenCompartment":17,"Boot":24,"Akabeko":9,"Clockwork:MomentumEngine":0,"Calling Bell":17,"Replay:Baseball":43,"Clockwork:QuicksilverHourglass":30,"Elementarium:ElementariumTrophy":33,"aspiration:DefectSkillbook":34,"Kunai":6,"halation:TwoAmDonut":41},{"Replay:Accelerometer":7,"Clockwork:CopperScales":5,"CeramicFish":13,"Clockwork:SomewhatSmoothStone":20,"Runesmith:Locket":9,"Clockwork:Varja":13,"Ginger":0,"infinitespire:Magic Flask":10,"War Paint":4,"jedi:archwizardhat":9,"aspiration:HiddenCompartment":9,"Boot":12,"Akabeko":3,"Clockwork:MomentumEngine":0,"Calling Bell":9,"Replay:Baseball":20,"Clockwork:QuicksilverHourglass":15,"Elementarium:ElementariumTrophy":16,"aspiration:DefectSkillbook":16,"Kunai":2,"halation:TwoAmDonut":20},{"Replay:Accelerometer":58,"Clockwork:CopperScales":43,"CeramicFish":104,"Clockwork:SomewhatSmoothStone":139,"Runesmith:Locket":77,"Clockwork:Varja":102,"Ginger":0,"infinitespire:Magic Flask":81,"War Paint":41,"jedi:archwizardhat":77,"aspiration:HiddenCompartment":77,"Boot":97,"Akabeko":33,"Clockwork:MomentumEngine":0,"Calling Bell":77,"Replay:Baseball":148,"Clockwork:QuicksilverHourglass":113,"Elementarium:ElementariumTrophy":125,"aspiration:DefectSkillbook":125,"Kunai":26,"halation:TwoAmDonut":148}]},"card_choices":[{"not_picked":["Clockwork:AdaptiveShield","Clockwork:InertialShield"],"picked":"Clockwork:CogShield","floor":1.0},{"not_picked":["Clockwork:CraftVarja","Clockwork:MechanicalBulk"],"picked":"Clockwork:CraftCopperScales","floor":6.0},{"not_picked":["Clockwork:Pluck","Clockwork:Friction"],"picked":"Clockwork:SiegeStrike","floor":7.0},{"not_picked":["Clockwork:SystemHardening","Clockwork:SystemScan","Clockwork:SearchingStrike"],"picked":"SKIP","floor":10.0},{"not_picked":["Clockwork:AdaptiveCannon","Clockwork:Pluck","Clockwork:SystemHardening"],"picked":"SKIP","floor":11.0},{"not_picked":["Clockwork:Enhance","Clockwork:AdaptiveCannon","Clockwork:Redundancy"],"picked":"SKIP","floor":13.0},{"not_picked":["Clockwork:SystemHardening","Clockwork:PerfectedStrike"],"picked":"Clockwork:LiteraryArmor","floor":14.0},{"not_picked":["Clockwork:SiegeStrike","Clockwork:KaliMa"],"picked":"Clockwork:CraftQuicksilverHourglass","floor":16.0},{"not_picked":["Clockwork:MechanicalMass","Clockwork:SpringShield"],"picked":"Clockwork:CraftCopperScales","floor":18},{"not_picked":["Clockwork:CogToss+1","Clockwork:Improve"],"picked":"Clockwork:CraftVarja+1","floor":22},{"not_picked":["Clockwork:WindupStrike","Clockwork:AeonShield"],"picked":"Clockwork:CraftSomewhatSmoothStone","floor":24},{"not_picked":["Clockwork:HoardingStrike","Clockwork:CogToss"],"picked":"Clockwork:HeadStart+1","floor":25},{"not_picked":["Clockwork:Minimalism","Clockwork:ChargingShield","Clockwork:CogBarrier+1"],"picked":"SKIP","floor":27},{"not_picked":["Clockwork:RevUp","Clockwork:Halt"],"picked":"Clockwork:AssemblyLine","floor":30},{"not_picked":["Clockwork:DefectiveParts","Clockwork:Strangle"],"picked":"Clockwork:PerfectForm","floor":33},{"not_picked":["Clockwork:Clone","Clockwork:StasisBreak","Clockwork:CogToss+1","Gash+1"],"picked":"SKIP","floor":35},{"not_picked":["Clockwork:CogShield","Clockwork:ChargingBlade","Cold Snap"],"picked":"Clockwork:CraftCopperScales","floor":36},{"not_picked":["jedi:BurstDark","Clockwork:TestingEnvironment","Reprogram+1","Clockwork:CogBarrier"],"picked":"SKIP","floor":38},{"not_picked":["Clockwork:TestingEnvironment","Hologram+1","Clockwork:AdaptiveCannon+1","Cold Snap+1"],"picked":"SKIP","floor":39},{"not_picked":["conspire:SharedLibrary+1","Blizzard","Reinforced Body"],"picked":"Panic Button+1","floor":41},{"not_picked":["Hello World+1","Panic Button","Conserve Battery"],"picked":"Clockwork:ElasticNanites+1","floor":45},{"not_picked":["Clockwork:StasisBreak","Stack+1","Clockwork:ChargingBlade","Clockwork:Redundancy+1"],"picked":"SKIP","floor":47},{"not_picked":["Panic Button+1","Go for the Eyes+1","Clockwork:Redundancy","Sweeping Beam"],"picked":"SKIP","floor":48}],"player_experience":1400861,"relics_obtained":[{"floor":6.0,"key":"Kunai"},{"floor":9.0,"key":"Akabeko"},{"floor":10.0,"key":"War Paint"},{"floor":13.0,"key":"Replay:Accelerometer"},{"floor":17.0,"key":"aspiration:HiddenCompartment"},{"floor":17.0,"key":"jedi:archwizardhat"},{"floor":17.0,"key":"Runesmith:Locket"},{"floor":20,"key":"infinitespire:Magic Flask"},{"floor":24,"key":"Boot"},{"floor":26,"key":"CeramicFish"},{"floor":41,"key":"halation:TwoAmDonut"},{"floor":43,"key":"Replay:Baseball"}],"event_choices":[{"cards_removed":["Clockwork:Strike"],"damage_healed":0,"gold_gain":0,"player_choice":"Burn","damage_taken":0,"max_hp_gain":0,"max_hp_loss":0,"event_name":"Elementarium:LostScrolls","floor":19,"gold_loss":0},{"damage_healed":0,"gold_gain":0,"player_choice":"2","damage_taken":0,"max_hp_gain":0,"max_hp_loss":0,"event_name":"betterMatch:BetterMatch","floor":28,"gold_loss":0,"cards_obtained":[]},{"damage_healed":0,"gold_gain":0,"cards_transformed":["Clockwork:WarmUp"],"player_choice":"Scrolls","damage_taken":0,"max_hp_gain":0,"max_hp_loss":0,"event_name":"Elementarium:AbandonedFactory","floor":31,"gold_loss":0,"cards_obtained":["Clockwork:PerfectedShield"]},{"damage_healed":0,"gold_gain":0,"player_choice":"Ignored","damage_taken":0,"max_hp_gain":0,"max_hp_loss":0,"event_name":"Elementarium:ChestOfTheGoldenMirage","floor":37,"gold_loss":0},{"damage_healed":0,"gold_gain":0,"player_choice":"Leave","damage_taken":0,"max_hp_gain":0,"max_hp_loss":0,"event_name":"conspire:Investor","floor":44,"gold_loss":0}],"is_beta":false,"boss_relics":[{"not_picked":["aspiration:RitualDagger","halation:Risk"],"picked":"Calling Bell"},{"not_picked":["hubris:CrackedHourglass","hubris:RunicObelisk"],"picked":"aspiration:DefectSkillbook"}],"items_purged_floors":[21],"is_endless":false,"potions_floor_spawned":[1,6,11,13,14,16,24,30,41,45,48,49],"ascension_level":0}}