{"host":"uc0x0d8zaap3n3zi","time":1610287935,"event":{"mods":["2.2 Compatiblity","AchievementEnabler","Act Like it!","Alarm Clock","BaseMod","Colored Powertips","Downfall","Gensokyo","Minty Spire (QoL Compilation)","Pale of the Ancients","Rare Cards Sparkle","Relic Stats","StSLib","The Cursed","The Marked","The Servant 0.9.4","slay the spire mod where everything is the same but ironclad has a cowboy hat"],"gold_per_floor":[119,119,26,38,54,54,269,269,314,314,344,356,368,175,175,279,279,298,298,298,150,169,182,182,400,470,420,420,440,465,482,482,585,585,602,308,308,308,324,324,337,337,337,205,205,222,222,233,233,233,247,260,360,238,238,238,238,109,109,109,109],"floor_reached":60,"playtime":6098,"items_purged":["Strike_S","Strike_S","Defend_S","Defend_S"],"score":838,"play_id":"16034125-a958-4a30-9d77-971f7413beca","local_time":"20210111031215","is_ascension_mode":false,"campfire_choices":[{"data":"Misdirection","floor":6,"key":"SMITH"},{"data":"KidneyShot","floor":8,"key":"SMITH"},{"data":"FlawlessForm","floor":15,"key":"SMITH"},{"data":"Defy","floor":24,"key":"SMITH"},{"data":"StarChef","floor":28,"key":"SMITH"},{"data":"Barrier","floor":32,"key":"SMITH"},{"data":"Gensokyo:FourOfAKind","floor":40,"key":"SMITH"},{"data":"Gensokyo:FourOfAKind","floor":45,"key":"SMITH"},{"data":"FloweringNight","floor":49,"key":"SMITH"},{"data":"SoulSculpture","floor":55,"key":"SMITH"},{"data":"GearUp","floor":57,"key":"SMITH"}],"circlet_count":0,"master_deck":["Defend_S","Defend_S","KidneyShot+1","Exchange","Misdirection+1","RealityMarble","Defy+1","Ricochet","FlawlessForm+1","SoulSculpture+1","InstantArmor","Gensokyo:FourOfAKind+1","Gensokyo:FourOfAKind+1","Gensokyo:FourOfAKind","Gensokyo:FourOfAKind","Barrier+1","StarChef+1","SilverBlades+1","GearUp+1","FloweringNight+1","Starlight+1","Starlight","Moonlight"],"relics":["Uniform","Vajra","Smiling Mask","Gensokyo:DirgeOfMelancholy","Bag of Preparation","Pantograph","Happy Flower","Black Star","Potion Belt","Gensokyo:DualWield","Dream Catcher","Gremlin Horn","paleoftheancients:Timepiece","paleoftheancients:KeyRelic"],"acts_visited":["Gensokyo:Gensokyo","Gensokyo:Gensokyoer","Gensokyo:Gensokyoest","paleoftheancients:PaleOfTheAncients"],"potions_floor_usage":[7,13,16,33,50,50],"damage_taken":[{"damage":3,"enemies":"Gensokyo:Gryphon","floor":1,"turns":4},{"damage":1,"enemies":"Gensokyo:3_Fairies","floor":4,"turns":5},{"damage":3,"enemies":"Gensokyo:Python","floor":5,"turns":4},{"damage":12,"enemies":"Gensokyo:5_Fairies","floor":7,"turns":10},{"damage":48,"enemies":"Gensokyo:Cirno","floor":11,"turns":7},{"damage":0,"enemies":"Gensokyo:CorruptedTreant","floor":12,"turns":4},{"damage":9,"enemies":"Gensokyo:3_Kodama","floor":13,"turns":4},{"damage":43,"enemies":"Gensokyo:Reimu","floor":16,"turns":18},{"damage":9,"enemies":"Gensokyo:2_Gloops","floor":18,"turns":8},{"damage":0,"enemies":"Gensokyo:3_Dogs","floor":22,"turns":13},{"damage":32,"enemies":"Gensokyo:Swordslinger","floor":23,"turns":6},{"damage":0,"enemies":"Gensokyo:Wraith","floor":25,"turns":7},{"damage":0,"enemies":"Gensokyo:Monolith_and_Dog","floor":29,"turns":7},{"damage":15,"enemies":"Gensokyo:Reisen","floor":30,"turns":10},{"damage":6,"enemies":"Gensokyo:Mirror_and_Dog","floor":31,"turns":6},{"damage":20,"enemies":"Gensokyo:Eternal_Rivals","floor":33,"turns":19},{"damage":0,"enemies":"Gensokyo:3_Bats","floor":35,"turns":10},{"damage":4,"enemies":"Gensokyo:3_Boulders","floor":39,"turns":6},{"damage":8,"enemies":"Gensokyo:AtlasGolem","floor":41,"turns":8},{"damage":0,"enemies":"Gensokyo:SeedOfUnknown","floor":46,"turns":8},{"damage":2,"enemies":"Gensokyo:Dusk_and_Dawn","floor":48,"turns":8},{"damage":193,"enemies":"Gensokyo:Scarlet_Devils","floor":50,"turns":16},{"damage":57,"enemies":"Gensokyo:Scarlet_Devils","floor":51,"turns":18},{"damage":38,"enemies":"Gensokyo:Scarlet_Devils","floor":52,"turns":9},{"damage":64,"enemies":"Gensokyo:Scarlet_Devils","floor":56,"turns":28},{"damage":66,"enemies":"paleoftheancients:N","floor":60,"turns":4}],"seed_played":"-3614349881949716093","potions_obtained":[{"floor":0,"key":"SkillPotion"},{"floor":0,"key":"Dexterity Potion"},{"floor":0,"key":"FairyPotion"},{"floor":11,"key":"Fruit Juice"},{"floor":12,"key":"Energy Potion"},{"floor":13,"key":"PowerPotion"},{"floor":18,"key":"Weak Potion"},{"floor":29,"key":"FairyPotion"},{"floor":33,"key":"ColorlessPotion"},{"floor":39,"key":"PowerPotion"},{"floor":51,"key":"hexamod:EctoCoolerPotion"}],"is_trial":false,"path_per_floor":["M","?","COS","M","M","R","M","R","T","?","E","M","M","$","R","B",null,"M","?","?","COS","M","M","R","M","T","?","R","M","E","M","R","B",null,"M","$","?","?","M","R","M","?","T","COS","R","M","?","M","R","B","M","M","?","$","R","M","R","$","?","B"],"character_chosen":"THE_SERVANT","items_purchased":["FlawlessForm","Potion Belt","FairyPotion","Moonlight","LiquidMemories"],"campfire_rested":0,"item_purchase_floors":[14,36,36,54,58],"current_hp_per_floor":[62,62,62,61,58,58,46,46,46,46,19,19,15,15,15,27,70,61,61,49,49,49,17,17,17,17,24,24,24,41,35,35,36,56,56,56,56,56,52,52,44,44,44,44,44,44,44,42,42,64,36,44,44,44,44,64,64,64,64,0,0],"gold":109,"neow_bonus":"THREE_SMALL_POTIONS","is_daily":false,"chose_seed":false,"campfire_upgraded":11,"win_rate":0.0,"timestamp":1610287935,"path_taken":["M","?","COS","M","M","R","M","R","T","?","E","M","M","?","R","BOSS","M","?","?","COS","M","M","R","M","T","?","R","M","E","?","R","BOSS","M","$","?","?","M","R","M","?","T","COS","R","M","?","M","R","BOSS","M","M","?","$","R","M","R","$","?","BOSS"],"items_purchased_type":["Card","Relic","Potion","Card","Potion"],"build_version":"2020-12-22","purchased_purges":4,"victory":false,"max_hp_per_floor":[65,65,65,65,65,65,65,65,65,65,65,65,70,70,70,70,70,70,70,49,49,49,49,49,49,49,56,56,56,56,56,56,56,56,56,56,56,56,56,56,56,56,56,56,56,56,56,56,56,64,64,64,64,64,64,64,64,64,64,64,64],"relic_stats":{"Dream Catcher":0,"Happy Flower":[46],"Gremlin Horn":[1,1],"counters":[26,247],"Pantograph":80,"Bag of Preparation":[28],"Black Star":0,"Smiling Mask":250,"obtain_stats":[{"Potion Belt":36,"paleoftheancients:KeyRelic":50,"Gensokyo:DirgeOfMelancholy":19,"Happy Flower":30,"Gremlin Horn":50,"Vajra":9,"Uniform":0,"Bag of Preparation":25,"Smiling Mask":11,"Gensokyo:DualWield":42,"paleoftheancients:Timepiece":50,"Dream Catcher":48,"Pantograph":26,"Black Star":34},{"Potion Belt":17,"paleoftheancients:KeyRelic":22,"Gensokyo:DirgeOfMelancholy":9,"Happy Flower":14,"Gremlin Horn":22,"Vajra":4,"Uniform":0,"Bag of Preparation":12,"Smiling Mask":5,"Gensokyo:DualWield":19,"paleoftheancients:Timepiece":22,"Dream Catcher":21,"Pantograph":12,"Black Star":16},{"Potion Belt":142,"paleoftheancients:KeyRelic":188,"Gensokyo:DirgeOfMelancholy":64,"Happy Flower":107,"Gremlin Horn":177,"Vajra":23,"Uniform":0,"Bag of Preparation":90,"Smiling Mask":30,"Gensokyo:DualWield":156,"paleoftheancients:Timepiece":188,"Dream Catcher":168,"Pantograph":90,"Black Star":132}]},"card_choices":[{"not_picked":["Revamp","Potential","TimeWarp"],"picked":"SKIP","floor":1},{"not_picked":["Hightail","Shuttle"],"picked":"Misdirection","floor":4},{"not_picked":["Rewind","ShiftingGears"],"picked":"RealityMarble","floor":5},{"not_picked":["TimeWarp","Rewind","Foresight"],"picked":"SKIP","floor":7},{"not_picked":["WasteNot","Starlight"],"picked":"Defy","floor":11},{"not_picked":["Unruled","Rewind"],"picked":"Ricochet","floor":12},{"not_picked":["Sunlight","MoonPhase","Potential"],"picked":"SKIP","floor":13},{"not_picked":["Initiator","ForgedInTime"],"picked":"SoulSculpture","floor":16},{"not_picked":["Snipe+1","Rewind+1"],"picked":"InstantArmor","floor":18},{"not_picked":["Ricochet","Unruled","SpecialFormula"],"picked":"SKIP","floor":22},{"not_picked":["SurpressingFire","TimeWarp"],"picked":"Barrier","floor":23},{"not_picked":["TimeTheft","Desolation"],"picked":"StarChef","floor":25},{"not_picked":["Sabotage","Potential+1","Desolation"],"picked":"SKIP","floor":29},{"not_picked":["Rewind+1","Potential"],"picked":"SilverBlades+1","floor":30},{"not_picked":["Rearm","Potential+1"],"picked":"GearUp","floor":31},{"not_picked":["Sunlight","TrueSight"],"picked":"FloweringNight","floor":33},{"not_picked":["Hightail","WasteNot+1","Spin"],"picked":"SKIP","floor":35},{"not_picked":["Potential+1","Defy"],"picked":"Starlight+1","floor":39},{"not_picked":["Defy","Contraction","Barrier+1"],"picked":"SKIP","floor":41},{"not_picked":["Alleviate+1","Rearm+1"],"picked":"Starlight","floor":46},{"not_picked":["Alleviate+1","DoubleEdge+1","FanOfKnives+1"],"picked":"SKIP","floor":46},{"not_picked":["Rearm","Read","Spin"],"picked":"SKIP","floor":48},{"not_picked":["Alleviate+1","GearUp","FastForward"],"picked":"SKIP","floor":51},{"not_picked":["Replace","WasteNot+1","ShatteredReality+1"],"picked":"SKIP","floor":52}],"player_experience":286785,"relics_obtained":[{"floor":9,"key":"Vajra"},{"floor":11,"key":"Smiling Mask"},{"floor":26,"key":"Pantograph"},{"floor":30,"key":"Happy Flower"}],"event_choices":[{"damage_healed":0,"gold_gain":100,"player_choice":"Pray","damage_taken":0,"max_hp_gain":0,"max_hp_loss":0,"event_name":"Golden Shrine","floor":53,"gold_loss":0}],"is_beta":false,"boss_relics":[{"not_picked":["Philosopher\u0027s Stone","Runic Pyramid","Cursed Key"]},{"not_picked":["Coffee Dripper","Velvet Choker"],"picked":"Black Star"}],"items_purged_floors":[14,36,54,58],"is_endless":false,"potions_floor_spawned":[5,11,12,13,18,25,29,33,39,51],"killed_by":"paleoftheancients:N","ascension_level":0}}