{"host":"jak4ncvfzor9mys0","time":1610318882,"event":{"mods":["2.2 Compatiblity","AchievementEnabler","BaseMod","Better Altar","Better Match","Better Note","Better Sensory Stone","Better Skull","Better Third Choice","BetterRewards","Block Reminder","Colored Map","Colored Powertips","Energized Spire","Gold Saver","Hubris","Infinite Spire","Key Reminder","Minty Spire (QoL Compilation)","Rare Cards Sparkle","Red Circlet Mod","Relic Sorter","Relic Stats","Replay The Spire","Retaliation","Spicy Shops","StSLib","SuperFastMode","The Blue Laboratory"],"gold_per_floor":[799,760,316,333,157,157,168,199,226,236,236,263,263,317,317,430,430,455,455,497,497,531,531,566,566,566,566,609,534,566,609,609,727,727,760,760,795,795,836,836,875,875,875,875,130,130,172,211,211,334,334,348,369,382,393,416,206,206,66,66,66,135,135,135,142,142,246,246,258,258,262,271,290,290,301,324,348,348,356,398,403,403,403,501,501,508,516,441,450,450,450,471,480,480,276,283,288,288,291,291,392,392,398,414,175,190,190,217,217,217,242,242,254,276,276,290,290,400,400,413,613,624,630,630,630,644,644,644,651,651,679,679,697,697,790,790,799,812,652,657,657,671,699,711,723,762,774,798,910,927,939,1043,1055,1067,831,855,930],"floor_reached":158,"playtime":5547,"items_purged":["Strike_G","Strike_G","Strike_G","Defend_G","Normality","Parasite","Defend_G","Defend_G","Defend_G+1"],"score":5216,"play_id":"fd1a2985-2ba5-4f8b-bd25-5bc4332dcbe9","local_time":"20210110144802","is_ascension_mode":false,"campfire_choices":[{"data":"Neutralize","floor":6.0,"key":"SMITH"},{"data":"Survivor","floor":13.0,"key":"SMITH"},{"data":"Bane","floor":15.0,"key":"SMITH"},{"data":"Noxious Fumes","floor":23.0,"key":"SMITH"},{"floor":25.0,"key":"REST"},{"floor":32.0,"key":"REST"},{"data":"Footwork","floor":40,"key":"SMITH"},{"floor":42,"key":"REST"},{"data":"Noxious Fumes","floor":44,"key":"SMITH"},{"data":"Catalyst","floor":46,"key":"SMITH"},{"floor":49,"key":"REST"},{"data":"Backflip","floor":58,"key":"SMITH"},{"data":"Backflip","floor":61,"key":"SMITH"},{"floor":66,"key":"REST"},{"data":"infinitespire:Fortify","floor":74,"key":"SMITH"},{"data":"infinitespire:Neurotoxin","floor":78,"key":"SMITH"},{"floor":83,"key":"REST"},{"data":"infinitespire:Fortify","floor":91,"key":"SMITH"},{"data":"Poisoned Stab","floor":98,"key":"SMITH"},{"data":"Footwork","floor":100,"key":"SMITH"},{"floor":112,"key":"REST"},{"floor":117,"key":"REST"},{"floor":125,"key":"REST"},{"floor":127,"key":"REST"},{"floor":134,"key":"DIG"},{"floor":144,"key":"REST"},{"data":"Poisoned Stab+1","floor":151,"key":"PURGE"},{"floor":154,"key":"REST"}],"circlet_count":0,"master_deck":["Survivor+1","Neutralize+1","Noxious Fumes+1","Noxious Fumes+1","Bane+1","Footwork+1","Crippling Poison+1","Catalyst+1","ReplayTheSpireMod:Speed Training+1","Catalyst+1","Backflip+1","Deadly Poison+1","Adrenaline+1","Backflip+1","Footwork+1","infinitespire:Neurotoxin+1","infinitespire:Fortify+1","infinitespire:Fortify+1","Corpse Explosion+1"],"relics":["Ring of the Serpent","Replay:Kaleidoscope","Replay:Accelerometer","Replay:Bandana","hubris:64BitClover","Sundial","Nunchaku","Matryoshka","PreservedInsect","hubris:SlimyHat","MealTicket","Boot","CeramicFish","Empty Cage","Sozu","The Courier","infinitespire:CursedDice","Bag of Preparation","Onion Ring","Snake Skull","infinitespire:Bottled Soul","Singing Bowl","Torii","infinitespire:Lychee Nut","hubris:OldNail","ReplayTheSpireMod:Shallot","Calipers","infinitespire:Midas Blood","Gremlin Food","hubris:Reverence","Replay:Rubber Ducky","Red Mask","hubris:ScarierMask","Mummified Hand","SlaversCollar","Replay:Baseball","TwistedFunnel","Toxic Egg 2","Whetstone","hubris:TenFootPole","Black Star","Molten Egg 2","InkBottle","Bronze Scales","hubris:SphereOfDissonance","MawBank","Snack Pack","Tiny Chest","ReplayTheSpireMod:Lightbulb","Ring of Chaos","hubris:Potato","Blue Doll","hubris:ToyBattleship","Replay:Wax Seal"],"acts_visited":["Exordium","TheCity","TheBeyond","Exordium","TheCity","TheBeyond","Exordium","TheCity","TheBeyond","TheEnding"],"potions_floor_usage":[157],"damage_taken":[{"damage":0.0,"enemies":"Jaw Worm","floor":1.0,"turns":6.0},{"damage":1.0,"enemies":"Small Slimes","floor":4.0,"turns":5.0},{"damage":1.0,"enemies":"2 Louse","floor":7.0,"turns":3.0},{"damage":0.0,"enemies":"Lagavulin","floor":8.0,"turns":6.0},{"damage":11.0,"enemies":"Blue Slaver","floor":10.0,"turns":4.0},{"damage":1.0,"enemies":"3 Sentries","floor":12.0,"turns":5.0},{"damage":1.0,"enemies":"Gremlin Nob","floor":14.0,"turns":4.0},{"damage":4.0,"enemies":"Slime Boss","floor":16.0,"turns":8.0},{"damage":0.0,"enemies":"Chosen","floor":18.0,"turns":5.0},{"damage":10.0,"enemies":"Spheric Guardian","floor":20.0,"turns":4.0},{"damage":9.0,"enemies":"Centurion and Healer","floor":22.0,"turns":5.0},{"damage":13.0,"enemies":"Sentry and Sphere","floor":24.0,"turns":4.0},{"damage":25.0,"enemies":"Nightmare","floor":28.0,"turns":6.0},{"damage":13.0,"enemies":"Snake Plant","floor":30.0,"turns":4.0},{"damage":4.0,"enemies":"3 Cultists","floor":31.0,"turns":5.0},{"damage":37.0,"enemies":"Automaton","floor":33.0,"turns":9.0},{"damage":0,"enemies":"Orb Walker","floor":35,"turns":4},{"damage":4,"enemies":"3 Darklings","floor":37,"turns":5},{"damage":2,"enemies":"Writhing Mass","floor":39,"turns":5},{"damage":18,"enemies":"4 Shapes","floor":41,"turns":4},{"damage":25,"enemies":"Sphere and 2 Shapes","floor":47,"turns":4},{"damage":0,"enemies":"3 Darklings","floor":48,"turns":3},{"damage":42,"enemies":"Awakened One","floor":50,"turns":9},{"damage":16,"enemies":"Small Slimes","floor":52,"turns":2},{"damage":0,"enemies":"Jaw Worm","floor":53,"turns":3},{"damage":0,"enemies":"2 Louse","floor":54,"turns":2},{"damage":0,"enemies":"Looter","floor":55,"turns":2},{"damage":1,"enemies":"Gremlin Gang","floor":56,"turns":3},{"damage":11,"enemies":"Lots of Slimes","floor":65,"turns":3},{"damage":1,"enemies":"Slime Boss","floor":67,"turns":7},{"damage":27,"enemies":"2 Thieves","floor":69,"turns":3},{"damage":0,"enemies":"Shell Parasite","floor":71,"turns":3},{"damage":0,"enemies":"Cultist and Chosen","floor":73,"turns":5},{"damage":0,"enemies":"Snecko","floor":75,"turns":3},{"damage":10,"enemies":"Slavers","floor":76,"turns":4},{"damage":0,"enemies":"3 Cultists","floor":79,"turns":4},{"damage":33,"enemies":"Masked Bandits","floor":80,"turns":5},{"damage":0,"enemies":"Centurion and Healer","floor":81,"turns":4},{"damage":0,"enemies":"Collector","floor":84,"turns":5},{"damage":0,"enemies":"3 Darklings","floor":86,"turns":4},{"damage":0,"enemies":"3 Shapes","floor":87,"turns":2},{"damage":0,"enemies":"Maw","floor":92,"turns":5},{"damage":0,"enemies":"4 Shapes","floor":93,"turns":3},{"damage":0,"enemies":"Spire Growth","floor":96,"turns":2},{"damage":0,"enemies":"3 Darklings","floor":97,"turns":2},{"damage":0,"enemies":"Maw","floor":99,"turns":4},{"damage":0,"enemies":"infinitespire:MassOfShapes","floor":101,"turns":4},{"damage":0,"enemies":"Jaw Worm","floor":103,"turns":1},{"damage":0,"enemies":"2 Louse","floor":104,"turns":2},{"damage":0,"enemies":"Small Slimes","floor":106,"turns":1},{"damage":0,"enemies":"3 Sentries","floor":108,"turns":2},{"damage":0,"enemies":"Red Slaver","floor":113,"turns":2},{"damage":0,"enemies":"Lagavulin","floor":114,"turns":1},{"damage":0,"enemies":"2 Fungi Beasts","floor":116,"turns":1},{"damage":18,"enemies":"Hexaghost","floor":118,"turns":4},{"damage":0,"enemies":"Shell Parasite","floor":120,"turns":1},{"damage":0,"enemies":"Spheric Guardian","floor":122,"turns":2},{"damage":0,"enemies":"Snake Plant","floor":123,"turns":1},{"damage":0,"enemies":"Centurion and Healer","floor":126,"turns":2},{"damage":0,"enemies":"Shelled Parasite and Fungi","floor":129,"turns":3},{"damage":0,"enemies":"Replay:Snechameleon","floor":131,"turns":2},{"damage":0,"enemies":"3 Cultists","floor":133,"turns":2},{"damage":0,"enemies":"Champ","floor":135,"turns":2},{"damage":0,"enemies":"Orb Walker","floor":137,"turns":1},{"damage":0,"enemies":"3 Shapes","floor":138,"turns":2},{"damage":0,"enemies":"Jaw Worm Horde","floor":140,"turns":1},{"damage":0,"enemies":"4 Shapes","floor":141,"turns":2},{"damage":0,"enemies":"Maw","floor":142,"turns":4},{"damage":0,"enemies":"Giant Head","floor":143,"turns":4},{"damage":0,"enemies":"R_Hoarder","floor":146,"turns":1},{"damage":0,"enemies":"Jaw Worm Horde","floor":148,"turns":2},{"damage":0,"enemies":"4 Shapes","floor":150,"turns":3},{"damage":15,"enemies":"Awakened One","floor":152,"turns":5},{"damage":0,"enemies":"Shield and Spear","floor":156,"turns":1},{"damage":0,"enemies":"The Heart","floor":157,"turns":5}],"seed_played":"1570520444378365449","potions_obtained":[{"floor":1.0,"key":"GhostInAJar"},{"floor":8.0,"key":"Energy Potion"},{"floor":10.0,"key":"blueLaboratory:BlinkPotion"},{"floor":14.0,"key":"Elixir"},{"floor":18.0,"key":"Weak Potion"}],"is_trial":false,"path_per_floor":["M","?","$","M","$","R","M","E","T","M","?","E","R","E","R","B",null,"M","?","M","AVR","M","R","M","R","T","?","NM","?","M","M","R","B",null,"M","AVR","M","?","M","R","M","R","T","R","$","R","M","M","R","B",null,"M","M","M","M","M","$","R","$","T","R","T","$","?","M","R","B",null,"M","?","M","AVR","M","R","M","E","T","R","M","?","M","?","R","B",null,"M","M","?","AVR","?","R","M","M","T","$","M","M","R","M","R_BF","B",null,"M","M","$","M","$","E","?","?","T","R","M","E","?","M","R","B",null,"M","?","M","M","T","R","M","R","T","M","?","E","$","M","R_BF","B",null,"M","M","$","M","M","M","E","R","T","E","$","M","?","M","R_BF","B",null,"R","$","E","B",null],"character_chosen":"THE_SILENT","items_purchased":["Noxious Fumes","Noxious Fumes","PreservedInsect","Bane","hubris:SlimyHat","Snake Skull","infinitespire:Bottled Soul","Singing Bowl","Torii","infinitespire:Lychee Nut","Calipers","Mummified Hand","Replay:Baseball","TwistedFunnel","hubris:Potato"],"campfire_rested":12,"item_purchase_floors":[0,3,3,5,5,45,45,45,45,57,63,95,105,105,155],"current_hp_per_floor":[70,70,70,69,69,69,68,68,68,57,57,56,56,55,55,51,70,70,70,60,60,51,51,38,59,59,59,34,34,21,17,38,1,70,70,70,66,66,64,64,46,67,67,67,70,70,45,45,66,24,70,56,56,58,58,59,57,57,54,54,54,54,34,34,31,47,54,58,36,36,44,44,52,52,60,58,58,58,66,39,47,47,69,76,76,78,80,82,82,78,78,80,82,82,82,84,86,86,88,88,90,90,92,94,94,96,96,98,98,98,98,98,100,102,102,104,104,87,104,106,106,108,110,110,110,112,112,112,114,114,116,116,118,118,120,120,122,124,124,126,128,130,132,132,132,134,134,136,136,138,138,126,140,140,140,142,144],"gold":930,"neow_bonus":"","is_daily":false,"chose_seed":false,"campfire_upgraded":14,"win_rate":0.0,"timestamp":1610318882,"path_taken":["M","?","$","M","$","R","M","E","T","M","?","E","R","E","R","BOSS","M","?","?","AVR","M","R","M","R","T","?","NM","?","M","M","R","BOSS","M","AVR","M","?","M","R","M","R","T","R","$","R","M","M","R","BOSS","M","M","M","?","M","$","R","$","T","R","?","?","?","M","R","BOSS","M","?","M","AVR","M","R","M","E","T","R","M","?","M","?","R","BOSS","M","?","?","AVR","?","R","?","?","T","$","M","M","R","M","R_BF","BOSS","M","M","$","M","$","E","?","?","T","R","M","E","?","M","R","BOSS","M","?","?","M","?","R","M","R","T","?","?","E","$","?","R_BF","BOSS","M","M","$","M","M","M","E","R","T","E","$","M","?","M","R_BF","BOSS","R","$","E","BOSS"],"items_purchased_type":["Card","Card","Relic","Card","Relic","Relic","Relic","Relic","Relic","Relic","Relic","Relic","Relic","Relic","Relic"],"build_version":"2020-12-22","purchased_purges":9,"victory":true,"max_hp_per_floor":[70,70,70,70,70,70,70,70,70,70,70,70,70,70,70,70,70,70,70,70,70,70,70,70,70,70,70,70,70,70,70,70,70,70,70,70,70,70,70,70,70,70,70,70,70,70,70,70,70,70,70,72,72,74,74,76,57,57,54,54,54,54,54,54,56,56,58,58,60,60,62,62,64,64,66,68,68,68,70,72,74,74,74,76,76,78,80,82,82,78,78,80,82,82,82,84,86,86,88,88,90,90,92,94,94,96,96,98,98,98,98,98,100,102,102,104,104,104,104,106,106,108,110,110,110,112,112,112,114,114,116,116,118,118,120,120,122,124,124,126,128,130,132,132,132,134,134,136,136,138,138,140,140,140,140,142,144],"relic_stats":{"Singing Bowl":126,"Torii":12,"counters":[123,528],"CeramicFish":126,"PreservedInsect":2695,"Snake Skull":[475],"Bag of Preparation":[114],"Whetstone":[],"Boot":[93],"MawBank":144,"Sozu":7,"Nunchaku":[30],"Sundial":[42],"Mummified Hand":[168],"Bronze Scales":[701],"MealTicket":18,"Tiny Chest":0,"Black Star":4,"obtain_stats":[{"TwistedFunnel":105,"Replay:Accelerometer":19,"Calipers":63,"CeramicFish":14,"Whetstone":111,"Sling":14,"Boot":9,"Sozu":21,"Sundial":26,"MealTicket":8,"Iron Hammer":9,"Replay:Bottled Flurry":9,"HandDrill":0,"Toxic Egg 2":108,"Replay:Wax Seal":157,"hubris:MobiusCoin":6,"Counterbalance":14,"Oddly Smooth Stone":0,"hubris:SphereOfDissonance":131,"Ring of Chaos":153,"Letter Opener":48,"Replay:Kaleidoscope":89,"infinitespire:EvilPickle":33,"SlaversCollar":102,"Replay:Baseball":105,"ReplayTheSpireMod:Shallot":31,"infinitespire:Lychee Nut":57,"Bronze Scales":131,"Onion Ring":26,"Molten Egg 2":124,"Black Star":34,"hubris:TenFootPole":114,"hubris:ToyBattleship":156,"infinitespire:PuzzleCube":17,"Ring of the Serpent":34,"hubris:Reverence":77,"Torii":17,"Singing Bowl":45,"Blue Doll":156,"Snake Skull":45,"hubris:SlimyHat":5,"Bag of Preparation":37,"Empty Cage":17,"Replay:Rubber Ducky":77,"Nunchaku":11,"Replay:Bandana":12,"energizedSpire:CursedPentagram":17,"TheAbacus":48,"Matryoshka":60,"infinitespire:Bottled Soul":45,"Mummified Hand":95,"hubris:ScarierMask":85,"Tiny Chest":146,"Red Mask":80,"infinitespire:Eraser":36,"InkBottle":128,"Ring of the Snake":0,"Gremlin Food":48,"Golden Idol":12,"hubris:64BitClover":21,"infinitespire:CursedDice":36,"The Courier":22,"PreservedInsect":43,"Odd Mushroom":14,"MawBank":143,"Calling Bell":17,"CaptainsWheel":11,"Snack Pack":17,"Membership Card":20,"ReplayTheSpireMod:Lightbulb":146,"hubris:OldNail":62,"hubris:Potato":155,"infinitespire:Midas Blood":71},{"TwistedFunnel":97,"Replay:Accelerometer":57,"Calipers":76,"CeramicFish":55,"Whetstone":99,"Sling":43,"Boot":52,"Sozu":58,"Sundial":60,"MealTicket":52,"Iron Hammer":15,"Replay:Bottled Flurry":2,"HandDrill":35,"Toxic Egg 2":99,"Replay:Wax Seal":123,"hubris:MobiusCoin":2,"Counterbalance":43,"Oddly Smooth Stone":12,"hubris:SphereOfDissonance":109,"Ring of Chaos":121,"Letter Opener":34,"Replay:Kaleidoscope":89,"infinitespire:EvilPickle":26,"SlaversCollar":95,"Replay:Baseball":97,"ReplayTheSpireMod:Shallot":25,"infinitespire:Lychee Nut":76,"Bronze Scales":109,"Onion Ring":22,"Molten Egg 2":106,"Black Star":26,"hubris:TenFootPole":101,"hubris:ToyBattleship":122,"infinitespire:PuzzleCube":6,"Ring of the Serpent":64,"hubris:Reverence":83,"Torii":6,"Singing Bowl":68,"Blue Doll":122,"Snake Skull":68,"hubris:SlimyHat":50,"Bag of Preparation":66,"Empty Cage":56,"Replay:Rubber Ducky":83,"Nunchaku":41,"Replay:Bandana":54,"energizedSpire:CursedPentagram":18,"TheAbacus":34,"Matryoshka":76,"infinitespire:Bottled Soul":68,"Mummified Hand":91,"hubris:ScarierMask":87,"Tiny Chest":118,"Red Mask":85,"infinitespire:Eraser":27,"InkBottle":107,"Ring of the Snake":0,"Gremlin Food":34,"Golden Idol":3,"hubris:64BitClover":58,"infinitespire:CursedDice":65,"The Courier":8,"PreservedInsect":30,"Odd Mushroom":5,"MawBank":117,"Calling Bell":6,"CaptainsWheel":41,"Snack Pack":6,"Membership Card":7,"ReplayTheSpireMod:Lightbulb":118,"hubris:OldNail":76,"hubris:Potato":121,"infinitespire:Midas Blood":80},{"TwistedFunnel":471,"Replay:Accelerometer":313,"Calipers":396,"CeramicFish":300,"Whetstone":474,"Sling":219,"Boot":287,"Sozu":317,"Sundial":326,"MealTicket":287,"Iron Hammer":89,"Replay:Bottled Flurry":17,"HandDrill":184,"Toxic Egg 2":474,"Replay:Wax Seal":528,"hubris:MobiusCoin":17,"Counterbalance":219,"Oddly Smooth Stone":80,"hubris:SphereOfDissonance":493,"Ring of Chaos":522,"Letter Opener":177,"Replay:Kaleidoscope":448,"infinitespire:EvilPickle":143,"SlaversCollar":468,"Replay:Baseball":471,"ReplayTheSpireMod:Shallot":133,"infinitespire:Lychee Nut":396,"Bronze Scales":493,"Onion Ring":121,"Molten Egg 2":486,"Black Star":143,"hubris:TenFootPole":477,"hubris:ToyBattleship":523,"infinitespire:PuzzleCube":42,"Ring of the Serpent":350,"hubris:Reverence":424,"Torii":42,"Singing Bowl":368,"Blue Doll":523,"Snake Skull":368,"hubris:SlimyHat":278,"Bag of Preparation":359,"Empty Cage":308,"Replay:Rubber Ducky":424,"Nunchaku":209,"Replay:Bandana":296,"energizedSpire:CursedPentagram":103,"TheAbacus":177,"Matryoshka":396,"infinitespire:Bottled Soul":368,"Mummified Hand":456,"hubris:ScarierMask":442,"Tiny Chest":512,"Red Mask":433,"infinitespire:Eraser":147,"InkBottle":488,"Ring of the Snake":0,"Gremlin Food":177,"Golden Idol":21,"hubris:64BitClover":317,"infinitespire:CursedDice":354,"The Courier":56,"PreservedInsect":161,"Odd Mushroom":30,"MawBank":511,"Calling Bell":42,"CaptainsWheel":209,"Snack Pack":42,"Membership Card":48,"ReplayTheSpireMod:Lightbulb":512,"hubris:OldNail":396,"hubris:Potato":522,"infinitespire:Midas Blood":412}],"InkBottle":[22]},"card_choices":[{"not_picked":["Escape Plan","Acrobatics","Endless Agony"],"picked":"SKIP","floor":1.0},{"not_picked":["Hidden Blade","Slice","Fluid Movement"],"picked":"SKIP","floor":4.0},{"not_picked":["Tactician","Dodge and Roll"],"picked":"Footwork","floor":7.0},{"not_picked":["Blade Dance","Dagger Throw"],"picked":"Crippling Poison","floor":8.0},{"not_picked":["Expertise","Sucker Punch"],"picked":"Catalyst","floor":10.0},{"not_picked":["Underhanded Strike","Outmaneuver"],"picked":"ReplayTheSpireMod:Speed Training","floor":12.0},{"not_picked":["Slice","A Thousand Cuts"],"picked":"Catalyst","floor":14.0},{"not_picked":["After Image","Phantasmal Killer"],"picked":"Atom Bomb","floor":16.0},{"not_picked":["Dagger Throw+1","Eviscerate","Reflex"],"picked":"SKIP","floor":18.0},{"not_picked":["PiercingWail+1","Dodge and Roll"],"picked":"Poisoned Stab","floor":20.0},{"not_picked":["Tactician","Quick Slash","ReplayTheSpireMod:Shiv Toss"],"picked":"SKIP","floor":22.0},{"not_picked":["Dagger Spray","Doppelganger","Escape Plan+1"],"picked":"SKIP","floor":24.0},{"not_picked":["Poisoned Stab","Deflect","Leg Sweep"],"picked":"SKIP","floor":28.0},{"not_picked":["Choke+1","Underhanded Strike","Cloak And Dagger"],"picked":"SKIP","floor":30.0},{"not_picked":["Acrobatics","Hidden Blade","Underhanded Strike"],"picked":"SKIP","floor":31.0},{"not_picked":["Quick Slash","Deflect+1","Blade Dance"],"picked":"SKIP","floor":35},{"not_picked":["Fluid Movement","Eviscerate","Masterful Stab"],"picked":"SKIP","floor":37},{"not_picked":["Dagger Throw+1","Bane+1","Slice+1"],"picked":"SKIP","floor":39},{"not_picked":["Outmaneuver","Toxin Wave","PiercingWail+1"],"picked":"SKIP","floor":41},{"not_picked":["Quick Slash","hubris:Counter"],"picked":"Backflip","floor":47},{"not_picked":["Backflip+1","ReplayTheSpireMod:From All Sides"],"picked":"Deadly Poison+1","floor":48},{"not_picked":["Envenom","Glass Knife"],"picked":"Adrenaline","floor":50},{"not_picked":["Deflect","Slice","Poisoned Stab"],"picked":"Singing Bowl","floor":52},{"not_picked":["Quick Slash","Deadly Poison"],"picked":"Backflip","floor":53},{"not_picked":["Slice","Toxin Wave","Replay:Poison Smokescreen"],"picked":"Singing Bowl","floor":54},{"not_picked":["Poisoned Stab","Slice"],"picked":"Footwork","floor":55},{"not_picked":["Bullet Time","Flying Knee","Blade Dance"],"picked":"Singing Bowl","floor":56},{"not_picked":["Deadly Poison","Poisoned Stab","Blade Dance"],"picked":"Singing Bowl","floor":65},{"not_picked":["Phantasmal Killer","Poison Darts"],"picked":"infinitespire:Neurotoxin","floor":67},{"not_picked":["infinitespire:Oblivion","infinitespire:NeuralNetwork","ReplayTheSpireMod:Echoes of Time"],"picked":"Singing Bowl","floor":67},{"not_picked":["Bane","Hidden Blade","Underhanded Strike"],"picked":"Singing Bowl","floor":69},{"not_picked":["Flying Knee","Predator","Dagger Spray"],"picked":"Singing Bowl","floor":71},{"not_picked":["Footwork","Masterful Stab","Slice"],"picked":"Singing Bowl","floor":73},{"not_picked":["hubris:Counter","Flechettes","Cloak And Dagger"],"picked":"Singing Bowl","floor":75},{"not_picked":["Deadly Poison","Concentrate+1","hubris:SlightOfHand"],"picked":"Singing Bowl","floor":76},{"not_picked":["Sucker Punch+1","hubris:TrickCloak","Well Laid Plans"],"picked":"Singing Bowl","floor":79},{"not_picked":["Sucker Punch","Acrobatics","Blade Dance"],"picked":"Singing Bowl","floor":80},{"not_picked":["Poisoned Stab","Dodge and Roll","Flying Knee"],"picked":"Singing Bowl","floor":81},{"not_picked":["ReplayTheSpireMod:From All Sides","Glass Knife","Venomology"],"picked":"Singing Bowl","floor":84},{"not_picked":["Backflip","Finisher+1","Cloak And Dagger"],"picked":"Singing Bowl","floor":86},{"not_picked":["Quick Slash+1","PiercingWail+1","Predator"],"picked":"Singing Bowl","floor":87},{"not_picked":["Metamorphosis","Magnetism","Apotheosis"],"picked":"Singing Bowl","floor":88},{"not_picked":["Sucker Punch","Concentrate","Flying Knee+1"],"picked":"Singing Bowl","floor":92},{"not_picked":["Choke+1","Dodge and Roll","Blur"],"picked":"Singing Bowl","floor":93},{"not_picked":["Outmaneuver+1","Replay:Poison Smokescreen","Flying Knee+1"],"picked":"Singing Bowl","floor":96},{"not_picked":["Prepared","Cloak And Dagger","Outmaneuver"],"picked":"Singing Bowl","floor":97},{"not_picked":["Bullet Time","Quick Slash","Catalyst+1"],"picked":"Singing Bowl","floor":99},{"not_picked":["ReplayTheSpireMod:Necrosis","Die Die Die","Storm of Steel"],"picked":"Singing Bowl","floor":101},{"not_picked":["ReplayTheSpireMod:Shiv Toss","Cloak And Dagger","hubris:Counter"],"picked":"Singing Bowl","floor":103},{"not_picked":["Fluid Movement","Flying Knee","Hidden Blade"],"picked":"Singing Bowl","floor":104},{"not_picked":["Flying Knee","Infinite Blades","Slice"],"picked":"Singing Bowl","floor":106},{"not_picked":["Poisoned Stab","Tools of the Trade","Cloak And Dagger+1"],"picked":"Singing Bowl","floor":108},{"not_picked":["Riddle With Holes","Deflect+1","Dagger Throw"],"picked":"Singing Bowl","floor":113},{"not_picked":["Deflect+1","Deadly Poison+1","Replay:Poison Smokescreen+1"],"picked":"Singing Bowl","floor":114},{"not_picked":["Blade Dance+1","Riddle With Holes","hubris:SlightOfHand+1"],"picked":"Singing Bowl","floor":116},{"not_picked":["Wraith Form v2","ReplayTheSpireMod:From All Sides"],"picked":"Corpse Explosion+1","floor":118},{"not_picked":["Bane","Reflex+1","Heel Hook"],"picked":"Singing Bowl","floor":120},{"not_picked":["Flechettes+1","Sneak Up+1","Deadly Poison+1"],"picked":"Singing Bowl","floor":122},{"not_picked":["Underhanded Strike","Hidden Blade+1","ReplayTheSpireMod:Exploit Weakness+1"],"picked":"Singing Bowl","floor":123},{"not_picked":["Cloak And Dagger+1","Quick Slash+1","Finisher+1"],"picked":"Singing Bowl","floor":126},{"not_picked":["ReplayTheSpireMod:The Works+1","Sneak Up+1","Flying Knee+1"],"picked":"Singing Bowl","floor":129},{"not_picked":["Blur+1","Tools of the Trade","Deflect+1"],"picked":"Singing Bowl","floor":131},{"not_picked":["Acrobatics+1","Deflect+1","Underhanded Strike+1"],"picked":"Singing Bowl","floor":133},{"not_picked":["Adrenaline+1","ReplayTheSpireMod:Necrosis+1","Tools of the Trade"],"picked":"Singing Bowl","floor":135},{"not_picked":["ReplayTheSpireMod:Shiv Toss+1","Underhanded Strike+1","Heel Hook+1"],"picked":"Singing Bowl","floor":137},{"not_picked":["Deadly Poison+1","Sucker Punch+1","Skewer+1"],"picked":"Singing Bowl","floor":138},{"not_picked":["Cloak And Dagger+1","Distraction+1","Flechettes+1"],"picked":"Singing Bowl","floor":140},{"not_picked":["Deflect+1","Poisoned Stab+1","Backflip+1"],"picked":"Singing Bowl","floor":141},{"not_picked":["Sucker Punch+1","Quick Slash+1","Dodge and Roll+1"],"picked":"Singing Bowl","floor":142},{"not_picked":["Underhanded Strike+1","Wraith Form v2","Well Laid Plans+1"],"picked":"Singing Bowl","floor":143},{"not_picked":["Cloak And Dagger+1","Flechettes+1","Dodge and Roll+1"],"picked":"Singing Bowl","floor":146},{"not_picked":["Expertise+1","Dagger Throw+1","Bane+1"],"picked":"Singing Bowl","floor":148},{"not_picked":["Dagger Spray+1","hubris:SlightOfHand+1","Blur+1"],"picked":"Singing Bowl","floor":150},{"not_picked":["Envenom","Poison Darts+1","Malaise+1"],"picked":"Singing Bowl","floor":152},{"not_picked":["Backstab+1","hubris:SlightOfHand+1","Setup+1"],"picked":"Singing Bowl","floor":156},{"not_picked":["Grand Finale+1","Atom Bomb+1","Doppelganger+1"],"picked":"Singing Bowl","floor":157}],"player_experience":2739542,"relics_obtained":[{"floor":8.0,"key":"MealTicket"},{"floor":9.0,"key":"Boot"},{"floor":12.0,"key":"Replay:Bandana"},{"floor":14.0,"key":"CeramicFish"},{"floor":26.0,"key":"Sundial"},{"floor":28.0,"key":"The Courier"},{"floor":37,"key":"Bag of Preparation"},{"floor":43,"key":"Onion Ring"},{"floor":53,"key":"Nunchaku"},{"floor":60,"key":"Matryoshka"},{"floor":62,"key":"hubris:OldNail"},{"floor":62,"key":"ReplayTheSpireMod:Shallot"},{"floor":71,"key":"infinitespire:Midas Blood"},{"floor":76,"key":"Gremlin Food"},{"floor":77,"key":"hubris:Reverence"},{"floor":77,"key":"Replay:Rubber Ducky"},{"floor":80,"key":"Red Mask"},{"floor":108,"key":"Toxic Egg 2"},{"floor":111,"key":"Whetstone"},{"floor":114,"key":"hubris:TenFootPole"},{"floor":124,"key":"Molten Egg 2"},{"floor":128,"key":"InkBottle"},{"floor":131,"key":"Bronze Scales"},{"floor":131,"key":"hubris:SphereOfDissonance"},{"floor":143,"key":"MawBank"},{"floor":145,"key":"Snack Pack"},{"floor":146,"key":"Tiny Chest"},{"floor":146,"key":"ReplayTheSpireMod:Lightbulb"},{"floor":156,"key":"Blue Doll"},{"floor":156,"key":"hubris:ToyBattleship"},{"floor":157,"key":"Replay:Wax Seal"}],"event_choices":[{"damage_healed":0.0,"max_hp_gain":0.0,"max_hp_loss":0.0,"gold_gain":0.0,"event_name":"betterThird:BetterGoop","player_choice":"Left","floor":2.0,"gold_loss":39.0,"damage_taken":0.0},{"damage_healed":0.0,"max_hp_gain":0.0,"max_hp_loss":0.0,"gold_gain":0.0,"event_name":"Living Wall","player_choice":"Grow","floor":11.0,"gold_loss":0.0,"damage_taken":0.0,"cards_upgraded":["Crippling Poison"]},{"cards_removed":["Atom Bomb"],"damage_healed":0.0,"max_hp_gain":0.0,"max_hp_loss":0.0,"gold_gain":0.0,"event_name":"WeMeetAgain","player_choice":"Gave Card","floor":19.0,"gold_loss":0.0,"damage_taken":0.0,"relics_obtained":["Replay:Accelerometer"]},{"damage_healed":0.0,"max_hp_gain":0.0,"max_hp_loss":0.0,"gold_gain":0.0,"event_name":"Lab","player_choice":"Got Potions","floor":27.0,"gold_loss":0.0,"damage_taken":0.0},{"damage_healed":0.0,"max_hp_gain":0.0,"max_hp_loss":0.0,"gold_gain":0.0,"event_name":"betterMatch:BetterMatch","player_choice":"1","floor":29.0,"gold_loss":0.0,"damage_taken":0.0,"cards_obtained":["betterMatch:CommonCard","betterMatch:ColorlessRareCard"]},{"cards_removed":["Defend_G"],"damage_healed":0,"gold_gain":0,"player_choice":"Offered Basic","damage_taken":0,"max_hp_gain":0,"max_hp_loss":0,"event_name":"Bonfire Elementals","floor":38,"gold_loss":0},{"damage_healed":0,"gold_gain":0,"player_choice":"Ignored","damage_taken":0,"max_hp_gain":0,"max_hp_loss":0,"event_name":"The Mausoleum","floor":70,"gold_loss":0},{"damage_healed":0,"gold_gain":0,"player_choice":"Fought Bandits","damage_taken":0,"max_hp_gain":0,"max_hp_loss":0,"event_name":"Masked Bandits","floor":80,"gold_loss":0},{"damage_healed":0,"gold_gain":0,"player_choice":"Upgraded","damage_taken":0,"max_hp_gain":0,"max_hp_loss":0,"event_name":"Upgrade Shrine","floor":82,"gold_loss":0,"cards_upgraded":["Catalyst"]},{"damage_healed":0,"gold_gain":0,"player_choice":"1","damage_taken":0,"max_hp_gain":0,"max_hp_loss":0,"event_name":"betterMatch:BetterMatch","floor":88,"gold_loss":0,"cards_obtained":["betterMatch:ColorlessRareCard"]},{"damage_healed":0,"gold_gain":0,"player_choice":"Max HP","damage_taken":0,"max_hp_gain":0,"max_hp_loss":4,"event_name":"Winding Halls","floor":90,"gold_loss":0},{"damage_healed":0,"gold_gain":0,"player_choice":"Grow","damage_taken":0,"max_hp_gain":0,"max_hp_loss":0,"event_name":"Living Wall","floor":109,"gold_loss":0,"cards_upgraded":["ReplayTheSpireMod:Speed Training"]},{"damage_healed":0,"gold_gain":250,"player_choice":"Bet on Owner","damage_taken":0,"max_hp_gain":0,"max_hp_loss":0,"event_name":"The Joust","floor":121,"gold_loss":50},{"damage_healed":0,"gold_gain":0,"player_choice":"Leave","damage_taken":0,"max_hp_gain":0,"max_hp_loss":0,"event_name":"FaceTrader","floor":130,"gold_loss":0},{"damage_healed":0,"gold_gain":100,"player_choice":"Pray","damage_taken":0,"max_hp_gain":0,"max_hp_loss":0,"event_name":"Golden Shrine","floor":149,"gold_loss":0}],"is_beta":false,"boss_relics":[{"not_picked":["Replay:Drink Me","Runic Pyramid"],"picked":"Empty Cage"},{"not_picked":["energizedSpire:StickyHand","energizedSpire:PogoStick"],"picked":"Ring of the Serpent"},{"not_picked":["energizedSpire:EnergizedDie","Replay:Bronze Core","ReplayTheSpireMod:SealedPack"]},{"not_picked":["Honey Jar","Velvet Choker","ReplayTheSpireMod:SealedPack"]},{"not_picked":["Cursed Key","Snecko Eye"],"picked":"hubris:ScarierMask"},{"not_picked":["HoveringKite","Painkiller Herb"],"picked":"SlaversCollar"},{"not_picked":["Pandora\u0027s Box","Replay:Grab Bag"],"picked":"Black Star"},{"not_picked":["hubris:GrandSneckoEye","infinitespire:Cupcake","hubris:CrackedHourglass"]},{"not_picked":["Busted Crown","hubris:VirtuousBlindfold"],"picked":"Ring of Chaos"}],"items_purged_floors":[0,3,3,21,57,59,72,89,139],"is_endless":true,"potions_floor_spawned":[1,8,10,14,18,28,31,35,41,48,54,56,65,69,76,81,86,87,93,97,104,106,108,116,126,135,141,143,146,156,157],"ascension_level":0}}