{"host":"6r341r9cz00j2qc1","time":1610242057,"event":{"mods":["BaseMod","Better Third Choice","Downfall","GungeonMod","Hermit","Lobotomy","LobotomyExtend","Minty Spire (QoL Compilation)","Replay The Spire","Shop Mod","StSLib"],"gold_per_floor":[119,135,135,135,63,27,58,32,32,32,43,118,134,134,146,146,241,241,241,41,53,71,71,71,71,71,84,5,85,95,95,148,148,161,161,260,260,278,278,291,66,66,101,111,111,137,137,137,137,39,66,66,66],"floor_reached":53,"playtime":5622,"items_purged":["Normality"],"score":706,"play_id":"46f66678-437b-4f2f-8afd-f9bfefa80231","local_time":"20210110022737","is_ascension_mode":false,"campfire_choices":[{"data":"DemoMod:PotionOfGunFriendShip","floor":8,"key":"SMITH"},{"floor":13,"key":"REST"},{"data":"DemoMod:HungryBullets","floor":15,"key":"SMITH"},{"data":"DemoMod:ShadowBullets","floor":25,"key":"SMITH"},{"floor":32,"key":"REST"},{"data":"DemoMod:ManualReload","floor":34,"key":"SMITH"},{"data":"DemoMod:ShadowBullets","floor":44,"key":"SMITH"},{"floor":46,"key":"REST"}],"circlet_count":0,"master_deck":["DemoMod:Strike_Huntress","DemoMod:Strike_Huntress","DemoMod:Strike_Huntress","DemoMod:Defend_Huntress","DemoMod:Defend_Huntress","DemoMod:Defend_Huntress","DemoMod:Defend_Huntress","DemoMod:Roll","DemoMod:ManualReload+1","DemoMod:RustySidearm","DemoMod:CrossBow+1","DemoMod:ChanceBullets+1","DemoMod:HungryBullets+1","DemoMod:Behold!","DemoMod:HardPowerCard+1","DemoMod:Gungine","DemoMod:PotionOfGunFriendShip+1","DemoMod:LifeOrb","DemoMod:DirectionalPad","DemoMod:StickyCrossBow","DemoMod:BSG","DemoMod:GunShield","DemoMod:GunShield","DemoMod:GunShield+1","DemoMod:ShadowBullets+1","DemoMod:BoxingGlove","DemoMod:MachoBrace+1","DemoMod:AbyssalTentacle","DemoMod:CombinedRifle","DemoMod:BulletBore","DemoMod:ZorGun+1","DemoMod:SpreadAmmo+1","DemoMod:ShadowBullets+1","expansioncontent:Chronoboost","DemoMod:Unity","DemoMod:HardPowerCard"],"relics":["DemoMod:Dog","Pet Ghost","Moonlight_r","LetterFromLob","Question Card","Happy Flower","Oddly Smooth Stone","Ring of Chaos","DemoMod:PortableTableDevice","Replay:Wax Seal","Replay:Bottled Snecko","DemoMod:Ammonomicon","Replay:Bottled Flurry","DemoMod:Wolf","ReplayTheSpireMod:CursedCoin","Lizard Tail","Ring of Peace","DemoMod:WhiteGuonStone","Pen Nib","Replay:Baseball"],"acts_visited":["Exordium","TheCity","TheBeyond"],"potions_floor_usage":[16,16,26,26,26,37,52,52,53],"damage_taken":[{"damage":1,"enemies":"Jaw Worm","floor":1,"turns":4},{"damage":0,"enemies":"Small Slimes","floor":1,"turns":2},{"damage":19,"enemies":"3 Sentries","floor":6,"turns":10},{"damage":0,"enemies":"Cultist","floor":10,"turns":2},{"damage":0,"enemies":"2 Louse","floor":12,"turns":1},{"damage":0,"enemies":"Gremlin Gang","floor":14,"turns":2},{"damage":16,"enemies":"The Guardian","floor":16,"turns":9},{"damage":0,"enemies":"Shell Parasite","floor":20,"turns":3},{"damage":0,"enemies":"Spheric Guardian","floor":21,"turns":1},{"damage":5,"enemies":"Snake Plant","floor":26,"turns":6},{"damage":5,"enemies":"Chosen and Byrds","floor":29,"turns":5},{"damage":0,"enemies":"Cultist and Chosen","floor":33,"turns":3},{"damage":24,"enemies":"Pondfish","floor":35,"turns":9},{"damage":0,"enemies":"Orb Walker","floor":37,"turns":1},{"damage":0,"enemies":"3 Darklings","floor":39,"turns":3},{"damage":27,"enemies":"Nemesis","floor":42,"turns":7},{"damage":0,"enemies":"Transient","floor":43,"turns":5},{"damage":0,"enemies":"Replay:Hell Engine","floor":52,"turns":7},{"damage":27,"enemies":"Malkuth","floor":53,"turns":6},{"damage":0,"enemies":"Yesod","floor":53,"turns":9},{"damage":93,"enemies":"Geburah","floor":53,"turns":11}],"seed_played":"8104728302380872640","potions_obtained":[{"floor":1,"key":"LiquidBronze"},{"floor":14,"key":"PowerPotion"},{"floor":16,"key":"Languid Potion"},{"floor":16,"key":"Fruit Juice"},{"floor":22,"key":"Languid Potion"},{"floor":26,"key":"DemoMod:LeadSkinPotion"},{"floor":31,"key":"Reflective Coating"},{"floor":35,"key":"ColorlessPotion"},{"floor":37,"key":"SpeedPotion"}],"is_trial":false,"path_per_floor":["M","?","M","?","T","$","$","E","$","R","T","M","?","M","R","M","R","B",null,"M","$","M","M","?","PTL","PTL","R","M","$","T","M","?","?","R","M","R","B",null,"M","?","M","$","?","E","M","R","T","R","?","?","$","T","R","B",null],"character_chosen":"HUNTRESS","items_purchased":["DemoMod:Behold!","DemoMod:HardPowerCard+1","DemoMod:PotionOfGunFriendShip","DemoMod:PortableTableDevice","DemoMod:GunShield","Replay:Wax Seal","ReplayTheSpireMod:CursedCoin","Lizard Tail","DemoMod:Unity","DemoMod:HardPowerCard"],"campfire_rested":3,"item_purchase_floors":[4,5,7,19,19,27,40,40,49,49],"current_hp_per_floor":[69,70,70,70,70,70,51,51,51,51,51,40,40,61,61,61,45,70,70,70,70,70,70,70,70,70,70,70,70,65,65,47,69,69,69,45,75,75,75,75,75,75,48,48,48,48,70,70,70,70,70,71,71],"gold":66,"neow_bonus":"RANDOM_COMMON_RELIC","is_daily":false,"chose_seed":false,"campfire_upgraded":5,"win_rate":0.0,"timestamp":1610242057,"path_taken":["M","?","M","?","?","?","$","E","?","R","T","M","?","M","R","?","R","BOSS","M","$","M","M","?","PTL","PTL","R","?","?","T","M","?","?","R","M","R","BOSS","M","?","M","?","?","E","M","R","T","R","?","?","$","?","R","BOSS"],"items_purchased_type":["Card","Card","Card","Relic","Card","Relic","Relic","Relic","Card","Card"],"build_version":"2020-12-22","purchased_purges":1,"victory":true,"max_hp_per_floor":[70,70,70,70,70,70,70,70,70,70,70,70,70,70,70,70,70,70,70,70,70,70,70,70,70,70,75,75,75,75,75,75,75,75,75,75,75,75,75,75,75,75,75,75,75,75,75,75,71,71,71,71,71],"card_choices":[{"not_picked":["DemoMod:MachoBrace","DemoMod:GunstockTap"],"picked":"DemoMod:ChanceBullets","floor":1},{"not_picked":["DemoMod:Ejector","DemoMod:FastSwitch"],"picked":"DemoMod:HungryBullets","floor":1},{"not_picked":["DemoMod:TeaPot","DemoMod:ConditionalReflex","DemoMod:Unmoved"],"picked":"DemoMod:Gungine","floor":6},{"not_picked":["DemoMod:HardPowerCard","DemoMod:Polaris","DemoMod:HighKaliber"],"picked":"DemoMod:LifeOrb","floor":10},{"not_picked":["DemoMod:BoxingGlove","DemoMod:SAA","DemoMod:Unmoved"],"picked":"DemoMod:DirectionalPad","floor":12},{"not_picked":["DemoMod:TeaPot","DemoMod:Unity","DemoMod:FeignSurrender"],"picked":"DemoMod:StickyCrossBow","floor":14},{"not_picked":["DemoMod:Slinger","DemoMod:Desperate","DemoMod:Eureka"],"picked":"DemoMod:BSG","floor":16},{"not_picked":["DemoMod:HardPowerCard+1","DemoMod:Camera","DemoMod:HuntsMan"],"picked":"DemoMod:GunShield+1","floor":20},{"not_picked":["DemoMod:ConditionalReflex","DemoMod:Purify+1","DemoMod:ChanceBullets"],"picked":"DemoMod:ShadowBullets","floor":21},{"not_picked":["DemoMod:MachoBrace+1","DemoMod:PotionOfGunFriendShip","DemoMod:JK47+1"],"picked":"DemoMod:BoxingGlove","floor":26},{"not_picked":["DemoMod:Ejector","DemoMod:AC15","DemoMod:BattleInHaste"],"picked":"DemoMod:MachoBrace+1","floor":29},{"not_picked":["DemoMod:RadGun","DemoMod:GunstockTap","DemoMod:FortunesFavor"],"picked":"DemoMod:AbyssalTentacle","floor":31},{"not_picked":["DemoMod:HuntsMan","DemoMod:JK47+1","DemoMod:ZorGun+1"],"picked":"DemoMod:CombinedRifle","floor":33},{"not_picked":["DemoMod:Behold!","DemoMod:Elimentaler","DemoMod:SuppressiveFire"],"picked":"DemoMod:BulletBore","floor":35},{"not_picked":["DemoMod:DoubleSwitch+1","DemoMod:SkilledReload","DemoMod:HungryBullets+1"],"picked":"DemoMod:ZorGun+1","floor":37},{"not_picked":["DemoMod:PotionOfGunFriendShip+1","DemoMod:ZorGun+1","DemoMod:SAA","DemoMod:AbyssalTentacle"],"picked":"SKIP","floor":39},{"not_picked":["DemoMod:AC15+1","DemoMod:ProbeStrike+1","DemoMod:PotionOfGunFriendShip"],"picked":"DemoMod:SpreadAmmo+1","floor":42},{"not_picked":["DemoMod:HuntsMan+1","DemoMod:MachoBrace","DemoMod:ChanceBullets+1"],"picked":"DemoMod:ShadowBullets","floor":43},{"not_picked":["Flash of Steel","Replay:SS_fish_3","Replay:SS_hec_2"],"picked":"expansioncontent:Chronoboost","floor":47}],"player_experience":495191,"relics_obtained":[{"floor":1,"key":"LetterFromLob"},{"floor":1,"key":"LetterFromLob"},{"floor":3,"key":"Question Card"},{"floor":6,"key":"Happy Flower"},{"floor":9,"key":"Oddly Smooth Stone"},{"floor":28,"key":"Replay:Bottled Snecko"},{"floor":31,"key":"Replay:Bottled Flurry"},{"floor":41,"key":"Ring of Peace"},{"floor":42,"key":"DemoMod:WhiteGuonStone"},{"floor":45,"key":"Pen Nib"},{"floor":50,"key":"Replay:Baseball"}],"event_choices":[{"damage_healed":0,"gold_gain":0,"player_choice":"Leave","damage_taken":0,"max_hp_gain":0,"max_hp_loss":0,"event_name":"The Cleric","floor":2,"gold_loss":0},{"damage_healed":0,"gold_gain":75,"player_choice":"Gold","damage_taken":11,"max_hp_gain":0,"max_hp_loss":0,"event_name":"betterThird:BetterGoop","floor":11,"gold_loss":0},{"damage_healed":0,"gold_gain":0,"player_choice":"Got Potions","damage_taken":0,"max_hp_gain":0,"max_hp_loss":0,"event_name":"Lab","floor":22,"gold_loss":0},{"damage_healed":0,"gold_gain":0,"player_choice":"Ignored","damage_taken":0,"max_hp_gain":0,"max_hp_loss":0,"event_name":"NoteForYourself","floor":38,"gold_loss":0},{"damage_healed":0,"gold_gain":0,"player_choice":"Memory 1","damage_taken":0,"max_hp_gain":0,"max_hp_loss":0,"event_name":"SensoryStone","floor":47,"gold_loss":0},{"damage_healed":0,"gold_gain":0,"player_choice":"Max HP","damage_taken":0,"max_hp_gain":0,"max_hp_loss":4,"event_name":"Winding Halls","floor":48,"gold_loss":0}],"is_beta":false,"boss_relics":[{"not_picked":["ReplayTheSpireMod:DimensionalGlitch","Replay:Bronze Core"],"picked":"Ring of Chaos"},{"not_picked":["Replay:Grab Bag","Velvet Choker"],"picked":"DemoMod:Wolf"}],"items_purged_floors":[40],"is_endless":false,"potions_floor_spawned":[1,14,16,16,26,35,37,42,43],"ascension_level":0}}