{"host":"d107yck46y3a78tv","time":1610284532,"event":{"mods":["ATMod(°¢èªMod)","Act Like it!","Aspiration","Bard","BaseMod","CapriCore","Colored Map","Gensokyo","Marisa£¨ìFÓê¡¡Ä§ÀíÉ³£©","Minty Spire (QoL Compilation)","Quick Restart","Relic Stats","StSLib","The Runesmith","The Servant 0.9.4"],"gold_per_floor":[119,7,24,52,85,85,10,261,261,273,285,297,209,234,234,333,333,394,494,494,109,144,144,193,233,233,0,37,76,95,425,425,521,521,566,566,566,578,27,27,44,113,183,214,214,271,271,181,181,181],"floor_reached":51,"playtime":3142,"items_purged":["Strike_MRS","Strike_MRS","Defend_MRS","Defend_MRS"],"score":1021,"play_id":"fae7f96a-5c1b-47e2-8b00-73aa97a852de","local_time":"20210110211532","is_ascension_mode":false,"campfire_choices":[{"data":"WitchOfGreed","floor":6.0,"key":"SMITH"},{"data":"AT_DarkMatter","floor":10.0,"key":"SMITH"},{"data":"ChargeUpSpray","floor":12.0,"key":"SMITH"},{"data":"MeteoricShower","floor":15.0,"key":"SMITH"},{"data":"1","floor":23,"key":"LIFT"},{"floor":32,"key":"REST"},{"data":"2","floor":40,"key":"LIFT"},{"data":"Defend_MRS","floor":49,"key":"PURGE"}],"circlet_count":0,"master_deck":["Strike_MRS","Strike_MRS","Defend_MRS+1","MasterSpark","UpSweep","AT_DarkMatter+1","WitchLeyline","WitchOfGreed+1","ChargeUpSpray+1","WitchLeyline+1","ShootTheMoon","MeteoricShower+1","ShootingEcho","OrrerysSun+1","EnergyRecoil+1","RefractionSpark+1","StarlightTyphoon","BinaryStars","MaximisePower+1","EscapeVelocity+1","Gensokyo:CustomPotion"],"relics":["BewitchedHakkero","AT_ATBox","aspiration:Nostalgia","Cracked Core","Lizard Tail","Regal Pillow","MawBank","Gensokyo:CelestialsFlawlessClothing","Gensokyo:MarisaPhilosophersStone","Black Star","Girya","Incense Burner","Gensokyo:ConquerorOfFear","AT_ImmortalShieldbow","aspiration:HatOfInfinitePower","HornCleat","TungstenRod","Old Coin","AT_BellowingDragoncrestRing","Frozen Egg 2","Bag of Preparation","Peace Pipe","AT_GoldPhoenixTree","aspiration:StickyExplosives_weak","Centennial Puzzle","Oddly Smooth Stone","Mummified Hand","Bottled Flame"],"acts_visited":["Gensokyo:Gensokyo","Gensokyo:Gensokyoer","Gensokyo:Gensokyoest"],"potions_floor_usage":[18,19,19,24,24,29,31,31,33,33,33,33,42,42],"damage_taken":[{"damage":0.0,"enemies":"Gensokyo:Python","floor":1.0,"turns":2.0},{"damage":0.0,"enemies":"Gensokyo:3_Fairies","floor":3.0,"turns":3.0},{"damage":14.0,"enemies":"Gensokyo:Gryphon","floor":4.0,"turns":3.0},{"damage":8.0,"enemies":"Gensokyo:VengefulSpirit","floor":5.0,"turns":3.0},{"damage":2.0,"enemies":"Gensokyo:Mamizou","floor":8.0,"turns":5.0},{"damage":2.0,"enemies":"Gensokyo:Mamizou","floor":14.0,"turns":2.0},{"damage":40.0,"enemies":"Gensokyo:Reimu","floor":16.0,"turns":5.0},{"damage":20,"enemies":"Gensokyo:AngelMirror","floor":18,"turns":2},{"damage":20,"enemies":"Gensokyo:AngelMirror","floor":19,"turns":3},{"damage":20,"enemies":"Gensokyo:Chomper","floor":22,"turns":3},{"damage":6,"enemies":"Gensokyo:Tenshi","floor":24,"turns":3},{"damage":31,"enemies":"Gensokyo:3_Gloops","floor":25,"turns":5},{"damage":0,"enemies":"Gensokyo:Swordslinger","floor":28,"turns":3},{"damage":4,"enemies":"Gensokyo:Monolith_and_Dog","floor":29,"turns":4},{"damage":0,"enemies":"Gensokyo:Chomper_and_Gloop","floor":30,"turns":3},{"damage":0,"enemies":"Gensokyo:Reisen","floor":31,"turns":6},{"damage":0,"enemies":"Gensokyo:Eiki","floor":33,"turns":4},{"damage":0,"enemies":"Gensokyo:AncientGuardian","floor":35,"turns":2},{"damage":0,"enemies":"Gensokyo:3_Bats","floor":38,"turns":1},{"damage":0,"enemies":"Gensokyo:Sharpion","floor":41,"turns":1},{"damage":0,"enemies":"Gensokyo:Marisa","floor":42,"turns":3},{"damage":0,"enemies":"Gensokyo:Kasen","floor":44,"turns":1},{"damage":7,"enemies":"Gensokyo:Marisa","floor":46,"turns":2},{"damage":0,"enemies":"Gensokyo:Yuyuko","floor":50,"turns":4}],"seed_played":"2412138374982673372","potions_obtained":[{"floor":4.0,"key":"FearPotion"},{"floor":4.0,"key":"ColorlessPotion"},{"floor":14.0,"key":"EntropicBrew"},{"floor":14.0,"key":"Weak Potion"},{"floor":16.0,"key":"DuplicationPotion"},{"floor":18,"key":"GamblersBrew"},{"floor":18,"key":"BlessingOfTheForge"},{"floor":18,"key":"BottledSpark"},{"floor":19,"key":"LiquidMemories"},{"floor":24,"key":"Swift Potion"},{"floor":24,"key":"StarNLove"},{"floor":25,"key":"Swift Potion"},{"floor":28,"key":"SteroidPotion"},{"floor":31,"key":"EntropicBrew"},{"floor":35,"key":"Swift Potion"},{"floor":38,"key":"DuplicationPotion"},{"floor":41,"key":"BlessingOfTheForge"},{"floor":42,"key":"Explosive Potion"},{"floor":42,"key":"Regen Potion"}],"is_trial":false,"path_per_floor":["M","COS","M","M","M","R","$","E","T","R","?","R","$","?","R","B",null,"M","?","?","$","M","R","E","M","T","?","M","M","M","E","R","B",null,"M","?","?","M","$","R","M","E","T","E","?","E","?","?","R","B",null],"character_chosen":"MARISA","items_purchased":["AT_ImmortalShieldbow","Frozen Egg 2","Bag of Preparation"],"campfire_rested":1,"item_purchase_floors":[21,39,39],"current_hp_per_floor":[75,75,75,61,53,53,53,51,51,51,33,33,33,31,31,37,75,55,35,35,35,16,16,25,5,5,5,5,3,3,3,40,40,75,75,75,75,75,75,75,75,75,75,75,75,68,75,75,75,75],"gold":181,"neow_bonus":"NOSTALGIA","is_daily":false,"chose_seed":false,"campfire_upgraded":4,"win_rate":0.0,"timestamp":1610284532,"path_taken":["M","COS","?","M","M","R","$","E","T","R","?","R","?","?","R","BOSS","M","?","?","$","M","R","E","M","T","?","M","M","M","E","R","BOSS","M","?","?","?","$","R","M","E","T","E","?","E","?","?","R","BOSS"],"items_purchased_type":["Relic","Relic","Relic"],"build_version":"2020-12-22","purchased_purges":4,"victory":true,"max_hp_per_floor":[75,75,75,75,75,75,75,75,75,75,75,75,75,75,75,75,75,75,75,75,75,75,75,75,75,75,75,75,75,75,75,75,75,75,75,75,75,75,75,75,75,75,75,75,75,75,75,75,75,79],"relic_stats":{"Peace Pipe":1,"Lizard Tail":37,"Regal Pillow":15,"Centennial Puzzle":[3],"counters":[24,73],"Mummified Hand":[2],"Black Star":5,"Bag of Preparation":[10],"MawBank":48,"obtain_stats":[{"Regal Pillow":8,"AT_ATBox":0,"Gensokyo:UndefinedDarkness":20,"Incense Burner":19,"Bag of Preparation":39,"Old Coin":31,"aspiration:StickyExplosives_weak":43,"Lizard Tail":8,"Centennial Puzzle":44,"Gensokyo:MarisaPhilosophersStone":14,"HornCleat":24,"Mummified Hand":46,"BewitchedHakkero":34,"Cracked Core":0,"Girya":19,"aspiration:Nostalgia":0,"AT_GoldPhoenixTree":42,"Oddly Smooth Stone":44,"Gensokyo:ConquerorOfFear":22,"Gensokyo:CelestialsFlawlessClothing":11,"Frozen Egg 2":39,"MawBank":9,"AT_ImmortalShieldbow":21,"Peace Pipe":42,"Bottled Flame":46,"AT_BellowingDragoncrestRing":31,"Black Star":17,"MiniHakkero":0,"aspiration:HatOfInfinitePower":24,"TungstenRod":26},{"Regal Pillow":5,"AT_ATBox":0,"Gensokyo:UndefinedDarkness":9,"Incense Burner":9,"Bag of Preparation":19,"Old Coin":16,"aspiration:StickyExplosives_weak":21,"Lizard Tail":5,"Centennial Puzzle":22,"Gensokyo:MarisaPhilosophersStone":6,"HornCleat":11,"Mummified Hand":23,"BewitchedHakkero":17,"Cracked Core":0,"Girya":9,"aspiration:Nostalgia":0,"AT_GoldPhoenixTree":21,"Oddly Smooth Stone":22,"Gensokyo:ConquerorOfFear":10,"Gensokyo:CelestialsFlawlessClothing":5,"Frozen Egg 2":19,"MawBank":5,"AT_ImmortalShieldbow":9,"Peace Pipe":21,"Bottled Flame":23,"AT_BellowingDragoncrestRing":16,"Black Star":7,"MiniHakkero":0,"aspiration:HatOfInfinitePower":11,"TungstenRod":12},{"Regal Pillow":16,"AT_ATBox":0,"Gensokyo:UndefinedDarkness":28,"Incense Burner":28,"Bag of Preparation":62,"Old Coin":55,"aspiration:StickyExplosives_weak":66,"Lizard Tail":13,"Centennial Puzzle":67,"Gensokyo:MarisaPhilosophersStone":18,"HornCleat":34,"Mummified Hand":69,"BewitchedHakkero":59,"Cracked Core":0,"Girya":28,"aspiration:Nostalgia":0,"AT_GoldPhoenixTree":66,"Oddly Smooth Stone":67,"Gensokyo:ConquerorOfFear":31,"Gensokyo:CelestialsFlawlessClothing":16,"Frozen Egg 2":62,"MawBank":16,"AT_ImmortalShieldbow":28,"Peace Pipe":66,"Bottled Flame":69,"AT_BellowingDragoncrestRing":55,"Black Star":23,"MiniHakkero":0,"aspiration:HatOfInfinitePower":34,"TungstenRod":39}],"TungstenRod":5},"card_choices":[{"not_picked":["GalacticHalo","EnergyFlow"],"picked":"WitchLeyline","floor":1.0},{"not_picked":["6A","PowerUp"],"picked":"WitchOfGreed","floor":3.0},{"not_picked":["GalacticHalo","SporeBomb"],"picked":"ChargeUpSpray","floor":4.0},{"not_picked":["GalacticHalo","UnstableBomb"],"picked":"WitchLeyline","floor":5.0},{"not_picked":["IllusionStar","UnstableBomb"],"picked":"ShootTheMoon","floor":8.0},{"not_picked":["GrandCross","OortCloud"],"picked":"ShootingEcho","floor":14.0},{"not_picked":["GrandCross","MysteriousBeam+1"],"picked":"OrrerysSun+1","floor":18},{"not_picked":["FairyDestructionRay","SporeBomb"],"picked":"EnergyRecoil","floor":19},{"not_picked":["DoubleSpark","DC"],"picked":"RefractionSpark+1","floor":22},{"not_picked":["UnstableBomb","IllusionStar","Robbery"],"picked":"SKIP","floor":24},{"not_picked":["OortCloud","OpenUniverse+1","StarBarrage"],"picked":"SKIP","floor":25},{"not_picked":["Singularity+1","6A","OpenUniverse"],"picked":"SKIP","floor":28},{"not_picked":["UnstableBomb","GrandCross"],"picked":"StarlightTyphoon","floor":29},{"not_picked":["WitchOfGreed","UnstableBomb","StarBarrage"],"picked":"SKIP","floor":30},{"not_picked":["Orbital+1","EnergyFlow"],"picked":"BinaryStars","floor":31},{"not_picked":["StarDustReverie","BigCrunch"],"picked":"MaximisePower","floor":33},{"not_picked":["LuminesStrike+1","6A+1","UnstableBomb"],"picked":"SKIP","floor":35},{"not_picked":["DC+1","Singularity+1","GalacticHalo+1"],"picked":"SKIP","floor":38},{"not_picked":["ShootTheMoon+1","MysteriousBeam+1","ManaConvection"],"picked":"SKIP","floor":41},{"not_picked":["WitchLeyline+1","PowerUp","GrandCross"],"picked":"SKIP","floor":42},{"not_picked":["MeteoricShower","SporeBomb+1"],"picked":"EscapeVelocity+1","floor":44},{"not_picked":["ShootingEcho+1","AsteroidBelt+1","DoubleSpark"],"picked":"SKIP","floor":46}],"player_experience":15910,"relics_obtained":[{"floor":8.0,"key":"Regal Pillow"},{"floor":9.0,"key":"MawBank"},{"floor":14.0,"key":"Gensokyo:MarisaPhilosophersStone"},{"floor":19,"key":"Girya"},{"floor":19,"key":"Incense Burner"},{"floor":22,"key":"Gensokyo:ConquerorOfFear"},{"floor":24,"key":"aspiration:HatOfInfinitePower"},{"floor":24,"key":"HornCleat"},{"floor":26,"key":"TungstenRod"},{"floor":31,"key":"Old Coin"},{"floor":31,"key":"AT_BellowingDragoncrestRing"},{"floor":42,"key":"Peace Pipe"},{"floor":42,"key":"AT_GoldPhoenixTree"},{"floor":43,"key":"aspiration:StickyExplosives_weak"},{"floor":44,"key":"Centennial Puzzle"},{"floor":44,"key":"Oddly Smooth Stone"},{"floor":46,"key":"Mummified Hand"},{"floor":46,"key":"Bottled Flame"}],"event_choices":[],"is_beta":false,"boss_relics":[{"not_picked":["aspiration:MobileForge","aspiration:RunicSpoon"],"picked":"Black Star"},{"not_picked":["AT_MortalBlade","aspiration:SecretTechniqueScroll"],"picked":"BewitchedHakkero"}],"items_purged_floors":[7,13,21,39],"is_endless":false,"potions_floor_spawned":[4,14,16,18,19,24,28,31,38,41,44],"ascension_level":0}}