{"host":"qfrmffs8rw9cf08l","time":1610292795,"event":{"mods":["AchievementEnabler","BaseMod","Better Match","Better Note","Better Sensory Stone","Better Skull","Better Third Choice","BetterRewards","MarisaÅiñ∂âJÅ@ñÇóùçπÅj","Minty Spire (QoL Compilation)","Permanent Neow","Quick Restart","Relic Filter","StSLib"],"gold_per_floor":[116,129,229,243,16,43,43,70,70,90,90,125,50,62,62,157,157,173,173,188,188,239,239,44,71,71,71,104,124,156,166,166,270,270,283,283,15,25,25,50,50,79,79,79,110,120,131,142,142,142,142,142,6,41,41],"floor_reached":56,"playtime":9388,"items_purged":["Strike_MRS","Wraith","FairyDestructionRay"],"score":1602,"play_id":"f6e27cac-c7a6-4183-a371-b364c2fc8db3","local_time":"20210110233315","is_ascension_mode":true,"campfire_choices":[{"data":"MagicChant","floor":7.0,"key":"SMITH"},{"floor":15.0,"key":"REST"},{"data":"SprinkleStarSeal","floor":23.0,"key":"SMITH"},{"floor":32.0,"key":"REST"},{"data":"MillisecondPulsars","floor":41.0,"key":"SMITH"},{"data":"BlazingStar","floor":44.0,"key":"SMITH"},{"floor":49.0,"key":"RECALL"},{"data":"AbsoluteMagnitude","floor":52.0,"key":"SMITH"}],"circlet_count":0,"master_deck":["MasterSpark","UpSweep+1","MagicChant+1","OortCloud","6A","UltimateShortwave+1","SprinkleStarSeal+1","MilkyWay+1","PulseMagic+1","GalacticHalo","AbsoluteMagnitude+1","GalacticHalo+1","MilkyWay+1","PulseMagic+1","OortCloud","EnergyRecoil","BlazingStar+1","PulseMagic","GalacticHalo","SprinkleStarSeal","GravityBeat","Singularity","BlazingStar","DarkMatter","MillisecondPulsars+1","OneTimeOff+1","Acceleration+1","Parasite","DarkMatter+1","Parasite","Parasite","CollectingQuirk"],"relics":["MiniHakkero","Ginger","MealTicket","Anchor","BreadOfAWashokuLover","Black Star","Oddly Smooth Stone","Sling","Juzu Bracelet","Shuriken","Dream Catcher","Turnip","Toy Ornithopter","White Beast Statue","War Paint","Pandora\u0027s Box","Membership Card","Bag of Preparation","InkBottle","Art of War","Potion Belt","Mango","Ornamental Fan","HornCleat","ShroomBag","Empty Cage","Unceasing Top"],"acts_visited":["TheCity","TheBeyond","TheEnding"],"potions_floor_usage":[54,55,55],"damage_taken":[{"damage":3.0,"enemies":"2 Louse","floor":1.0,"turns":3.0},{"damage":0.0,"enemies":"Cultist","floor":2.0,"turns":3.0},{"damage":12.0,"enemies":"Small Slimes","floor":4.0,"turns":5.0},{"damage":15.0,"enemies":"Gremlin Nob","floor":6.0,"turns":4.0},{"damage":3.0,"enemies":"3 Sentries","floor":8.0,"turns":6.0},{"damage":3.0,"enemies":"Blue Slaver","floor":10.0,"turns":5.0},{"damage":0.0,"enemies":"Lagavulin","floor":12.0,"turns":7.0},{"damage":0.0,"enemies":"Large Slime","floor":14.0,"turns":5.0},{"damage":15.0,"enemies":"Hexaghost","floor":16.0,"turns":12.0},{"damage":21.0,"enemies":"2 Thieves","floor":18.0,"turns":5.0},{"damage":5.0,"enemies":"3 Byrds","floor":20.0,"turns":5.0},{"damage":16.0,"enemies":"Slavers","floor":25.0,"turns":5.0},{"damage":1.0,"enemies":"Colosseum Slavers","floor":27.0,"turns":4.0},{"damage":5.0,"enemies":"Gremlin Leader","floor":28.0,"turns":3.0},{"damage":21.0,"enemies":"Snecko","floor":29.0,"turns":8.0},{"damage":3.0,"enemies":"Book of Stabbing","floor":30.0,"turns":7.0},{"damage":0.0,"enemies":"Centurion and Healer","floor":31.0,"turns":8.0},{"damage":33.0,"enemies":"Collector","floor":33.0,"turns":11.0},{"damage":2.0,"enemies":"Orb Walker","floor":35.0,"turns":6.0},{"damage":9.0,"enemies":"3 Shapes","floor":38.0,"turns":4.0},{"damage":0.0,"enemies":"Giant Head","floor":40.0,"turns":7.0},{"damage":0.0,"enemies":"Nemesis","floor":42.0,"turns":3.0},{"damage":0.0,"enemies":"Giant Head","floor":45.0,"turns":7.0},{"damage":1.0,"enemies":"Writhing Mass","floor":46.0,"turns":4.0},{"damage":1.0,"enemies":"Sphere and 2 Shapes","floor":47.0,"turns":4.0},{"damage":8.0,"enemies":"4 Shapes","floor":48.0,"turns":5.0},{"damage":31.0,"enemies":"Awakened One","floor":50.0,"turns":14.0},{"damage":0,"enemies":"Shield and Spear","floor":54,"turns":6},{"damage":27,"enemies":"The Heart","floor":55,"turns":7}],"seed_played":"5239755659379549525","potions_obtained":[{"floor":2.0,"key":"SteroidPotion"},{"floor":10.0,"key":"DuplicationPotion"},{"floor":12.0,"key":"Explosive Potion"},{"floor":14.0,"key":"LiquidMemories"},{"floor":18.0,"key":"PowerPotion"},{"floor":25.0,"key":"Energy Potion"},{"floor":30.0,"key":"PowerPotion"},{"floor":31.0,"key":"Energy Potion"},{"floor":33.0,"key":"Regen Potion"},{"floor":35.0,"key":"Weak Potion"},{"floor":38.0,"key":"Block Potion"},{"floor":42.0,"key":"Fruit Juice"},{"floor":45.0,"key":"BottledSpark"},{"floor":46.0,"key":"PowerPotion"},{"floor":47.0,"key":"LiquidMemories"},{"floor":48.0,"key":"Swift Potion"},{"floor":54,"key":"Block Potion"}],"is_trial":false,"path_per_floor":["M","M","?","M","$","E","R","E","T","M","?","E","$","M","R","B",null,"M","?","M","?","T","R","$","E","T","?","E","M","E","M","R","B",null,"M","?","$","M","?","E","R","E","T","R","E","M","M","M","R","B",null,"R","$","E","B",null],"character_chosen":"MARISA","items_purchased":["UltimateShortwave","SprinkleStarSeal","Sling","Energy Potion","Membership Card","Bag of Preparation","ShroomBag"],"campfire_rested":2,"item_purchase_floors":[5,5,24,24,37,37,53],"current_hp_per_floor":[72,72,72,60,60,45,45,42,42,39,24,24,39,39,61,46,75,54,54,49,49,49,49,64,48,48,47,42,21,18,18,40,17,75,73,73,75,66,75,75,75,94,94,94,94,93,94,88,88,58,94,94,94,94,90],"gold":41,"neow_bonus":"THREE_CARDS","is_daily":false,"chose_seed":false,"campfire_upgraded":5,"win_rate":0.0,"timestamp":1610292795,"path_taken":["M","M","?","M","?","E","R","E","T","M","?","E","?","M","R","BOSS","M","?","M","?","?","R","$","E","T","?","E","M","E","M","R","BOSS","M","?","$","M","?","E","R","E","T","R","E","M","M","M","R","BOSS","R","$","E","BOSS"],"items_purchased_type":["Card","Card","Relic","Potion","Relic","Relic","Relic"],"build_version":"2020-12-22","purchased_purges":3,"victory":true,"max_hp_per_floor":[75,75,75,75,75,75,75,75,75,75,75,75,75,75,75,75,75,75,75,75,75,75,75,75,75,75,75,75,75,75,75,75,75,75,75,75,75,75,75,75,75,94,94,94,94,94,94,94,94,94,94,94,94,94,107],"card_choices":[{"not_picked":["GravityBeat","StarBarrage"],"picked":"MagicChant","floor":0.0},{"not_picked":["WitchOfGreed","GrandCross"],"picked":"ShootTheMoon","floor":1.0},{"not_picked":["DoubleSpark","DeepEcoloBomb"],"picked":"OortCloud","floor":2.0},{"not_picked":["WitchOfGreed","StarBarrage"],"picked":"6A","floor":4.0},{"not_picked":["MysteriousBeam","SatelliteIllusion"],"picked":"MilkyWay","floor":6.0},{"not_picked":["Acceleration","MachineGunSpark"],"picked":"PulseMagic","floor":8.0},{"not_picked":["Acceleration","MilkyWay"],"picked":"GalacticHalo","floor":10.0},{"not_picked":["DC","ShootTheMoon"],"picked":"Singularity","floor":12.0},{"not_picked":["ShootingEcho","MagicChant"],"picked":"NonDirectionalLaser","floor":14.0},{"not_picked":["SatelliteIllusion","MaximisePower"],"picked":"AbsoluteMagnitude","floor":16.0},{"not_picked":["Acceleration+1","DC"],"picked":"GalacticHalo+1","floor":18.0},{"not_picked":["IllusionStar","UnstableBomb"],"picked":"MilkyWay+1","floor":20.0},{"not_picked":["Acceleration+1","MilkyWay"],"picked":"OortCloud","floor":25.0},{"not_picked":["OpenUniverse","Orbital"],"picked":"EnergyRecoil","floor":28.0},{"not_picked":["Acceleration","Singularity+1","BlazeAway"],"picked":"SKIP","floor":29.0},{"not_picked":["BinaryStars","Acceleration","AsteroidBelt"],"picked":"SKIP","floor":30.0},{"not_picked":["MilkyWay+1","WitchOfGreed","GalacticHalo"],"picked":"SKIP","floor":31.0},{"not_picked":["MysteriousBeam","EnergyFlow"],"picked":"FairyDestructionRay","floor":32.0},{"not_picked":["CasketOfStar","SatelliteIllusion"],"picked":"BlazingStar","floor":33.0},{"not_picked":["GravityBeat","Orbital+1","NonDirectionalLaser"],"picked":"SKIP","floor":35.0},{"not_picked":["Robbery+1","MysteriousBeam","MilkyWay+1"],"picked":"SKIP","floor":38.0},{"not_picked":["PulseMagic+1","DragonMeteor"],"picked":"MillisecondPulsars","floor":40.0},{"not_picked":["IllusionStar","Acceleration+1"],"picked":"OneTimeOff+1","floor":42.0},{"not_picked":["GravityBeat","FairyDestructionRay+1"],"picked":"Acceleration+1","floor":45.0},{"not_picked":["PowerUp","IllusionStar","MeteoricShower"],"picked":"SKIP","floor":46.0},{"not_picked":["WitchLeyline","6A","Robbery+1"],"picked":"SKIP","floor":47.0},{"not_picked":["DarkSpark+1","PulseMagic"],"picked":"DarkMatter+1","floor":48.0},{"not_picked":["6A+1","ChargingUp"],"picked":"CollectingQuirk","floor":54}],"player_experience":200904,"relics_obtained":[{"floor":6.0,"key":"Ginger"},{"floor":8.0,"key":"MealTicket"},{"floor":9.0,"key":"Anchor"},{"floor":12.0,"key":"BreadOfAWashokuLover"},{"floor":22.0,"key":"Oddly Smooth Stone"},{"floor":25.0,"key":"Juzu Bracelet"},{"floor":25.0,"key":"Shuriken"},{"floor":26.0,"key":"Dream Catcher"},{"floor":28.0,"key":"Turnip"},{"floor":28.0,"key":"Toy Ornithopter"},{"floor":30.0,"key":"White Beast Statue"},{"floor":30.0,"key":"War Paint"},{"floor":40.0,"key":"InkBottle"},{"floor":40.0,"key":"Art of War"},{"floor":42.0,"key":"Potion Belt"},{"floor":42.0,"key":"Mango"},{"floor":45.0,"key":"Ornamental Fan"},{"floor":45.0,"key":"HornCleat"},{"floor":54,"key":"Empty Cage"},{"floor":54,"key":"Unceasing Top"}],"event_choices":[{"damage_healed":0.0,"max_hp_gain":0.0,"max_hp_loss":0.0,"gold_gain":100.0,"event_name":"Wheel of Change","player_choice":"Gold","floor":3.0,"gold_loss":0.0,"damage_taken":0.0},{"damage_healed":39.0,"max_hp_gain":0.0,"max_hp_loss":75.0,"gold_gain":0.0,"event_name":"betterThird:BetterShining","player_choice":"Upgrade","floor":11.0,"gold_loss":0.0,"damage_taken":15.0,"cards_upgraded":["PulseMagic","UpSweep"]},{"damage_healed":0.0,"max_hp_gain":0.0,"max_hp_loss":0.0,"gold_gain":0.0,"event_name":"Lab","player_choice":"Got Potions","floor":19.0,"gold_loss":0.0,"damage_taken":0.0},{"cards_removed":["UltimateShortwave"],"damage_healed":0.0,"max_hp_gain":0.0,"max_hp_loss":0.0,"gold_gain":0.0,"event_name":"betterNote:BetterNote","player_choice":"Take \u0026 Give","floor":21.0,"gold_loss":0.0,"damage_taken":0.0,"cards_obtained":["PulseMagic"]},{"damage_healed":0.0,"max_hp_gain":0.0,"max_hp_loss":0.0,"gold_gain":0.0,"event_name":"Colosseum","player_choice":"Fight","floor":27.0,"gold_loss":0.0,"damage_taken":0.0},{"damage_healed":0.0,"max_hp_gain":0.0,"max_hp_loss":0.0,"gold_gain":0.0,"event_name":"Colosseum","player_choice":"Fled From Nobs","floor":27.0,"gold_loss":0.0,"damage_taken":0.0},{"damage_healed":0.0,"max_hp_gain":0.0,"max_hp_loss":0.0,"gold_gain":0.0,"event_name":"OrinTheCat","player_choice":"Ignored","floor":36.0,"gold_loss":0.0,"damage_taken":0.0},{"cards_removed":["Singularity"],"damage_healed":9.0,"max_hp_gain":0.0,"max_hp_loss":0.0,"gold_gain":0.0,"event_name":"Bonfire Elementals","player_choice":"Offered Uncommon","floor":39.0,"gold_loss":0.0,"damage_taken":0.0}],"is_beta":false,"boss_relics":[{"not_picked":["Cursed Key","Runic Dome"],"picked":"Black Star"},{"not_picked":["Runic Pyramid","Tiny House"],"picked":"Pandora\u0027s Box"}],"items_purged_floors":[13,37,53],"is_endless":false,"potions_floor_spawned":[2,10,12,14,16,18,25,30,31,33,35,38,40,42,45,46,47,48,54],"ascension_level":2}}