{"host":"f5y45f7z7ziu0smp","time":1610287122,"event":{"mods":["AchievementEnabler","BaseMod","Koishi","Marisa£¨Ùöéë¡¡Øª×âÞÞ£©","Minty Spire (QoL Compilation)","StSLib","SuperFastMode"],"gold_per_floor":[110,121,46,46,46,46,46,79,79,94,113,123,123,157,157,157,157],"floor_reached":16,"playtime":405,"items_purged":["Defend_B"],"score":110,"play_id":"d12a106f-8985-4428-a319-83e42a23b42b","local_time":"20210110225842","is_ascension_mode":false,"campfire_choices":[{"data":"Gash","floor":6,"key":"SMITH"},{"data":"Beam Cell","floor":13,"key":"SMITH"},{"data":"Zap","floor":15,"key":"SMITH"}],"circlet_count":0,"master_deck":["Strike_B","Strike_B","Strike_B","Strike_B","Defend_B","Defend_B","Zap+1","Dualcast","Streamline","Gash+1","Static Discharge","Go for the Eyes","Beam Cell+1","Scrape","Cold Snap","Melter"],"relics":["Cracked Core","Torii","Ice Cream","Meat on the Bone","Bag of Preparation"],"acts_visited":["Exordium"],"potions_floor_usage":[8,16,16,16],"damage_taken":[{"damage":1,"enemies":"Cultist","floor":1,"turns":4},{"damage":11,"enemies":"Jaw Worm","floor":2,"turns":2},{"damage":8,"enemies":"Gremlin Nob","floor":8,"turns":3},{"damage":0,"enemies":"2 Louse","floor":10,"turns":2},{"damage":13,"enemies":"Blue Slaver","floor":11,"turns":3},{"damage":3,"enemies":"Exordium Thugs","floor":12,"turns":4},{"damage":32,"enemies":"Lagavulin","floor":14,"turns":4},{"damage":38,"enemies":"The Guardian","floor":16,"turns":6}],"seed_played":"1063177271604056747","potions_obtained":[{"floor":2,"key":"ColorlessPotion"},{"floor":8,"key":"FocusPotion"},{"floor":12,"key":"Regen Potion"},{"floor":14,"key":"Fire Potion"}],"is_trial":false,"path_per_floor":["M","M","$","?","$","R","$","E","T","M","M","M","R","E","R","B"],"character_chosen":"DEFECT","items_purchased":[],"campfire_rested":0,"item_purchase_floors":[],"current_hp_per_floor":[53,42,42,42,42,42,42,34,34,46,45,42,42,22,22,0,0],"gold":157,"neow_bonus":"ONE_RARE_RELIC","is_daily":false,"chose_seed":false,"campfire_upgraded":3,"win_rate":0.0,"timestamp":1610287122,"path_taken":["M","?","?","?","$","R","$","E","T","M","M","M","R","E","R","BOSS"],"items_purchased_type":[],"build_version":"2020-12-22","purchased_purges":1,"victory":false,"max_hp_per_floor":[75,75,75,75,75,75,75,75,75,75,75,75,75,75,75,75,75],"card_choices":[{"not_picked":["Compile Driver","Steam"],"picked":"Streamline","floor":1},{"not_picked":["Reboot","FTL"],"picked":"Gash","floor":2},{"not_picked":["Compile Driver","Glacier"],"picked":"Go for the Eyes","floor":8},{"not_picked":["White Noise","BootSequence"],"picked":"Beam Cell","floor":10},{"not_picked":["Compile Driver","Ball Lightning"],"picked":"Scrape","floor":11},{"not_picked":["Ball Lightning","Buffer"],"picked":"Cold Snap","floor":12},{"not_picked":["Multi-Cast","Redo"],"picked":"Melter","floor":14}],"player_experience":87116,"relics_obtained":[{"floor":8,"key":"Ice Cream"},{"floor":9,"key":"Meat on the Bone"},{"floor":14,"key":"Bag of Preparation"}],"event_choices":[{"damage_healed":0,"gold_gain":0,"cards_transformed":["Defend_B"],"player_choice":"Change","damage_taken":0,"max_hp_gain":0,"max_hp_loss":0,"event_name":"Living Wall","floor":4,"gold_loss":0,"cards_obtained":["Static Discharge"]}],"is_beta":false,"boss_relics":[],"items_purged_floors":[3],"is_endless":false,"potions_floor_spawned":[2,8,12,14],"killed_by":"The Guardian","ascension_level":0}}