{"host":"bpkhhmvsfrvlto2l","time":1610242913,"event":{"mods":["2.2 Compatiblity","AchievementEnabler","Act Like it!","AlwaysNeverKeys","Aspiration","BaseMod","Better Silent Start","Challenge The Spire","Colored Map","Colored Powertips","Custom Start","Downfall","Energized Spire","Friendly Minions","GifTheSpireLib","Halation","Hubris","Infinite Spire","Ironclad Rager","Mimic Mod","Minty Spire (QoL Compilation)","Permanent Neow","Quick Restart","Random Character Button","Relic Sorter","Replay The Spire","Spikes Relics","StSLib","Stuff the Spire","Swap Starting Deck Mod","Trackpad"],"gold_per_floor":[110,110,82,95,69,69,80,96,126,151,151,76,111,128,128,229,229,241,156,29,48,68,68,103,103,103,118,118,130,130,143,143,238,238,253,273,273,273],"floor_reached":37,"playtime":914,"items_purged":["Strike_R"],"score":461,"play_id":"4b419a12-6eb9-41e2-93f9-ba21a35a3e2a","local_time":"20210109204153","is_ascension_mode":true,"campfire_choices":[{"data":"Flex","floor":6,"key":"SMITH"},{"data":"Heavy Blade","floor":11,"key":"SMITH"},{"floor":15,"key":"DIG"},{"data":"Rampage","floor":23,"key":"SMITH"},{"data":"ReplayTheSpireMod:Muscle Training","floor":25,"key":"SMITH"},{"floor":32,"key":"REST"}],"circlet_count":0,"master_deck":["Strike_R","Strike_R","Strike_R","Strike_R","Defend_R","Defend_R","Defend_R","Bash","Twin Strike+1","Heavy Blade+1","Flex+1","Spot Weakness","Rampage+1","ReplayTheSpireMod:Muscle Training","ReplayTheSpireMod:Muscle Training+1","Rupture","Headbutt"],"relics":["Burning Blood","aspiration:Nostalgia","Guardian:ModeShifter","Boot","ReplayFunnel","infinitespire:ShieldingShard","aspiration:SeaSaltIceCream","GremlinMask","energizedSpire:OgreHead","SuspiciousGoo","infinitespire:PuzzleCube","ShockBauble"],"acts_visited":["Exordium","TheCity","TheBeyond"],"potions_floor_usage":[9,13,16,16,29,29,31,33,33,37],"damage_taken":[{"damage":5,"enemies":"Small Slimes","floor":1,"turns":3},{"damage":7,"enemies":"Jaw Worm","floor":4,"turns":3},{"damage":0,"enemies":"2 Louse","floor":7,"turns":2},{"damage":10,"enemies":"Gremlin Gang","floor":8,"turns":5},{"damage":1,"enemies":"Exordium Wildlife","floor":9,"turns":7},{"damage":25,"enemies":"3 Sentries","floor":10,"turns":7},{"damage":15,"enemies":"Lagavulin","floor":13,"turns":5},{"damage":12,"enemies":"Exordium Wildlife","floor":14,"turns":3},{"damage":3,"enemies":"The Guardian","floor":16,"turns":5},{"damage":0,"enemies":"Chosen","floor":18,"turns":3},{"damage":3,"enemies":"Spheric Guardian","floor":21,"turns":3},{"damage":10,"enemies":"Snake Plant","floor":22,"turns":3},{"damage":40,"enemies":"Book of Stabbing","floor":24,"turns":5},{"damage":1,"enemies":"Snecko","floor":27,"turns":3},{"damage":6,"enemies":"Chosen and Byrds","floor":29,"turns":3},{"damage":19,"enemies":"Centurion and Healer","floor":31,"turns":5},{"damage":55,"enemies":"Automaton","floor":33,"turns":10},{"damage":44,"enemies":"3 Shapes","floor":35,"turns":4},{"damage":11,"enemies":"Orb Walker","floor":36,"turns":3},{"damage":53,"enemies":"Writhing Mass","floor":37,"turns":4}],"seed_played":"-1664573108822996639","potions_obtained":[{"floor":7,"key":"SteroidPotion"},{"floor":10,"key":"BlessingOfTheForge"},{"floor":13,"key":"Swift Potion"},{"floor":14,"key":"hexamod:EctoCoolerPotion"},{"floor":21,"key":"BlessingOfTheForge"},{"floor":24,"key":"Explosive Potion"},{"floor":27,"key":"PowerPotion"},{"floor":30,"key":"Flashbang"},{"floor":30,"key":"Reflective Coating"},{"floor":30,"key":"SpeedPotion"},{"floor":36,"key":"Regen Potion"}],"is_trial":false,"path_per_floor":["M","?","?","M","$","R","M","M","MIM","E","R","$","E","M","R_BF","B",null,"M","?","$","M","M","R","E","R","T","M","?","M","?","M","R","B",null,"M","M","M"],"character_chosen":"IRONCLAD","items_purchased":["Flex","Spot Weakness","ReplayTheSpireMod:Muscle Training"],"campfire_rested":1,"item_purchase_floors":[5,12,20],"current_hp_per_floor":[80,80,80,79,79,79,80,76,80,61,61,61,52,46,46,49,80,80,80,80,80,76,76,42,42,42,47,47,47,47,34,58,9,80,42,37,0,0],"gold":273,"neow_bonus":"NOSTALGIA","is_daily":false,"chose_seed":false,"campfire_upgraded":4,"win_rate":0.0,"timestamp":1610242913,"path_taken":["M","?","?","M","?","R","M","M","MIM","E","R","$","E","M","R_BF","BOSS","M","?","?","?","M","R","E","R","T","M","?","M","?","M","R","BOSS","M","M","M"],"items_purchased_type":["Card","Card","Card"],"build_version":"2020-12-22","purchased_purges":1,"victory":false,"max_hp_per_floor":[80,80,80,80,80,80,80,80,80,80,80,80,80,80,80,80,80,80,80,80,80,80,80,80,80,80,80,80,80,80,80,80,80,80,80,80,80,80],"card_choices":[{"not_picked":["ReplayTheSpireMod:Strike From Hell","Combust"],"picked":"Heavy Blade","floor":4},{"not_picked":["Clash","Iron Wave"],"picked":"Rampage","floor":18},{"not_picked":["Anger","Flame Barrier"],"picked":"Rupture","floor":29},{"not_picked":["Dual Wield+1","ReplayTheSpireMod:Strike From Hell+1"],"picked":"Headbutt","floor":35}],"player_experience":56396,"relics_obtained":[{"floor":9,"key":"Boot"},{"floor":10,"key":"ReplayFunnel"},{"floor":13,"key":"infinitespire:ShieldingShard"},{"floor":15,"key":"aspiration:SeaSaltIceCream"},{"floor":24,"key":"infinitespire:PuzzleCube"},{"floor":26,"key":"ShockBauble"}],"event_choices":[{"damage_healed":0,"gold_gain":0,"player_choice":"Left Gold","damage_taken":0,"max_hp_gain":0,"max_hp_loss":0,"event_name":"World of Goop","floor":3,"gold_loss":28},{"damage_healed":0,"gold_gain":0,"player_choice":"Paid Gold","damage_taken":0,"relics_obtained":["SuspiciousGoo"],"max_hp_gain":0,"max_hp_loss":0,"event_name":"WeMeetAgain","floor":19,"gold_loss":85},{"damage_healed":0,"gold_gain":0,"player_choice":"Got Potions","damage_taken":0,"max_hp_gain":0,"max_hp_loss":0,"event_name":"Lab","floor":30,"gold_loss":0}],"is_beta":false,"boss_relics":[{"not_picked":["energizedSpire:StickyHand","StuffTheSpire:ModemDavis"],"picked":"energizedSpire:OgreHead"},{"not_picked":["Replay:Bronze Core","Abe\u0027s Treasure","hubris:VirtuousBlindfold"]}],"items_purged_floors":[20],"is_endless":false,"potions_floor_spawned":[7,10,13,14,21,24,27,36],"killed_by":"Writhing Mass","ascension_level":3}}