{"host":"3po7ngt2j61s4rmj","time":1610309887,"event":{"mods":["Act Like it!","BaseMod","Hermit","JesterMod","Minty Spire (QoL Compilation)","Relic Stats","Shade Mod","StSLib"],"gold_per_floor":[112,112,11,11,24,57,57,90,90,120,136,86,101,133,133,228,528,544,574,574,574],"floor_reached":20,"playtime":1452,"items_purged":["jesterMod:Strike"],"score":284,"play_id":"112f2c3e-5f21-40bf-9c1e-ada2e208effb","local_time":"20210110131807","is_ascension_mode":true,"campfire_choices":[{"data":"jesterMod:RecklessStrike","floor":7,"key":"SMITH"},{"data":"jesterMod:Sickle","floor":15,"key":"SMITH"}],"circlet_count":0,"master_deck":["jesterMod:Strike","jesterMod:Strike","jesterMod:Strike","jesterMod:Sickle+1","jesterMod:Defend","jesterMod:Defend","jesterMod:Defend","jesterMod:Defend","jesterMod:Dodge","jesterMod:Prankster+1","jesterMod:RecklessStrike+1","jesterMod:Unleash+1","jesterMod:TrickyDodge+1","jesterMod:Flee+1","jesterMod:Juggle+1","jesterMod:Patience+1","jesterMod:DancingMad+1","jesterMod:ButterflyDance+1","CurseOfTheBell","jesterMod:Illness+1","jesterMod:Precipitation+1"],"relics":["jesterMod:JesterCap","NeowsBlessing","GremlinMask","Toxic Egg 2","Ice Cream","StoneCalendar","Smiling Mask","Eternal Feather","Calling Bell","Happy Flower","Frozen Egg 2","Old Coin"],"acts_visited":["Exordium","TheCity"],"potions_floor_usage":[10,13,16,16],"damage_taken":[{"damage":0,"enemies":"Jaw Worm","floor":1,"turns":1},{"damage":0,"enemies":"2 Louse","floor":5,"turns":2},{"damage":0,"enemies":"Lagavulin","floor":6,"turns":2},{"damage":16,"enemies":"3 Sentries","floor":8,"turns":9},{"damage":10,"enemies":"Lagavulin","floor":10,"turns":5},{"damage":0,"enemies":"Cultist","floor":11,"turns":4},{"damage":5,"enemies":"Exordium Thugs","floor":13,"turns":4},{"damage":20,"enemies":"3 Sentries","floor":14,"turns":4},{"damage":8,"enemies":"Hexaghost","floor":16,"turns":7},{"damage":14,"enemies":"Shell Parasite","floor":18,"turns":2},{"damage":17,"enemies":"2 Thieves","floor":19,"turns":4},{"damage":36,"enemies":"Snake Plant","floor":20,"turns":3}],"seed_played":"-7075517422463417464","potions_obtained":[{"floor":5,"key":"FearPotion"},{"floor":8,"key":"DistilledChaos"},{"floor":13,"key":"Weak Potion"}],"is_trial":false,"path_per_floor":["M","?","$","?","M","E","R","E","T","E","M","$","M","E","R","B",null,"M","M","M"],"character_chosen":"THE_JESTER","items_purchased":["Fruit Juice"],"campfire_rested":0,"item_purchase_floors":[3],"current_hp_per_floor":[70,70,70,70,70,70,70,54,54,44,44,44,39,19,28,25,63,49,32,0,0],"gold":574,"neow_bonus":"THREE_ENEMY_KILL","is_daily":false,"chose_seed":false,"campfire_upgraded":2,"win_rate":0.0,"timestamp":1610309887,"path_taken":["M","?","$","?","M","E","R","E","T","E","?","?","M","E","R","BOSS","M","M","M"],"items_purchased_type":["Potion"],"build_version":"2020-12-22","purchased_purges":1,"victory":false,"max_hp_per_floor":[70,70,70,70,70,70,70,70,70,70,70,70,70,70,70,75,75,75,75,75,75],"relic_stats":{"Happy Flower":[3],"counters":[12,47],"StoneCalendar":[40],"Eternal Feather":9,"Smiling Mask":25,"obtain_stats":[{"Ice Cream":8,"Calling Bell":17,"NeowsBlessing":0,"Happy Flower":17,"GremlinMask":4,"StoneCalendar":9,"Eternal Feather":14,"jesterMod:JesterCap":0,"Toxic Egg 2":6,"Frozen Egg 2":17,"Smiling Mask":10,"Old Coin":17},{"Ice Cream":4,"Calling Bell":9,"NeowsBlessing":0,"Happy Flower":9,"GremlinMask":1,"StoneCalendar":4,"Eternal Feather":8,"jesterMod:JesterCap":0,"Toxic Egg 2":3,"Frozen Egg 2":9,"Smiling Mask":5,"Old Coin":9},{"Ice Cream":14,"Calling Bell":38,"NeowsBlessing":0,"Happy Flower":38,"GremlinMask":1,"StoneCalendar":14,"Eternal Feather":31,"jesterMod:JesterCap":0,"Toxic Egg 2":5,"Frozen Egg 2":38,"Smiling Mask":19,"Old Coin":38}]},"card_choices":[{"not_picked":["jesterMod:DancingMad","jesterMod:OblivionStrike"],"picked":"jesterMod:Prankster","floor":1},{"not_picked":["jesterMod:MudBall","jesterMod:Discretion"],"picked":"jesterMod:RecklessStrike","floor":5},{"not_picked":["jesterMod:Exasperation","jesterMod:Squander+1"],"picked":"jesterMod:Unleash+1","floor":6},{"not_picked":["jesterMod:JugglerBlade","jesterMod:Feint"],"picked":"jesterMod:TrickyDodge+1","floor":8},{"not_picked":["jesterMod:PerfectDodge+1","jesterMod:Disposophobia+1"],"picked":"jesterMod:Flee+1","floor":10},{"not_picked":["jesterMod:Procrastination+1","jesterMod:QuickStrike"],"picked":"jesterMod:Juggle+1","floor":11},{"not_picked":["jesterMod:RecklessStrike","jesterMod:SelfMockery+1"],"picked":"jesterMod:Patience+1","floor":13},{"not_picked":["jesterMod:Illness+1","jesterMod:BouncingKnife"],"picked":"jesterMod:DancingMad+1","floor":14},{"not_picked":["jesterMod:ExperimentalTreatment+1","jesterMod:Finale"],"picked":"jesterMod:ButterflyDance+1","floor":16},{"not_picked":["jesterMod:Rebuff+1","jesterMod:PerfectDodge+1"],"picked":"jesterMod:Illness+1","floor":18},{"not_picked":["jesterMod:Tinker","jesterMod:Pause+1"],"picked":"jesterMod:Precipitation+1","floor":19}],"player_experience":1113886,"relics_obtained":[{"floor":6,"key":"Toxic Egg 2"},{"floor":8,"key":"Ice Cream"},{"floor":9,"key":"StoneCalendar"},{"floor":10,"key":"Smiling Mask"},{"floor":14,"key":"Eternal Feather"},{"floor":17,"key":"Happy Flower"},{"floor":17,"key":"Frozen Egg 2"},{"floor":17,"key":"Old Coin"}],"event_choices":[{"damage_healed":0,"gold_gain":0,"player_choice":"Grow","damage_taken":0,"max_hp_gain":0,"max_hp_loss":0,"event_name":"Living Wall","floor":2,"gold_loss":0,"cards_upgraded":["jesterMod:Prankster"]},{"damage_healed":0,"gold_gain":0,"player_choice":"Trade","damage_taken":0,"relics_obtained":["GremlinMask"],"max_hp_gain":0,"max_hp_loss":0,"event_name":"FaceTrader","floor":4,"gold_loss":0}],"is_beta":false,"boss_relics":[{"not_picked":["Philosopher\u0027s Stone","Snecko Eye"],"picked":"Calling Bell"}],"items_purged_floors":[12],"is_endless":false,"potions_floor_spawned":[5,8,13],"killed_by":"Snake Plant","ascension_level":5}}