{"host":"zig6x0mxqzam82fb","time":1610314607,"event":{"mods":["BaseMod","Block Reminder","Colored Map","Colored Powertips","Marisa????????","Minty Spire (QoL Compilation)","Relic Stats","StSLib","The Cursed","The Marked","Waifu the Spire"],"gold_per_floor":[110,62,62,79,89,89,107,107,134,159,177,189,189,202,202,302,302,317,166,180,194,293,293,310,337,408,408,270,287,287,312,312,409,409,423,423,150,150,150,177,177,0,54,54,70,16,30,45,45,45,45],"floor_reached":50,"playtime":3201,"items_purged":["Injury","Strike_G","Strike_G"],"score":716,"play_id":"00b8419f-3c2e-4ac9-bb54-ec9ed59a255a","local_time":"20210110163647","is_ascension_mode":true,"campfire_choices":[{"data":"Bouncing Flask","floor":6,"key":"SMITH"},{"data":"Terror","floor":8,"key":"SMITH"},{"data":"Cloak And Dagger","floor":13,"key":"SMITH"},{"floor":15,"key":"REST"},{"data":"Blade Dance","floor":23,"key":"SMITH"},{"data":"Accuracy","floor":27,"key":"SMITH"},{"floor":30,"key":"REST"},{"floor":32,"key":"REST"},{"floor":41,"key":"REST"},{"data":"1","floor":44,"key":"LIFT"},{"data":"2","floor":49,"key":"LIFT"}],"circlet_count":0,"master_deck":["Strike_G","Strike_G","Defend_G","Defend_G","Defend_G","Defend_G","Defend_G","Survivor","Neutralize","Terror+1","Blade Dance+1","Escape Plan","Bouncing Flask+1","Backflip","Accuracy+1","Backstab","Noxious Fumes","Cloak And Dagger+1","Accuracy","Storm of Steel","Backflip","Accuracy","Sucker Punch","Blur","Catalyst","Deflect+1","Infinite Blades","Choke","After Image","Cloak And Dagger+1","Blade Dance+1","Madness","Tactician+1","Dagger Throw+1","Dodge and Roll+1","Cloak And Dagger+1","Sucker Punch+1"],"relics":["Ring of the Snake","Gambling Chip","Bronze Scales","Strawberry","Sozu","Meat on the Bone","Pantograph","Girya","Runic Pyramid","DollysMirror","Molten Egg 2","Toxic Egg 2","Red Mask","Boot"],"acts_visited":["Exordium","TheCity","TheBeyond"],"potions_floor_usage":[21,25],"damage_taken":[{"damage":3,"enemies":"Small Slimes","floor":1,"turns":5},{"damage":0,"enemies":"Cultist","floor":4,"turns":3},{"damage":1,"enemies":"Jaw Worm","floor":5,"turns":4},{"damage":12,"enemies":"Exordium Wildlife","floor":7,"turns":4},{"damage":16,"enemies":"Gremlin Nob","floor":10,"turns":3},{"damage":0,"enemies":"2 Fungi Beasts","floor":11,"turns":2},{"damage":0,"enemies":"Blue Slaver","floor":12,"turns":1},{"damage":0,"enemies":"3 Louse","floor":14,"turns":2},{"damage":36,"enemies":"Hexaghost","floor":16,"turns":6},{"damage":0,"enemies":"Spheric Guardian","floor":18,"turns":1},{"damage":7,"enemies":"Chosen","floor":20,"turns":3},{"damage":0,"enemies":"Centurion and Healer","floor":21,"turns":3},{"damage":0,"enemies":"Sentry and Sphere","floor":24,"turns":3},{"damage":21,"enemies":"Slavers","floor":25,"turns":3},{"damage":30,"enemies":"Snake Plant","floor":29,"turns":3},{"damage":29,"enemies":"Gremlin Leader","floor":31,"turns":3},{"damage":32,"enemies":"Champ","floor":33,"turns":6},{"damage":2,"enemies":"Orb Walker","floor":35,"turns":2},{"damage":52,"enemies":"Nemesis","floor":40,"turns":5},{"damage":0,"enemies":"3 Shapes","floor":45,"turns":3},{"damage":0,"enemies":"Jaw Worm Horde","floor":47,"turns":4},{"damage":4,"enemies":"Spire Growth","floor":48,"turns":3},{"damage":74,"enemies":"Awakened One","floor":50,"turns":8}],"seed_played":"5759133917556552126","potions_obtained":[{"floor":10,"key":"BlessingOfTheForge"},{"floor":14,"key":"BlessingOfTheForge"}],"is_trial":false,"path_per_floor":["M","$","?","M","M","R","M","R","T","E","M","M","R","M","R","B",null,"M","$","M","M","?","R","M","E","T","R","$","M","R","E","R","B",null,"M","?","$","?","T","E","R","?","T","R","M","$","M","M","R","B"],"character_chosen":"THE_SILENT","items_purchased":["Blade Dance","Accuracy","Infinite Blades","DollysMirror","Dodge and Roll+1"],"campfire_rested":4,"item_purchase_floors":[2,19,28,37,46],"current_hp_per_floor":[60,60,60,60,59,59,47,47,47,38,38,38,38,38,61,25,64,64,64,57,57,57,57,57,36,36,36,36,18,41,24,47,40,68,66,66,66,66,66,26,49,49,49,49,49,49,49,45,45,0,0],"gold":45,"neow_bonus":"ONE_RARE_RELIC","is_daily":false,"chose_seed":false,"campfire_upgraded":5,"win_rate":0.0,"timestamp":1610314607,"path_taken":["M","$","?","M","?","R","M","R","T","E","M","M","R","M","R","BOSS","M","$","M","M","?","R","M","E","T","R","$","M","R","E","R","BOSS","M","?","$","?","?","E","R","?","T","R","M","$","M","M","R","BOSS"],"items_purchased_type":["Card","Card","Card","Relic","Card"],"build_version":"2020-12-22","purchased_purges":3,"victory":false,"max_hp_per_floor":[70,70,70,70,70,70,70,70,70,77,77,77,77,77,77,77,77,77,77,77,77,77,77,77,77,77,77,77,77,77,77,77,77,77,77,77,77,77,77,77,77,77,77,77,77,77,77,77,77,77,77],"relic_stats":{"Sozu":6,"counters":[23,80],"Gambling Chip":[58],"Bronze Scales":[165],"Pantograph":50,"Boot":[4],"obtain_stats":[{"Girya":31,"Boot":43,"Sozu":17,"DollysMirror":37,"Gambling Chip":0,"Bronze Scales":9,"Strawberry":10,"Pantograph":26,"Molten Egg 2":39,"Red Mask":42,"Toxic Egg 2":40,"Ring of the Snake":0,"Meat on the Bone":25,"Runic Pyramid":34},{"Girya":16,"Boot":19,"Sozu":9,"DollysMirror":18,"Gambling Chip":0,"Bronze Scales":4,"Strawberry":5,"Pantograph":14,"Molten Egg 2":18,"Red Mask":19,"Toxic Egg 2":19,"Ring of the Snake":0,"Meat on the Bone":14,"Runic Pyramid":17},{"Girya":49,"Boot":62,"Sozu":30,"DollysMirror":57,"Gambling Chip":0,"Bronze Scales":16,"Strawberry":19,"Pantograph":43,"Molten Egg 2":57,"Red Mask":62,"Toxic Egg 2":62,"Ring of the Snake":0,"Meat on the Bone":43,"Runic Pyramid":55}],"Ring of the Snake":[46],"Meat on the Bone":36},"card_choices":[{"not_picked":["Backflip","Acrobatics"],"picked":"Terror","floor":1},{"not_picked":["Backflip","Quick Slash"],"picked":"Bouncing Flask","floor":4},{"not_picked":["Reflex","Noxious Fumes"],"picked":"Backflip","floor":5},{"not_picked":["Dagger Throw","Endless Agony"],"picked":"Accuracy","floor":7},{"not_picked":["Flying Knee","Prepared"],"picked":"Backstab","floor":10},{"not_picked":["Expertise","Eviscerate"],"picked":"Noxious Fumes","floor":11},{"not_picked":["Blur","Flying Knee"],"picked":"Cloak And Dagger","floor":12},{"not_picked":["Underhanded Strike","PiercingWail"],"picked":"Accuracy","floor":14},{"not_picked":["Unload","Malaise"],"picked":"Storm of Steel","floor":16},{"not_picked":["Reflex","Distraction"],"picked":"Backflip","floor":18},{"not_picked":["Reflex","Predator"],"picked":"Sucker Punch","floor":20},{"not_picked":["Outmaneuver+1","Bane"],"picked":"Blur","floor":21},{"not_picked":["Sucker Punch","Venomology"],"picked":"Catalyst","floor":24},{"not_picked":["Tools of the Trade","Eviscerate"],"picked":"Deflect+1","floor":25},{"not_picked":["Well Laid Plans","Prepared+1"],"picked":"Choke","floor":29},{"not_picked":["Predator","Outmaneuver","Dagger Throw"],"picked":"SKIP","floor":31},{"not_picked":["Burst","Glass Knife"],"picked":"After Image","floor":33},{"not_picked":["Flechettes+1","Accuracy+1"],"picked":"Cloak And Dagger+1","floor":35},{"not_picked":["Mayhem","Forethought"],"picked":"Madness","floor":38},{"not_picked":["Reflex+1","Deadly Poison+1"],"picked":"Tactician+1","floor":40},{"not_picked":["Flying Knee+1","Underhanded Strike+1"],"picked":"Dagger Throw+1","floor":45},{"not_picked":["Sucker Punch+1","Underhanded Strike+1"],"picked":"Cloak And Dagger+1","floor":47},{"not_picked":["Outmaneuver+1","Deadly Poison+1"],"picked":"Sucker Punch+1","floor":48}],"player_experience":472392,"relics_obtained":[{"floor":9,"key":"Bronze Scales"},{"floor":10,"key":"Strawberry"},{"floor":25,"key":"Meat on the Bone"},{"floor":26,"key":"Pantograph"},{"floor":31,"key":"Girya"},{"floor":39,"key":"Molten Egg 2"},{"floor":40,"key":"Toxic Egg 2"},{"floor":43,"key":"Boot"}],"event_choices":[{"damage_healed":0,"gold_gain":0,"cards_transformed":["Strike_G"],"player_choice":"Transformed","damage_taken":0,"max_hp_gain":0,"max_hp_loss":0,"event_name":"Transmorgrifier","floor":3,"gold_loss":0,"cards_obtained":["Escape Plan"]},{"damage_healed":0,"gold_gain":99,"player_choice":"Stole From Cult","damage_taken":0,"max_hp_gain":0,"max_hp_loss":0,"event_name":"Nest","floor":22,"gold_loss":0},{"damage_healed":0,"gold_gain":0,"player_choice":"Ignored","damage_taken":0,"max_hp_gain":0,"max_hp_loss":0,"event_name":"Mysterious Sphere","floor":36,"gold_loss":0},{"damage_healed":0,"gold_gain":0,"player_choice":"Memory 1","damage_taken":0,"max_hp_gain":0,"max_hp_loss":0,"event_name":"SensoryStone","floor":38,"gold_loss":0},{"damage_healed":0,"gold_gain":0,"player_choice":"Paid","damage_taken":0,"relics_obtained":["Red Mask"],"max_hp_gain":0,"max_hp_loss":0,"event_name":"Tomb of Lord Red Mask","floor":42,"gold_loss":177}],"is_beta":false,"boss_relics":[{"not_picked":["HoveringKite","Coffee Dripper"],"picked":"Sozu"},{"not_picked":["SlaversCollar","Snecko Eye"],"picked":"Runic Pyramid"}],"items_purged_floors":[19,28,37],"is_endless":false,"potions_floor_spawned":[10,14,21,25,29,33,35,45],"killed_by":"Awakened One","ascension_level":7}}