{"host":"lxihx0b6awoz2w1j","time":1610297242,"event":{"mods":["Aspiration","BaseMod","Better Third Choice","CapriCore","Colored Powertips","Downfall","Hermit","Hubris","Infinite Spire","JesterMod","Luminous","Marisa????????","Melee Mod","Minty Spire (QoL Compilation)","Prisma Mod","Quick Restart","Relic Stats","Replay The Spire","Shade Mod","Spicy Shops","StSLib","The Alterego","The Blue Laboratory","The Cursed","The Disciple","The Forsaken","The Immortal","The Jungle","The Marked","The Runesmith","The Senshi","The Servant 0.9.4","Waifu the Spire"],"gold_per_floor":[115,134,150,150,175,175,202,202,202,202,217,217,229,253,253,348,348,348,348],"floor_reached":18,"playtime":972,"items_purged":[],"score":160,"play_id":"91485b3c-58c6-4eed-ba57-407ebefd595a","local_time":"20210110174722","is_ascension_mode":false,"campfire_choices":[{"data":"Metallicize","floor":6,"key":"SMITH"},{"data":"Iron Wave","floor":8,"key":"SMITH"},{"data":"Bash","floor":10,"key":"SMITH"},{"data":"Iron Wave","floor":15,"key":"SMITH"}],"circlet_count":0,"master_deck":["Strike_R","Strike_R","Strike_R","Strike_R","Strike_R","Defend_R","Defend_R","Defend_R","Defend_R","Bash+1","Iron Wave+1","Flex","Metallicize+1","Clothesline","Iron Wave+1","Blood for Blood","Barricade"],"relics":["Burning Blood","Bag of Preparation","Blood Vial","Replay:Towering Pillar of Hats","hubris:Towel","infinitespire:PuzzleCube","theForsaken:PaleLantern"],"acts_visited":["Exordium","TheCity"],"potions_floor_usage":[],"damage_taken":[{"damage":10,"enemies":"Jaw Worm","floor":1,"turns":4},{"damage":0,"enemies":"2 Louse","floor":2,"turns":2},{"damage":0,"enemies":"Small Slimes","floor":3,"turns":3},{"damage":27,"enemies":"3 Sentries","floor":7,"turns":15},{"damage":0,"enemies":"Looter","floor":11,"turns":3},{"damage":0,"enemies":"3 Louse","floor":13,"turns":4},{"damage":30,"enemies":"Slime Boss","floor":16,"turns":11},{"damage":0,"enemies":"Shell Parasite","floor":18,"turns":2}],"seed_played":"-1716064342023149444","potions_obtained":[{"floor":2,"key":"blueLaboratory:AbyssPotion"},{"floor":11,"key":"blueLaboratory:ArtificerPotion"},{"floor":13,"key":"Death Potion"},{"floor":16,"key":"Toxic Potion"}],"is_trial":false,"path_per_floor":["M","M","M","?","T","R","E","R","T","R","M","?","M","T","R","B",null,"M"],"character_chosen":"IRONCLAD","items_purchased":[],"campfire_rested":0,"item_purchase_floors":[],"current_hp_per_floor":[84,88,88,88,88,88,67,67,67,67,75,75,83,83,83,61,88,88,88],"gold":348,"neow_bonus":"TEN_PERCENT_HP_BONUS","is_daily":false,"chose_seed":false,"campfire_upgraded":4,"win_rate":0.0,"timestamp":1610297242,"path_taken":["M","M","M","?","?","R","E","R","T","R","M","?","M","?","R","BOSS","M"],"items_purchased_type":[],"build_version":"2020-12-22","purchased_purges":0,"victory":false,"max_hp_per_floor":[88,88,88,88,88,88,88,88,88,88,88,88,88,88,88,88,88,88,88],"relic_stats":{"Blood Vial":6,"counters":[8,44],"Bag of Preparation":[10],"obtain_stats":[{"Blood Vial":7,"Replay:Towering Pillar of Hats":9,"theForsaken:PaleLantern":17,"Bag of Preparation":5,"hubris:Towel":12,"Burning Blood":0,"infinitespire:PuzzleCube":14},{"Blood Vial":4,"Replay:Towering Pillar of Hats":4,"theForsaken:PaleLantern":7,"Bag of Preparation":3,"hubris:Towel":5,"Burning Blood":0,"infinitespire:PuzzleCube":6},{"Blood Vial":24,"Replay:Towering Pillar of Hats":24,"theForsaken:PaleLantern":42,"Bag of Preparation":9,"hubris:Towel":27,"Burning Blood":0,"infinitespire:PuzzleCube":31}],"Burning Blood":34},"card_choices":[{"not_picked":["Sword Boomerang","ReplayTheSpireMod:Corrosion Curse"],"picked":"Iron Wave","floor":1},{"not_picked":["True Grit","Shrug It Off"],"picked":"Flex","floor":2},{"not_picked":["Dual Wield","Battle Trance"],"picked":"Metallicize","floor":3},{"not_picked":["Intimidate","Thunderclap"],"picked":"Clothesline","floor":7},{"not_picked":["Run Through","Havoc"],"picked":"Iron Wave","floor":11},{"not_picked":["Double Tap","Warcry"],"picked":"Blood for Blood","floor":13},{"not_picked":["Corruption","Juggernaut"],"picked":"Barricade","floor":16}],"player_experience":563176,"relics_obtained":[{"floor":5,"key":"Bag of Preparation"},{"floor":7,"key":"Blood Vial"},{"floor":9,"key":"Replay:Towering Pillar of Hats"},{"floor":14,"key":"infinitespire:PuzzleCube"}],"event_choices":[],"is_beta":false,"boss_relics":[{"not_picked":["Pandora\u0027s Box","aspiration:SecretTechniqueScroll"],"picked":"theForsaken:PaleLantern"}],"items_purged_floors":[],"is_endless":false,"potions_floor_spawned":[2,11,13,16],"killed_by":"Shell Parasite","ascension_level":0}}