{"host":"5ty8fyb0ngp9gspj","time":1610263625,"event":{"mods":["2.2 Compatiblity","AchievementEnabler","Act Like it!","BaseMod","Colored Map","Downfall","Minty Spire (QoL Compilation)","Rare Cards Sparkle","StSLib"],"gold_per_floor":[119,134,14,34,34,68,79,79,79,109,109,120,120,47,47,149,149,163,174,174,273,348,348,374,71,98,114,114,114,114],"floor_reached":29,"playtime":1112,"items_purged":["Regret"],"score":264,"play_id":"8f6f8249-15e4-4992-b623-cb2af942e53e","local_time":"20210110182705","is_ascension_mode":true,"campfire_choices":[{"data":"Collect","floor":8,"key":"SMITH"},{"data":"ThirdEye","floor":11,"key":"SMITH"},{"data":"Worship","floor":13,"key":"SMITH"},{"data":"Eruption","floor":15,"key":"SMITH"},{"data":"FlyingSleeves","floor":23,"key":"SMITH"},{"data":"Worship","floor":28,"key":"SMITH"}],"circlet_count":0,"master_deck":["Strike_P","Strike_P","Strike_P","Defend_P","Defend_P","Eruption+1","Vigilance","Collect+1","CutThroughFate","FlyingSleeves+1","FlyingSleeves","ThirdEye+1","Worship+1","LikeWater","Meditate","WaveOfTheHand","Brilliance","Wireheading+1","EmptyBody+1","Consecrate+1","Crescendo+1","DeusExMachina","ThirdEye+1","Worship+1","Consecrate+1"],"relics":["PureWater","Pen Nib","Turnip","Question Card","Astrolabe","MawBank","Bottled Tornado","Bag of Preparation"],"acts_visited":["Exordium","TheCity"],"potions_floor_usage":[12,18],"damage_taken":[{"damage":4,"enemies":"Small Slimes","floor":1,"turns":3},{"damage":3,"enemies":"Cultist","floor":2,"turns":3},{"damage":0,"enemies":"2 Louse","floor":4,"turns":3},{"damage":2,"enemies":"Gremlin Nob","floor":6,"turns":3},{"damage":0,"enemies":"Looter","floor":7,"turns":2},{"damage":27,"enemies":"3 Sentries","floor":10,"turns":8},{"damage":2,"enemies":"Exordium Thugs","floor":12,"turns":6},{"damage":33,"enemies":"Slime Boss","floor":16,"turns":10},{"damage":10,"enemies":"Spheric Guardian","floor":18,"turns":3},{"damage":4,"enemies":"Chosen","floor":19,"turns":5},{"damage":36,"enemies":"Slavers","floor":24,"turns":3},{"damage":11,"enemies":"Snecko","floor":27,"turns":4},{"damage":22,"enemies":"3 Cultists","floor":29,"turns":3}],"seed_played":"8768045002584240113","potions_obtained":[{"floor":2,"key":"Block Potion"},{"floor":7,"key":"GamblersBrew"},{"floor":16,"key":"PowerPotion"},{"floor":27,"key":"Explosive Potion"}],"is_trial":false,"path_per_floor":["M","M","$","M","?","E","M","R","T","E","R","M","R","$","R","B",null,"M","M","?","?","?","R","E","$","T","M","R","M"],"character_chosen":"WATCHER","items_purchased":["FlyingSleeves","WaveOfTheHand","Worship","Bottled Tornado"],"campfire_rested":0,"item_purchase_floors":[3,14,25,25],"current_hp_per_floor":[82,79,79,79,79,77,77,77,77,50,50,48,48,48,48,15,86,76,72,72,72,64,64,28,28,28,17,17,0,0],"gold":114,"neow_bonus":"TWENTY_PERCENT_HP_BONUS","is_daily":false,"chose_seed":false,"campfire_upgraded":6,"win_rate":0.0,"timestamp":1610263625,"path_taken":["M","M","$","M","?","E","M","R","T","E","R","M","R","$","R","BOSS","M","?","?","?","?","R","E","$","T","M","R","M"],"items_purchased_type":["Card","Card","Card","Relic"],"build_version":"2020-12-22","purchased_purges":1,"victory":false,"max_hp_per_floor":[86,86,86,86,86,86,86,86,86,86,86,86,86,86,86,86,86,86,86,86,86,86,86,86,86,86,86,86,86,86],"card_choices":[{"not_picked":["BowlingBash","Perseverance"],"picked":"Collect","floor":1},{"not_picked":["EmptyMind","BowlingBash"],"picked":"CutThroughFate","floor":2},{"not_picked":["Tantrum","Protect"],"picked":"FlyingSleeves","floor":4},{"not_picked":["EmptyMind","JustLucky"],"picked":"ThirdEye","floor":6},{"not_picked":["Indignation","PathToVictory"],"picked":"Worship","floor":7},{"not_picked":["Wish","Fasting2"],"picked":"LikeWater","floor":10},{"not_picked":["Crescendo","ThirdEye","ClearTheMind"],"picked":"Meditate","floor":12},{"not_picked":["Judgement","Establishment","Ragnarok"],"picked":"Brilliance","floor":16},{"not_picked":["CutThroughFate+1","LikeWater","Consecrate"],"picked":"Crescendo+1","floor":18},{"not_picked":["Crescendo+1","Evaluate","ThirdEye","FollowUp"],"picked":"SKIP","floor":19},{"not_picked":["Collect","BowlingBash","SashWhip"],"picked":"ThirdEye+1","floor":24},{"not_picked":["CutThroughFate","WheelKick","DeusExMachina"],"picked":"Consecrate+1","floor":27}],"player_experience":341641,"relics_obtained":[{"floor":6,"key":"Turnip"},{"floor":10,"key":"Question Card"},{"floor":24,"key":"MawBank"},{"floor":26,"key":"Bag of Preparation"}],"event_choices":[{"damage_healed":0,"gold_gain":0,"player_choice":"Gave Potion","damage_taken":0,"relics_obtained":["Pen Nib"],"max_hp_gain":0,"max_hp_loss":0,"event_name":"WeMeetAgain","floor":5,"gold_loss":0},{"damage_healed":0,"gold_gain":0,"player_choice":"Read","damage_taken":0,"max_hp_gain":0,"max_hp_loss":0,"event_name":"The Library","floor":20,"gold_loss":0,"cards_obtained":["DeusExMachina"]},{"damage_healed":0,"gold_gain":99,"player_choice":"Stole From Cult","damage_taken":0,"max_hp_gain":0,"max_hp_loss":0,"event_name":"Nest","floor":21,"gold_loss":0},{"damage_healed":0,"gold_gain":75,"player_choice":"Touch","damage_taken":8,"max_hp_gain":0,"max_hp_loss":0,"event_name":"FaceTrader","floor":22,"gold_loss":0}],"is_beta":false,"boss_relics":[{"not_picked":["SlaversCollar","Coffee Dripper"],"picked":"Astrolabe"}],"items_purged_floors":[3],"is_endless":false,"potions_floor_spawned":[2,7,16,27],"killed_by":"3 Cultists","ascension_level":1}}