{"host":"1c52r9kaxdyo25eq","time":1610250631,"event":{"mods":["AchievementEnabler","BaseMod","Minty Spire (QoL Compilation)","Rare Cards Sparkle","SuperFastMode","everything is the same but u backflip on backflip"],"gold_per_floor":[113,113,38,56,131,131,45,45,69,104,118,118,153,172,172,245,245,260,270,281,72,72,101,101,126,138,169,231,243,269,298,310,399,411,439,469,496,25,45,45,45],"floor_reached":40,"playtime":1611,"items_purged":["Defend_G","Strike_G","Strike_G"],"score":976,"play_id":"b634bbbb-27ce-49f8-b08b-e28775e925a4","local_time":"20210110125031","is_ascension_mode":true,"campfire_choices":[{"data":"Riddle With Holes","floor":6.0,"key":"SMITH"},{"data":"A Thousand Cuts","floor":8.0,"key":"SMITH"},{"floor":12.0,"key":"REST"},{"data":"Adrenaline","floor":15.0,"key":"SMITH"},{"floor":24.0,"key":"REST"},{"floor":29.0,"key":"REST"},{"data":"Well Laid Plans","floor":32.0,"key":"SMITH"}],"circlet_count":0,"master_deck":["AscendersBane","Strike_G","Strike_G","Strike_G","Defend_G","Defend_G","Defend_G","Defend_G","Survivor","Neutralize","Riddle With Holes+1","A Thousand Cuts+1","Backflip","Adrenaline+1","Night Terror","Well Laid Plans+1","Terror","Bullet Time","Footwork"],"relics":["Snecko Eye","PreservedInsect","Anchor","Incense Burner","Turnip","Cursed Key","White Beast Statue","MawBank","Black Star","Kunai"],"acts_visited":["Exordium","TheCity","TheBeyond"],"potions_floor_usage":[39,40],"damage_taken":[{"damage":2.0,"enemies":"2 Louse","floor":1.0,"turns":4.0},{"damage":3.0,"enemies":"Cultist","floor":4.0,"turns":4.0},{"damage":5.0,"enemies":"3 Sentries","floor":10.0,"turns":5.0},{"damage":0.0,"enemies":"Jaw Worm","floor":11.0,"turns":3.0},{"damage":34.0,"enemies":"Gremlin Nob","floor":13.0,"turns":5.0},{"damage":2.0,"enemies":"Exordium Wildlife","floor":14.0,"turns":3.0},{"damage":14.0,"enemies":"Slime Boss","floor":16.0,"turns":12.0},{"damage":3.0,"enemies":"Chosen","floor":18.0,"turns":5.0},{"damage":0.0,"enemies":"Spheric Guardian","floor":19.0,"turns":3.0},{"damage":33.0,"enemies":"Snake Plant","floor":20.0,"turns":7.0},{"damage":0.0,"enemies":"Gremlin Leader","floor":23.0,"turns":3.0},{"damage":0.0,"enemies":"Slavers","floor":25.0,"turns":3.0},{"damage":20.0,"enemies":"Shelled Parasite and Fungi","floor":27.0,"turns":3.0},{"damage":11.0,"enemies":"Sentry and Sphere","floor":30.0,"turns":3.0},{"damage":0.0,"enemies":"Snecko","floor":31.0,"turns":5.0},{"damage":19.0,"enemies":"Champ","floor":33.0,"turns":8.0},{"damage":19.0,"enemies":"3 Darklings","floor":35.0,"turns":5.0},{"damage":0.0,"enemies":"3 Shapes","floor":36.0,"turns":4.0},{"damage":5.0,"enemies":"Sphere and 2 Shapes","floor":37.0,"turns":3.0},{"damage":17,"enemies":"Transient","floor":39,"turns":6},{"damage":66,"enemies":"Nemesis","floor":40,"turns":4}],"seed_played":"-7776956430475995437","potions_obtained":[{"floor":4.0,"key":"ColorlessPotion"},{"floor":10.0,"key":"Weak Potion"},{"floor":13.0,"key":"FearPotion"},{"floor":19.0,"key":"Explosive Potion"},{"floor":20.0,"key":"Strength Potion"},{"floor":25.0,"key":"SpeedPotion"},{"floor":27.0,"key":"GhostInAJar"},{"floor":30.0,"key":"FairyPotion"},{"floor":33.0,"key":"Dexterity Potion"},{"floor":35.0,"key":"FearPotion"},{"floor":36.0,"key":"SneckoOil"},{"floor":37.0,"key":"SteroidPotion"},{"floor":39,"key":"DistilledChaos"}],"is_trial":false,"path_per_floor":["M","?","$","M","?","R","$","R","T","E","M","R","E","M","R","B",null,"M","M","M","$","?","E","R","E","T","M","?","R","M","M","R","B",null,"M","M","M","$","M","E"],"character_chosen":"THE_SILENT","items_purchased":["A Thousand Cuts","EntropicBrew","Kunai","Footwork"],"campfire_rested":3,"item_purchase_floors":[7,21,38,38],"current_hp_per_floor":[57,57,57,54,43,43,43,43,43,38,38,57,23,21,21,7,51,48,48,15,15,15,15,34,34,34,14,14,33,22,22,22,3,50,31,31,26,26,9,0,0],"gold":45,"neow_bonus":"BOSS_RELIC","is_daily":false,"chose_seed":false,"campfire_upgraded":4,"win_rate":0.0,"timestamp":1610250631,"path_taken":["M","?","?","?","?","R","?","R","T","E","M","R","E","M","R","BOSS","M","M","M","$","?","E","R","E","T","M","?","R","M","M","R","BOSS","M","M","M","$","M","E"],"items_purchased_type":["Card","Potion","Relic","Card"],"build_version":"2020-12-22","purchased_purges":3,"victory":false,"max_hp_per_floor":[66,66,66,66,66,66,66,66,66,66,66,66,66,66,66,66,66,66,66,66,66,66,66,66,66,66,66,66,66,66,66,66,66,66,66,66,66,66,66,66,66],"card_choices":[{"not_picked":["Backflip","Skewer"],"picked":"Riddle With Holes","floor":1.0},{"not_picked":["Poisoned Stab","Calculated Gamble"],"picked":"Riddle With Holes","floor":4.0},{"not_picked":["Poisoned Stab","Endless Agony"],"picked":"Backflip","floor":10.0},{"not_picked":["Slice","Dagger Spray","Underhanded Strike"],"picked":"SKIP","floor":11.0},{"not_picked":["Dagger Throw","Setup"],"picked":"Adrenaline","floor":13.0},{"not_picked":["Backflip","Slice","Deflect"],"picked":"SKIP","floor":14.0},{"not_picked":["Die Die Die","Venomology"],"picked":"Night Terror","floor":16.0},{"not_picked":["Finisher","Bane","Choke"],"picked":"SKIP","floor":18.0},{"not_picked":["Prepared","Underhanded Strike","Blur"],"picked":"SKIP","floor":19.0},{"not_picked":["Masterful Stab+1","Blade Dance","Noxious Fumes"],"picked":"SKIP","floor":20.0},{"not_picked":["Underhanded Strike","Cloak And Dagger+1"],"picked":"Well Laid Plans","floor":23.0},{"not_picked":["Finisher+1","Dagger Spray","Well Laid Plans"],"picked":"SKIP","floor":25.0},{"not_picked":["Prepared","Terror","Dagger Throw"],"picked":"SKIP","floor":27.0},{"not_picked":["Prepared","Dagger Throw"],"picked":"Terror","floor":27.0},{"not_picked":["Footwork","Skewer","Deflect"],"picked":"SKIP","floor":30.0},{"not_picked":["Dagger Spray","Tactician","Deflect"],"picked":"SKIP","floor":31.0},{"not_picked":["Wraith Form v2","Die Die Die"],"picked":"Bullet Time","floor":33.0},{"not_picked":["Quick Slash","Slice","PiercingWail"],"picked":"SKIP","floor":35.0},{"not_picked":["Dodge and Roll","Deadly Poison","Backstab"],"picked":"SKIP","floor":36.0},{"not_picked":["Bane","Concentrate","Acrobatics"],"picked":"SKIP","floor":37.0},{"not_picked":["Backstab+1","Blur","Dagger Throw"],"picked":"SKIP","floor":39}],"player_experience":570109,"relics_obtained":[{"floor":9.0,"key":"Anchor"},{"floor":10.0,"key":"Incense Burner"},{"floor":13.0,"key":"Turnip"},{"floor":23.0,"key":"White Beast Statue"},{"floor":25.0,"key":"MawBank"}],"event_choices":[{"cards_removed":["Riddle With Holes"],"damage_healed":0.0,"max_hp_gain":0.0,"max_hp_loss":0.0,"gold_gain":0.0,"event_name":"WeMeetAgain","player_choice":"Gave Card","floor":2.0,"gold_loss":0.0,"damage_taken":0.0,"relics_obtained":["PreservedInsect"]},{"damage_healed":0.0,"max_hp_gain":0.0,"max_hp_loss":0.0,"gold_gain":75.0,"event_name":"World of Goop","player_choice":"Gather Gold","floor":5.0,"gold_loss":0.0,"damage_taken":11.0},{"damage_healed":0.0,"max_hp_gain":0.0,"max_hp_loss":0.0,"gold_gain":0.0,"event_name":"Vampires","player_choice":"Ignored","floor":22.0,"gold_loss":0.0,"damage_taken":0.0},{"damage_healed":0.0,"max_hp_gain":0.0,"max_hp_loss":0.0,"gold_gain":50.0,"event_name":"Nest","player_choice":"Stole From Cult","floor":28.0,"gold_loss":0.0,"damage_taken":0.0}],"is_beta":false,"boss_relics":[{"not_picked":["Sozu","SlaversCollar"],"picked":"Cursed Key"},{"not_picked":["Runic Dome","Runic Pyramid"],"picked":"Black Star"}],"items_purged_floors":[3,21,38],"is_endless":false,"potions_floor_spawned":[4,10,13,19,20,25,27,30,31,33,35,36,37,39],"killed_by":"Nemesis","ascension_level":20}}