{"host":"Connor","time":1610302496,"event":{"mods":["Aspiration","BaseMod","Downfall","Hubris","Marisa????????","Minty Spire (QoL Compilation)","Replay The Spire","StSLib","The Cursed","The Jungle","The Servant 0.9.4"],"gold_per_floor":[110,110,123,138,63,63,88,103,103,103,0,0,0,13,13,87,87,107,7,7,7,7,7,7],"floor_reached":23,"playtime":566,"items_purged":[],"score":355,"play_id":"fe16832c-2367-4daa-8dd2-d4b772a6c782","local_time":"20210110101456","is_ascension_mode":true,"campfire_choices":[{"floor":6,"key":"RECALL"},{"data":"Rage","floor":10,"key":"SMITH"},{"floor":15,"key":"REST"}],"circlet_count":0,"master_deck":["AscendersBane","Strike_R","Strike_R","Strike_R","Strike_R","Defend_R","Defend_R","Defend_R","Defend_R","Iron Wave+1","Cleave","Pot Of Greed","Pot Of Greed","Rage+1","ReplayTheSpireMod:Stacked","expansioncontent:BronzeBeam","Injury","Survivor","Neutralize","Inflame+1","Feed","AbeCurse","hubris:CleavingFinish+1","Finesse","Infernal Blade","Pot Of Greed"],"relics":["Burning Blood","NeowsBlessing","Grinning Jar","Matryoshka","Frozen Egg 2","Abe\u0027s Treasure","hubris:Icosahedron","MutagenicStrength"],"acts_visited":["Exordium","TheCity"],"potions_floor_usage":[7,16,16,23],"damage_taken":[{"damage":0,"enemies":"Small Slimes","floor":1,"turns":1},{"damage":0,"enemies":"Cultist","floor":3,"turns":1},{"damage":0,"enemies":"Jaw Worm","floor":4,"turns":1},{"damage":33,"enemies":"3 Sentries","floor":7,"turns":9},{"damage":14,"enemies":"2 Fungi Beasts","floor":8,"turns":4},{"damage":8,"enemies":"Looter","floor":14,"turns":4},{"damage":53,"enemies":"The Guardian","floor":16,"turns":17},{"damage":50,"enemies":"Spheric Guardian","floor":18,"turns":8},{"damage":21,"enemies":"Book of Stabbing","floor":23,"turns":3}],"seed_played":"-3276748975117807143","potions_obtained":[{"floor":1,"key":"Reflective Coating"},{"floor":3,"key":"Strength Potion"},{"floor":8,"key":"SteroidPotion"},{"floor":18,"key":"Fire Potion"}],"is_trial":false,"path_per_floor":["M","?","M","M","?","R","E","M","T","R","$","?","?","M","R","B",null,"M","$","?","?","?","E"],"character_chosen":"IRONCLAD","items_purchased":["expansioncontent:BronzeBeam","Finesse"],"campfire_rested":1,"item_purchase_floors":[11,19],"current_hp_per_floor":[74,74,75,75,75,75,48,40,40,40,40,40,40,38,60,13,60,16,16,16,16,16,0,0],"gold":7,"neow_bonus":"THREE_ENEMY_KILL","is_daily":false,"chose_seed":false,"campfire_upgraded":1,"win_rate":0.0,"timestamp":1610302496,"path_taken":["M","?","M","?","?","R","E","M","T","R","$","?","?","M","R","BOSS","M","$","?","?","?","E"],"items_purchased_type":["Card","Card"],"build_version":"2020-12-18","purchased_purges":0,"victory":false,"max_hp_per_floor":[75,75,75,75,75,75,75,75,75,75,75,75,75,75,75,75,75,75,75,75,75,75,75,75],"card_choices":[{"not_picked":["Searing Blow","hubris:ReadiedAction"],"picked":"Iron Wave","floor":1},{"not_picked":["Combust","Body Slam"],"picked":"Cleave","floor":3},{"not_picked":["Wild Strike","Run Through","Perfected Strike"],"picked":"SKIP","floor":4},{"not_picked":["hubris:ReadiedAction","Evolve"],"picked":"Rage","floor":7},{"not_picked":["ReplayTheSpireMod:Muscle Training","Second Wind"],"picked":"ReplayTheSpireMod:Stacked","floor":8},{"not_picked":["Uppercut","hubris:ReadiedAction"],"picked":"Inflame+1","floor":14},{"not_picked":["Berserk+1","Limit Break"],"picked":"Feed","floor":16},{"not_picked":["Reckless Charge","Havoc"],"picked":"hubris:CleavingFinish+1","floor":18}],"player_experience":592952,"relics_obtained":[{"floor":7,"key":"Grinning Jar"},{"floor":9,"key":"Matryoshka"}],"event_choices":[{"damage_healed":0,"gold_gain":0,"player_choice":"Upgraded","damage_taken":0,"max_hp_gain":0,"max_hp_loss":0,"event_name":"Upgrade Shrine","floor":2,"gold_loss":0,"cards_upgraded":["Iron Wave"]},{"cards_removed":["Strike_R"],"damage_healed":0,"gold_gain":0,"player_choice":"Card Removal","damage_taken":0,"max_hp_gain":0,"max_hp_loss":0,"event_name":"The Cleric","floor":5,"gold_loss":75},{"damage_healed":0,"gold_gain":0,"player_choice":"Inject Mutagens","damage_taken":0,"relics_obtained":["MutagenicStrength"],"max_hp_gain":0,"max_hp_loss":0,"event_name":"Drug Dealer","floor":21,"gold_loss":0}],"is_beta":true,"boss_relics":[{"not_picked":["hubris:CrackedHourglass","Runic Dome"],"picked":"Abe\u0027s Treasure"}],"items_purged_floors":[],"is_endless":false,"potions_floor_spawned":[1,3,8,18],"killed_by":"Book of Stabbing","ascension_level":18}}