{"host":"mydft8i2zzydgggw","time":1610292153,"event":{"mods":["AchievementEnabler","BaseMod","BetterRewards","Colored Map","Colored Powertips","DeckTracker","Keyboard Shortcuts","Minty Spire (QoL Compilation)","Quick Restart","Rare Cards Sparkle","StSLib","SuperFastMode","The Poker Player","everything is the same but u backflip on backflip"],"gold_per_floor":[111,121,131,144,155,182,182,216,264,264,276,276,276,348,348,449,449,465,479,9,9,29,62,75,75,75,94,106,118,118,135,135,239,239,252,53,68,68,114,114,146,146,155,155,190,210,0,18,18,18],"floor_reached":51,"playtime":1055,"items_purged":["Strike_R","Strike_R"],"score":873,"play_id":"4e22206c-4617-4c74-8936-7ff568e2c996","local_time":"20210111002233","is_ascension_mode":true,"campfire_choices":[{"data":"Hemokinesis","floor":7,"key":"SMITH"},{"floor":10,"key":"REST"},{"data":"Shockwave","floor":15,"key":"SMITH"},{"data":"Blood for Blood","floor":25,"key":"SMITH"},{"data":"Offering","floor":30,"key":"SMITH"},{"floor":32,"key":"REST"},{"floor":40,"key":"DIG"},{"floor":42,"key":"REST"},{"floor":44,"key":"DIG"},{"data":"Heavy Blade","floor":49,"key":"SMITH"}],"circlet_count":0,"master_deck":["Defend_R","Defend_R+1","Defend_R+1","Defend_R","Bash+1","Hemokinesis+1","Inflame","Double Tap","Blood for Blood+1","Shockwave+1","Shrug It Off","Offering+1","Whirlwind+1","Pommel Strike+1","Exhume+1","Armaments+1","Necronomicurse","Blood for Blood","Spot Weakness+1","Intimidate+1","Heavy Blade+1","Demon Form+1","Rupture+1","Decay"],"relics":["Burning Blood","Centennial Puzzle","Prayer Wheel","Orichalcum","Frozen Egg 2","Astrolabe","Blood Vial","Letter Opener","Necronomicon","Bottled Flame","War Paint","Cursed Key","Shovel","CeramicFish","Sundial","Nunchaku","Singing Bowl","Mercury Hourglass","Red Mask"],"acts_visited":["Exordium","TheCity","TheBeyond"],"potions_floor_usage":[4,6,16,23,29,33,41,45,46,46,50,50],"damage_taken":[{"damage":7,"enemies":"Small Slimes","floor":1,"turns":4},{"damage":4,"enemies":"Jaw Worm","floor":2,"turns":3},{"damage":9,"enemies":"2 Louse","floor":3,"turns":2},{"damage":30,"enemies":"Exordium Thugs","floor":4,"turns":4},{"damage":18,"enemies":"Blue Slaver","floor":5,"turns":3},{"damage":15,"enemies":"Gremlin Nob","floor":6,"turns":3},{"damage":37,"enemies":"3 Sentries","floor":8,"turns":8},{"damage":8,"enemies":"Large Slime","floor":11,"turns":4},{"damage":28,"enemies":"Slime Boss","floor":16,"turns":7},{"damage":19,"enemies":"Shell Parasite","floor":18,"turns":2},{"damage":10,"enemies":"Chosen","floor":19,"turns":3},{"damage":4,"enemies":"Sentry and Sphere","floor":22,"turns":2},{"damage":21,"enemies":"Gremlin Leader","floor":23,"turns":3},{"damage":8,"enemies":"3 Cultists","floor":24,"turns":3},{"damage":12,"enemies":"Chosen and Byrds","floor":27,"turns":2},{"damage":12,"enemies":"Shelled Parasite and Fungi","floor":28,"turns":1},{"damage":3,"enemies":"Snecko","floor":29,"turns":2},{"damage":6,"enemies":"Sentry and Sphere","floor":31,"turns":1},{"damage":31,"enemies":"Automaton","floor":33,"turns":4},{"damage":0,"enemies":"3 Darklings","floor":35,"turns":1},{"damage":5,"enemies":"Orb Walker","floor":37,"turns":2},{"damage":20,"enemies":"2 Orb Walkers","floor":39,"turns":2},{"damage":68,"enemies":"Nemesis","floor":41,"turns":5},{"damage":17,"enemies":"Giant Head","floor":45,"turns":4},{"damage":8,"enemies":"Transient","floor":46,"turns":5},{"damage":0,"enemies":"3 Darklings","floor":48,"turns":1},{"damage":58,"enemies":"Time Eater","floor":50,"turns":5}],"seed_played":"6688992941221626540","potions_obtained":[{"floor":1,"key":"BloodPotion"},{"floor":3,"key":"SkillPotion"},{"floor":11,"key":"SkillPotion"},{"floor":19,"key":"EssenceOfSteel"},{"floor":24,"key":"GamblersBrew"},{"floor":27,"key":"SkillPotion"},{"floor":31,"key":"LiquidBronze"},{"floor":33,"key":"Regen Potion"},{"floor":41,"key":"AttackPotion"},{"floor":45,"key":"FearPotion"},{"floor":48,"key":"Weak Potion"}],"is_trial":false,"path_per_floor":["M","M","M","M","M","E","R","E","T","R","M","?","T","?","R","B",null,"M","M","$","?","M","E","M","R","T","M","M","M","R","M","R","B",null,"M","$","M","$","?","R","E","R","T","R","E","M","?","M","R","B",null],"character_chosen":"IRONCLAD","items_purchased":["Blood Vial","Letter Opener","BloodPotion","BloodPotion"],"campfire_rested":3,"item_purchase_floors":[20,20,36,36],"current_hp_per_floor":[79,80,77,69,57,48,48,17,17,41,39,65,65,65,65,43,80,67,63,63,47,51,38,38,38,38,34,30,35,35,37,61,38,80,80,80,80,80,66,66,20,44,44,44,37,57,57,69,69,37],"gold":18,"neow_bonus":"UPGRADE_CARD","is_daily":false,"chose_seed":false,"campfire_upgraded":5,"win_rate":0.0,"timestamp":1610292153,"path_taken":["M","M","M","M","M","E","R","E","T","R","M","?","?","?","R","BOSS","M","M","$","?","M","E","M","R","T","M","M","M","R","M","R","BOSS","M","$","M","$","?","R","E","R","T","R","E","M","?","M","R","BOSS"],"items_purchased_type":["Relic","Relic","Potion","Potion"],"build_version":"2020-12-22","purchased_purges":2,"victory":true,"max_hp_per_floor":[80,80,80,80,80,80,80,80,80,80,80,80,80,80,80,80,80,80,80,80,80,80,80,80,80,80,80,80,80,80,80,80,80,80,80,80,80,80,80,80,80,80,80,80,82,86,86,90,90,90],"card_choices":[{"not_picked":["Bloodletting","Disarm"],"picked":"Hemokinesis","floor":1},{"not_picked":["Twin Strike","True Grit","Iron Wave"],"picked":"SKIP","floor":2},{"not_picked":["Wild Strike","Limit Break","Iron Wave"],"picked":"SKIP","floor":3},{"not_picked":["Warcry","Perfected Strike"],"picked":"Inflame","floor":4},{"not_picked":["Headbutt","Warcry"],"picked":"Double Tap","floor":5},{"not_picked":["Rampage","Dual Wield","Iron Wave"],"picked":"SKIP","floor":6},{"not_picked":["Headbutt","Body Slam"],"picked":"Blood for Blood","floor":8},{"not_picked":["Inflame","Combust"],"picked":"Shockwave","floor":11},{"not_picked":["Dual Wield","Shockwave"],"picked":"Shrug It Off","floor":11},{"not_picked":["Fiend Fire","Limit Break"],"picked":"Offering","floor":16},{"not_picked":["Evolve+1","Burning Pact"],"picked":"Armaments+1","floor":18},{"not_picked":["Clash","Twin Strike","Iron Wave"],"picked":"SKIP","floor":18},{"not_picked":["Perfected Strike","Whirlwind","Disarm"],"picked":"SKIP","floor":19},{"not_picked":["Sword Boomerang","Exhume","Havoc"],"picked":"SKIP","floor":19},{"not_picked":["Body Slam","Armaments+1","Flex"],"picked":"SKIP","floor":22},{"not_picked":["Sword Boomerang","Reckless Charge","Sentinel"],"picked":"SKIP","floor":22},{"not_picked":["Warcry+1","Dropkick"],"picked":"Blood for Blood","floor":23},{"not_picked":["Hemokinesis+1","Pommel Strike"],"picked":"Spot Weakness+1","floor":24},{"not_picked":["Clash","Dual Wield"],"picked":"Intimidate+1","floor":24},{"not_picked":["Shrug It Off","Flex","Juggernaut+1"],"picked":"SKIP","floor":27},{"not_picked":["Sentinel","Flex","Thunderclap"],"picked":"SKIP","floor":27},{"not_picked":["Warcry","Body Slam+1"],"picked":"Heavy Blade","floor":28},{"not_picked":["Iron Wave+1","Pommel Strike","Intimidate"],"picked":"SKIP","floor":28},{"not_picked":["Clothesline","Thunderclap","Barricade+1"],"picked":"SKIP","floor":29},{"not_picked":["Sword Boomerang+1","Shrug It Off+1","Feel No Pain+1"],"picked":"SKIP","floor":29},{"not_picked":["Dropkick","Clash","Dark Embrace+1"],"picked":"SKIP","floor":31},{"not_picked":["Flex","Intimidate","Heavy Blade"],"picked":"SKIP","floor":31},{"not_picked":["Fiend Fire","Juggernaut+1"],"picked":"Demon Form+1","floor":33},{"not_picked":["Uppercut+1","Cleave","Clash"],"picked":"SKIP","floor":35},{"not_picked":["Uppercut","Metallicize+1","Shrug It Off"],"picked":"SKIP","floor":35},{"not_picked":["Clothesline+1","Intimidate"],"picked":"Rupture+1","floor":37},{"not_picked":["Warcry","Intimidate","Flex"],"picked":"SKIP","floor":37},{"not_picked":["Dark Embrace+1","Iron Wave","Reckless Charge+1"],"picked":"SKIP","floor":41},{"not_picked":["Havoc+1","Battle Trance","Dual Wield"],"picked":"Singing Bowl","floor":45},{"not_picked":["Body Slam+1","Havoc","Headbutt"],"picked":"Singing Bowl","floor":46},{"not_picked":["Headbutt","Cleave","Disarm+1"],"picked":"Singing Bowl","floor":46},{"not_picked":["Headbutt+1","Havoc+1","Twin Strike+1"],"picked":"Singing Bowl","floor":48},{"not_picked":["Cleave+1","Armaments+1","Sword Boomerang+1"],"picked":"Singing Bowl","floor":48}],"player_experience":165518,"relics_obtained":[{"floor":6,"key":"Centennial Puzzle"},{"floor":8,"key":"Prayer Wheel"},{"floor":9,"key":"Orichalcum"},{"floor":13,"key":"Frozen Egg 2"},{"floor":21,"key":"Necronomicon"},{"floor":23,"key":"Bottled Flame"},{"floor":26,"key":"War Paint"},{"floor":39,"key":"Shovel"},{"floor":40,"key":"CeramicFish"},{"floor":41,"key":"Sundial"},{"floor":43,"key":"Nunchaku"},{"floor":44,"key":"Singing Bowl"},{"floor":45,"key":"Mercury Hourglass"}],"event_choices":[{"damage_healed":26,"gold_gain":0,"player_choice":"Banana","damage_taken":0,"max_hp_gain":0,"max_hp_loss":0,"event_name":"Big Fish","floor":12,"gold_loss":0},{"damage_healed":0,"gold_gain":72,"player_choice":"Gained Gold","damage_taken":0,"max_hp_gain":0,"max_hp_loss":0,"event_name":"Golden Wing","floor":14,"gold_loss":0},{"damage_healed":0,"gold_gain":0,"player_choice":"Obtained Book","damage_taken":16,"max_hp_gain":0,"max_hp_loss":0,"event_name":"Cursed Tome","floor":21,"gold_loss":0},{"damage_healed":0,"gold_gain":0,"player_choice":"Fight","damage_taken":0,"max_hp_gain":0,"max_hp_loss":0,"event_name":"Mysterious Sphere","floor":39,"gold_loss":0},{"damage_healed":0,"gold_gain":0,"player_choice":"Paid","damage_taken":0,"relics_obtained":["Red Mask"],"max_hp_gain":0,"max_hp_loss":0,"event_name":"Tomb of Lord Red Mask","floor":47,"gold_loss":210}],"is_beta":false,"boss_relics":[{"not_picked":["Sozu","Tiny House"],"picked":"Astrolabe"},{"not_picked":["Philosopher\u0027s Stone","Coffee Dripper"],"picked":"Cursed Key"}],"items_purged_floors":[20,36],"is_endless":false,"potions_floor_spawned":[1,3,11,19,24,27,31,33,41,45,48],"ascension_level":3}}