{"host":"dhv3u8yhd2rnugsp","time":1610296391,"event":{"mods":["BaseMod","Block Reminder","Colored Map","Googly Eyes","Highlight Path","Minty Spire (QoL Compilation)","Permanent Neow","Quick Restart","Random Character Button","StSLib"],"gold_per_floor":[115,190,209,209,220,220,250,267,267,267,267,310,324,349,349,439,439,457,477,477,497,518,518,32,73,73,73,93,93,117,117,117],"floor_reached":31,"playtime":1491,"items_purged":["Pain"],"score":606,"play_id":"1d92d247-ffc2-4d1e-a8f6-d50ea4bd021d","local_time":"20210110103311","is_ascension_mode":true,"campfire_choices":[{"data":"Tantrum","floor":6,"key":"SMITH"},{"data":"Conclude","floor":10,"key":"SMITH"},{"data":"SandsOfTime","floor":15,"key":"SMITH"},{"floor":23,"key":"REST"},{"floor":29,"key":"REST"}],"circlet_count":0,"master_deck":["AscendersBane","Strike_P","Strike_P","Strike_P","Strike_P","Defend_P","Defend_P","Defend_P","Defend_P+1","Eruption","Vigilance+1","Tantrum+1","Conclude+1","ReachHeaven","Halt","TalkToTheHand","SandsOfTime+1","ClearTheMind","Scrawl","Consecrate","MentalFortress","LessonLearned","Fasting2","FlurryOfBlows","TalkToTheHand","EmptyBody"],"relics":["Cursed Key","War Paint","Bronze Scales","Golden Idol","Ornamental Fan","Runic Pyramid","WarpedTongs","Happy Flower","Bag of Marbles"],"acts_visited":["Exordium","TheCity"],"potions_floor_usage":[12,13,22,25,25,28,30,31],"damage_taken":[{"damage":1,"enemies":"Cultist","floor":1,"turns":3},{"damage":4,"enemies":"Jaw Worm","floor":3,"turns":2},{"damage":0,"enemies":"2 Louse","floor":5,"turns":1},{"damage":15,"enemies":"3 Sentries","floor":7,"turns":8},{"damage":0,"enemies":"Large Slime","floor":8,"turns":3},{"damage":5,"enemies":"Gremlin Nob","floor":12,"turns":3},{"damage":2,"enemies":"Gremlin Gang","floor":13,"turns":3},{"damage":0,"enemies":"3 Louse","floor":14,"turns":2},{"damage":0,"enemies":"Slime Boss","floor":16,"turns":3},{"damage":0,"enemies":"3 Byrds","floor":18,"turns":3},{"damage":2,"enemies":"2 Thieves","floor":19,"turns":2},{"damage":28,"enemies":"Snecko","floor":21,"turns":4},{"damage":13,"enemies":"Sentry and Sphere","floor":22,"turns":3},{"damage":19,"enemies":"Slavers","floor":25,"turns":3},{"damage":13,"enemies":"Snake Plant","floor":28,"turns":3},{"damage":8,"enemies":"Snecko","floor":30,"turns":3},{"damage":24,"enemies":"Cultist and Chosen","floor":31,"turns":3}],"seed_played":"-8252258681407631403","potions_obtained":[{"floor":3,"key":"SteroidPotion"},{"floor":7,"key":"SpeedPotion"},{"floor":12,"key":"Fire Potion"},{"floor":14,"key":"Explosive Potion"},{"floor":22,"key":"Ancient Potion"},{"floor":25,"key":"ColorlessPotion"},{"floor":28,"key":"Ambrosia"},{"floor":30,"key":"DistilledChaos"}],"is_trial":false,"path_per_floor":["M","?","M","?","M","R","E","M","T","R","?","E","M","M","R","B",null,"M","M","?","M","M","R","$","E","T","?","M","R","M","M"],"character_chosen":"WATCHER","items_purchased":["Happy Flower","LessonLearned","Fasting2","Regen Potion"],"campfire_rested":2,"item_purchase_floors":[24,24,24,24],"current_hp_per_floor":[60,49,45,45,45,45,30,30,30,30,30,25,23,23,23,23,52,52,50,50,22,9,27,27,17,17,17,4,22,14,0,0],"gold":117,"neow_bonus":"BOSS_RELIC","is_daily":false,"chose_seed":false,"campfire_upgraded":3,"win_rate":0.0,"timestamp":1610296391,"path_taken":["M","?","M","?","M","R","E","?","T","R","?","E","M","M","R","BOSS","M","M","?","?","?","R","$","E","T","?","M","R","?","M"],"items_purchased_type":["Relic","Card","Card","Potion"],"build_version":"2020-12-22","purchased_purges":1,"victory":false,"max_hp_per_floor":[68,68,68,68,68,68,68,68,68,68,62,62,62,62,62,62,62,62,62,62,62,62,62,62,62,62,62,62,62,62,62,62],"card_choices":[{"not_picked":["EmptyFist","Consecrate"],"picked":"Tantrum","floor":1},{"not_picked":["SashWhip","Consecrate"],"picked":"Conclude","floor":3},{"not_picked":["FollowUp","Prostrate","Consecrate"],"picked":"SKIP","floor":5},{"not_picked":["Prostrate","Crescendo"],"picked":"ReachHeaven","floor":7},{"not_picked":["Conclude","FlyingSleeves"],"picked":"Halt","floor":8},{"not_picked":["CutThroughFate","Devotion"],"picked":"TalkToTheHand","floor":12},{"not_picked":["Perseverance","Halt"],"picked":"SandsOfTime","floor":13},{"not_picked":["Protect","Prostrate"],"picked":"ClearTheMind","floor":14},{"not_picked":["Ragnarok","Establishment"],"picked":"Scrawl","floor":16},{"not_picked":["Protect+1","Perseverance"],"picked":"Consecrate","floor":18},{"not_picked":["EmptyBody","Worship","EmptyMind+1"],"picked":"SKIP","floor":19},{"not_picked":["PathToVictory","ClearTheMind","Sanctity"],"picked":"SKIP","floor":21},{"not_picked":["Crescendo+1","PathToVictory"],"picked":"MentalFortress","floor":22},{"not_picked":["BowlingBash","Adaptation"],"picked":"FlurryOfBlows","floor":25},{"not_picked":["Crescendo","Worship"],"picked":"EmptyBody","floor":28},{"not_picked":["Adaptation","FollowUp","Sanctity"],"picked":"SKIP","floor":30}],"player_experience":1642893,"relics_obtained":[{"floor":7,"key":"Bronze Scales"},{"floor":12,"key":"Ornamental Fan"},{"floor":25,"key":"Bag of Marbles"}],"event_choices":[{"damage_healed":0,"gold_gain":75,"player_choice":"Gather Gold","damage_taken":11,"max_hp_gain":0,"max_hp_loss":0,"event_name":"World of Goop","floor":2,"gold_loss":0},{"damage_healed":0,"gold_gain":0,"player_choice":"Gave Potion","damage_taken":0,"relics_obtained":["War Paint"],"max_hp_gain":0,"max_hp_loss":0,"event_name":"WeMeetAgain","floor":4,"gold_loss":0},{"damage_healed":0,"gold_gain":0,"player_choice":"Lose Max HP","damage_taken":0,"relics_obtained":["Golden Idol"],"max_hp_gain":0,"max_hp_loss":6,"event_name":"Golden Idol","floor":11,"gold_loss":0},{"damage_healed":0,"gold_gain":0,"player_choice":"Rummage","damage_taken":0,"relics_obtained":["WarpedTongs"],"max_hp_gain":0,"max_hp_loss":0,"event_name":"Accursed Blacksmith","floor":20,"gold_loss":0,"cards_obtained":["Pain"]},{"damage_healed":0,"gold_gain":0,"player_choice":"Copied","damage_taken":0,"max_hp_gain":0,"max_hp_loss":0,"event_name":"Duplicator","floor":27,"gold_loss":0,"cards_obtained":["TalkToTheHand"]}],"is_beta":false,"boss_relics":[{"not_picked":["Sozu","Philosopher\u0027s Stone"],"picked":"Runic Pyramid"}],"items_purged_floors":[24],"is_endless":false,"potions_floor_spawned":[3,7,12,14,22,25,28,30],"killed_by":"Cultist and Chosen","ascension_level":18}}