{"host":"03a85bwj0a5skoit","time":1610259646,"event":{"mods":["BaseMod","Block Reminder","Minty Spire (QoL Compilation)","Relic Stats","StSLib"],"gold_per_floor":[110,129,24,43,61,61,92,92,92,92,108,124,152,163,163,236,236,252,266,316,59,59,59],"floor_reached":22,"playtime":951,"items_purged":["Perfected Strike"],"score":396,"play_id":"38276bbe-ead8-4de1-9c45-ef52f5b18cba","local_time":"20210110165046","is_ascension_mode":true,"campfire_choices":[{"data":"Limit Break","floor":6,"key":"SMITH"},{"data":"Inflame","floor":8,"key":"SMITH"},{"data":"Disarm","floor":10,"key":"SMITH"},{"floor":15,"key":"REST"}],"circlet_count":0,"master_deck":["AscendersBane","Bash","Shockwave","Battle Trance","Inflame+1","Shrug It Off","Shrug It Off","Limit Break+1","Disarm+1","Burning Pact","Double Tap","Sever Soul","Twin Strike","Limit Break","Evolve","Twin Strike","Infernal Blade","Exhume","Body Slam","Fire Breathing","Disarm","Twin Strike","Burning Pact","Headbutt","Dark Shackles","Inflame"],"relics":["Velvet Choker","Oddly Smooth Stone","Self Forming Clay","Peace Pipe","Pandora\u0027s Box"],"acts_visited":["Exordium","TheCity"],"potions_floor_usage":[13,22],"damage_taken":[{"damage":1,"enemies":"Small Slimes","floor":1,"turns":3},{"damage":7,"enemies":"Jaw Worm","floor":2,"turns":4},{"damage":0,"enemies":"Cultist","floor":4,"turns":3},{"damage":8,"enemies":"Large Slime","floor":5,"turns":6},{"damage":12,"enemies":"Lagavulin","floor":7,"turns":6},{"damage":0,"enemies":"Looter","floor":11,"turns":3},{"damage":7,"enemies":"Blue Slaver","floor":12,"turns":3},{"damage":8,"enemies":"3 Sentries","floor":13,"turns":6},{"damage":8,"enemies":"Exordium Thugs","floor":14,"turns":5},{"damage":28,"enemies":"Hexaghost","floor":16,"turns":8},{"damage":24,"enemies":"2 Thieves","floor":18,"turns":3},{"damage":12,"enemies":"3 Byrds","floor":19,"turns":5},{"damage":36,"enemies":"Shelled Parasite and Fungi","floor":22,"turns":5}],"seed_played":"1265981611098560423","potions_obtained":[{"floor":5,"key":"Weak Potion"},{"floor":7,"key":"SpeedPotion"},{"floor":11,"key":"PowerPotion"},{"floor":16,"key":"SpeedPotion"},{"floor":18,"key":"DistilledChaos"},{"floor":19,"key":"Block Potion"}],"is_trial":false,"path_per_floor":["M","M","$","M","M","R","E","R","T","R","M","M","E","M","R","B",null,"M","M","?","$","M"],"character_chosen":"IRONCLAD","items_purchased":["Inflame","Shrug It Off","Dark Shackles","Inflame"],"campfire_rested":1,"item_purchase_floors":[3,3,21,21],"current_hp_per_floor":[67,60,60,60,52,52,40,40,40,40,40,33,25,17,39,11,59,35,23,23,23,0,0],"gold":59,"neow_bonus":"BOSS_RELIC","is_daily":false,"chose_seed":false,"campfire_upgraded":3,"win_rate":0.0,"timestamp":1610259646,"path_taken":["M","M","$","M","M","R","E","R","T","R","M","M","E","M","R","BOSS","M","M","?","$","M"],"items_purchased_type":["Card","Card","Card","Card"],"build_version":"2020-12-22","purchased_purges":1,"victory":false,"max_hp_per_floor":[75,75,75,75,75,75,75,75,75,75,75,75,75,75,75,75,75,75,75,75,75,75,75],"relic_stats":{"Peace Pipe":0,"counters":[13,60],"Self Forming Clay":[90],"Pandora\u0027s Box":["Evolve","Twin Strike","Perfected Strike","Infernal Blade","Exhume","Body Slam","Fire Breathing","Disarm","Twin Strike"],"obtain_stats":[{"Peace Pipe":13,"Self Forming Clay":9,"Velvet Choker":0,"Oddly Smooth Stone":7,"Pandora\u0027s Box":17,"Burning Blood":0},{"Peace Pipe":8,"Self Forming Clay":5,"Velvet Choker":0,"Oddly Smooth Stone":5,"Pandora\u0027s Box":10,"Burning Blood":0},{"Peace Pipe":34,"Self Forming Clay":22,"Velvet Choker":0,"Oddly Smooth Stone":22,"Pandora\u0027s Box":47,"Burning Blood":0}]},"card_choices":[{"not_picked":["Armaments","Searing Blow"],"picked":"Shockwave","floor":1},{"not_picked":["Anger","Wild Strike"],"picked":"Battle Trance","floor":2},{"not_picked":["Warcry","Rage"],"picked":"Shrug It Off","floor":4},{"not_picked":["Shrug It Off","Flex"],"picked":"Limit Break","floor":5},{"not_picked":["Corruption","Warcry"],"picked":"Disarm","floor":7},{"not_picked":["Iron Wave","Perfected Strike"],"picked":"Burning Pact","floor":11},{"not_picked":["Armaments","Iron Wave"],"picked":"Double Tap","floor":12},{"not_picked":["Power Through","True Grit"],"picked":"Sever Soul","floor":13},{"not_picked":["Rupture","Perfected Strike"],"picked":"Twin Strike","floor":14},{"not_picked":["Juggernaut","Barricade"],"picked":"Limit Break","floor":16},{"not_picked":["Armaments","Intimidate"],"picked":"Burning Pact","floor":18},{"not_picked":["Thunderclap","Wild Strike+1"],"picked":"Headbutt","floor":19}],"player_experience":2325815,"relics_obtained":[{"floor":7,"key":"Oddly Smooth Stone"},{"floor":9,"key":"Self Forming Clay"},{"floor":13,"key":"Peace Pipe"}],"event_choices":[{"damage_healed":0,"gold_gain":50,"player_choice":"Stole From Cult","damage_taken":0,"max_hp_gain":0,"max_hp_loss":0,"event_name":"Nest","floor":20,"gold_loss":0}],"is_beta":false,"boss_relics":[{"not_picked":["Black Star","Fusion Hammer"],"picked":"Pandora\u0027s Box"}],"items_purged_floors":[21],"is_endless":false,"potions_floor_spawned":[5,7,11,16,18,19],"killed_by":"Shelled Parasite and Fungi","ascension_level":20}}