{"host":"yptvp0rjza9g9li7","time":1610255241,"event":{"mods":["AchievementEnabler","BaseMod","Colored Map","Colored Powertips","DeckTracker","Minty Spire (QoL Compilation)","SuperFastMode"],"gold_per_floor":[19,31,43,59,59,93,112,141,141,141,141,36,36,48,48,150,150,165,176,176,1,21,48,318,127,127,127,144,144,171,183,183,282,282,300,318,74,125,105,105,105,105],"floor_reached":41,"playtime":2160,"items_purged":["Strike_R"],"score":441,"play_id":"7d543ce8-a1c4-4cda-ad2e-3ab4adfb0f06","local_time":"20210110140721","is_ascension_mode":false,"campfire_choices":[{"data":"Dark Embrace","floor":11.0,"key":"SMITH"},{"data":"Anger","floor":13.0,"key":"SMITH"},{"data":"Body Slam","floor":15.0,"key":"SMITH"},{"floor":27.0,"key":"REST"},{"floor":29.0,"key":"REST"},{"data":"Limit Break","floor":32.0,"key":"SMITH"},{"floor":40,"key":"REST"}],"circlet_count":0,"master_deck":["Strike_R","Strike_R","Strike_R","Defend_R","Defend_R","Defend_R","Bash","Shrug It Off","Anger+1","Shrug It Off","Body Slam+1","Disarm","Carnage","Dark Embrace+1","Feel No Pain","Carnage+1","Inflame","Limit Break+1","Havoc","Power Through","Flex","Shockwave","Combust","Flame Barrier","Body Slam+1","Heavy Blade+1","Anger+1","Rupture","Feed+1","Warcry+1","Havoc+1","Burning Pact"],"relics":["Burning Blood","Pocketwatch","Pantograph","Anchor","Molten Egg 2","Red Skull","Empty Cage","HandDrill","Kunai","Darkstone Periapt","Mummified Hand","Snecko Eye","Paper Frog","Torii"],"acts_visited":["Exordium","TheCity","TheBeyond","TheBeyond"],"potions_floor_usage":[41,41],"damage_taken":[{"damage":6.0,"enemies":"Cultist","floor":1.0,"turns":3.0},{"damage":5.0,"enemies":"Jaw Worm","floor":2.0,"turns":4.0},{"damage":10.0,"enemies":"Small Slimes","floor":3.0,"turns":4.0},{"damage":4.0,"enemies":"Looter","floor":4.0,"turns":3.0},{"damage":16.0,"enemies":"Gremlin Nob","floor":6.0,"turns":4.0},{"damage":7.0,"enemies":"Exordium Thugs","floor":7.0,"turns":7.0},{"damage":18.0,"enemies":"3 Sentries","floor":8.0,"turns":6.0},{"damage":5.0,"enemies":"Blue Slaver","floor":14.0,"turns":3.0},{"damage":52.0,"enemies":"Slime Boss","floor":16.0,"turns":9.0},{"damage":2.0,"enemies":"Chosen","floor":18.0,"turns":4.0},{"damage":0.0,"enemies":"2 Thieves","floor":19.0,"turns":3.0},{"damage":31.0,"enemies":"3 Cultists","floor":22.0,"turns":6.0},{"damage":21.0,"enemies":"Gremlin Leader","floor":23.0,"turns":7.0},{"damage":12.0,"enemies":"Centurion and Healer","floor":28.0,"turns":6.0},{"damage":46.0,"enemies":"Slavers","floor":30.0,"turns":6.0},{"damage":0.0,"enemies":"Cultist and Chosen","floor":31.0,"turns":4.0},{"damage":53.0,"enemies":"Automaton","floor":33.0,"turns":8.0},{"damage":6,"enemies":"3 Shapes","floor":35,"turns":4},{"damage":15,"enemies":"Orb Walker","floor":36,"turns":3},{"damage":55,"enemies":"2 Orb Walkers","floor":38,"turns":6},{"damage":58,"enemies":"Nemesis","floor":41,"turns":7}],"seed_played":"-8824669629818649281","potions_obtained":[{"floor":2.0,"key":"Ancient Potion"},{"floor":3.0,"key":"Energy Potion"},{"floor":7.0,"key":"SkillPotion"},{"floor":16.0,"key":"PowerPotion"},{"floor":18.0,"key":"Weak Potion"},{"floor":19.0,"key":"Regen Potion"},{"floor":30.0,"key":"BloodPotion"},{"floor":31.0,"key":"GamblersBrew"},{"floor":36,"key":"Dexterity Potion"},{"floor":39,"key":"HeartOfIron"}],"is_trial":false,"path_per_floor":["M","M","M","M","?","E","M","E","T","?","R","$","R","M","R","B",null,"M","M","?","$","M","E","?","$","T","R","M","R","E","M","R","B",null,"M","M","$","?","?","R","E"],"character_chosen":"IRONCLAD","items_purchased":["Feel No Pain","Carnage+1","Flex","HandDrill","Flame Barrier","Body Slam+1","Paper Frog"],"campfire_rested":3,"item_purchase_floors":[12,12,21,21,25,25,37],"current_hp_per_floor":[80,80,76,78,78,68,67,55,55,52,52,52,52,53,53,32,80,80,80,65,65,55,40,13,13,13,38,32,57,17,40,40,18,85,85,76,76,31,31,57,0,0],"gold":105,"neow_bonus":"ONE_RARE_RELIC","is_daily":false,"chose_seed":false,"campfire_upgraded":4,"win_rate":0.0,"timestamp":1610255241,"path_taken":["M","?","M","M","?","E","M","E","T","?","R","$","R","M","R","BOSS","M","M","?","?","M","E","?","$","T","R","M","R","E","M","R","BOSS","M","M","$","?","?","R","E"],"items_purchased_type":["Card","Card","Card","Relic","Card","Card","Relic"],"build_version":"2020-12-22","purchased_purges":1,"victory":false,"max_hp_per_floor":[80,80,80,80,80,80,80,80,80,80,80,80,80,80,80,80,80,80,80,85,85,85,85,85,85,85,85,85,85,85,85,85,85,85,85,85,85,89,89,89,89,89],"card_choices":[{"not_picked":["Iron Wave","Armaments"],"picked":"Shrug It Off","floor":1.0},{"not_picked":["Shrug It Off","Intimidate"],"picked":"Anger","floor":2.0},{"not_picked":["True Grit","Sentinel"],"picked":"Shrug It Off","floor":3.0},{"not_picked":["True Grit","Armaments"],"picked":"Body Slam","floor":4.0},{"not_picked":["Fire Breathing","Wild Strike"],"picked":"Disarm","floor":6.0},{"not_picked":["Shrug It Off","Evolve"],"picked":"Carnage","floor":7.0},{"not_picked":["Hemokinesis","True Grit"],"picked":"Dark Embrace","floor":8.0},{"not_picked":["Cleave+1","Anger+1"],"picked":"Inflame","floor":14.0},{"not_picked":["Berserk","Brutality"],"picked":"Limit Break","floor":16.0},{"not_picked":["Pommel Strike+1","Ghostly Armor"],"picked":"Havoc","floor":18.0},{"not_picked":["Clash+1","Brutality"],"picked":"Power Through","floor":19.0},{"not_picked":["Iron Wave+1","Rage"],"picked":"Shockwave","floor":22.0},{"not_picked":["Exhume","Sword Boomerang+1"],"picked":"Combust","floor":23.0},{"not_picked":["Rupture","Anger+1"],"picked":"Heavy Blade+1","floor":28.0},{"not_picked":["True Grit","Combust"],"picked":"Anger+1","floor":30.0},{"not_picked":["Anger+1","Power Through"],"picked":"Rupture","floor":31.0},{"not_picked":["Exhume","Demon Form"],"picked":"Feed+1","floor":33.0},{"not_picked":["Pommel Strike+1","Headbutt+1"],"picked":"Warcry+1","floor":35},{"not_picked":["Thunderclap+1","Shrug It Off+1"],"picked":"Havoc+1","floor":36},{"not_picked":["Perfected Strike+1","Flex"],"picked":"Burning Pact","floor":38}],"player_experience":183130,"relics_obtained":[{"floor":6.0,"key":"Pantograph"},{"floor":8.0,"key":"Anchor"},{"floor":9.0,"key":"Molten Egg 2"},{"floor":23.0,"key":"Kunai"},{"floor":26.0,"key":"Darkstone Periapt"},{"floor":30.0,"key":"Mummified Hand"},{"floor":38,"key":"Torii"}],"event_choices":[{"damage_healed":0.0,"max_hp_gain":0.0,"max_hp_loss":0.0,"gold_gain":0.0,"event_name":"Liars Game","player_choice":"Ignored","floor":5.0,"gold_loss":0.0,"damage_taken":0.0},{"damage_healed":0.0,"max_hp_gain":0.0,"max_hp_loss":0.0,"gold_gain":0.0,"event_name":"Scrap Ooze","player_choice":"Success","floor":10.0,"gold_loss":0.0,"damage_taken":3.0,"relics_obtained":["Red Skull"]},{"damage_healed":0.0,"max_hp_gain":5.0,"max_hp_loss":0.0,"gold_gain":0.0,"event_name":"Forgotten Altar","player_choice":"Shed Blood","floor":20.0,"gold_loss":0.0,"damage_taken":20.0},{"damage_healed":0.0,"max_hp_gain":0.0,"max_hp_loss":0.0,"gold_gain":270.0,"event_name":"Knowing Skull","player_choice":"GOLD GOLD GOLD ","floor":24.0,"potions_obtained":[],"gold_loss":0.0,"damage_taken":27.0,"cards_obtained":[]},{"damage_healed":0,"gold_gain":0,"player_choice":"Fight","damage_taken":0,"max_hp_gain":0,"max_hp_loss":0,"event_name":"Mysterious Sphere","floor":38,"gold_loss":0},{"damage_healed":0,"gold_gain":0,"player_choice":"Bought 1 Potion","damage_taken":0,"max_hp_gain":0,"max_hp_loss":0,"event_name":"The Woman in Blue","floor":39,"gold_loss":0}],"is_beta":false,"boss_relics":[{"not_picked":["Velvet Choker","Coffee Dripper"],"picked":"Empty Cage"},{"not_picked":["Fusion Hammer","Black Blood"],"picked":"Snecko Eye"}],"items_purged_floors":[25],"is_endless":false,"potions_floor_spawned":[2,3,7,16,18,19,30,31,36],"killed_by":"Nemesis","ascension_level":0}}