{"host":"1a3cjta80tad0aqj","time":1610259971,"event":{"mods":["2.2 Compatiblity","AchievementEnabler","BaseMod","Colored Map","DeckTracker","KOR Keyword Fix","Keyboard Shortcuts","Minty Spire (QoL Compilation)","Permanent Neow","Quick Restart","Random Character Button","StSLib","SuperFastMode","everything is the same but u backflip on backflip"],"gold_per_floor":[112,112,35,47,62,96,96,125,125,156,156,156,156,174,174,298,298,319,362,382,382,382],"floor_reached":21,"playtime":693,"items_purged":[],"score":272,"play_id":"40c425bf-09a6-4d3f-b0e6-980806451903","local_time":"20210110152611","is_ascension_mode":true,"campfire_choices":[{"data":"Ragnarok","floor":7.0,"key":"SMITH"},{"floor":11.0,"key":"REST"},{"data":"Halt","floor":15.0,"key":"SMITH"}],"circlet_count":0,"master_deck":["Strike_P","Strike_P","Strike_P","Defend_P","Defend_P","Defend_P","Eruption+1","Vigilance","CutThroughFate","Ragnarok+1","BowlingBash","Ragnarok","Halt+1","Omniscience","InnerPeace+1"],"relics":["PureWater","Question Card","Peace Pipe","Du-Vu Doll","Bronze Scales","Golden Idol","Empty Cage","Red Mask"],"acts_visited":["Exordium","TheCity"],"potions_floor_usage":[],"damage_taken":[{"damage":4.0,"enemies":"Jaw Worm","floor":1.0,"turns":4.0},{"damage":9.0,"enemies":"2 Louse","floor":4.0,"turns":2.0},{"damage":4.0,"enemies":"Small Slimes","floor":5.0,"turns":3.0},{"damage":0.0,"enemies":"Gremlin Nob","floor":6.0,"turns":2.0},{"damage":18.0,"enemies":"3 Sentries","floor":8.0,"turns":2.0},{"damage":0.0,"enemies":"Gremlin Nob","floor":10.0,"turns":2.0},{"damage":0.0,"enemies":"3 Louse","floor":14.0,"turns":2.0},{"damage":22.0,"enemies":"Slime Boss","floor":16.0,"turns":6.0},{"damage":15.0,"enemies":"Spheric Guardian","floor":18.0,"turns":4.0},{"damage":8.0,"enemies":"Masked Bandits","floor":19.0,"turns":2.0},{"damage":28,"enemies":"3 Byrds","floor":20,"turns":3},{"damage":12,"enemies":"3 Cultists","floor":21,"turns":3}],"seed_played":"9059375750858157881","potions_obtained":[{"floor":0.0,"key":"PowerPotion"},{"floor":0.0,"key":"Ambrosia"},{"floor":0.0,"key":"CultistPotion"},{"floor":5.0,"key":"CultistPotion"},{"floor":8.0,"key":"Dexterity Potion"},{"floor":10.0,"key":"StancePotion"},{"floor":16.0,"key":"DistilledChaos"},{"floor":19.0,"key":"Dexterity Potion"},{"floor":20,"key":"Weak Potion"}],"is_trial":false,"path_per_floor":["M","?","$","M","M","E","R","E","T","E","R","?","?","M","R","B",null,"M","?","M","M"],"character_chosen":"WATCHER","items_purchased":["Ragnarok"],"campfire_rested":1,"item_purchase_floors":[3],"current_hp_per_floor":[68,68,68,59,55,55,55,37,37,37,58,58,40,40,40,18,72,57,49,21,9,9],"gold":382,"neow_bonus":"THREE_SMALL_POTIONS","is_daily":false,"chose_seed":false,"campfire_upgraded":2,"win_rate":0.0,"timestamp":1610259971,"path_taken":["M","?","$","M","M","E","R","E","T","E","R","?","?","M","R","BOSS","M","?","M","M"],"items_purchased_type":["Card"],"build_version":"2020-12-22","purchased_purges":0,"victory":false,"max_hp_per_floor":[72,72,72,72,72,72,72,72,72,72,72,72,72,72,72,72,72,72,72,72,72,72],"card_choices":[{"not_picked":["Weave","CrushJoints"],"picked":"CutThroughFate","floor":1.0},{"not_picked":["Evaluate","Conclude","FlyingSleeves"],"picked":"SKIP","floor":4.0},{"not_picked":["ThirdEye","FollowUp"],"picked":"BowlingBash","floor":5.0},{"not_picked":["JustLucky","Wish","Worship"],"picked":"SKIP","floor":6.0},{"not_picked":["BattleHymn","Evaluate","Wireheading","Prostrate"],"picked":"SKIP","floor":8.0},{"not_picked":["Collect","Consecrate","DevaForm"],"picked":"Ragnarok","floor":10.0},{"not_picked":["Collect","Crescendo","Perseverance"],"picked":"Halt","floor":14.0},{"not_picked":["ConjureBlade","Establishment","Brilliance"],"picked":"Omniscience","floor":16.0},{"not_picked":["Wireheading","Weave","Indignation"],"picked":"InnerPeace+1","floor":18.0},{"not_picked":["WreathOfFlame","Fasting2+1","ForeignInfluence","EmptyFist"],"picked":"SKIP","floor":20}],"player_experience":265266,"relics_obtained":[{"floor":6.0,"key":"Question Card"},{"floor":8.0,"key":"Peace Pipe"},{"floor":9.0,"key":"Du-Vu Doll"},{"floor":10.0,"key":"Bronze Scales"},{"floor":19.0,"key":"Red Mask"}],"event_choices":[{"damage_healed":0.0,"max_hp_gain":0.0,"max_hp_loss":0.0,"gold_gain":0.0,"event_name":"Living Wall","player_choice":"Grow","floor":2.0,"gold_loss":0.0,"damage_taken":0.0,"cards_upgraded":["Eruption"]},{"damage_healed":0.0,"max_hp_gain":0.0,"max_hp_loss":0.0,"gold_gain":0.0,"event_name":"Liars Game","player_choice":"Ignored","floor":12.0,"gold_loss":0.0,"damage_taken":0.0},{"damage_healed":0.0,"max_hp_gain":0.0,"max_hp_loss":0.0,"gold_gain":0.0,"event_name":"Golden Idol","player_choice":"Take Damage","floor":13.0,"gold_loss":0.0,"damage_taken":18.0,"relics_obtained":["Golden Idol"]},{"damage_healed":0.0,"max_hp_gain":0.0,"max_hp_loss":0.0,"gold_gain":0.0,"event_name":"Masked Bandits","player_choice":"Fought Bandits","floor":19.0,"gold_loss":0.0,"damage_taken":0.0}],"is_beta":false,"boss_relics":[{"not_picked":["Runic Dome","Tiny House"],"picked":"Empty Cage"}],"items_purged_floors":[],"is_endless":false,"potions_floor_spawned":[1,5,8,10,16,19,20],"killed_by":"3 Cultists","ascension_level":2}}