{"host":"u7y9frlpoazak2mn","time":1610239533,"event":{"mods":["100% Spire Juice","2.2 Compatiblity","AchievementEnabler","Aspiration","BaseMod","Better Altar","Better Match","Better Note","Better Sensory Stone","Better Skull","Better Third Choice","CapriCore","Colored Powertips","Conspire","Downfall","Energized Spire","GifTheSpireLib","Halation","Hermit","Highlight Path","Hubris","Luminous","Marisa????????","Marked Mod","Mimic Mod","Minty Spire (QoL Compilation)","Permanent Neow","Rare Cards Sparkle","Relic Sorter","Remilia??????","Replay The Spire","Shade Mod","Somnambulant","Spikes Relics","StSLib","Stuff the Spire","Td1madao Mod","The Administrix","The Blue Laboratory","The Construct","The Cursed","The Forsaken","The Hierophant","The Immortal","The Judge","The Juggle","The Marked","The Mystic","The Necromancer","The Runesmith","The Senshi","The Servant 0.9.4","The Showman","TheBandit","TheFirefly","TheVacant","Transform Curses","Unceasing Turn Reminder","Waifu the Spire","Yakumo Yukari mod","Yuyuko","everything is the same but u backflip on backflip","slay the spire mod where everything is the same but ironclad has a cowboy hat","thorton"],"gold_per_floor":[131,151,376,391,403,403,414,414,414,460,460,470,485,496,496,496,496],"floor_reached":16,"playtime":917,"items_purged":[],"score":96,"play_id":"645784a5-3551-4966-96e8-bdaeda029891","local_time":"20210109194533","is_ascension_mode":false,"campfire_choices":[{"data":"LoveAcrossDimensions_purple","floor":6,"key":"SMITH"},{"floor":8,"key":"REST"},{"floor":15,"key":"REST"}],"circlet_count":0,"master_deck":["AT_purpleEX","AT_purpleEX","AT_purpleEX","AT_purpleEX","Defend_purpleEX","Defend_purpleEX","Defend_purpleEX","Observe_purple_1","Observe_purple_2","WangLiang_OokamiKakushi_purple","RuleDissolution_purple","Shallow_ocean_purpleEX","Boundary_of_Extermination_purpleEX","LoveAcrossDimensions_purple+1","Shallow_ocean_purpleEX","Boundary_DreamRealityDamnation_purple","Human_Monster_Realm_purple","Mirror_FormAndEmptin_purple"],"relics":["Boundary_crack","Memoryfragments_purpleEX","StuffTheSpire:Mouthbags","Orichalcum"],"acts_visited":["Exordium"],"potions_floor_usage":[7,7],"damage_taken":[{"damage":9,"enemies":"Small Slimes","floor":1,"turns":4},{"damage":6,"enemies":"Cultist","floor":2,"turns":3},{"damage":0,"enemies":"2 Louse","floor":4,"turns":3},{"damage":17,"enemies":"Looter","floor":5,"turns":3},{"damage":5,"enemies":"Exordium Wildlife","floor":7,"turns":3},{"damage":5,"enemies":"Gremlin Gang","floor":12,"turns":4},{"damage":17,"enemies":"Exordium Thugs","floor":13,"turns":4},{"damage":0,"enemies":"3 Louse","floor":14,"turns":1},{"damage":46,"enemies":"The Guardian","floor":16,"turns":6}],"seed_played":"245752218804887509","potions_obtained":[{"floor":2,"key":"Block Potion"},{"floor":5,"key":"AttackPotion"},{"floor":14,"key":"blueLaboratory:AbyssPotion"}],"is_trial":false,"path_per_floor":["M","M","?","M","M","R","M","R","T","T","?","M","M","M","R","B"],"character_chosen":"Youkari","items_purchased":[],"campfire_rested":2,"item_purchase_floors":[],"current_hp_per_floor":[61,57,41,43,28,28,23,44,44,44,44,41,24,24,45,0,0],"gold":496,"neow_bonus":"RANDOM_EVENT","is_daily":false,"chose_seed":false,"campfire_upgraded":1,"win_rate":0.0,"timestamp":1610239533,"path_taken":["M","M","?","M","?","R","M","R","T","?","?","M","M","M","R","BOSS"],"items_purchased_type":[],"build_version":"2020-12-22","purchased_purges":0,"victory":false,"max_hp_per_floor":[70,70,70,70,70,70,70,70,70,70,70,70,70,70,70,70,70],"card_choices":[{"not_picked":["AdvanceAttack_purple","EighthInstrument_OneDividesIntoTwo_purple"],"picked":"RuleDissolution_purple","floor":1},{"not_picked":["SfantasyHide_purple","Realm_recovery_purpleEX"],"picked":"Shallow_ocean_purpleEX","floor":2},{"not_picked":["StateErode_purple","ExistenceContinue_purple"],"picked":"Boundary_of_Extermination_purpleEX","floor":4},{"not_picked":["AdvanceAttack_purple","SfantasyHide_purple"],"picked":"LoveAcrossDimensions_purple","floor":5},{"not_picked":["RuleDissolution_purple","StateErode_purple"],"picked":"Shallow_ocean_purpleEX","floor":7},{"not_picked":["Worldmountain_purple","Boundary_ObjectiveBoundary_purple"],"picked":"Boundary_DreamRealityDamnation_purple","floor":12},{"not_picked":["EighthInstrument_OneDividesIntoTwo_purple","Boundary_DynamicStaticEquilibrium_purple"],"picked":"Human_Monster_Realm_purple","floor":13},{"not_picked":["ExistenceContinue_purple","Umbrella_purple"],"picked":"Mirror_FormAndEmptin_purple","floor":14}],"player_experience":330500,"relics_obtained":[{"floor":9,"key":"StuffTheSpire:Mouthbags"},{"floor":10,"key":"Orichalcum"}],"event_choices":[{"damage_healed":0,"gold_gain":0,"cards_transformed":["Defend_purpleEX"],"player_choice":"Change","damage_taken":0,"max_hp_gain":0,"max_hp_loss":0,"event_name":"Living Wall","floor":0,"gold_loss":0,"cards_obtained":["WangLiang_OokamiKakushi_purple"]},{"damage_healed":0,"gold_gain":225,"player_choice":"GO GO ","damage_taken":18,"relics_obtained":[],"max_hp_gain":0,"max_hp_loss":0,"event_name":"betterSkull:BetterSkull","floor":3,"gold_loss":0,"cards_upgraded":[]},{"damage_healed":0,"gold_gain":0,"player_choice":"Ignored","damage_taken":460,"max_hp_gain":0,"max_hp_loss":0,"event_name":"betterThird:BetterSerpent","floor":11,"gold_loss":0}],"is_beta":false,"boss_relics":[],"items_purged_floors":[],"is_endless":false,"potions_floor_spawned":[2,5,14],"killed_by":"The Guardian","ascension_level":0}}