{"host":"mydft8i2zzydgggw","time":1610300370,"event":{"mods":["AchievementEnabler","BaseMod","BetterRewards","Colored Map","Colored Powertips","DeckTracker","Keyboard Shortcuts","Minty Spire (QoL Compilation)","Quick Restart","Rare Cards Sparkle","StSLib","SuperFastMode","The Poker Player","everything is the same but u backflip on backflip"],"gold_per_floor":[112,112,137,156,171,171,215,215,215,215,140,163,163,182,182,182,182],"floor_reached":16,"playtime":225,"items_purged":["Strike_P"],"score":130,"play_id":"6d33402d-6137-4bea-9d22-3e7502dd94b9","local_time":"20210111023930","is_ascension_mode":true,"campfire_choices":[{"data":"Eruption","floor":6,"key":"SMITH"},{"data":"Vigilance","floor":15,"key":"SMITH"}],"circlet_count":0,"master_deck":["Strike_P","Strike_P","Strike_P","Defend_P","Defend_P","Defend_P","Defend_P","Eruption+1","Vigilance+1","FearNoEvil"],"relics":["PureWater","NeowsBlessing","Golden Idol","Tiny Chest","Singing Bowl","Potion Belt","Mummified Hand","Gremlin Horn"],"acts_visited":["Exordium"],"potions_floor_usage":[7,16,16],"damage_taken":[{"damage":0,"enemies":"Jaw Worm","floor":1,"turns":1},{"damage":0,"enemies":"Cultist","floor":4,"turns":1},{"damage":0,"enemies":"2 Louse","floor":5,"turns":1},{"damage":19,"enemies":"3 Sentries","floor":7,"turns":6},{"damage":9,"enemies":"Exordium Wildlife","floor":12,"turns":3},{"damage":0,"enemies":"2 Fungi Beasts","floor":14,"turns":3},{"damage":45,"enemies":"Hexaghost","floor":16,"turns":12}],"seed_played":"-8200895828338249699","potions_obtained":[{"floor":1,"key":"SpeedPotion"},{"floor":4,"key":"LiquidBronze"},{"floor":12,"key":"Dexterity Potion"}],"is_trial":false,"path_per_floor":["M","?","T","M","M","R","E","?","T","?","$","M","T","M","R","B"],"character_chosen":"WATCHER","items_purchased":[],"campfire_rested":0,"item_purchase_floors":[],"current_hp_per_floor":[65,65,65,65,65,65,48,45,45,50,50,43,43,45,45,0,0],"gold":182,"neow_bonus":"THREE_ENEMY_KILL","is_daily":false,"chose_seed":false,"campfire_upgraded":2,"win_rate":0.0,"timestamp":1610300370,"path_taken":["M","?","?","M","?","R","E","?","T","?","$","M","?","M","R","BOSS"],"items_purchased_type":[],"build_version":"2020-12-22","purchased_purges":1,"victory":false,"max_hp_per_floor":[72,67,67,67,67,67,69,69,69,74,74,76,76,78,78,78,78],"card_choices":[{"not_picked":["SandsOfTime","CarveReality"],"picked":"FearNoEvil","floor":1},{"not_picked":["BowlingBash","Evaluate","Protect"],"picked":"SKIP","floor":4},{"not_picked":["Crescendo","BowlingBash","Consecrate"],"picked":"SKIP","floor":5},{"not_picked":["DevaForm","ThirdEye","PathToVictory"],"picked":"Singing Bowl","floor":7},{"not_picked":["Consecrate","FollowUp","PathToVictory"],"picked":"Singing Bowl","floor":12},{"not_picked":["ClearTheMind","FlurryOfBlows","Halt"],"picked":"Singing Bowl","floor":14}],"player_experience":174238,"relics_obtained":[{"floor":3,"key":"Tiny Chest"},{"floor":7,"key":"Singing Bowl"},{"floor":9,"key":"Mummified Hand"},{"floor":13,"key":"Gremlin Horn"}],"event_choices":[{"damage_healed":0,"gold_gain":0,"player_choice":"Lose Max HP","damage_taken":0,"relics_obtained":["Golden Idol"],"max_hp_gain":0,"max_hp_loss":5,"event_name":"Golden Idol","floor":2,"gold_loss":0},{"damage_healed":0,"gold_gain":0,"player_choice":"Success","damage_taken":3,"relics_obtained":["Potion Belt"],"max_hp_gain":0,"max_hp_loss":0,"event_name":"Scrap Ooze","floor":8,"gold_loss":0},{"damage_healed":0,"gold_gain":0,"player_choice":"Donut","damage_taken":0,"max_hp_gain":5,"max_hp_loss":0,"event_name":"Big Fish","floor":10,"gold_loss":0}],"is_beta":false,"boss_relics":[],"items_purged_floors":[11],"is_endless":false,"potions_floor_spawned":[1,4,12],"killed_by":"Hexaghost","ascension_level":6}}