{"host":"¿à÷økuyou","time":1610280398,"event":{"mods":["ATMod(°¢èªMod)","Act Like it!","BaseMod","BetterRewards","Minty Spire (QoL Compilation)","Quick Restart","RyuuouÁúÍõ","StSLib"],"gold_per_floor":[114,39,39,54,54,84,84,114,139,139,154,169,184,214,214,314,314,329,329,428,443,458,458,488,503,528,528,528,543,543,543],"floor_reached":30,"playtime":757,"items_purged":["Strike_P"],"score":320,"play_id":"41fc8773-3737-439d-8ade-bfe9033b621b","local_time":"20210110200638","daily_mods":["Specialized","Diverse","Night Terrors"],"is_ascension_mode":false,"campfire_choices":[{"data":"AT_EmpoweredMortalDraw","floor":7.0,"key":"SMITH"},{"data":"Eruption","floor":15.0,"key":"SMITH"},{"data":"Barricade","floor":23.0,"key":"SMITH"},{"data":"Blade Dance","floor":27.0,"key":"SMITH"}],"circlet_count":0,"master_deck":["Strike_P","Strike_P","Defend_P","Defend_P","Eruption+1","Vigilance","AT_EmpoweredMortalDraw+1","Adaptation","TalkToTheHand","Barricade+1","Collect","Alpha","Second Wind","AT_BodySlamDance+1","Blade Dance+1","Ghostly","Ghostly","Ghostly","Ghostly","Ghostly"],"relics":["PureWater","AT_ATBox","Gremlin Horn","Meat on the Bone","Omamori","Potion Belt","Odd Mushroom","Boot","Empty Cage","Regal Pillow","Strawberry"],"acts_visited":["Exordium","TheCity"],"potions_floor_usage":[],"damage_taken":[{"damage":0.0,"enemies":"2 Louse","floor":1.0,"turns":2.0},{"damage":0.0,"enemies":"Cultist","floor":4.0,"turns":4.0},{"damage":34.0,"enemies":"Lagavulin","floor":6.0,"turns":8.0},{"damage":8.0,"enemies":"Gremlin Nob","floor":8.0,"turns":3.0},{"damage":4.0,"enemies":"The Mushroom Lair","floor":10.0,"turns":2.0},{"damage":0.0,"enemies":"Small Slimes","floor":11.0,"turns":1.0},{"damage":3.0,"enemies":"2 Fungi Beasts","floor":12.0,"turns":2.0},{"damage":0.0,"enemies":"3 Louse","floor":13.0,"turns":1.0},{"damage":0.0,"enemies":"3 Sentries","floor":14.0,"turns":2.0},{"damage":22.0,"enemies":"Slime Boss","floor":16.0,"turns":6.0},{"damage":10.0,"enemies":"2 Thieves","floor":18.0,"turns":2.0},{"damage":2.0,"enemies":"Chosen","floor":21.0,"turns":5.0},{"damage":14.0,"enemies":"Snake Plant","floor":22.0,"turns":3.0},{"damage":19.0,"enemies":"Slavers","floor":24.0,"turns":3.0},{"damage":20.0,"enemies":"Cultist and Chosen","floor":25.0,"turns":4.0},{"damage":1.0,"enemies":"Centurion and Healer","floor":29.0,"turns":5.0},{"damage":37,"enemies":"Book of Stabbing","floor":30,"turns":7}],"seed_played":"-956745095108410897","potions_obtained":[{"floor":1.0,"key":"Fire Potion"},{"floor":8.0,"key":"SkillPotion"},{"floor":12.0,"key":"Dexterity Potion"},{"floor":13.0,"key":"Explosive Potion"},{"floor":14.0,"key":"Weak Potion"},{"floor":21.0,"key":"GamblersBrew"},{"floor":25.0,"key":"AttackPotion"}],"is_trial":false,"path_per_floor":["M","$","?","M","?","E","R","E","T","?","M","M","M","E","R","B",null,"M","?","?","M","M","R","E","M","T","R","?","M","E"],"character_chosen":"WATCHER","items_purchased":[],"campfire_rested":0,"item_purchase_floors":[],"current_hp_per_floor":[72,72,72,72,65,31,31,35,35,43,43,40,40,40,40,30,72,62,62,62,60,46,46,39,31,38,38,38,37,0,0],"gold":543,"neow_bonus":"","is_daily":true,"chose_seed":false,"campfire_upgraded":4,"win_rate":0.0,"timestamp":1610280398,"path_taken":["M","$","?","?","?","E","R","E","T","?","M","M","M","E","R","BOSS","M","?","?","M","M","R","E","M","T","R","?","M","E"],"items_purchased_type":[],"build_version":"2020-12-18","purchased_purges":1,"victory":false,"max_hp_per_floor":[72,72,72,72,72,72,72,72,72,72,72,72,72,72,72,72,72,72,72,72,72,72,72,72,72,79,79,39,39,39,39],"card_choices":[{"not_picked":["Flame Barrier","PiercingWail"],"picked":"Adaptation","floor":1.0},{"not_picked":["Anger","Indignation","Armaments"],"picked":"SKIP","floor":4.0},{"not_picked":["Iron Wave","Cloak And Dagger","Stack"],"picked":"SKIP","floor":6.0},{"not_picked":["Acrobatics","Halt"],"picked":"TalkToTheHand","floor":8.0},{"not_picked":["Armaments","FlyingSleeves","Wireheading"],"picked":"SKIP","floor":11.0},{"not_picked":["ReachHeaven","WindmillStrike","Heatsinks"],"picked":"SKIP","floor":12.0},{"not_picked":["Vengeance","Wild Strike"],"picked":"Barricade","floor":13.0},{"not_picked":["Go for the Eyes","Outmaneuver"],"picked":"Collect","floor":14.0},{"not_picked":["DeusExMachina","Meteor Strike"],"picked":"Alpha","floor":16.0},{"not_picked":["Uppercut","Beam Cell","Flex"],"picked":"SKIP","floor":18.0},{"not_picked":["Rupture","Blade Dance"],"picked":"AT_BodySlamDance+1","floor":21.0},{"not_picked":["AT_HeatAcrobatics","DeceiveReality","Heavy Blade"],"picked":"SKIP","floor":22.0},{"not_picked":["Combust","A Thousand Cuts","AT_IchimonjiDouble"],"picked":"SKIP","floor":24.0},{"not_picked":["Shrug It Off","FollowUp+1"],"picked":"Blade Dance","floor":25.0},{"not_picked":["Tempest+1","Ball Lightning","Evaluate+1"],"picked":"SKIP","floor":29.0}],"player_experience":171320,"relics_obtained":[{"floor":6.0,"key":"Meat on the Bone"},{"floor":8.0,"key":"Omamori"},{"floor":9.0,"key":"Potion Belt"},{"floor":10.0,"key":"Odd Mushroom"},{"floor":14.0,"key":"Boot"},{"floor":24.0,"key":"Regal Pillow"},{"floor":26.0,"key":"Strawberry"}],"event_choices":[{"cards_removed":["Defend_P"],"damage_healed":0.0,"max_hp_gain":0.0,"max_hp_loss":0.0,"gold_gain":0.0,"event_name":"Bonfire Elementals","player_choice":"Offered Basic","floor":3.0,"gold_loss":0.0,"damage_taken":0.0},{"damage_healed":0.0,"max_hp_gain":0.0,"max_hp_loss":0.0,"gold_gain":0.0,"event_name":"Scrap Ooze","player_choice":"Success","floor":5.0,"gold_loss":0.0,"damage_taken":7.0,"relics_obtained":["Gremlin Horn"]},{"damage_healed":0.0,"max_hp_gain":0.0,"max_hp_loss":0.0,"gold_gain":0.0,"event_name":"Mushrooms","player_choice":"Fought Mushrooms","floor":10.0,"gold_loss":0.0,"damage_taken":0.0},{"damage_healed":0.0,"max_hp_gain":0.0,"max_hp_loss":0.0,"gold_gain":0.0,"event_name":"The Library","player_choice":"Read","floor":19.0,"gold_loss":0.0,"damage_taken":0.0,"cards_obtained":["Second Wind"]},{"damage_healed":0.0,"max_hp_gain":0.0,"max_hp_loss":0.0,"gold_gain":99.0,"event_name":"Nest","player_choice":"Stole From Cult","floor":20.0,"gold_loss":0.0,"damage_taken":0.0},{"damage_healed":0.0,"max_hp_gain":0.0,"max_hp_loss":40.0,"gold_gain":0.0,"event_name":"Ghosts","player_choice":"Became a Ghost","floor":28.0,"gold_loss":0.0,"damage_taken":0.0,"cards_obtained":["Ghostly","Ghostly","Ghostly","Ghostly","Ghostly"]}],"is_beta":true,"boss_relics":[{"not_picked":["Snecko Eye","Philosopher\u0027s Stone"],"picked":"Empty Cage"}],"items_purged_floors":[2],"is_endless":false,"potions_floor_spawned":[1,8,12,13,14,21,25],"killed_by":"Book of Stabbing","ascension_level":0}}