{"host":"Jonboy","time":1610289095,"event":{"mods":["AchievementEnabler","BaseMod","Block Reminder","Colored Powertips","Minty Spire (QoL Compilation)","Relic Stats"],"gold_per_floor":[112,132,132,148,168,168,200,200,200,200,200,224,524,549,549,645,645,659,7,7,32,32,73,73,73,73,73,73,106,21,34,34,110,110,129,129,145,155,174,174,192,292,292,327,344,344,360,89,89,89],"floor_reached":51,"playtime":4650,"items_purged":["Strike_G","Strike_G"],"score":1217,"play_id":"48a43754-a055-41ba-9916-4d5894c7b676","local_time":"20210110143135","is_ascension_mode":true,"campfire_choices":[{"data":"Eviscerate","floor":6.0,"key":"SMITH"},{"floor":11.0,"key":"REST"},{"floor":13.0,"key":"DIG"},{"floor":15.0,"key":"REST"},{"floor":25,"key":"DIG"},{"floor":27,"key":"DIG"},{"floor":32,"key":"DIG"},{"floor":40,"key":"DIG"},{"floor":46,"key":"DIG"},{"floor":49,"key":"DIG"}],"circlet_count":0,"master_deck":["AscendersBane","Strike_G","Strike_G","Defend_G","Defend_G","Defend_G","Defend_G","Defend_G","Survivor","Neutralize","Eviscerate+1","Riddle With Holes","Deadly Poison","Choke","Skewer+1","After Image","Malaise","Bouncing Flask","After Image","Acrobatics","Terror","PiercingWail","Well Laid Plans","Well Laid Plans","After Image","Malaise","Leg Sweep","PiercingWail","Footwork","Backflip","Catalyst","Leg Sweep","Backflip","Crippling Poison"],"relics":["Snecko Eye","HornCleat","Shovel","Bloody Idol","Old Coin","Velvet Choker","Bag of Preparation","Chemical X","Bronze Scales","Red Mask","Shuriken","Prayer Wheel","Lantern","Pen Nib","Pocketwatch","Nunchaku","Gambling Chip","Sozu","Matryoshka","Pantograph","Smiling Mask","White Beast Statue","Juzu Bracelet","Dream Catcher","Strawberry"],"acts_visited":["Exordium","TheCity","TheBeyond"],"potions_floor_usage":[50,50],"damage_taken":[{"damage":0.0,"enemies":"Small Slimes","floor":1.0,"turns":3.0},{"damage":0.0,"enemies":"Cultist","floor":2.0,"turns":3.0},{"damage":7.0,"enemies":"Jaw Worm","floor":4.0,"turns":3.0},{"damage":19.0,"enemies":"3 Louse","floor":5.0,"turns":3.0},{"damage":7.0,"enemies":"Lagavulin","floor":7.0,"turns":5.0},{"damage":7.0,"enemies":"Large Slime","floor":12.0,"turns":4.0},{"damage":4.0,"enemies":"Red Slaver","floor":14.0,"turns":2.0},{"damage":8.0,"enemies":"Slime Boss","floor":16.0,"turns":7.0},{"damage":6.0,"enemies":"2 Thieves","floor":18.0,"turns":3.0},{"damage":4.0,"enemies":"Chosen","floor":21.0,"turns":2.0},{"damage":8,"enemies":"Masked Bandits","floor":23,"turns":4},{"damage":0,"enemies":"Gremlin Leader","floor":29,"turns":3},{"damage":0,"enemies":"Sentry and Sphere","floor":31,"turns":3},{"damage":28,"enemies":"Automaton","floor":33,"turns":8},{"damage":0,"enemies":"3 Shapes","floor":35,"turns":2},{"damage":0,"enemies":"Orb Walker","floor":37,"turns":3},{"damage":4,"enemies":"Spire Growth","floor":38,"turns":3},{"damage":0,"enemies":"Writhing Mass","floor":39,"turns":6},{"damage":27,"enemies":"Transient","floor":41,"turns":5},{"damage":5,"enemies":"Nemesis","floor":44,"turns":7},{"damage":0,"enemies":"Spire Growth","floor":45,"turns":2},{"damage":0,"enemies":"3 Darklings","floor":47,"turns":5},{"damage":2,"enemies":"Awakened One","floor":50,"turns":13}],"seed_played":"5512557127037768898","potions_obtained":[{"floor":1.0,"key":"Explosive Potion"},{"floor":2.0,"key":"Fire Potion"},{"floor":5.0,"key":"CultistPotion"},{"floor":7.0,"key":"Ancient Potion"},{"floor":29,"key":"Strength Potion"}],"is_trial":false,"path_per_floor":["M","M","?","M","M","R","E","?","T","?","R","M","R","M","R","B",null,"M","$","?","M","?","?","T","R","T","R","?","E","?","M","R","B",null,"M","?","M","M","M","R","M","?","T","E","M","R","M","$","R","B",null],"character_chosen":"THE_SILENT","items_purchased":["Bag of Preparation","Chemical X","After Image","Acrobatics","Bronze Scales","Crippling Poison","Dream Catcher"],"campfire_rested":2,"item_purchase_floors":[19,19,19,19,19,48,48],"current_hp_per_floor":[59,59,59,52,33,33,26,26,26,10,29,22,22,18,37,29,57,51,51,51,47,47,39,39,39,39,39,39,44,44,49,49,26,56,61,61,66,66,66,66,44,49,49,49,54,54,59,59,66,71],"gold":89,"neow_bonus":"BOSS_RELIC","is_daily":false,"chose_seed":false,"campfire_upgraded":1,"win_rate":0.0,"timestamp":1610289095,"path_taken":["M","M","?","M","?","R","E","?","T","?","R","M","R","M","R","BOSS","M","$","?","?","?","?","?","R","T","R","?","E","?","M","R","BOSS","M","?","M","M","M","R","?","?","T","E","M","R","M","$","R","BOSS"],"items_purchased_type":["Relic","Relic","Card","Card","Relic","Card","Relic"],"build_version":"2020-12-18","purchased_purges":2,"victory":true,"max_hp_per_floor":[66,66,66,66,66,66,66,66,66,66,66,66,66,66,66,66,66,66,66,66,66,66,66,66,66,66,66,66,66,66,66,66,66,66,66,66,66,66,66,66,66,66,66,66,66,66,66,66,73,73],"relic_stats":{"counters":[23,99],"Pen Nib":[7],"Bag of Preparation":[28],"Juzu Bracelet":0,"Smiling Mask":50,"Sozu":1,"Nunchaku":[7],"Dream Catcher":0,"Shovel":7,"Shuriken":[9],"Bloody Idol":54,"Bronze Scales":[193],"Gambling Chip":[32],"Pantograph":7,"Snecko Eye":[171,182,178,185],"Prayer Wheel":8,"Chemical X":[37],"obtain_stats":[{"Lantern":26,"Bag of Preparation":19,"Juzu Bracelet":46,"Smiling Mask":43,"Old Coin":13,"Sozu":34,"Nunchaku":30,"Dream Catcher":48,"HornCleat":7,"Shovel":9,"Matryoshka":40,"Gambling Chip":32,"Pantograph":43,"Strawberry":49,"Prayer Wheel":25,"Red Mask":23,"Chemical X":19,"Ring of the Snake":0,"Golden Idol":10,"Velvet Choker":17,"Pen Nib":27,"White Beast Statue":44,"Shuriken":24,"Bronze Scales":19,"Bloody Idol":28,"Snecko Eye":0,"Pocketwatch":29},{"Lantern":11,"Bag of Preparation":9,"Juzu Bracelet":21,"Smiling Mask":19,"Old Coin":6,"Sozu":14,"Nunchaku":12,"Dream Catcher":22,"HornCleat":5,"Shovel":5,"Matryoshka":18,"Gambling Chip":13,"Pantograph":19,"Strawberry":22,"Prayer Wheel":11,"Red Mask":11,"Chemical X":9,"Ring of the Snake":0,"Golden Idol":5,"Velvet Choker":8,"Pen Nib":11,"White Beast Statue":20,"Shuriken":11,"Bronze Scales":9,"Bloody Idol":11,"Snecko Eye":0,"Pocketwatch":12},{"Lantern":39,"Bag of Preparation":33,"Juzu Bracelet":81,"Smiling Mask":72,"Old Coin":21,"Sozu":53,"Nunchaku":42,"Dream Catcher":86,"HornCleat":17,"Shovel":17,"Matryoshka":67,"Gambling Chip":45,"Pantograph":72,"Strawberry":86,"Prayer Wheel":39,"Red Mask":39,"Chemical X":33,"Ring of the Snake":0,"Golden Idol":17,"Velvet Choker":30,"Pen Nib":39,"White Beast Statue":79,"Shuriken":39,"Bronze Scales":33,"Bloody Idol":39,"Snecko Eye":0,"Pocketwatch":42}],"Pocketwatch":[28]},"card_choices":[{"not_picked":["Backflip","Quick Slash"],"picked":"Eviscerate","floor":1.0},{"not_picked":["Dagger Throw","Slice"],"picked":"Riddle With Holes","floor":2.0},{"not_picked":["Skewer","Outmaneuver"],"picked":"Choke","floor":4.0},{"not_picked":["Calculated Gamble","Blade Dance","Flying Knee"],"picked":"SKIP","floor":5.0},{"not_picked":["Dagger Throw","Quick Slash"],"picked":"Skewer","floor":7.0},{"not_picked":["Acrobatics","Endless Agony"],"picked":"After Image","floor":12.0},{"not_picked":["Deflect","Dodge and Roll","Flechettes"],"picked":"SKIP","floor":14.0},{"not_picked":["Burst","Adrenaline"],"picked":"Malaise","floor":16.0},{"not_picked":["Prepared","Endless Agony"],"picked":"Bouncing Flask","floor":18.0},{"not_picked":["Deadly Poison","Dagger Spray","Skewer"],"picked":"SKIP","floor":21.0},{"not_picked":["Poisoned Stab","Blade Dance"],"picked":"PiercingWail","floor":23},{"not_picked":["Sucker Punch","Footwork"],"picked":"Well Laid Plans","floor":29},{"not_picked":["Acrobatics","Cloak And Dagger"],"picked":"Well Laid Plans","floor":31},{"not_picked":["All Out Attack+1","Burst","Deflect"],"picked":"SKIP","floor":31},{"not_picked":["Unload","Envenom"],"picked":"After Image","floor":33},{"not_picked":["Underhanded Strike","Heel Hook","Choke"],"picked":"SKIP","floor":35},{"not_picked":["Deflect","Sucker Punch","Terror"],"picked":"SKIP","floor":35},{"not_picked":["Underhanded Strike","Heel Hook","Choke"],"picked":"SKIP","floor":35},{"not_picked":["Deflect","Sucker Punch","Terror"],"picked":"SKIP","floor":35},{"not_picked":["Bane","Underhanded Strike","Die Die Die"],"picked":"SKIP","floor":37},{"not_picked":["Distraction","Slice","Eviscerate"],"picked":"SKIP","floor":37},{"not_picked":["Prepared+1","Outmaneuver+1"],"picked":"Leg Sweep","floor":38},{"not_picked":["Prepared+1","Underhanded Strike"],"picked":"PiercingWail","floor":38},{"not_picked":["Quick Slash+1","Choke","Predator"],"picked":"SKIP","floor":39},{"not_picked":["Bane","Sucker Punch+1","Deadly Poison"],"picked":"SKIP","floor":39},{"not_picked":["Deflect","Accuracy"],"picked":"Footwork","floor":41},{"not_picked":["Bullet Time","Sucker Punch+1","Masterful Stab"],"picked":"SKIP","floor":41},{"not_picked":["Distraction+1","Reflex"],"picked":"Backflip","floor":44},{"not_picked":["Bane","PiercingWail"],"picked":"Catalyst","floor":45},{"not_picked":["PiercingWail","Flechettes"],"picked":"Leg Sweep","floor":45},{"not_picked":["Bane","Cloak And Dagger"],"picked":"Backflip","floor":47},{"not_picked":["Backstab","Dodge and Roll+1","Underhanded Strike+1"],"picked":"SKIP","floor":47}],"player_experience":450174,"relics_obtained":[{"floor":7.0,"key":"HornCleat"},{"floor":9.0,"key":"Shovel"},{"floor":13.0,"key":"Old Coin"},{"floor":23,"key":"Red Mask"},{"floor":24,"key":"Shuriken"},{"floor":25,"key":"Prayer Wheel"},{"floor":26,"key":"Lantern"},{"floor":27,"key":"Pen Nib"},{"floor":29,"key":"Pocketwatch"},{"floor":32,"key":"Gambling Chip"},{"floor":40,"key":"Matryoshka"},{"floor":43,"key":"Pantograph"},{"floor":43,"key":"Smiling Mask"},{"floor":44,"key":"White Beast Statue"},{"floor":46,"key":"Juzu Bracelet"},{"floor":49,"key":"Strawberry"}],"event_choices":[{"damage_healed":0.0,"max_hp_gain":0.0,"max_hp_loss":0.0,"gold_gain":0.0,"event_name":"Match and Keep!","player_choice":"1 cards matched","floor":3.0,"gold_loss":0.0,"damage_taken":0.0,"cards_obtained":["Deadly Poison"]},{"damage_healed":0.0,"max_hp_gain":0.0,"max_hp_loss":0.0,"gold_gain":0.0,"event_name":"Living Wall","player_choice":"Grow","floor":8.0,"gold_loss":0.0,"damage_taken":0.0,"cards_upgraded":["Skewer"]},{"damage_healed":0.0,"max_hp_gain":0.0,"max_hp_loss":0.0,"gold_gain":0.0,"event_name":"Golden Idol","player_choice":"Take Damage","floor":10.0,"gold_loss":0.0,"damage_taken":16.0,"relics_obtained":["Golden Idol"]},{"damage_healed":0.0,"max_hp_gain":0.0,"max_hp_loss":0.0,"gold_gain":0.0,"cards_transformed":["Strike_G"],"event_name":"Transmorgrifier","player_choice":"Transformed","floor":20.0,"gold_loss":0.0,"damage_taken":0.0,"cards_obtained":["Terror"]},{"damage_healed":0.0,"max_hp_gain":0.0,"max_hp_loss":0.0,"gold_gain":0.0,"event_name":"Vampires","player_choice":"Ignored","floor":22.0,"gold_loss":0.0,"damage_taken":0.0},{"damage_healed":0,"gold_gain":0,"player_choice":"Fought Bandits","damage_taken":0,"max_hp_gain":0,"max_hp_loss":0,"event_name":"Masked Bandits","floor":23,"gold_loss":0},{"damage_healed":0,"gold_gain":0,"player_choice":"Gave Idol","damage_taken":0,"relics_obtained":["Bloody Idol"],"max_hp_gain":0,"max_hp_loss":0,"event_name":"Forgotten Altar","floor":28,"relics_lost":["Golden Idol"],"gold_loss":0},{"damage_healed":0,"gold_gain":0,"player_choice":"Obtained Relic","damage_taken":0,"relics_obtained":["Nunchaku"],"max_hp_gain":0,"max_hp_loss":0,"event_name":"Addict","floor":30,"gold_loss":85},{"damage_healed":0,"gold_gain":0,"player_choice":"Copied","damage_taken":0,"max_hp_gain":0,"max_hp_loss":0,"event_name":"Duplicator","floor":36,"gold_loss":0,"cards_obtained":["Malaise"]},{"damage_healed":0,"gold_gain":100,"player_choice":"Pray","damage_taken":0,"max_hp_gain":0,"max_hp_loss":0,"event_name":"Golden Shrine","floor":42,"gold_loss":0}],"is_beta":true,"boss_relics":[{"not_picked":["Calling Bell","Astrolabe"],"picked":"Velvet Choker"},{"not_picked":["Pandora\u0027s Box","Tiny House"],"picked":"Sozu"}],"items_purged_floors":[19,48],"is_endless":false,"potions_floor_spawned":[1,2,5,7,29,31,38,44,45,47],"ascension_level":14}}