{"host":"1c17lcvl7acx821p","time":1610240141,"event":{"mods":["AchievementEnabler","BaseMod","Colored Map","Minty Spire (QoL Compilation)","StSLib"],"gold_per_floor":[210,224,72,83,102,131,131,145,145,178,198,198,226,248,260,368,380,411,423,452,464,476,516,543,587,626,669,306,316,329,349,349,444,444,463,315,327,344,219,254,254,254,254,264,264,297,297,0,0,0],"floor_reached":51,"playtime":2105,"items_purged":["Strike_R","Strike_R","Bash","Defend_R"],"score":1030,"play_id":"8591a454-7757-4187-ac56-272cb2a6db96","local_time":"20210110025541","is_ascension_mode":true,"campfire_choices":[{"data":"Pommel Strike","floor":7.0,"key":"SMITH"},{"data":"Spot Weakness","floor":15.0,"key":"SMITH"},{"data":"Heavy Blade","floor":32,"key":"SMITH"},{"data":"Strike_R","floor":41,"key":"PURGE"},{"data":"Cleave","floor":47,"key":"PURGE"},{"data":"Spot Weakness","floor":49,"key":"PURGE"}],"circlet_count":0,"master_deck":["Defend_R","Defend_R","Defend_R","Spot Weakness+1","Headbutt","Disarm","Reaper","Offering","Necronomicurse","Exhume","Dropkick","Heavy Blade+1","Exhume","Thunderclap"],"relics":["Burning Blood","PreservedInsect","MealTicket","Eternal Feather","Ornamental Fan","Vajra","MawBank","Empty Cage","Necronomicon","Paper Frog","Bottled Flame","Shuriken","Omamori","Strawberry","Ancient Tea Set","Runic Pyramid","Peace Pipe","Boot","Question Card","Letter Opener","Strange Spoon"],"acts_visited":["Exordium","TheCity","TheBeyond"],"potions_floor_usage":[16,16,50,50],"damage_taken":[{"damage":1.0,"enemies":"Cultist","floor":1.0,"turns":3.0},{"damage":6.0,"enemies":"Jaw Worm","floor":2.0,"turns":4.0},{"damage":5.0,"enemies":"2 Louse","floor":4.0,"turns":3.0},{"damage":8.0,"enemies":"Large Slime","floor":5.0,"turns":6.0},{"damage":20.0,"enemies":"Gremlin Nob","floor":6.0,"turns":4.0},{"damage":6.0,"enemies":"Lots of Slimes","floor":8.0,"turns":2.0},{"damage":25.0,"enemies":"Lagavulin","floor":10.0,"turns":7.0},{"damage":9.0,"enemies":"Red Slaver","floor":11.0,"turns":4.0},{"damage":10.0,"enemies":"3 Sentries","floor":13.0,"turns":5.0},{"damage":18.0,"enemies":"Large Slime","floor":14.0,"turns":5.0},{"damage":49,"enemies":"The Guardian","floor":16,"turns":11},{"damage":28,"enemies":"2 Thieves","floor":18,"turns":2},{"damage":30,"enemies":"Shell Parasite","floor":20,"turns":4},{"damage":34,"enemies":"Book of Stabbing","floor":23,"turns":4},{"damage":24,"enemies":"Centurion and Healer","floor":24,"turns":3},{"damage":39,"enemies":"Slavers","floor":25,"turns":3},{"damage":16,"enemies":"Gremlin Leader","floor":27,"turns":4},{"damage":38,"enemies":"Sentry and Sphere","floor":29,"turns":4},{"damage":14,"enemies":"Snecko","floor":30,"turns":3},{"damage":20,"enemies":"3 Cultists","floor":31,"turns":4},{"damage":37,"enemies":"Collector","floor":33,"turns":5},{"damage":17,"enemies":"3 Darklings","floor":35,"turns":3},{"damage":41,"enemies":"3 Shapes","floor":37,"turns":6},{"damage":75,"enemies":"3 Darklings","floor":38,"turns":4},{"damage":25,"enemies":"Giant Head","floor":40,"turns":3},{"damage":42,"enemies":"Spire Growth","floor":44,"turns":3},{"damage":29,"enemies":"Nemesis","floor":46,"turns":3},{"damage":81,"enemies":"Awakened One","floor":50,"turns":5}],"seed_played":"7044258339844047379","potions_obtained":[{"floor":2.0,"key":"ColorlessPotion"},{"floor":6.0,"key":"Regen Potion"},{"floor":8.0,"key":"LiquidBronze"},{"floor":10.0,"key":"BloodPotion"},{"floor":14.0,"key":"SpeedPotion"},{"floor":18,"key":"Regen Potion"},{"floor":23,"key":"Explosive Potion"},{"floor":33,"key":"PowerPotion"},{"floor":35,"key":"EssenceOfSteel"}],"is_trial":false,"path_per_floor":["M","M","$","M","M","E","R","M","T","E","M","?","E","M","R","B",null,"M","?","M","T","$","E","M","E","T","E","$","M","M","M","R","B",null,"M","$","M","M","$","E","R","?","T","M","?","E","R","$","R","B",null],"character_chosen":"IRONCLAD","items_purchased":["PreservedInsect","Ancient Tea Set","Exhume","Thunderclap","Strange Spoon"],"campfire_rested":0,"item_purchase_floors":[3,28,28,36,48],"current_hp_per_floor":[80,80,80,80,78,64,64,64,64,45,42,39,49,47,56,54,74,52,36,28,28,43,45,47,44,44,71,86,70,72,87,87,56,79,87,87,87,87,87,68,77,77,77,46,46,39,48,63,72,54],"gold":0,"neow_bonus":"HUNDRED_GOLD","is_daily":false,"chose_seed":false,"campfire_upgraded":3,"win_rate":0.0,"timestamp":1610240141,"path_taken":["M","M","$","M","M","E","R","?","T","E","M","?","E","M","R","BOSS","M","?","M","?","$","E","M","E","T","E","$","M","M","?","R","BOSS","M","$","M","M","$","E","R","?","T","M","?","E","R","$","R","BOSS"],"items_purchased_type":["Relic","Relic","Card","Card","Relic"],"build_version":"2020-12-22","purchased_purges":4,"victory":true,"max_hp_per_floor":[80,80,80,80,80,80,80,80,80,80,80,80,80,80,80,80,80,80,80,80,80,80,80,80,80,80,87,87,87,87,87,87,87,87,87,87,87,87,87,87,87,87,87,87,87,87,87,87,87,87],"card_choices":[{"not_picked":["Iron Wave","Warcry"],"picked":"Spot Weakness","floor":1.0},{"not_picked":["Havoc","Twin Strike"],"picked":"Pommel Strike","floor":2.0},{"not_picked":["Dark Embrace","Perfected Strike","Flex"],"picked":"SKIP","floor":4.0},{"not_picked":["Bloodletting","Clash"],"picked":"Cleave","floor":5.0},{"not_picked":["Clothesline","Barricade"],"picked":"Headbutt","floor":6.0},{"not_picked":["Iron Wave","Clash","Burning Pact"],"picked":"SKIP","floor":8.0},{"not_picked":["Pommel Strike","Second Wind","Twin Strike"],"picked":"SKIP","floor":10.0},{"not_picked":["Wild Strike","Heavy Blade"],"picked":"Disarm","floor":11.0},{"not_picked":["Uppercut","True Grit"],"picked":"Reaper","floor":13.0},{"not_picked":["Cleave","Sword Boomerang","Rupture"],"picked":"SKIP","floor":14.0},{"not_picked":["Berserk","Fiend Fire"],"picked":"Offering","floor":16},{"not_picked":["Sword Boomerang","Body Slam","Headbutt+1"],"picked":"SKIP","floor":18},{"not_picked":["Sentinel","Clothesline+1","True Grit"],"picked":"SKIP","floor":20},{"not_picked":["Wild Strike","Pummel","Reckless Charge"],"picked":"SKIP","floor":23},{"not_picked":["Armaments+1","Warcry"],"picked":"Spot Weakness","floor":24},{"not_picked":["Cleave+1","Twin Strike","True Grit"],"picked":"SKIP","floor":25},{"not_picked":["Infernal Blade+1","Pommel Strike","Bludgeon"],"picked":"SKIP","floor":27},{"not_picked":["Flame Barrier","Clash"],"picked":"Dropkick","floor":29},{"not_picked":["Wild Strike","Pummel"],"picked":"Heavy Blade","floor":30},{"not_picked":["Iron Wave+1","Twin Strike","Juggernaut"],"picked":"SKIP","floor":31},{"not_picked":["Feed","Limit Break"],"picked":"Exhume","floor":33},{"not_picked":["Ghostly Armor","Heavy Blade","Flex"],"picked":"SKIP","floor":35},{"not_picked":["Flex","Thunderclap+1","Wild Strike"],"picked":"SKIP","floor":37},{"not_picked":["Rampage+1","Rage+1","Shrug It Off+1"],"picked":"SKIP","floor":38},{"not_picked":["Havoc","Infernal Blade","Wild Strike"],"picked":"SKIP","floor":40},{"not_picked":["Clothesline+1","Warcry+1","Whirlwind"],"picked":"SKIP","floor":44},{"not_picked":["Barricade","Bloodletting","Iron Wave+1","Second Wind+1"],"picked":"SKIP","floor":46}],"player_experience":14603,"relics_obtained":[{"floor":6.0,"key":"MealTicket"},{"floor":9.0,"key":"Eternal Feather"},{"floor":10.0,"key":"Ornamental Fan"},{"floor":13.0,"key":"MawBank"},{"floor":19,"key":"Necronomicon"},{"floor":21,"key":"Paper Frog"},{"floor":23,"key":"Bottled Flame"},{"floor":25,"key":"Shuriken"},{"floor":26,"key":"Omamori"},{"floor":27,"key":"Strawberry"},{"floor":40,"key":"Peace Pipe"},{"floor":43,"key":"Boot"},{"floor":46,"key":"Letter Opener"}],"event_choices":[{"damage_healed":0.0,"max_hp_gain":0.0,"max_hp_loss":0.0,"gold_gain":0.0,"event_name":"Scrap Ooze","player_choice":"Success","floor":12.0,"gold_loss":0.0,"damage_taken":3.0,"relics_obtained":["Vajra"]},{"damage_healed":0,"gold_gain":0,"player_choice":"Obtained Book","damage_taken":16,"max_hp_gain":0,"max_hp_loss":0,"event_name":"Cursed Tome","floor":19,"gold_loss":0},{"damage_healed":0,"gold_gain":0,"player_choice":"Ignored","damage_taken":0,"max_hp_gain":0,"max_hp_loss":0,"event_name":"Tomb of Lord Red Mask","floor":42,"gold_loss":0},{"cards_removed":["Pommel Strike"],"damage_healed":0,"gold_gain":0,"player_choice":"Gave Card","damage_taken":0,"relics_obtained":["Question Card"],"max_hp_gain":0,"max_hp_loss":0,"event_name":"WeMeetAgain","floor":45,"gold_loss":0}],"is_beta":false,"boss_relics":[{"not_picked":["Mark of Pain","Philosopher\u0027s Stone"],"picked":"Empty Cage"},{"not_picked":["Sozu","Snecko Eye"],"picked":"Runic Pyramid"}],"items_purged_floors":[28,36,39,48],"is_endless":false,"potions_floor_spawned":[2,6,8,10,14,18,23,29,33,35,38],"ascension_level":5}}