{"host":"i0avyit1s6jb1siw","time":1610318818,"event":{"mods":["BaseMod","DeckTracker","Dota2Spire","Highlight Path","Minty Spire (QoL Compilation)","Quick Restart","StSLib","SuperFastMode"],"gold_per_floor":[112,37,187,29,47,82,82,110,110,110,110,121,121,121,121,195,195,215,140,150,65,65,65,82,82,106,118,118,18,52,52,52,127,127,145,20,20,34,46,46,95,128,128,163,180,205,205,222,222,222,222,222,222,60,95,95],"floor_reached":57,"playtime":1903,"items_purged":["Doubt","Defend_G","Bane+1"],"score":3028,"play_id":"2c6076ba-bb59-45e7-ad1b-5605ab4f6a6f","local_time":"20210110234658","is_ascension_mode":true,"campfire_choices":[{"data":"Bane","floor":7,"key":"SMITH"},{"data":"Cloak And Dagger","floor":10,"key":"SMITH"},{"data":"Deadly Poison","floor":13,"key":"SMITH"},{"data":"Neutralize","floor":15,"key":"SMITH"},{"data":"Cloak And Dagger","floor":23,"key":"SMITH"},{"data":"Well Laid Plans","floor":28,"key":"SMITH"},{"data":"After Image","floor":32,"key":"SMITH"},{"floor":40,"key":"RECALL"},{"data":"Cloak And Dagger","floor":47,"key":"SMITH"},{"data":"Venomology","floor":49,"key":"SMITH"},{"data":"PiercingWail","floor":53,"key":"SMITH"}],"circlet_count":0,"master_deck":["AscendersBane","Defend_G","Survivor","Neutralize+1","Deadly Poison+1","Dagger Throw","Cloak And Dagger+1","PiercingWail","Backstab","After Image+1","Skewer+1","Deflect+1","Cloak And Dagger+1","Well Laid Plans+1","PiercingWail+1","Venomology+1","Cloak And Dagger+1","Infinite Blades","Escape Plan"],"relics":["Ring of the Snake","NeowsBlessing","Dead Branch","Centennial Puzzle","Dota2Spire:ShivaGuard","Astrolabe","Shuriken","Strawberry","Blood Vial","WristBlade","Thread and Needle","Question Card","Tough Bandages","Ancient Tea Set","Eternal Feather","Membership Card","Dota2Spire:MaskOfMadness"],"acts_visited":["TheCity","TheBeyond","TheEnding"],"potions_floor_usage":[33,39,41,50,51,56,56],"damage_taken":[{"damage":0,"enemies":"2 Louse","floor":1,"turns":1},{"damage":0,"enemies":"Cultist","floor":5,"turns":1},{"damage":0,"enemies":"Lagavulin","floor":6,"turns":1},{"damage":32,"enemies":"3 Sentries","floor":8,"turns":7},{"damage":0,"enemies":"Small Slimes","floor":12,"turns":3},{"damage":4,"enemies":"Hexaghost","floor":16,"turns":8},{"damage":0,"enemies":"Spheric Guardian","floor":18,"turns":6},{"damage":0,"enemies":"3 Byrds","floor":20,"turns":10},{"damage":7,"enemies":"Snecko","floor":24,"turns":7},{"damage":0,"enemies":"Centurion and Healer","floor":27,"turns":5},{"damage":0,"enemies":"Gremlin Leader","floor":30,"turns":4},{"damage":0,"enemies":"Champ","floor":33,"turns":7},{"damage":0,"enemies":"3 Darklings","floor":35,"turns":5},{"damage":0,"enemies":"Orb Walker","floor":38,"turns":3},{"damage":1,"enemies":"Jaw Worm Horde","floor":39,"turns":5},{"damage":0,"enemies":"2 Orb Walkers","floor":41,"turns":4},{"damage":0,"enemies":"Giant Head","floor":42,"turns":5},{"damage":0,"enemies":"Reptomancer","floor":44,"turns":5},{"damage":0,"enemies":"Spire Growth","floor":45,"turns":4},{"damage":0,"enemies":"Nemesis","floor":46,"turns":7},{"damage":0,"enemies":"4 Shapes","floor":48,"turns":3},{"damage":45,"enemies":"Time Eater","floor":50,"turns":11},{"damage":6,"enemies":"Donu and Deca","floor":51,"turns":9},{"damage":4,"enemies":"Shield and Spear","floor":55,"turns":6},{"damage":2,"enemies":"The Heart","floor":56,"turns":9}],"seed_played":"-3248183413446977677","potions_obtained":[{"floor":6,"key":"SteroidPotion"},{"floor":12,"key":"Energy Potion"},{"floor":38,"key":"GhostInAJar"},{"floor":46,"key":"DuplicationPotion"}],"is_trial":false,"path_per_floor":["M","?","?","$","M","E","R","E","T","R","?","M","R","?","R","B",null,"M","?","M","?","?","R","M","T","T","M","R","$","E","$","R","B",null,"M","$","?","M","M","R","?","E","T","E","M","E","R","M","R","B","B",null,"R","$","E","B",null],"character_chosen":"THE_SILENT","items_purchased":["Dagger Throw","Bane","Membership Card"],"campfire_rested":0,"item_purchase_floors":[4,4,54],"current_hp_per_floor":[59,59,59,59,59,59,59,27,27,27,27,27,27,20,20,16,54,54,54,54,54,54,54,47,54,54,54,54,54,54,54,54,56,69,71,71,71,73,72,72,73,73,73,73,73,73,73,73,73,28,24,61,70,70,68,68],"gold":95,"neow_bonus":"THREE_ENEMY_KILL","is_daily":false,"chose_seed":false,"campfire_upgraded":10,"win_rate":0.0,"timestamp":1610318818,"path_taken":["M","?","?","$","M","E","R","E","T","R","?","?","R","?","R","BOSS","M","?","M","?","?","R","M","?","T","M","R","$","E","$","R","BOSS","M","$","?","M","M","R","?","E","T","E","M","E","R","M","R","BOSS","BOSS","R","$","E","BOSS"],"items_purchased_type":["Card","Card","Relic"],"build_version":"2020-12-22","purchased_purges":3,"victory":true,"max_hp_per_floor":[66,66,66,66,66,66,66,66,66,66,66,66,66,66,66,66,66,66,66,66,66,66,66,66,73,73,73,73,73,73,73,73,73,73,73,73,73,73,73,73,73,73,73,73,73,73,73,73,73,73,73,73,73,73,73,73],"card_choices":[{"not_picked":["PiercingWail","Sucker Punch"],"picked":"Deadly Poison","floor":1},{"not_picked":["PiercingWail","Slice"],"picked":"Cloak And Dagger","floor":5},{"not_picked":["Sucker Punch","Slice"],"picked":"PiercingWail","floor":6},{"not_picked":["Masterful Stab","Underhanded Strike","Deadly Poison"],"picked":"SKIP","floor":8},{"not_picked":["Choke","PiercingWail"],"picked":"Backstab","floor":12},{"not_picked":["Glass Knife","Bullet Time"],"picked":"After Image","floor":16},{"not_picked":["Sucker Punch","Bane"],"picked":"Cloak And Dagger","floor":18},{"not_picked":["Concentrate+1","Underhanded Strike","Choke"],"picked":"SKIP","floor":20},{"not_picked":["Quick Slash","Flying Knee"],"picked":"Well Laid Plans","floor":24},{"not_picked":["Well Laid Plans","Crippling Poison","Dagger Throw"],"picked":"SKIP","floor":27},{"not_picked":["Sucker Punch","Deadly Poison"],"picked":"PiercingWail","floor":30},{"not_picked":["Grand Finale","Envenom"],"picked":"Venomology","floor":33},{"not_picked":["Dash","Choke+1","Deadly Poison"],"picked":"SKIP","floor":35},{"not_picked":["Masterful Stab","Acrobatics","Eviscerate"],"picked":"SKIP","floor":38},{"not_picked":["Deadly Poison","Underhanded Strike+1"],"picked":"Cloak And Dagger","floor":39},{"not_picked":["Bouncing Flask+1","Acrobatics"],"picked":"Infinite Blades","floor":41},{"not_picked":["Bane","Dodge and Roll+1","Prepared"],"picked":"SKIP","floor":42},{"not_picked":["Corpse Explosion","Eviscerate+1","Backflip","PiercingWail"],"picked":"SKIP","floor":44},{"not_picked":["Blade Dance+1","Dagger Throw","Bane"],"picked":"Escape Plan","floor":45},{"not_picked":["Dodge and Roll+1","Riddle With Holes","Noxious Fumes","Tactician"],"picked":"SKIP","floor":46},{"not_picked":["Dodge and Roll+1","Riddle With Holes","Noxious Fumes","Tactician"],"picked":"SKIP","floor":46},{"not_picked":["Deflect","Noxious Fumes","Flying Knee+1","Acrobatics+1"],"picked":"SKIP","floor":48},{"not_picked":["Dodge and Roll","Heel Hook","Bane","Backstab+1"],"picked":"SKIP","floor":55}],"player_experience":2193742,"relics_obtained":[{"floor":6,"key":"Dead Branch"},{"floor":8,"key":"Centennial Puzzle"},{"floor":9,"key":"Dota2Spire:ShivaGuard"},{"floor":25,"key":"Strawberry"},{"floor":30,"key":"Blood Vial"},{"floor":41,"key":"Thread and Needle"},{"floor":42,"key":"Question Card"},{"floor":43,"key":"Tough Bandages"},{"floor":44,"key":"Ancient Tea Set"},{"floor":46,"key":"Eternal Feather"},{"floor":55,"key":"Dota2Spire:MaskOfMadness"}],"event_choices":[{"cards_removed":["Strike_G"],"damage_healed":0,"gold_gain":0,"player_choice":"Card Removal","damage_taken":0,"max_hp_gain":0,"max_hp_loss":0,"event_name":"The Cleric","floor":2,"gold_loss":75},{"damage_healed":0,"gold_gain":150,"player_choice":"AGREE","damage_taken":0,"max_hp_gain":0,"max_hp_loss":0,"event_name":"Liars Game","floor":3,"gold_loss":0,"cards_obtained":["Doubt"]},{"cards_removed":["Strike_G"],"damage_healed":0,"gold_gain":0,"player_choice":"Offered Basic","damage_taken":0,"max_hp_gain":0,"max_hp_loss":0,"event_name":"Bonfire Elementals","floor":11,"gold_loss":0},{"cards_removed":["Strike_G"],"damage_healed":0,"gold_gain":0,"player_choice":"Card Removal","damage_taken":7,"max_hp_gain":0,"max_hp_loss":0,"event_name":"Golden Wing","floor":14,"gold_loss":0},{"cards_removed":["Defend_G"],"damage_healed":0,"gold_gain":0,"player_choice":"Gave Gold","damage_taken":0,"max_hp_gain":0,"max_hp_loss":0,"event_name":"Beggar","floor":19,"gold_loss":75},{"damage_healed":0,"gold_gain":0,"player_choice":"Obtained Relic","damage_taken":0,"relics_obtained":["Shuriken"],"max_hp_gain":0,"max_hp_loss":0,"event_name":"Addict","floor":21,"gold_loss":85},{"cards_removed":["Defend_G"],"damage_healed":0,"gold_gain":0,"player_choice":"Elegance","damage_taken":0,"max_hp_gain":0,"max_hp_loss":0,"event_name":"Back to Basics","floor":22,"gold_loss":0},{"cards_removed":["Sucker Punch"],"damage_healed":0,"gold_gain":0,"player_choice":"Removed Attack","damage_taken":0,"max_hp_gain":0,"max_hp_loss":0,"event_name":"Falling","floor":37,"gold_loss":0},{"damage_healed":0,"gold_gain":0,"player_choice":"Fight","damage_taken":0,"max_hp_gain":0,"max_hp_loss":0,"event_name":"Mysterious Sphere","floor":41,"gold_loss":0}],"is_beta":false,"boss_relics":[{"not_picked":["Ectoplasm","Ring of the Serpent"],"picked":"Astrolabe"},{"not_picked":["Pandora\u0027s Box","Cursed Key"],"picked":"WristBlade"}],"items_purged_floors":[4,29,36],"is_endless":false,"potions_floor_spawned":[6,12,16,18,24,27,30,38,41,44,46,48],"ascension_level":20}}