{"host":"nptej036rrbiurf5","time":1610250683,"event":{"mods":["BaseMod","Colored Map","Colored Powertips","DeckTracker","Minty Spire (QoL Compilation)","StSLib","SuperFastMode"],"gold_per_floor":[110,260,335,174,174,204,204,216,240,240,240,250,5,23,23,94,394,406,406,24,39,39,65,65,82,82,82,82],"floor_reached":27,"playtime":586,"items_purged":["Doubt","Defend_G"],"score":508,"play_id":"407808cf-e2d0-49ec-a45a-5ae156e3efbe","local_time":"20210110125123","is_ascension_mode":true,"campfire_choices":[{"data":"Footwork","floor":7.0,"key":"SMITH"},{"data":"Glass Knife","floor":15.0,"key":"SMITH"},{"floor":24,"key":"REST"}],"circlet_count":0,"master_deck":["AscendersBane","Strike_G","Strike_G","Strike_G","Defend_G","Defend_G","Defend_G","Defend_G","Survivor","Neutralize","Poisoned Stab","Footwork+1","Acrobatics","Prepared","Blur","Cloak And Dagger","Dagger Throw","Glass Knife+1","Phantasmal Killer","CurseOfTheBell","Distraction+1","Blade Dance","Blade Dance","Well Laid Plans","Venomology","Leg Sweep"],"relics":["Ring of the Snake","NeowsBlessing","Orichalcum","Dream Catcher","Gremlin Horn","TheAbacus","Calling Bell","Toy Ornithopter","Pantograph","Old Coin","Shuriken","HornCleat","Matryoshka"],"acts_visited":["Exordium","TheCity"],"potions_floor_usage":[23,23,25],"damage_taken":[{"damage":0.0,"enemies":"Cultist","floor":1.0,"turns":1.0},{"damage":0.0,"enemies":"Lagavulin","floor":6.0,"turns":1.0},{"damage":0.0,"enemies":"2 Louse","floor":8.0,"turns":1.0},{"damage":8.0,"enemies":"Small Slimes","floor":12.0,"turns":4.0},{"damage":4.0,"enemies":"3 Louse","floor":14.0,"turns":4.0},{"damage":20.0,"enemies":"Slime Boss","floor":16.0,"turns":12.0},{"damage":9.0,"enemies":"Chosen","floor":18.0,"turns":8.0},{"damage":16,"enemies":"2 Thieves","floor":21,"turns":4},{"damage":34,"enemies":"Book of Stabbing","floor":23,"turns":6},{"damage":9,"enemies":"Chosen and Byrds","floor":25,"turns":6},{"damage":22,"enemies":"Shelled Parasite and Fungi","floor":27,"turns":2}],"seed_played":"-5078506106827651254","potions_obtained":[{"floor":6.0,"key":"DistilledChaos"},{"floor":12.0,"key":"Swift Potion"},{"floor":14.0,"key":"SkillPotion"},{"floor":21,"key":"Weak Potion"},{"floor":22,"key":"Fire Potion"}],"is_trial":false,"path_per_floor":["M","?","?","$","?","E","R","M","T","?","?","M","$","M","R","B",null,"M","?","$","M","?","E","R","M","T","M"],"character_chosen":"THE_SILENT","items_purchased":["Footwork","TheAbacus","Cloak And Dagger","Dagger Throw","Shuriken"],"campfire_rested":1,"item_purchase_floors":[4,13,13,13,20],"current_hp_per_floor":[59,59,48,48,41,41,41,41,41,46,46,38,38,34,34,14,57,48,48,48,32,32,8,29,25,25,3,3],"gold":82,"neow_bonus":"THREE_ENEMY_KILL","is_daily":false,"chose_seed":false,"campfire_upgraded":2,"win_rate":0.0,"timestamp":1610250683,"path_taken":["M","?","?","$","?","E","R","M","T","?","?","?","$","M","R","BOSS","M","?","$","?","?","E","R","?","T","M"],"items_purchased_type":["Card","Relic","Card","Card","Relic"],"build_version":"2020-12-22","purchased_purges":2,"victory":false,"max_hp_per_floor":[66,66,66,66,66,66,66,66,66,71,71,71,71,71,71,71,71,71,71,71,71,71,71,71,71,71,71,71],"card_choices":[{"not_picked":["Prepared","Setup"],"picked":"Poisoned Stab","floor":1.0},{"not_picked":["Footwork","Dodge and Roll"],"picked":"Acrobatics","floor":6.0},{"not_picked":["Dagger Spray","Expertise"],"picked":"Prepared","floor":8.0},{"not_picked":["Dagger Spray","Prepared"],"picked":"Blur","floor":12.0},{"not_picked":["Deflect","Reflex"],"picked":"Glass Knife","floor":14.0},{"not_picked":["Doppelganger","Adrenaline"],"picked":"Phantasmal Killer","floor":16.0},{"not_picked":["Sucker Punch","Dagger Spray+1"],"picked":"Distraction+1","floor":18.0},{"not_picked":["Noxious Fumes+1","Outmaneuver"],"picked":"Blade Dance","floor":21},{"not_picked":["Backstab","Bane"],"picked":"Well Laid Plans","floor":23},{"not_picked":["Dodge and Roll","Well Laid Plans"],"picked":"Venomology","floor":24},{"not_picked":["Choke","Dodge and Roll"],"picked":"Leg Sweep","floor":25}],"player_experience":885378,"relics_obtained":[{"floor":6.0,"key":"Orichalcum"},{"floor":9.0,"key":"Dream Catcher"},{"floor":17.0,"key":"Toy Ornithopter"},{"floor":17.0,"key":"Pantograph"},{"floor":17.0,"key":"Old Coin"},{"floor":23,"key":"HornCleat"},{"floor":26,"key":"Matryoshka"}],"event_choices":[{"damage_healed":0.0,"max_hp_gain":0.0,"max_hp_loss":0.0,"gold_gain":150.0,"event_name":"Liars Game","player_choice":"AGREE","floor":2.0,"gold_loss":0.0,"damage_taken":0.0,"cards_obtained":["Doubt"]},{"damage_healed":0.0,"max_hp_gain":0.0,"max_hp_loss":0.0,"gold_gain":75.0,"event_name":"World of Goop","player_choice":"Gather Gold","floor":3.0,"gold_loss":0.0,"damage_taken":11.0},{"cards_removed":["Strike_G"],"damage_healed":0.0,"max_hp_gain":0.0,"max_hp_loss":0.0,"gold_gain":0.0,"event_name":"Golden Wing","player_choice":"Card Removal","floor":5.0,"gold_loss":0.0,"damage_taken":7.0},{"damage_healed":0.0,"max_hp_gain":5.0,"max_hp_loss":0.0,"gold_gain":0.0,"event_name":"Big Fish","player_choice":"Donut","floor":10.0,"gold_loss":0.0,"damage_taken":0.0},{"damage_healed":0.0,"max_hp_gain":0.0,"max_hp_loss":0.0,"gold_gain":0.0,"event_name":"WeMeetAgain","player_choice":"Gave Potion","floor":11.0,"gold_loss":0.0,"damage_taken":0.0,"relics_obtained":["Gremlin Horn"]},{"damage_healed":0.0,"max_hp_gain":0.0,"max_hp_loss":0.0,"gold_gain":0.0,"cards_transformed":["Strike_G"],"event_name":"Transmorgrifier","player_choice":"Transformed","floor":19.0,"gold_loss":0.0,"damage_taken":0.0,"cards_obtained":["Blade Dance"]},{"damage_healed":0,"gold_gain":0,"player_choice":"Got Potions","damage_taken":0,"max_hp_gain":0,"max_hp_loss":0,"event_name":"Lab","floor":22,"gold_loss":0}],"is_beta":false,"boss_relics":[{"not_picked":["Fusion Hammer","HoveringKite"],"picked":"Calling Bell"}],"items_purged_floors":[4,20],"is_endless":false,"potions_floor_spawned":[6,12,14,21],"killed_by":"Shelled Parasite and Fungi","ascension_level":20}}