{"host":"wj90f2q0h2omert0","time":1610306513,"event":{"mods":["BaseMod","Beaked The Cultist","Better Third Choice","ChefMod","Clawfect","Colored Map","DeckTracker","Downfall","Hubris","JesterMod","Minty Spire (QoL Compilation)","Relic Stats","Robot Space Explorer","Shade Mod","StSLib","The Blackbeard","The Caster","The Dragon Tamer","The Druid"],"gold_per_floor":[117,192,192,208,208,208,227,227,250,525,525,550,550,567,567,662,662,636,649,649,660,504,504,539,539,588,601,619,315,315,230,230,230,230],"floor_reached":33,"playtime":2774,"items_purged":["Regret"],"score":263,"play_id":"74a1c69f-ad36-4d0a-99e7-1205d5e2ea9c","local_time":"20210110142153","is_ascension_mode":false,"campfire_choices":[{"data":"caster:LightningBolt","floor":6,"key":"SMITH"},{"data":"caster:defend","floor":11,"key":"SMITH"},{"data":"caster:Discharge","floor":13,"key":"SMITH"},{"data":"caster:WallOfAsh","floor":15,"key":"SMITH"},{"floor":23,"key":"REST"},{"floor":30,"key":"REST"},{"data":"caster:Grimoire","floor":32,"key":"SMITH"}],"circlet_count":0,"master_deck":["caster:Meteor","caster:DivertFocus","caster:strike","caster:defend+1","caster:defend","caster:defend","caster:defend","caster:defend","caster:LightningBolt+1","caster:MegaloSpark+1","caster:LAZER","caster:Thundara+1","caster:Discharge+1","caster:WallOfAsh+1","caster:ManaOverflow","caster:DiablosFlame+1","caster:JupitelThunder+1","caster:SunGoddessAmaterasu+1","caster:Surge","caster:Charge","caster:FlashSpeed","caster:Grimoire+1","caster:FlashSpeed","caster:Fireball"],"relics":["caster:MagicBook","NeowsBlessing","Bronze Scales","Ornamental Fan","Astrolabe","Meat on the Bone","MealTicket","Toy Ornithopter","Lizard Tail","Bag of Marbles"],"acts_visited":["Exordium","TheCity"],"potions_floor_usage":[16,16,33],"damage_taken":[{"damage":0,"enemies":"Jaw Worm","floor":1,"turns":1},{"damage":0,"enemies":"2 Louse","floor":4,"turns":1},{"damage":0,"enemies":"Cultist","floor":7,"turns":1},{"damage":12,"enemies":"Lagavulin","floor":12,"turns":7},{"damage":7,"enemies":"Looter","floor":14,"turns":3},{"damage":30,"enemies":"Hexaghost","floor":16,"turns":11},{"damage":8,"enemies":"2 Thieves","floor":18,"turns":5},{"damage":12,"enemies":"Spheric Guardian","floor":19,"turns":6},{"damage":36,"enemies":"Snake Plant","floor":21,"turns":3},{"damage":38,"enemies":"Gremlin Leader","floor":24,"turns":6},{"damage":14,"enemies":"Shelled Parasite and Fungi","floor":27,"turns":5},{"damage":28,"enemies":"Sentry and Sphere","floor":28,"turns":6},{"damage":108,"enemies":"Champ","floor":33,"turns":12}],"seed_played":"4800302838181051426","potions_obtained":[{"floor":7,"key":"PowerPotion"},{"floor":12,"key":"Regen Potion"},{"floor":21,"key":"DistilledChaos"}],"is_trial":false,"path_per_floor":["M","?","?","M","?","R","M","?","T","?","R","E","R","M","R","B",null,"M","M","T","M","$","R","E","?","T","M","M","$","R","?","R","B"],"character_chosen":"THE_CASTER","items_purchased":["caster:Grimoire","Lizard Tail"],"campfire_rested":2,"item_purchase_floors":[22,29],"current_hp_per_floor":[64,53,53,53,53,53,53,53,53,53,53,41,41,34,34,19,64,56,44,44,20,20,39,13,34,34,32,16,31,50,50,50,0,0],"gold":230,"neow_bonus":"THREE_ENEMY_KILL","is_daily":false,"chose_seed":false,"campfire_upgraded":5,"win_rate":0.0,"timestamp":1610306513,"path_taken":["M","?","?","?","?","R","M","?","T","?","R","E","R","?","R","BOSS","M","?","?","M","$","R","E","?","T","?","M","$","R","?","R","BOSS"],"items_purchased_type":["Card","Relic"],"build_version":"2020-12-22","purchased_purges":1,"victory":false,"max_hp_per_floor":[64,64,64,64,64,64,64,64,64,64,64,64,64,64,64,64,64,64,64,64,64,64,64,64,64,64,64,64,64,64,64,64,64,64],"relic_stats":{"Lizard Tail":32,"counters":[13,67],"Ornamental Fan":[12],"Bronze Scales":[175],"Astrolabe":["caster:DiablosFlame","caster:JupitelThunder","caster:SunGoddessAmaterasu"],"MealTicket":15,"obtain_stats":[{"Lizard Tail":29,"NeowsBlessing":0,"Ornamental Fan":12,"Bronze Scales":9,"Astrolabe":17,"MealTicket":24,"Bag of Marbles":31,"caster:MagicBook":0,"Toy Ornithopter":26,"Meat on the Bone":20},{"Lizard Tail":12,"NeowsBlessing":0,"Ornamental Fan":4,"Bronze Scales":3,"Astrolabe":6,"MealTicket":10,"Bag of Marbles":12,"caster:MagicBook":0,"Toy Ornithopter":10,"Meat on the Bone":8},{"Lizard Tail":55,"NeowsBlessing":0,"Ornamental Fan":10,"Bronze Scales":3,"Astrolabe":24,"MealTicket":44,"Bag of Marbles":55,"caster:MagicBook":0,"Toy Ornithopter":44,"Meat on the Bone":35}],"Toy Ornithopter":5,"Meat on the Bone":48},"card_choices":[{"not_picked":["caster:MagicResonance","caster:Eruption"],"picked":"caster:LightningBolt","floor":1},{"not_picked":["caster:FlashSpeed","caster:QuickCast"],"picked":"caster:MegaloSpark","floor":4},{"not_picked":["caster:Enfeeble","caster:GlacialShield"],"picked":"caster:LAZER","floor":7},{"not_picked":["caster:WallOfSwords","caster:DiablosFlame"],"picked":"caster:Discharge","floor":12},{"not_picked":["caster:FireWall","caster:DiablosFlame"],"picked":"caster:WallOfAsh","floor":14},{"not_picked":["caster:SunGoddessAmaterasu","caster:Inferno"],"picked":"caster:ManaOverflow","floor":16},{"not_picked":["caster:Barbroot","caster:DiablosFlame"],"picked":"caster:Surge","floor":18},{"not_picked":["caster:FrigidBeam","caster:GlacialShield"],"picked":"caster:Charge","floor":19},{"not_picked":["caster:MagicWeapon","caster:WallOfRocks"],"picked":"caster:FlashSpeed","floor":21},{"not_picked":["caster:WallOfMirrors","caster:Illusion"],"picked":"caster:FlashSpeed","floor":24},{"not_picked":["caster:ShivasGrace","caster:WallOfSwords"],"picked":"caster:Fireball","floor":27},{"not_picked":["caster:DiablosFlame","caster:LAZER","caster:FrostDriver"],"picked":"SKIP","floor":28}],"player_experience":732074,"relics_obtained":[{"floor":9,"key":"Bronze Scales"},{"floor":12,"key":"Ornamental Fan"},{"floor":20,"key":"Meat on the Bone"},{"floor":24,"key":"MealTicket"},{"floor":26,"key":"Toy Ornithopter"}],"event_choices":[{"damage_healed":0,"gold_gain":75,"player_choice":"Gold","damage_taken":11,"max_hp_gain":0,"max_hp_loss":0,"event_name":"betterThird:BetterGoop","floor":2,"gold_loss":0},{"damage_healed":0,"gold_gain":0,"player_choice":"Ignored","damage_taken":0,"max_hp_gain":0,"max_hp_loss":0,"event_name":"NoteForYourself","floor":3,"gold_loss":0},{"damage_healed":0,"gold_gain":0,"player_choice":"Grow","damage_taken":0,"max_hp_gain":0,"max_hp_loss":0,"event_name":"Living Wall","floor":5,"gold_loss":0,"cards_upgraded":["caster:MegaloSpark"]},{"damage_healed":0,"gold_gain":275,"player_choice":"Desecrate","damage_taken":0,"max_hp_gain":0,"max_hp_loss":0,"event_name":"Golden Shrine","floor":10,"gold_loss":0,"cards_obtained":["Regret"]},{"damage_healed":21,"gold_gain":0,"player_choice":"Heal","damage_taken":0,"max_hp_gain":0,"max_hp_loss":0,"event_name":"The Library","floor":25,"gold_loss":0},{"damage_healed":0,"gold_gain":0,"player_choice":"Obtained Relic","damage_taken":0,"relics_obtained":["Bag of Marbles"],"max_hp_gain":0,"max_hp_loss":0,"event_name":"Addict","floor":31,"gold_loss":85}],"is_beta":false,"boss_relics":[{"not_picked":["hubris:CrackedHourglass","Philosopher\u0027s Stone"],"picked":"Astrolabe"}],"items_purged_floors":[22],"is_endless":false,"potions_floor_spawned":[7,12,21],"killed_by":"Champ","ascension_level":0}}