{"host":"9kesdg97wkrx2bva","time":1610243861,"event":{"mods":["AchievementEnabler","BaseMod","Colored Map","Downfall","GifTheSpireLib","Infinite Spire","Minty Spire (QoL Compilation)","Replay The Spire","StSLib"],"gold_per_floor":[109,34,109,109,109,139,13,24,24,54,54,54,54,71,71,144,144,158,105,120,136,150,150,150],"floor_reached":23,"playtime":550,"items_purged":["Strike_B","Strike_B"],"score":403,"play_id":"f69487bf-d381-48d3-a639-3db1055236db","local_time":"20210109205741","is_ascension_mode":true,"campfire_choices":[{"floor":11,"key":"REST"},{"floor":13,"key":"REST"},{"data":"Strike_B","floor":15,"key":"PURGE"}],"circlet_count":0,"master_deck":["AscendersBane","Zap","Dualcast","Compile Driver","White Noise","Go for the Eyes","Self Repair","infinitespire:Collect","Core Surge","Rebound+1","Streamline","Streamline+1","Gash"],"relics":["Cracked Core","NeowsBlessing","Gremlin Horn","infinitespire:Broken Mirror","Bronze Scales","Replay:Drink Me"],"acts_visited":["Exordium","TheCity"],"potions_floor_usage":[10,18,20],"damage_taken":[{"damage":0,"enemies":"2 Louse","floor":1,"turns":1},{"damage":0,"enemies":"3 Sentries","floor":6,"turns":1},{"damage":0,"enemies":"Small Slimes","floor":8,"turns":1},{"damage":35,"enemies":"Lagavulin","floor":10,"turns":6},{"damage":9,"enemies":"Jaw Worm","floor":14,"turns":2},{"damage":8,"enemies":"Hexaghost","floor":16,"turns":9},{"damage":10,"enemies":"Shell Parasite","floor":18,"turns":2},{"damage":24,"enemies":"2 Thieves","floor":20,"turns":4},{"damage":11,"enemies":"Sentry and Sphere","floor":21,"turns":3},{"damage":10,"enemies":"Centurion and Healer","floor":22,"turns":3},{"damage":20,"enemies":"Book of Stabbing","floor":23,"turns":2}],"seed_played":"-5767260124388201702","potions_obtained":[{"floor":1,"key":"Toxic Potion"},{"floor":10,"key":"Weak Potion"},{"floor":16,"key":"SkillPotion"},{"floor":21,"key":"Death Potion"}],"is_trial":false,"path_per_floor":["M","$","?","?","?","E","$","M","T","E","R","?","R","M","R_BF","B",null,"M","$","M","M","M","E"],"character_chosen":"DEFECT","items_purchased":["Go for the Eyes","Streamline"],"campfire_rested":2,"item_purchase_floors":[7,19],"current_hp_per_floor":[64,64,53,53,53,53,53,53,53,18,39,22,43,41,41,40,51,48,48,34,23,20,0,0],"gold":150,"neow_bonus":"THREE_ENEMY_KILL","is_daily":false,"chose_seed":false,"campfire_upgraded":0,"win_rate":0.0,"timestamp":1610243861,"path_taken":["M","$","?","?","?","E","$","M","T","E","R","?","R","M","R_BF","BOSS","M","$","M","M","M","E"],"items_purchased_type":["Card","Card"],"build_version":"2020-12-22","purchased_purges":2,"victory":false,"max_hp_per_floor":[71,71,71,71,71,71,71,71,71,71,71,71,71,71,71,71,54,54,54,54,54,54,54,54],"card_choices":[{"not_picked":["Steam","Fusion"],"picked":"Compile Driver","floor":1},{"not_picked":["Barrage","Sweeping Beam"],"picked":"White Noise","floor":6},{"not_picked":["Turbo","Crystallizer","Blizzard"],"picked":"SKIP","floor":8},{"not_picked":["Meteor Strike","Blizzard"],"picked":"Self Repair","floor":10},{"not_picked":["infinitespire:Punishment","ReplayTheSpireMod:Black Plague"],"picked":"infinitespire:Collect","floor":12},{"not_picked":["Turbo","Sweeping Beam","Recycle"],"picked":"SKIP","floor":14},{"not_picked":["Buffer","Biased Cognition"],"picked":"Core Surge","floor":16},{"not_picked":["Chill","BasicCrystalCard"],"picked":"Rebound+1","floor":18},{"not_picked":["Hologram","Rebound+1"],"picked":"Streamline+1","floor":20},{"not_picked":["Panic Button","Turbo+1"],"picked":"Gash","floor":21},{"not_picked":["Cold Snap","Streamline","ReplayTheSpireMod:GoodbyeWorld"],"picked":"SKIP","floor":22}],"player_experience":913473,"relics_obtained":[{"floor":6,"key":"Gremlin Horn"},{"floor":9,"key":"infinitespire:Broken Mirror"},{"floor":10,"key":"Bronze Scales"}],"event_choices":[{"damage_healed":0,"gold_gain":75,"player_choice":"Gather Gold","damage_taken":11,"max_hp_gain":0,"max_hp_loss":0,"event_name":"World of Goop","floor":3,"gold_loss":0}],"is_beta":false,"boss_relics":[{"not_picked":["Sozu","Replay:Bronze Core"],"picked":"Replay:Drink Me"}],"items_purged_floors":[2,7],"is_endless":false,"potions_floor_spawned":[1,10,16,21],"killed_by":"Book of Stabbing","ascension_level":16}}