{"host":"gg","time":1610312913,"event":{"mods":["BaseMod","Colored Map","Googly Eyes","Minty Spire (QoL Compilation)","Permanent Neow","Relic Stats","The IronCluck"],"gold_per_floor":[110,124,124,124,40,74,88,104,104,124,24,24,353,428,428,502,502,516,536,536,536,536],"floor_reached":21,"playtime":2433,"items_purged":[],"score":428,"play_id":"e54e12c2-f42f-4ebd-93d1-19c4358148de","local_time":"20210110130833","is_ascension_mode":true,"campfire_choices":[{"floor":12,"key":"REST"},{"data":"Doom and Gloom","floor":15,"key":"SMITH"}],"circlet_count":0,"master_deck":["AscendersBane","Strike_B","Strike_B","Defend_B","Defend_B","Defend_B","Zap","Dualcast","Conserve Battery","Rebound","Melter","Static Discharge+1","Compile Driver","Doom and Gloom+1","Glacier","Enlightenment","Sweeping Beam","Meteor Strike","Genetic Algorithm+1"],"relics":["Cracked Core","Frozen Egg 2","Ice Cream","Old Coin","Inserter"],"acts_visited":["Exordium","TheCity"],"potions_floor_usage":[16,16],"damage_taken":[{"damage":10.0,"enemies":"2 Louse","floor":1.0,"turns":4.0},{"damage":2.0,"enemies":"Small Slimes","floor":2.0,"turns":4.0},{"damage":31.0,"enemies":"3 Sentries","floor":6.0,"turns":9.0},{"damage":0.0,"enemies":"Cultist","floor":7.0,"turns":3.0},{"damage":4.0,"enemies":"Blue Slaver","floor":8.0,"turns":3.0},{"damage":12.0,"enemies":"Lots of Slimes","floor":10.0,"turns":2.0},{"damage":0,"enemies":"Lagavulin","floor":13,"turns":7},{"damage":11,"enemies":"Hexaghost","floor":16,"turns":9},{"damage":17,"enemies":"Shell Parasite","floor":18,"turns":4},{"damage":17,"enemies":"3 Byrds","floor":19,"turns":4},{"damage":23,"enemies":"Cultist and Chosen","floor":21,"turns":3}],"seed_played":"693806629981989794","potions_obtained":[{"floor":2.0,"key":"DuplicationPotion"},{"floor":7.0,"key":"EssenceOfSteel"},{"floor":8.0,"key":"GamblersBrew"},{"floor":10.0,"key":"SteroidPotion"},{"floor":13,"key":"Ancient Potion"},{"floor":19,"key":"FearPotion"}],"is_trial":false,"path_per_floor":["M","M","?","?","$","E","M","M","T","M","$","R","E","?","R","B",null,"M","M","?","M"],"character_chosen":"DEFECT","items_purchased":["Melter","Enlightenment"],"campfire_rested":1,"item_purchase_floors":[5,11],"current_hp_per_floor":[54,52,57,57,57,26,26,22,22,10,10,30,30,19,19,8,54,37,20,20,0,0],"gold":536,"neow_bonus":"REMOVE_TWO","is_daily":false,"chose_seed":false,"campfire_upgraded":1,"win_rate":0.0,"timestamp":1610312913,"path_taken":["M","M","?","?","$","E","M","?","T","M","$","R","E","?","R","BOSS","M","M","?","M"],"items_purchased_type":["Card","Card"],"build_version":"2020-12-18","purchased_purges":0,"victory":false,"max_hp_per_floor":[64,64,69,69,69,69,69,69,69,69,69,69,69,69,69,69,69,69,69,69,69,69],"relic_stats":{"Inserter":[5],"counters":[11,52],"obtain_stats":[{"Ice Cream":9,"Inserter":17,"Frozen Egg 2":6,"Cracked Core":0,"Old Coin":13},{"Ice Cream":5,"Inserter":8,"Frozen Egg 2":3,"Cracked Core":0,"Old Coin":7},{"Ice Cream":23,"Inserter":41,"Frozen Egg 2":17,"Cracked Core":0,"Old Coin":32}]},"card_choices":[{"not_picked":["Hologram","Rebound"],"picked":"Conserve Battery","floor":1.0},{"not_picked":["Consume","Hello World"],"picked":"Rebound","floor":2.0},{"not_picked":["Multi-Cast","Melter"],"picked":"Static Discharge+1","floor":6.0},{"not_picked":["Redo","Stack"],"picked":"Compile Driver","floor":7.0},{"not_picked":["Compile Driver","Cold Snap"],"picked":"Doom and Gloom","floor":8.0},{"not_picked":["Seek","Ball Lightning"],"picked":"Glacier","floor":10.0},{"not_picked":["Ball Lightning","Compile Driver"],"picked":"Sweeping Beam","floor":13},{"not_picked":["All For One","Fission"],"picked":"Meteor Strike","floor":16},{"not_picked":["Hologram","Cold Snap"],"picked":"Genetic Algorithm+1","floor":18},{"not_picked":["Barrage","Static Discharge+1","Streamline"],"picked":"SKIP","floor":19}],"player_experience":1148647,"relics_obtained":[{"floor":6.0,"key":"Frozen Egg 2"},{"floor":9.0,"key":"Ice Cream"},{"floor":13,"key":"Old Coin"}],"event_choices":[{"damage_healed":0.0,"max_hp_gain":5.0,"max_hp_loss":0.0,"gold_gain":0.0,"event_name":"Big Fish","player_choice":"Donut","floor":3.0,"gold_loss":0.0,"damage_taken":0.0},{"cards_removed":["Strike_B"],"damage_healed":0.0,"max_hp_gain":0.0,"max_hp_loss":0.0,"gold_gain":0.0,"event_name":"Bonfire Elementals","player_choice":"Offered Basic","floor":4.0,"gold_loss":0.0,"damage_taken":0.0},{"damage_healed":0,"gold_gain":75,"player_choice":"Gather Gold","damage_taken":11,"max_hp_gain":0,"max_hp_loss":0,"event_name":"World of Goop","floor":14,"gold_loss":0},{"damage_healed":0,"gold_gain":0,"player_choice":"0 cards matched","damage_taken":0,"max_hp_gain":0,"max_hp_loss":0,"event_name":"Match and Keep!","floor":20,"gold_loss":0,"cards_obtained":[]}],"is_beta":true,"boss_relics":[{"not_picked":["Empty Cage","Cursed Key"],"picked":"Inserter"}],"items_purged_floors":[],"is_endless":false,"potions_floor_spawned":[2,7,8,10,13,19],"killed_by":"Cultist and Chosen","ascension_level":20}}