{"host":"l84l8xigz5v5foa2","time":1610256362,"event":{"mods":["2.2 Compatiblity","AchievementEnabler","BaseMod","Better Note","Better Vampires","Card Filter","Colored Map","DeckTracker","Downfall","Gremlin Skip","Highlight Path","Keyboard Shortcuts","Minty Spire (QoL Compilation)","Permanent Neow","Quick Restart","Relic Filter","Relic Stats","StSLib","SuperFastMode","Transform Curses","Unknown Chances"],"gold_per_floor":[99,111,111,122,140,140,217,247,297,297,312,347,347,373,384,459,459,459,475,475,475,575,575,575,575,608,533,566,491,506,539,555,629,629,629,648,648,673,689,689,714,263,279,204,360,360,379,316,334,334,334,364,55,55,55],"floor_reached":56,"playtime":3795,"items_purged":["Parasite","Guardian:Strike_Guardian","Guardian:Strike_Guardian","Guardian:Defend_Guardian"],"score":2742,"play_id":"15d47446-3c16-42de-b3fe-aed7ef33611b","local_time":"20210110142602","is_ascension_mode":true,"campfire_choices":[{"data":"Guardian:TwinSlam","floor":1.0,"key":"SMITH"},{"data":"Guardian:CurlUp","floor":6.0,"key":"SMITH"},{"data":"Guardian:Suspension","floor":10.0,"key":"SMITH"},{"floor":13.0,"key":"REST"},{"data":"Guardian:CompilePackage","floor":18.0,"key":"SMITH"},{"data":"Guardian:Harden","floor":25.0,"key":"SMITH"},{"floor":27.0,"key":"RECALL"},{"data":"Guardian:PiercingHide","floor":29.0,"key":"SMITH"},{"data":"Guardian:RevengeProtocol","floor":35.0,"key":"SMITH"},{"data":"Guardian:PrismaticBeam","floor":40.0,"key":"SMITH"},{"data":"Guardian:TimeCapacitor","floor":44.0,"key":"SMITH"},{"data":"Guardian:Recover","floor":54,"key":"SMITH"}],"circlet_count":0,"master_deck":["AscendersBane","Guardian:Strike_Guardian","Guardian:Strike_Guardian","Guardian:Defend_Guardian+1","Guardian:Defend_Guardian","Guardian:Defend_Guardian","Guardian:CurlUp+1","Guardian:TwinSlam+1","Guardian:Suspension+1","Guardian:PrismaticBeam+1","Guardian:PiercingHide+1","Guardian:CompilePackage+1","Guardian:Clone+1","Guardian:Harden+1","Guardian:Recover+1","Guardian:RevengeProtocol+1","Guardian:TimeCapacitor+1","Guardian:Reroute","Guardian:PrismaticBarrier+1"],"relics":["Guardian:ModeShifter","Gremlin Horn","Singing Bowl","Mercury Hourglass","Letter Opener","sneckomod:SneckoTalon","Incense Burner","HornCleat","Bottled Lightning","Guardian:StasisCodex","downfall:HeartBlessingGreen","Art of War","downfall:HeartBlessingRed","Vajra","Cursed Key","Thread and Needle","Membership Card","Juzu Bracelet","Nunchaku","downfall:HeartBlessingBlue","Toolbox","Ornamental Fan","Guardian:StasisUpgradeRelic","War Paint"],"acts_visited":["Exordium","TheCity","TheBeyond","TheEnding"],"potions_floor_usage":[55],"damage_taken":[{"damage":0.0,"enemies":"2 Louse","floor":2.0,"turns":4.0},{"damage":1.0,"enemies":"Cultist","floor":4.0,"turns":4.0},{"damage":3.0,"enemies":"Small Slimes","floor":5.0,"turns":4.0},{"damage":21.0,"enemies":"Lagavulin","floor":8.0,"turns":8.0},{"damage":3.0,"enemies":"Blue Slaver","floor":11.0,"turns":3.0},{"damage":21.0,"enemies":"3 Sentries","floor":12.0,"turns":10.0},{"damage":24.0,"enemies":"Gremlin Nob","floor":14.0,"turns":4.0},{"damage":11.0,"enemies":"Exordium Thugs","floor":15.0,"turns":3.0},{"damage":0.0,"enemies":"downfall:Watcher","floor":16.0,"turns":7.0},{"damage":0.0,"enemies":"Spheric Guardian","floor":19.0,"turns":4.0},{"damage":12.0,"enemies":"downfall:Defect","floor":22.0,"turns":6.0},{"damage":0.0,"enemies":"Gremlin Leader","floor":26.0,"turns":7.0},{"damage":0.0,"enemies":"Book of Stabbing","floor":28.0,"turns":4.0},{"damage":0.0,"enemies":"Snecko","floor":30.0,"turns":4.0},{"damage":0.0,"enemies":"Slavers","floor":31.0,"turns":3.0},{"damage":0.0,"enemies":"Snake Plant","floor":32.0,"turns":3.0},{"damage":0.0,"enemies":"downfall:Silent","floor":33.0,"turns":5.0},{"damage":0.0,"enemies":"Orb Walker","floor":36.0,"turns":3.0},{"damage":0.0,"enemies":"Mind Bloom Boss Battle","floor":38.0,"turns":6.0},{"damage":0.0,"enemies":"3 Darklings","floor":39.0,"turns":2.0},{"damage":0.0,"enemies":"downfall:FleeingMerchant","floor":42.0,"turns":4.0},{"damage":0.0,"enemies":"4 Shapes","floor":43.0,"turns":1.0},{"damage":0.0,"enemies":"downfall:FleeingMerchant","floor":45.0,"turns":1.0},{"damage":0,"enemies":"Jaw Worm Horde","floor":47,"turns":4},{"damage":0,"enemies":"Sphere and 2 Shapes","floor":49,"turns":1},{"damage":0,"enemies":"downfall:Defect","floor":50,"turns":7},{"damage":2,"enemies":"downfall:CharBossMerchant","floor":52,"turns":7},{"damage":0,"enemies":"downfall:NeowBoss","floor":55,"turns":16}],"seed_played":"-7543019400385216377","potions_obtained":[{"floor":4.0,"key":"Weak Potion"},{"floor":5.0,"key":"SneckoOil"},{"floor":11.0,"key":"Guardian:AcceleratePotion"},{"floor":15.0,"key":"Weak Potion"},{"floor":16.0,"key":"Guardian:AcceleratePotion"},{"floor":22.0,"key":"SkillPotion"},{"floor":28.0,"key":"PowerPotion"},{"floor":33.0,"key":"Swift Potion"}],"is_trial":false,"path_per_floor":["R","M","?","M","M","R","T","E","?","R","M","E","R","E","M","B",null,"R","M","?","?","?","?","T","R","E","R","E","R","M","E","M","B",null,"R","M","?","?","M","R","T","$","M","R","$","?","M","?","M","B",null,"E","$","R","B",null],"character_chosen":"GUARDIAN","items_purchased":["Membership Card","Juzu Bracelet","Nunchaku","Swift Potion","PowerPotion","Toolbox","Guardian:Reroute","Guardian:StasisUpgradeRelic","Guardian:PrismaticBarrier","Guardian:Gem_Red","War Paint"],"campfire_rested":1,"item_purchase_floors":[42,42,42,42,42,45,45,53,53,53,53],"current_hp_per_floor":[65,65,65,64,61,61,61,40,40,40,37,16,37,13,2,2,55,55,55,55,55,43,43,43,43,45,45,47,47,47,49,49,49,71,71,73,69,71,73,73,73,73,75,85,87,87,87,87,89,89,100,98,98,98,98],"gold":55,"neow_bonus":"ONE_RANDOM_RARE_CARD","is_daily":false,"chose_seed":false,"campfire_upgraded":10,"win_rate":0.0,"timestamp":1610256362,"path_taken":["R","M","?","M","M","R","T","E","?","R","M","E","R","E","M","BOSS","R","M","?","?","?","?","T","R","E","R","E","R","M","E","M","BOSS","R","M","?","?","M","R","T","$","M","R","?","?","M","?","M","BOSS","E","$","R","BOSS"],"items_purchased_type":["Relic","Relic","Relic","Potion","Potion","Relic","Card","Relic","Card","Card","Relic"],"build_version":"2020-12-22","purchased_purges":4,"victory":true,"max_hp_per_floor":[72,72,72,72,72,72,72,72,72,72,72,72,72,72,72,72,72,72,72,72,72,72,72,72,72,74,74,76,76,76,78,78,78,78,78,80,86,88,90,90,90,87,89,99,101,101,101,101,103,103,103,103,103,103,103],"relic_stats":{"Nunchaku":[10],"Gremlin Horn":[20,20],"Singing Bowl":24,"counters":[28,132],"Ornamental Fan":[56],"Art of War":[8],"Juzu Bracelet":1,"Letter Opener":[441],"War Paint":["Guardian:Defend_Guardian","Guardian:PrismaticBarrier"],"Cursed Key":1,"obtain_stats":[{"Gremlin Horn":7,"Singing Bowl":8,"downfall:HeartBlessingRed":29,"Guardian:ModeShifter":0,"Vajra":31,"Guardian:StasisCodex":26,"downfall:HeartBlessingGreen":27,"Thread and Needle":38,"Incense Burner":22,"Juzu Bracelet":42,"Letter Opener":14,"War Paint":53,"sneckomod:SneckoTalon":17,"Cursed Key":34,"Mercury Hourglass":12,"Guardian:StasisUpgradeRelic":53,"Nunchaku":42,"HornCleat":22,"downfall:HeartBlessingBlue":44,"Ornamental Fan":52,"Toolbox":45,"Art of War":28,"Bottled Lightning":24,"Membership Card":42},{"Gremlin Horn":3,"Singing Bowl":4,"downfall:HeartBlessingRed":13,"Guardian:ModeShifter":0,"Vajra":15,"Guardian:StasisCodex":12,"downfall:HeartBlessingGreen":12,"Thread and Needle":19,"Incense Burner":11,"Juzu Bracelet":21,"Letter Opener":7,"War Paint":27,"sneckomod:SneckoTalon":9,"Cursed Key":17,"Mercury Hourglass":6,"Guardian:StasisUpgradeRelic":27,"Nunchaku":21,"HornCleat":11,"downfall:HeartBlessingBlue":22,"Ornamental Fan":27,"Toolbox":23,"Art of War":13,"Bottled Lightning":11,"Membership Card":21},{"Gremlin Horn":12,"Singing Bowl":20,"downfall:HeartBlessingRed":67,"Guardian:ModeShifter":0,"Vajra":73,"Guardian:StasisCodex":63,"downfall:HeartBlessingGreen":63,"Thread and Needle":89,"Incense Burner":56,"Juzu Bracelet":95,"Letter Opener":37,"War Paint":116,"sneckomod:SneckoTalon":47,"Cursed Key":81,"Mercury Hourglass":33,"Guardian:StasisUpgradeRelic":116,"Nunchaku":95,"HornCleat":56,"downfall:HeartBlessingBlue":96,"Ornamental Fan":116,"Toolbox":97,"Art of War":67,"Bottled Lightning":56,"Membership Card":95}],"Mercury Hourglass":[235]},"card_choices":[{"not_picked":["Guardian:VentSteam","Guardian:PrimingBeam"],"picked":"Guardian:Gem_Red","floor":2.0},{"not_picked":["Guardian:ChargeCore","Guardian:ArmoredProtocol"],"picked":"Guardian:Gem_Cyan","floor":4.0},{"not_picked":["Guardian:PrimingBeam","Guardian:ShieldSpikes"],"picked":"Guardian:Gem_Fragmented","floor":5.0},{"not_picked":["Guardian:TimeSifter","Guardian:TemporalShield"],"picked":"Guardian:Suspension","floor":8.0},{"not_picked":["Guardian:VentSteam","Guardian:Gem_Green"],"picked":"Guardian:PrismaticBeam","floor":11.0},{"not_picked":["Guardian:Gem_Yellow","Guardian:Planning"],"picked":"Guardian:Gem_Synthetic","floor":12.0},{"not_picked":["Guardian:GuardianWhirl","Guardian:ArmoredProtocol"],"picked":"Guardian:Gem_Green","floor":14.0},{"not_picked":["Guardian:Gem_Green","Guardian:Incinerate"],"picked":"Guardian:PiercingHide","floor":15.0},{"not_picked":["Guardian:StasisStrike","Guardian:SphericShield"],"picked":"Guardian:CompilePackage","floor":16.0},{"not_picked":["Guardian:PrismaticBeam+1","Guardian:BronzeOrb"],"picked":"Guardian:Clone+1","floor":19.0},{"not_picked":["Guardian:VentSteam+1","Guardian:PiercingHide"],"picked":"Guardian:Harden","floor":22.0},{"not_picked":["Guardian:RollAttack","Guardian:BaubleBeam","Guardian:Gem_Green"],"picked":"Singing Bowl","floor":26.0},{"not_picked":["Guardian:PiercingHide","Guardian:PrimingBeam+1","Guardian:VentSteam"],"picked":"Singing Bowl","floor":28.0},{"not_picked":["Guardian:PrimingBeam","Guardian:ChargeCore"],"picked":"Guardian:Recover","floor":30.0},{"not_picked":["Guardian:VentSteam","Guardian:Gem_Green","Guardian:Reroute"],"picked":"Singing Bowl","floor":31.0},{"not_picked":["Guardian:PrismaticBeam","Guardian:Harden+1"],"picked":"Guardian:Gem_Synthetic","floor":32.0},{"not_picked":["Guardian:TimeSifter","Guardian:FastForward"],"picked":"Guardian:RevengeProtocol","floor":33.0},{"not_picked":["Guardian:TemporalShield","Guardian:Recover","Guardian:PrimingBeam+1"],"picked":"Singing Bowl","floor":36.0},{"not_picked":["expansioncontent:YouAreMine","expansioncontent:ManipulateTime","expansioncontent:BronzeBeam"],"picked":"Singing Bowl","floor":37.0},{"not_picked":["expansioncontent:HyperBeam","expansioncontent:SuperHexaguard","expansioncontent:ManipulateTime"],"picked":"Singing Bowl","floor":37.0},{"not_picked":["expansioncontent:DecasProtection","expansioncontent:Sear","expansioncontent:ManipulateTime"],"picked":"Singing Bowl","floor":37.0},{"not_picked":["Guardian:PiercingHide","Guardian:Gem_Purple","Guardian:Gem_Yellow"],"picked":"Singing Bowl","floor":38.0},{"not_picked":["Guardian:Gem_Green","Guardian:TemporalShield","Guardian:ChargeCore"],"picked":"Singing Bowl","floor":39.0},{"not_picked":["Guardian:BronzeArmor","Guardian:Gem_Synthetic"],"picked":"Guardian:TimeCapacitor","floor":42.0},{"not_picked":["Guardian:BronzeArmor","Guardian:ShieldSpikes","Guardian:WalkerClaw"],"picked":"Singing Bowl","floor":43.0},{"not_picked":["Guardian:WalkerClaw+1","Guardian:PrismaticBeam","Guardian:TemporalStrike"],"picked":"Singing Bowl","floor":45.0},{"not_picked":["Guardian:PrismaticBarrier","Guardian:BronzeOrb"],"picked":"Guardian:Gem_Crimson","floor":47},{"not_picked":["Guardian:CrystalBeam","Guardian:PrimingBeam","Guardian:TemporalShield"],"picked":"Singing Bowl","floor":49},{"not_picked":["Guardian:WalkerClaw","Guardian:HyperBeam_Guardian"],"picked":"Guardian:Gem_Cyan","floor":52}],"player_experience":3039859,"relics_obtained":[{"floor":7.0,"key":"Gremlin Horn"},{"floor":8.0,"key":"Singing Bowl"},{"floor":12.0,"key":"Mercury Hourglass"},{"floor":14.0,"key":"Letter Opener"},{"floor":22.0,"key":"Incense Burner"},{"floor":22.0,"key":"HornCleat"},{"floor":24.0,"key":"Bottled Lightning"},{"floor":26.0,"key":"Guardian:StasisCodex"},{"floor":28.0,"key":"Art of War"},{"floor":31.0,"key":"Vajra"},{"floor":38.0,"key":"Thread and Needle"},{"floor":52,"key":"Ornamental Fan"}],"event_choices":[{"damage_healed":0.0,"max_hp_gain":0.0,"max_hp_loss":0.0,"gold_gain":0.0,"event_name":"The Library","player_choice":"Read","floor":20.0,"gold_loss":0.0,"damage_taken":0.0,"cards_obtained":["Guardian:Gem_Fragmented"]}],"is_beta":false,"boss_relics":[{"not_picked":["Astrolabe","Sozu"],"picked":"sneckomod:SneckoTalon"},{"not_picked":["Guardian:ModeShifterPlus","Calling Bell"],"picked":"Cursed Key"}],"items_purged_floors":[42,45,48,53],"is_endless":false,"potions_floor_spawned":[4,5,11,15,16,22,28,30,33,39,43,49],"ascension_level":20}}