{"host":"9inlmzyzdhcrisrs","time":1610239041,"event":{"mods":["AchievementEnabler","Ascension Reborn","BaseMod","BetterRewards","Challenge The Spire","Colored Map","Colored Powertips","Conspire","Dota2Spire","Downfall","GungeonMod","Highlight Path","Infinite Spire","Mimic Mod","Minty Spire (QoL Compilation)","MostiFishMod","Permanent Neow","Quick Restart","Remove Card Discount Mod","Replay The Spire","Shop Mod","Spicy Shops","StSLib","SuperFastMode","The Jungle","The Saiyan","Transform Curses","Unceasing Turn Reminder","vexMod"],"gold_per_floor":[99,99,99,99,114,114,152,11,11,42,61,161,172,191,202,202,202,202],"floor_reached":16,"playtime":1017,"items_purged":[],"score":100,"play_id":"87f7d032-492a-4335-8bc5-1d92cd7a778d","local_time":"20210110083721","is_ascension_mode":true,"campfire_choices":[{"floor":1,"key":"RECALL"},{"data":"expansioncontent:DefensiveStance","floor":9,"key":"SMITH"}],"circlet_count":0,"master_deck":["Guardian:Strike_Guardian","Guardian:Strike_Guardian","Guardian:Strike_Guardian","Guardian:Strike_Guardian","Guardian:Defend_Guardian","Guardian:Defend_Guardian","Guardian:Defend_Guardian","Guardian:Defend_Guardian","Guardian:CurlUp","Guardian:TwinSlam","Guardian:TemporalShield","Guardian:WalkerClaw","Guardian:PrismaticBeam","expansioncontent:DefensiveStance+1","Guardian:Emergency","Guardian:Gem_Red","Guardian:RollAttack","Guardian:Gem_Green","Guardian:Gem_Cyan","Guardian:Suspension"],"relics":["Guardian:ModeShifter","DaveBox","downfall:HeartsMalice","RhineCircuit","Dota2Spire:BladeMail","Toy Ornithopter"],"acts_visited":["Exordium"],"potions_floor_usage":[12,12,13,15,16,16,16],"damage_taken":[{"damage":0,"enemies":"conspire:RoseBush","floor":2,"turns":1},{"damage":0,"enemies":"Cultist","floor":3,"turns":1},{"damage":0,"enemies":"Jaw Worm","floor":4,"turns":1},{"damage":11,"enemies":"Blue Slaver","floor":5,"turns":4},{"damage":4,"enemies":"Red Slaver","floor":7,"turns":7},{"damage":0,"enemies":"downfall:FleeingMerchant","floor":8,"turns":4},{"damage":10,"enemies":"Gremlin Nob","floor":10,"turns":5},{"damage":0,"enemies":"Red Slaver","floor":11,"turns":3},{"damage":44,"enemies":"downfall:LadyInBlue","floor":12,"turns":11},{"damage":3,"enemies":"2 Fungi Beasts","floor":13,"turns":4},{"damage":0,"enemies":"Exordium Wildlife","floor":14,"turns":2},{"damage":18,"enemies":"Exordium Thugs","floor":15,"turns":5},{"damage":31,"enemies":"downfall:Ironclad","floor":16,"turns":9}],"seed_played":"7487334898602185148","potions_obtained":[{"floor":10,"key":"AttackPotion"},{"floor":11,"key":"DuplicationPotion"},{"floor":12,"key":"LiquidMemories"},{"floor":12,"key":"SneckoOil"},{"floor":12,"key":"Dota2Spire:HealingSalve"},{"floor":13,"key":"Dota2Spire:Clarity"},{"floor":14,"key":"AttackPotion"},{"floor":15,"key":"Venom Potion"}],"is_trial":false,"path_per_floor":["R_BF","M","M","M","M","?","MIM","$","R","E","M","?","M","M","M","B"],"character_chosen":"GUARDIAN","items_purchased":["expansioncontent:DefensiveStance"],"campfire_rested":0,"item_purchase_floors":[8],"current_hp_per_floor":[80,80,80,80,69,69,65,65,65,55,55,11,19,19,6,0,0,0],"gold":202,"neow_bonus":"THREE_ENEMY_KILL","is_daily":false,"chose_seed":false,"campfire_upgraded":1,"win_rate":0.0,"timestamp":1610239041,"path_taken":["R_BF","M","M","M","M","?","MIM","?","R","E","M","?","?","M","M","BOSS"],"items_purchased_type":["Card"],"build_version":"2020-12-22","purchased_purges":0,"victory":false,"max_hp_per_floor":[80,80,80,80,80,80,80,80,80,80,80,80,80,80,80,80,80,80],"card_choices":[{"not_picked":["Guardian:ShieldCharger","Guardian:Gem_Cyan"],"picked":"Guardian:Gem_Purple","floor":2},{"not_picked":["Guardian:Gem_Purple","Guardian:Repulse"],"picked":"Guardian:TemporalShield","floor":3},{"not_picked":["Guardian:TimeBomb","Guardian:MultiBeam"],"picked":"Guardian:Gem_Red","floor":4},{"not_picked":["Guardian:CrystalBeam","Guardian:TemporalShield"],"picked":"Guardian:WalkerClaw","floor":5},{"not_picked":["Guardian:Emergency","Guardian:TemporalStrike"],"picked":"Guardian:PrismaticBeam","floor":7},{"not_picked":["Guardian:Gem_White","Guardian:Gem_Cyan"],"picked":"Guardian:Gem_Red","floor":8},{"not_picked":["Guardian:Gem_Green","Guardian:Gem_Red"],"picked":"Guardian:Emergency","floor":10},{"not_picked":["Guardian:Incinerate","Guardian:ArmoredProtocol"],"picked":"Guardian:Gem_Red","floor":11},{"not_picked":["Guardian:Suspension","Guardian:ShieldCharger"],"picked":"Guardian:RollAttack","floor":12},{"not_picked":["Guardian:SpikerProtocol","Guardian:TemporalStrike"],"picked":"Guardian:Gem_Green","floor":13},{"not_picked":["Guardian:Planning","Guardian:GuardianWhirl"],"picked":"Guardian:Gem_Cyan","floor":14},{"not_picked":["Guardian:Repulse","Guardian:ChargeUp"],"picked":"Guardian:Suspension","floor":15}],"player_experience":34287,"relics_obtained":[{"floor":10,"key":"Dota2Spire:BladeMail"},{"floor":12,"key":"Toy Ornithopter"}],"event_choices":[],"is_beta":false,"boss_relics":[],"items_purged_floors":[],"is_endless":false,"potions_floor_spawned":[10,11,13,14,15],"killed_by":"downfall:Ironclad","ascension_level":0}}