{"host":"1a3cjta80tad0aqj","time":1610287855,"event":{"mods":["2.2 Compatiblity","AchievementEnabler","BaseMod","Colored Map","DeckTracker","KOR Keyword Fix","Keyboard Shortcuts","Minty Spire (QoL Compilation)","Permanent Neow","Quick Restart","Random Character Button","StSLib","SuperFastMode","everything is the same but u backflip on backflip"],"gold_per_floor":[114,39,54,69,84,84,99,114,139,139,154,169,184,199,199,299,299,314,329,344,359,359,359,109,109,134,134,149,24,39,39,39,39,39],"floor_reached":33,"playtime":1549,"items_purged":["Accuracy","Accuracy","Defend_P"],"score":297,"play_id":"3a402b4a-426a-4884-b2e0-3a3448599cd7","local_time":"20210110231055","daily_mods":["Specialized","Diverse","Night Terrors"],"is_ascension_mode":false,"campfire_choices":[{"data":"Eruption","floor":6.0,"key":"SMITH"},{"data":"Buffer","floor":15.0,"key":"SMITH"},{"floor":23.0,"key":"REST"},{"data":"Seeing Red","floor":25.0,"key":"SMITH"},{"data":"Beam Cell","floor":32.0,"key":"SMITH"}],"circlet_count":0,"master_deck":["Strike_P","Strike_P","Strike_P","Strike_P","Defend_P","Defend_P","Defend_P","Eruption+1","Vigilance","Footwork","Conserve Battery","SashWhip+1","ReachHeaven","FollowUp","Buffer+1","Seeing Red+1","Exhume","Sunder","Rip and Tear+1","Shockwave+1","Beam Cell+1","Berserk","Headbutt+1","Wraith Form v2"],"relics":["PureWater","Strawberry","Runic Pyramid","Lantern","Boot"],"acts_visited":["Exordium","TheCity"],"potions_floor_usage":[33,33,33],"damage_taken":[{"damage":0.0,"enemies":"2 Louse","floor":1.0,"turns":2.0},{"damage":1.0,"enemies":"Cultist","floor":3.0,"turns":5.0},{"damage":0.0,"enemies":"Small Slimes","floor":4.0,"turns":6.0},{"damage":11.0,"enemies":"2 Fungi Beasts","floor":5.0,"turns":6.0},{"damage":10.0,"enemies":"3 Louse","floor":7.0,"turns":4.0},{"damage":0.0,"enemies":"Blue Slaver","floor":8.0,"turns":3.0},{"damage":6.0,"enemies":"Exordium Thugs","floor":11.0,"turns":4.0},{"damage":9.0,"enemies":"Gremlin Gang","floor":12.0,"turns":5.0},{"damage":9.0,"enemies":"Exordium Wildlife","floor":13.0,"turns":4.0},{"damage":14.0,"enemies":"Blue Slaver","floor":14.0,"turns":5.0},{"damage":0.0,"enemies":"Slime Boss","floor":16.0,"turns":6.0},{"damage":25.0,"enemies":"2 Thieves","floor":18.0,"turns":3.0},{"damage":15.0,"enemies":"Chosen","floor":19.0,"turns":8.0},{"damage":21.0,"enemies":"Snake Plant","floor":20.0,"turns":5.0},{"damage":15.0,"enemies":"Cultist and Chosen","floor":21.0,"turns":4.0},{"damage":8.0,"enemies":"Centurion and Healer","floor":28.0,"turns":4.0},{"damage":0.0,"enemies":"Snake Plant","floor":30.0,"turns":2.0},{"damage":41,"enemies":"Collector","floor":33,"turns":6}],"seed_played":"-956745095108410897","potions_obtained":[{"floor":1.0,"key":"Fire Potion"},{"floor":5.0,"key":"SkillPotion"},{"floor":11.0,"key":"Dexterity Potion"},{"floor":12.0,"key":"Explosive Potion"},{"floor":13.0,"key":"Weak Potion"},{"floor":18.0,"key":"GamblersBrew"},{"floor":21.0,"key":"AttackPotion"}],"is_trial":false,"path_per_floor":["M","$","M","M","M","R","M","M","T","?","M","M","M","M","R","B",null,"M","M","M","M","?","R","$","R","T","?","M","$","M","$","R","B"],"character_chosen":"WATCHER","items_purchased":["Lantern"],"campfire_rested":1,"item_purchase_floors":[24],"current_hp_per_floor":[72,72,71,71,60,60,50,50,57,57,51,42,33,19,19,19,79,54,39,18,3,3,74,74,74,74,74,66,66,66,66,66,25,25],"gold":39,"neow_bonus":"","is_daily":true,"chose_seed":false,"campfire_upgraded":4,"win_rate":0.0,"timestamp":1610287855,"path_taken":["M","$","M","M","M","R","M","M","T","?","M","M","?","M","R","BOSS","M","M","M","M","?","R","$","R","T","?","M","$","M","$","R","BOSS"],"items_purchased_type":["Relic"],"build_version":"2020-12-22","purchased_purges":3,"victory":false,"max_hp_per_floor":[72,72,72,72,72,72,72,72,79,79,79,79,79,79,79,79,79,79,79,79,79,79,74,74,74,74,74,74,74,74,74,74,74,74],"card_choices":[{"not_picked":["Finisher","Flechettes","Clothesline"],"picked":"SKIP","floor":1.0},{"not_picked":["Bane","Perfected Strike"],"picked":"Footwork","floor":3.0},{"not_picked":["Halt","Wild Strike"],"picked":"Conserve Battery","floor":4.0},{"not_picked":["EmptyBody","Intimidate"],"picked":"SashWhip","floor":5.0},{"not_picked":["Underhanded Strike","Noxious Fumes"],"picked":"ReachHeaven","floor":7.0},{"not_picked":["Prostrate","Riddle With Holes"],"picked":"FollowUp","floor":8.0},{"not_picked":["Worship","Doom and Gloom","Reckless Charge"],"picked":"SKIP","floor":11.0},{"not_picked":["Meditate","Consecrate"],"picked":"Buffer","floor":12.0},{"not_picked":["FlyingSleeves","Setup","PathToVictory"],"picked":"SKIP","floor":13.0},{"not_picked":["JustLucky","Havoc"],"picked":"Seeing Red","floor":14.0},{"not_picked":["DevaForm","Offering"],"picked":"Exhume","floor":16.0},{"not_picked":["Dagger Throw","FlyingSleeves"],"picked":"Sunder","floor":18.0},{"not_picked":["Cold Snap","True Grit+1"],"picked":"Rip and Tear+1","floor":19.0},{"not_picked":["Pray","Sword Boomerang","Twin Strike"],"picked":"SKIP","floor":20.0},{"not_picked":["EmptyBody+1","Scrape"],"picked":"Shockwave+1","floor":21.0},{"not_picked":["Footwork","Sword Boomerang"],"picked":"Headbutt+1","floor":28.0},{"not_picked":["Catalyst","JustLucky"],"picked":"Wraith Form v2","floor":30.0}],"player_experience":273007,"relics_obtained":[{"floor":9.0,"key":"Strawberry"},{"floor":26.0,"key":"Boot"}],"event_choices":[{"damage_healed":0.0,"max_hp_gain":0.0,"max_hp_loss":0.0,"gold_gain":0.0,"event_name":"Upgrade Shrine","player_choice":"Upgraded","floor":10.0,"gold_loss":0.0,"damage_taken":0.0,"cards_upgraded":["SashWhip"]},{"cards_removed":["Accuracy"],"damage_healed":0.0,"max_hp_gain":0.0,"max_hp_loss":0.0,"gold_gain":0.0,"event_name":"Back to Basics","player_choice":"Elegance","floor":22.0,"gold_loss":0.0,"damage_taken":0.0},{"damage_healed":0.0,"max_hp_gain":0.0,"max_hp_loss":0.0,"gold_gain":0.0,"cards_transformed":["Accuracy","Accuracy"],"event_name":"Drug Dealer","player_choice":"Became Test Subject","floor":27.0,"gold_loss":0.0,"damage_taken":0.0,"cards_obtained":["Beam Cell","Berserk"]}],"is_beta":false,"boss_relics":[{"not_picked":["Fusion Hammer","Velvet Choker"],"picked":"Runic Pyramid"}],"items_purged_floors":[2,24,29],"is_endless":false,"potions_floor_spawned":[1,5,11,12,13,18,21,28],"killed_by":"Collector","ascension_level":0}}