{"host":"s7l2a3wroivred6i","time":1610239828,"event":{"mods":["AchievementEnabler","BaseMod","Better Altar","Better Match","Better Note","Better Sensory Stone","Better Skull","Better Synergies","Better Third Choice","BetterRewards","Conspire","Downfall","GifTheSpireLib","Hubris","Infinite Spire","Minty Spire (QoL Compilation)","Replay The Spire","Retaliation","StSLib","Stuff the Spire","The Blue Laboratory"],"gold_per_floor":[115,134,149,149,161,190,190,64,64,99,119,131,131,159,159,159,159],"floor_reached":16,"playtime":985,"items_purged":["Burn"],"score":122,"play_id":"aca98fd5-eeb0-41eb-af49-909e70d6ab3c","local_time":"20210109195028","is_ascension_mode":false,"campfire_choices":[{"floor":15,"key":"REST"}],"circlet_count":0,"master_deck":["Strike_P","Strike_P","Strike_P","Strike_P","Defend_P","Defend_P","Defend_P","Defend_P","Eruption","Vigilance","Consecrate","ClearTheMind","ReachHeaven","ConjureBlade","ForeignInfluence","PathToVictory"],"relics":["PureWater","NeowsBlessing","conspire:GiftBox","infinitespire:ShieldingShard","Dream Catcher","StuffTheSpire:GrapeVine","StuffTheSpire:SapphireSignet"],"acts_visited":["Exordium"],"potions_floor_usage":[5,6,10,14,16],"damage_taken":[{"damage":0,"enemies":"Small Slimes","floor":1,"turns":1},{"damage":0,"enemies":"Jaw Worm","floor":2,"turns":1},{"damage":0,"enemies":"Cultist","floor":3,"turns":1},{"damage":0,"enemies":"Lots of Slimes","floor":5,"turns":2},{"damage":15,"enemies":"Lagavulin","floor":6,"turns":5},{"damage":23,"enemies":"3 Sentries","floor":10,"turns":4},{"damage":0,"enemies":"Large Slime","floor":11,"turns":7},{"damage":0,"enemies":"Gremlin Gang","floor":12,"turns":2},{"damage":10,"enemies":"Lagavulin","floor":14,"turns":4},{"damage":35,"enemies":"Fading Forest","floor":16,"turns":7}],"seed_played":"3938668920622500340","potions_obtained":[{"floor":1,"key":"Weak Potion"},{"floor":3,"key":"blueLaboratory:PyrophylliteBrew"},{"floor":6,"key":"blueLaboratory:FaithlessPotion"},{"floor":12,"key":"SteroidPotion"}],"is_trial":false,"path_per_floor":["M","M","M","?","M","E","?","$","T","E","M","M","T","E","R","B"],"character_chosen":"WATCHER","items_purchased":["Fire Potion"],"campfire_rested":1,"item_purchase_floors":[8],"current_hp_per_floor":[72,72,72,72,72,57,57,57,57,34,34,34,34,24,45,22,22],"gold":159,"neow_bonus":"THREE_ENEMY_KILL","is_daily":false,"chose_seed":false,"campfire_upgraded":0,"win_rate":0.0,"timestamp":1610239828,"path_taken":["M","M","M","?","M","E","?","$","T","E","M","M","?","E","R","BOSS"],"items_purchased_type":["Potion"],"build_version":"2020-12-22","purchased_purges":1,"victory":false,"max_hp_per_floor":[72,72,72,72,72,72,72,72,72,72,72,72,72,72,72,72,72],"card_choices":[{"not_picked":["BowlingBash","Replay:Battleflow"],"picked":"Consecrate","floor":1},{"not_picked":["Evaluate","Swivel"],"picked":"ClearTheMind","floor":2},{"not_picked":["FlurryOfBlows","Replay:BluntJabs"],"picked":"ReachHeaven","floor":3},{"not_picked":["Fasting2","Consecrate","DeceiveReality"],"picked":"SKIP","floor":5},{"not_picked":["Alpha","Replay:AllIn"],"picked":"ConjureBlade","floor":6},{"not_picked":["Study","WaveOfTheHand"],"picked":"ForeignInfluence","floor":6},{"not_picked":["EmptyBody","Tantrum"],"picked":"PathToVictory","floor":10},{"not_picked":["Adaptation","Worship","Crescendo"],"picked":"SKIP","floor":11},{"not_picked":["FollowUp","InnerPeace","Weave"],"picked":"SKIP","floor":12},{"not_picked":["WheelKick","BowlingBash","Wireheading"],"picked":"SKIP","floor":14}],"player_experience":333233,"relics_obtained":[{"floor":6,"key":"conspire:GiftBox"},{"floor":9,"key":"infinitespire:ShieldingShard"},{"floor":10,"key":"Dream Catcher"},{"floor":13,"key":"StuffTheSpire:GrapeVine"},{"floor":14,"key":"StuffTheSpire:SapphireSignet"}],"event_choices":[{"damage_healed":72,"gold_gain":0,"player_choice":"Embrace Burn","damage_taken":0,"max_hp_gain":0,"max_hp_loss":72,"event_name":"betterThird:BetterShining","floor":4,"gold_loss":0}],"is_beta":false,"boss_relics":[],"items_purged_floors":[8],"is_endless":false,"potions_floor_spawned":[1,3,6,12],"killed_by":"Fading Forest","ascension_level":0}}