{"host":"x7xd4wkamhrqrrvw","time":1610318276,"event":{"mods":["BaseMod","Minty Spire (QoL Compilation)","StSLib"],"gold_per_floor":[129,164,164,222,280,335,335,412,435,495,557,653,653,138,138,258,258,293,208,208,307,307,307,341,12,12,12,53,121,160,160,160,287,287,357,357,435,435,435,435,510,567,616,616,194,245,43,88,88,138,138,138,35,87,87],"floor_reached":56,"playtime":4588,"items_purged":["Strike_R","Strike_R+1","Strike_R+1","Strike_R+1"],"score":1526,"play_id":"f59b238c-eb2f-45b2-851f-311d4c56ce3f","local_time":"20210110203755","is_ascension_mode":true,"campfire_choices":[{"data":"HandOfGreed","floor":7,"key":"SMITH"},{"data":"True Grit","floor":13,"key":"SMITH"},{"data":"Dark Embrace","floor":15,"key":"SMITH"},{"data":"Flame Barrier","floor":23,"key":"SMITH"},{"data":"Exhume","floor":27,"key":"SMITH"},{"data":"Disarm","floor":32,"key":"SMITH"},{"floor":40,"key":"RECALL"},{"data":"Strike_R+1","floor":49,"key":"PURGE"},{"data":"Defend_R+1","floor":52,"key":"PURGE"}],"circlet_count":0,"master_deck":["Defend_R+1","Defend_R+1","Bash+1","HandOfGreed+1","Shrug It Off","Flame Barrier+1","True Grit+1","Seeing Red","Dark Embrace+1","Bludgeon+1","Disarm+1","Exhume+1","Infernal Blade+1","Feel No Pain","Demon Form+1","True Grit+1","Madness+1","Madness+1"],"relics":["Black Blood","Toy Ornithopter","Juzu Bracelet","Oddly Smooth Stone","Happy Flower","Odd Mushroom","Lantern","Regal Pillow","Bag of Preparation","Enchiridion","Shuriken","Strawberry","Busted Crown","Pocketwatch","Peace Pipe","Whetstone","Art of War","War Paint","Medical Kit","Potion Belt","Nunchaku"],"acts_visited":["Exordium","TheCity","TheBeyond","TheEnding"],"potions_floor_usage":[6,10,11,16,16,24,24,33,37,42,54,55,55,55,55],"damage_taken":[{"damage":2,"enemies":"Jaw Worm","floor":1,"turns":3},{"damage":4,"enemies":"Cultist","floor":2,"turns":5},{"damage":12,"enemies":"Small Slimes","floor":4,"turns":3},{"damage":0,"enemies":"2 Fungi Beasts","floor":5,"turns":4},{"damage":28,"enemies":"Gremlin Nob","floor":6,"turns":5},{"damage":22,"enemies":"3 Sentries","floor":8,"turns":11},{"damage":13,"enemies":"Lagavulin","floor":10,"turns":11},{"damage":0,"enemies":"Large Slime","floor":11,"turns":7},{"damage":0,"enemies":"The Mushroom Lair","floor":12,"turns":6},{"damage":10,"enemies":"The Guardian","floor":16,"turns":12},{"damage":2,"enemies":"Chosen","floor":18,"turns":6},{"damage":27,"enemies":"Book of Stabbing","floor":24,"turns":8},{"damage":9,"enemies":"Shell Parasite","floor":28,"turns":8},{"damage":3,"enemies":"Shelled Parasite and Fungi","floor":29,"turns":4},{"damage":0,"enemies":"Snecko","floor":30,"turns":4},{"damage":46,"enemies":"Collector","floor":33,"turns":16},{"damage":1,"enemies":"3 Shapes","floor":35,"turns":3},{"damage":8,"enemies":"2 Orb Walkers","floor":37,"turns":6},{"damage":0,"enemies":"Mind Bloom Boss Battle","floor":41,"turns":7},{"damage":9,"enemies":"Reptomancer","floor":42,"turns":5},{"damage":0,"enemies":"Nemesis","floor":46,"turns":7},{"damage":0,"enemies":"Orb Walker","floor":48,"turns":5},{"damage":23,"enemies":"Awakened One","floor":50,"turns":12},{"damage":31,"enemies":"Shield and Spear","floor":54,"turns":6},{"damage":92,"enemies":"The Heart","floor":55,"turns":7}],"seed_played":"-5433767590660445730","potions_obtained":[{"floor":1,"key":"Strength Potion"},{"floor":5,"key":"Block Potion"},{"floor":8,"key":"Explosive Potion"},{"floor":11,"key":"Fire Potion"},{"floor":16,"key":"Strength Potion"},{"floor":18,"key":"Strength Potion"},{"floor":41,"key":"Explosive Potion"},{"floor":42,"key":"SmokeBomb"},{"floor":46,"key":"BloodPotion"},{"floor":54,"key":"PowerPotion"}],"is_trial":false,"path_per_floor":["M","M","?","M","M","E","R","E","T","E","M","?","R","$","R","B",null,"M","?","?","?","?","R","E","$","T","R","M","M","M","?","R","B",null,"M","?","?","?","?","R","?","E","T","?","$","E","$","M","R","B",null,"R","$","E","B",null],"character_chosen":"IRONCLAD","items_purchased":["Lantern","Dark Embrace","Regal Pillow","Strength Potion","AttackPotion","Strawberry","LiquidMemories","War Paint","Medical Kit","PowerPotion","SkillPotion","BloodPotion"],"campfire_rested":0,"item_purchase_floors":[14,14,14,14,14,25,25,45,45,47,53,53],"current_hp_per_floor":[55,57,57,51,57,35,35,19,19,17,28,34,34,34,34,40,70,80,80,64,64,64,64,59,66,66,66,69,78,87,87,87,58,80,87,87,87,76,76,76,87,87,87,87,87,87,87,87,87,76,84,84,84,69,43],"gold":87,"neow_bonus":"RANDOM_COLORLESS_2","is_daily":false,"chose_seed":false,"campfire_upgraded":6,"win_rate":0.0,"timestamp":1610318275,"path_taken":["M","M","?","M","M","E","R","E","T","E","M","?","R","$","R","BOSS","M","?","?","?","?","R","E","$","T","R","M","M","M","?","R","BOSS","M","?","?","?","?","R","?","E","T","?","$","E","$","M","R","BOSS","R","$","E","BOSS"],"items_purchased_type":["Relic","Card","Relic","Potion","Potion","Relic","Potion","Relic","Relic","Potion","Potion","Potion"],"build_version":"2020-12-22","purchased_purges":4,"victory":true,"max_hp_per_floor":[80,80,80,80,80,80,80,80,80,80,80,80,80,80,80,80,80,80,80,80,80,80,80,80,87,87,87,87,87,87,87,87,87,87,87,87,87,87,87,87,87,87,87,87,87,87,87,87,87,87,87,87,87,87,87],"card_choices":[{"not_picked":["Thinking Ahead","Secret Technique"],"picked":"HandOfGreed","floor":0},{"not_picked":["Clash","Hemokinesis","Sever Soul"],"picked":"SKIP","floor":1},{"not_picked":["Ghostly Armor","Body Slam"],"picked":"Shrug It Off","floor":2},{"not_picked":["Sword Boomerang","Thunderclap"],"picked":"Flame Barrier","floor":4},{"not_picked":["Heavy Blade","Anger","Shrug It Off"],"picked":"SKIP","floor":5},{"not_picked":["Wild Strike","Evolve","Pommel Strike"],"picked":"SKIP","floor":6},{"not_picked":["Body Slam","Armaments","Perfected Strike"],"picked":"SKIP","floor":8},{"not_picked":["Twin Strike","Headbutt"],"picked":"True Grit","floor":10},{"not_picked":["Clothesline","Entrench"],"picked":"Seeing Red","floor":11},{"not_picked":["Fiend Fire","Brutality"],"picked":"Bludgeon","floor":16},{"not_picked":["Armaments","Blood for Blood"],"picked":"Disarm","floor":18},{"not_picked":["Burning Pact","Evolve+1"],"picked":"Exhume","floor":24},{"not_picked":["Body Slam+1","Combust"],"picked":"Infernal Blade+1","floor":28},{"not_picked":["Headbutt+1","Pommel Strike","Cleave+1"],"picked":"SKIP","floor":29},{"not_picked":["Havoc","Warcry","Shrug It Off+1"],"picked":"SKIP","floor":30},{"not_picked":["Fiend Fire","Reaper"],"picked":"Demon Form","floor":33},{"not_picked":["Warcry+1"],"picked":"SKIP","floor":35},{"not_picked":["Brutality"],"picked":"SKIP","floor":42},{"not_picked":["Thunderclap"],"picked":"SKIP","floor":46},{"not_picked":["Infernal Blade"],"picked":"SKIP","floor":48},{"not_picked":["Perfected Strike+1"],"picked":"SKIP","floor":54}],"player_experience":291243,"relics_obtained":[{"floor":6,"key":"Toy Ornithopter"},{"floor":8,"key":"Juzu Bracelet"},{"floor":9,"key":"Oddly Smooth Stone"},{"floor":10,"key":"Happy Flower"},{"floor":12,"key":"Odd Mushroom"},{"floor":20,"key":"Enchiridion"},{"floor":24,"key":"Shuriken"},{"floor":37,"key":"Pocketwatch"},{"floor":41,"key":"Peace Pipe"},{"floor":42,"key":"Whetstone"},{"floor":43,"key":"Art of War"},{"floor":46,"key":"Potion Belt"},{"floor":54,"key":"Nunchaku"}],"event_choices":[{"damage_healed":0,"gold_gain":0,"player_choice":"Bought 0 Potions","damage_taken":0,"max_hp_gain":0,"max_hp_loss":0,"event_name":"The Woman in Blue","floor":3,"gold_loss":0},{"damage_healed":0,"gold_gain":0,"player_choice":"Fought Mushrooms","damage_taken":0,"max_hp_gain":0,"max_hp_loss":0,"event_name":"Mushrooms","floor":12,"gold_loss":0},{"damage_healed":0,"gold_gain":0,"player_choice":"Obtained Relic","damage_taken":0,"relics_obtained":["Bag of Preparation"],"max_hp_gain":0,"max_hp_loss":0,"event_name":"Addict","floor":19,"gold_loss":85},{"damage_healed":0,"gold_gain":0,"player_choice":"Obtained Book","damage_taken":16,"max_hp_gain":0,"max_hp_loss":0,"event_name":"Cursed Tome","floor":20,"gold_loss":0},{"damage_healed":0,"gold_gain":99,"player_choice":"Stole From Cult","damage_taken":0,"max_hp_gain":0,"max_hp_loss":0,"event_name":"Nest","floor":21,"gold_loss":0},{"damage_healed":0,"gold_gain":0,"player_choice":"Simplicity","damage_taken":0,"max_hp_gain":0,"max_hp_loss":0,"event_name":"Back to Basics","floor":22,"gold_loss":0,"cards_upgraded":["Strike_R","Strike_R","Strike_R","Strike_R","Defend_R","Defend_R","Defend_R","Defend_R"]},{"damage_healed":0,"gold_gain":0,"player_choice":"Read","damage_taken":0,"max_hp_gain":0,"max_hp_loss":0,"event_name":"The Library","floor":31,"gold_loss":0,"cards_obtained":["Feel No Pain"]},{"damage_healed":0,"gold_gain":0,"player_choice":"Copied","damage_taken":0,"max_hp_gain":0,"max_hp_loss":0,"event_name":"Duplicator","floor":36,"gold_loss":0,"cards_obtained":["True Grit"]},{"damage_healed":0,"gold_gain":0,"player_choice":"Fight","damage_taken":0,"max_hp_gain":0,"max_hp_loss":0,"event_name":"Mysterious Sphere","floor":37,"gold_loss":0},{"damage_healed":0,"gold_gain":0,"player_choice":"Embrace Madness","damage_taken":11,"max_hp_gain":0,"max_hp_loss":0,"event_name":"Winding Halls","floor":38,"gold_loss":0,"cards_obtained":["Madness","Madness"]},{"damage_healed":0,"gold_gain":0,"player_choice":"Upgraded","damage_taken":0,"max_hp_gain":0,"max_hp_loss":0,"event_name":"Upgrade Shrine","floor":39,"gold_loss":0,"cards_upgraded":["Demon Form"]},{"damage_healed":0,"gold_gain":0,"player_choice":"Fight","damage_taken":0,"max_hp_gain":0,"max_hp_loss":0,"event_name":"MindBloom","floor":41,"gold_loss":0},{"cards_removed":["Defend_R"],"damage_healed":0,"gold_gain":0,"player_choice":"Removed Skill","damage_taken":0,"max_hp_gain":0,"max_hp_loss":0,"event_name":"Falling","floor":44,"gold_loss":0}],"is_beta":false,"boss_relics":[{"not_picked":["Black Star","Philosopher\u0027s Stone"],"picked":"Black Blood"},{"not_picked":["Fusion Hammer","Coffee Dripper"],"picked":"Busted Crown"}],"items_purged_floors":[14,25,45,47],"is_endless":false,"potions_floor_spawned":[1,5,8,11,16,18,41,42,46,54],"ascension_level":6}}