{"host":"gsgpu9obojnqwpp0","time":1610247193,"event":{"mods":["AchievementEnabler","BaseMod","Block Reminder","DeckTracker","Minty Spire (QoL Compilation)","Permanent Neow"],"gold_per_floor":[116,127,127,52,52,79,179,179,233,233,249,275,291,241,241,241,241],"floor_reached":16,"playtime":337,"items_purged":["Strike_R"],"score":153,"play_id":"183b5bd9-736c-44ea-abce-1a63ad615ec6","local_time":"20210109215313","is_ascension_mode":true,"campfire_choices":[{"data":"Searing Blow+1","floor":8,"key":"SMITH"},{"data":"Searing Blow+2","floor":10,"key":"SMITH"},{"floor":15,"key":"REST"}],"circlet_count":0,"master_deck":["Strike_R","Strike_R","Strike_R+1","Defend_R","Defend_R","Defend_R","Defend_R","Searing Blow+3","Dual Wield"],"relics":["Burning Blood","NeowsBlessing","Question Card","Smiling Mask","Akabeko"],"acts_visited":["Exordium"],"potions_floor_usage":[12],"damage_taken":[{"damage":0,"enemies":"Cultist","floor":1,"turns":1},{"damage":0,"enemies":"Small Slimes","floor":2,"turns":1},{"damage":0,"enemies":"Gremlin Nob","floor":6,"turns":1},{"damage":2,"enemies":"2 Louse","floor":11,"turns":3},{"damage":50,"enemies":"Lagavulin","floor":12,"turns":6},{"damage":9,"enemies":"Red Slaver","floor":13,"turns":3},{"damage":50,"enemies":"Slime Boss","floor":16,"turns":6}],"seed_played":"-7348349292974189754","potions_obtained":[{"floor":1,"key":"DuplicationPotion"}],"is_trial":false,"path_per_floor":["M","M","?","$","?","E","?","R","T","R","M","E","M","?","R","B"],"character_chosen":"IRONCLAD","items_purchased":[],"campfire_rested":1,"item_purchase_floors":[],"current_hp_per_floor":[80,80,73,73,57,63,63,63,63,63,67,23,20,20,44,0,0],"gold":241,"neow_bonus":"THREE_ENEMY_KILL","is_daily":false,"chose_seed":false,"campfire_upgraded":2,"win_rate":0.0,"timestamp":1610247193,"path_taken":["M","M","?","$","?","E","?","R","T","R","M","E","?","?","R","BOSS"],"items_purchased_type":[],"build_version":"2020-12-22","purchased_purges":1,"victory":false,"max_hp_per_floor":[80,80,80,80,80,80,80,80,80,80,80,80,80,80,80,80,80],"card_choices":[{"not_picked":["Ghostly Armor","Twin Strike"],"picked":"Searing Blow","floor":1},{"not_picked":["Fire Breathing","Disarm","Clothesline"],"picked":"SKIP","floor":2},{"not_picked":["Bloodletting","Body Slam","Searing Blow"],"picked":"SKIP","floor":6},{"not_picked":["Infernal Blade","Heavy Blade","Sword Boomerang","Intimidate"],"picked":"SKIP","floor":11},{"not_picked":["Brutality","Shrug It Off","Anger"],"picked":"Dual Wield","floor":12},{"not_picked":["Seeing Red","Clash","Feel No Pain","Heavy Blade"],"picked":"SKIP","floor":13}],"player_experience":258780,"relics_obtained":[{"floor":6,"key":"Question Card"},{"floor":9,"key":"Smiling Mask"},{"floor":12,"key":"Akabeko"}],"event_choices":[{"cards_removed":["Bash"],"damage_healed":0,"gold_gain":0,"player_choice":"Card Removal","damage_taken":7,"max_hp_gain":0,"max_hp_loss":0,"event_name":"Golden Wing","floor":3,"gold_loss":0},{"damage_healed":0,"gold_gain":0,"player_choice":"Entered Light","damage_taken":16,"max_hp_gain":0,"max_hp_loss":0,"event_name":"Shining Light","floor":5,"gold_loss":0,"cards_upgraded":["Strike_R","Searing Blow"]},{"damage_healed":0,"gold_gain":100,"player_choice":"Pray","damage_taken":0,"max_hp_gain":0,"max_hp_loss":0,"event_name":"Golden Shrine","floor":7,"gold_loss":0},{"cards_removed":["Strike_R"],"damage_healed":0,"gold_gain":0,"player_choice":"Card Removal","damage_taken":0,"max_hp_gain":0,"max_hp_loss":0,"event_name":"The Cleric","floor":14,"gold_loss":50}],"is_beta":false,"boss_relics":[],"items_purged_floors":[4],"is_endless":false,"potions_floor_spawned":[1],"killed_by":"Slime Boss","ascension_level":3}}