{"host":"vh84ep2bvzg72dp7","time":1610292904,"event":{"mods":["AchievementEnabler","Act Like it!","Aspiration","Astrologer","Bard","BaseMod","Beaked The Cultist","Better Altar","Better Match","Better Note","Better Sensory Stone","Better Skull","Better Third Choice","BetterRewards","Conspire","Downfall","Gensokyo","Halation","Hermit","Infinite Spire","Jorbs\u0027s Wanderer Trilogy","Marisa（霧雨　魔理沙）","Minty Spire (QoL Compilation)","MostiFishMod","Replay The Spire","Shop Mod","Spicy Shops","StSLib","The Alterego","The Animator","The Construct","The Cursed","The Hierophant","The Jungle","The Poker Player","The Runesmith","The Servant 0.9.4","The Wild Card","TheArtist","WarShipGirlsR/战舰少女R mod"],"gold_per_floor":[117,42,73,33,33,33,48,79,104,114,147,147,179,190,190,287,287,299,95,95,95,711,711,740,962,1042,1042,1086,1114,1149,1171,1171,1280,1280,1300,1329,1188,1215,1282,1313,1341,1341,1341,1341,1360,1360,1104,1140,1140,1247,1247,1251,1251,1251,1258,118,144,144,154,180,210,219,289,304,313,313,449,508,508],"floor_reached":68,"playtime":3001,"items_purged":["Injury"],"score":1451,"play_id":"adaab47f-3548-4829-aff1-46383a1e159b","local_time":"20210110223504","is_ascension_mode":true,"campfire_choices":[{"data":"infinitespire:Collect","floor":6,"key":"SMITH"},{"data":"FIFO Queue","floor":15,"key":"SMITH"},{"floor":27,"key":"REST"},{"floor":32,"key":"REST"},{"data":"Mayhem","floor":66,"key":"SMITH"}],"circlet_count":0,"master_deck":["Strike_B","Strike_B","Strike_B","Strike_B","Defend_B","Defend_B","Defend_B","Defend_B","Zap","Dualcast","Gash+1","ReplayTheSpireMod:Calculation Training","infinitespire:Collect+1","FIFO Queue+1","Rip and Tear","Gash+1","MostiFishMod:Hijack+1","Ball Lightning","BasicCrystalCard","MostiFishMod:ATRI+1","Sweeping Beam","ReplayGash","Compile Driver","BasicCrystalCard+1","MostiFishMod:IntelligentEquipment","aspiration:Polymerization","Chaos","Cold Snap+1","Mirror Shield","ReplayGash+1","Beam Cell+1","Beam Cell+1","MostiFishMod:PushDownKick+1","Scrape","BasicCrystalCard+1","ReplayTheSpireMod:Repulse+1","Mayhem+1","Glacier","Electrodynamics","Gash+1","Crystallizer","MostiFishMod:Mottled+1","Defragment","Gash+1","MostiFishMod:IceShield","ReplayTheSpireMod:Faulty Equipment","MostiFishMod:GoodWordForIt","Reprogram","Amplify","MostiFishMod:LinkProtocol"],"relics":["construct:Cogwheel","DaveBox","DianDianMeat","aspiration:HatOfInfinitePower","SynthV:TestCard","infinitespire:BottledMercury","Potion Belt","Blue Doll","Mummified Hand","conspire:TopHat","Empty Cage","Gensokyo:ChorusOfJoy","Gensokyo:ConquerorOfFear","halation:PinkSoulGem","CeramicFish","aspiration:EnhancedActuators","conspire:BottledYoYo","Replay:Multitool","Replay:Bottled Eggs","Durian","Black Star","ReplayTheSpireMod:CursedCoin","Lantern","SynthV","conspire:DecoderRing","aspiration:ArtOfWarUpgrade","Replay:Bottled Snecko","Strawberry","Solar Panel","MerchantsRug","Pear","Pantograph","JellyFishMachine","infinitespire:Cubic Diamond","BirthdayGift-Icosahedron","aspiration:MysteriousAuxiliaryCore","The Courier","halation:Trompette","Oddly Smooth Stone","ThornShield","ReplayTheSpireMod:Ring of Challenge","Ring of Peace","SentryEyes","Mercury Hourglass","Tiny House"],"acts_visited":["Gensokyo:Gensokyo","Gensokyo:Gensokyoer","TheBeyond","Exordium","theJungle:Jungle"],"potions_floor_usage":[16,24],"damage_taken":[{"damage":2,"enemies":"Gensokyo:2_Kodama","floor":1,"turns":3},{"damage":18,"enemies":"Gensokyo:Mamizou","floor":3,"turns":8},{"damage":0,"enemies":"Gensokyo:3_Fairies","floor":7,"turns":3},{"damage":23,"enemies":"Gensokyo:Aya","floor":8,"turns":5},{"damage":7,"enemies":"Gensokyo:Gryphon","floor":10,"turns":3},{"damage":19,"enemies":"Gensokyo:Cirno","floor":11,"turns":5},{"damage":4,"enemies":"Gensokyo:Aya","floor":13,"turns":5},{"damage":10,"enemies":"Gensokyo:VengefulSpirit","floor":14,"turns":3},{"damage":56,"enemies":"Gensokyo:Reimu","floor":16,"turns":11},{"damage":0,"enemies":"Gensokyo:2_Gloops","floor":18,"turns":2},{"damage":36,"enemies":"Gensokyo:CosmicMonolith","floor":22,"turns":5},{"damage":102,"enemies":"Gensokyo:Swordslinger","floor":24,"turns":5},{"damage":44,"enemies":"Gensokyo:Monolith_and_Dog","floor":25,"turns":4},{"damage":58,"enemies":"Gensokyo:Tenshi","floor":28,"turns":4},{"damage":13,"enemies":"Gensokyo:Chomper_and_Gloop","floor":29,"turns":3},{"damage":36,"enemies":"Gensokyo:Reisen","floor":30,"turns":5},{"damage":12,"enemies":"Gensokyo:Slime_Group","floor":31,"turns":3},{"damage":85,"enemies":"Gensokyo:Eternal_Rivals","floor":33,"turns":7},{"damage":18,"enemies":"3 Shapes","floor":35,"turns":4},{"damage":23,"enemies":"Orb Walker","floor":36,"turns":3},{"damage":40,"enemies":"4 Shapes","floor":38,"turns":4},{"damage":9,"enemies":"Nightmare","floor":40,"turns":6},{"damage":45,"enemies":"Writhing Mass","floor":41,"turns":5},{"damage":0,"enemies":"Maw","floor":45,"turns":3},{"damage":38,"enemies":"Nemesis","floor":48,"turns":3},{"damage":84,"enemies":"conspire:OrnateMirror","floor":50,"turns":5},{"damage":0,"enemies":"Cultist","floor":52,"turns":2},{"damage":14,"enemies":"Small Slimes","floor":55,"turns":2},{"damage":0,"enemies":"Lagavulin","floor":57,"turns":2},{"damage":0,"enemies":"Jaw Worm","floor":59,"turns":1},{"damage":0,"enemies":"3 Sentries","floor":61,"turns":2},{"damage":0,"enemies":"Gremlin Nob","floor":63,"turns":2},{"damage":0,"enemies":"Large Slime","floor":64,"turns":2},{"damage":988,"enemies":"Hexaghost","floor":67,"turns":3}],"seed_played":"1372962583890501104","potions_obtained":[{"floor":7,"key":"Fire Potion"},{"floor":8,"key":"Flashbang"},{"floor":11,"key":"SkillPotion"},{"floor":13,"key":"Toxic Potion"},{"floor":18,"key":"Adrenaline Potion"},{"floor":25,"key":"FairyPotion"}],"is_trial":false,"path_per_floor":["M","?","?","?","?","R","M","E","T","M","E","?","E","M","R","B",null,"M","COS","?","?","M","?","M","M","T","R","E","M","E","M","R","B",null,"M","M","$","M","?","NM","M","R","T","R","M","T","$","E","R","B",null,"M","?","?","M","$","E","R","M","T","E","R","E","M","?","R","B",null],"character_chosen":"DEFECT","items_purchased":["aspiration:HatOfInfinitePower","ReplayTheSpireMod:CursedCoin","Lantern","SynthV","Mayhem","MerchantsRug","BirthdayGift-Icosahedron","aspiration:MysteriousAuxiliaryCore","MostiFishMod:Mottled+1"],"campfire_rested":2,"item_purchase_floors":[0,37,37,37,47,47,56,56,56],"current_hp_per_floor":[74,74,58,78,90,90,96,80,80,81,71,71,77,78,78,34,153,166,228,228,228,210,210,127,103,103,188,151,160,152,164,278,218,405,413,417,474,464,309,300,288,480,487,487,521,521,556,568,568,550,800,838,838,838,863,903,947,947,990,990,1040,1084,1130,1178,1225,1225,300,1327,1327],"gold":508,"neow_bonus":"","is_daily":false,"chose_seed":false,"campfire_upgraded":3,"win_rate":0.0,"timestamp":1610292904,"path_taken":["M","?","?","?","?","R","M","E","T","M","E","?","E","M","R","BOSS","M","COS","?","?","M","?","M","M","T","R","E","?","E","M","R","BOSS","M","M","$","M","?","NM","M","R","T","R","?","?","$","E","R","BOSS","M","?","?","M","$","E","R","M","T","E","R","E","M","?","R","BOSS"],"items_purchased_type":["Relic","Relic","Relic","Relic","Card","Relic","Relic","Relic","Card"],"build_version":"2020-12-22","purchased_purges":1,"victory":false,"max_hp_per_floor":[76,76,78,78,90,90,96,103,103,111,120,120,130,141,141,153,153,166,228,228,228,246,246,265,285,285,285,306,328,356,380,380,405,405,431,458,515,545,608,608,641,641,648,648,682,682,717,763,763,800,800,838,838,838,877,917,958,958,1000,1000,1043,1087,1132,1178,1225,1225,1273,1327,1327],"card_choices":[{"not_picked":["Streamline","Ball Lightning"],"picked":"Gash","floor":1},{"not_picked":["BasicCrystalCard","Sweeping Beam","Coolheaded","ReplayTheSpireMod:System Scan"],"picked":"ReplayTheSpireMod:Calculation Training","floor":3},{"not_picked":["infinitespire:NeuralNetwork","infinitespire:SealOfDarkness+"],"picked":"infinitespire:Collect","floor":5},{"not_picked":["Storm","Fission","Stack","Rebound"],"picked":"FIFO Queue","floor":7},{"not_picked":["MostiFishMod:ReprogramOld","Go for the Eyes","Double Energy","Panic Button"],"picked":"Rip and Tear","floor":8},{"not_picked":["Double Energy","Turbo","Streamline","Chill"],"picked":"Gash","floor":10},{"not_picked":["Turbo","Doom and Gloom","Melter","Leap"],"picked":"MostiFishMod:Hijack","floor":11},{"not_picked":["Barrage","Defragment","Steam","ReplayTheSpireMod:Reroute Power"],"picked":"Ball Lightning","floor":13},{"not_picked":["Redo","Beam Cell","Skim","conspire:SharedLibrary"],"picked":"BasicCrystalCard","floor":14},{"not_picked":["Echo Form","MostiFishMod:Hijack","MostiFishMod:Tomorrow","Machine Learning"],"picked":"MostiFishMod:ATRI","floor":16},{"not_picked":["Leap","FIFO Queue","Streamline","Turbo"],"picked":"Sweeping Beam","floor":18},{"not_picked":["Double Energy","Reprogram+1","MostiFishMod:PushDownKick","conspire:SharedLibrary"],"picked":"ReplayGash","floor":22},{"not_picked":["Buffer","Capacitor","Turbo","Aggregate"],"picked":"Compile Driver","floor":24},{"not_picked":["Ball Lightning+1","ReplayTheSpireMod:Calculation Training","Go for the Eyes","Panic Button"],"picked":"BasicCrystalCard+1","floor":25},{"not_picked":["Gash","Panic Button","Loop","Leap"],"picked":"MostiFishMod:IntelligentEquipment","floor":28},{"not_picked":["Beam Cell+1","Barrage+1","Hello World","Glacier"],"picked":"aspiration:Polymerization","floor":29},{"not_picked":["ReplayTheSpireMod:System Scan","Stack+1","Cold Snap","Compile Driver"],"picked":"Chaos","floor":30},{"not_picked":["Genetic Algorithm","Buffer","Time Bomb","ReplaySolidLightProjector"],"picked":"Cold Snap+1","floor":31},{"not_picked":["MostiFishMod:Tomorrow","MostiFishMod:Distribution","MostiFishMod:IntelligentEquipment","Biased Cognition"],"picked":"Mirror Shield","floor":33},{"not_picked":["Stack+1","MostiFishMod:LinkProtocol","Streamline","ReplaySort+1"],"picked":"ReplayGash+1","floor":35},{"not_picked":["Coolheaded","Compile Driver","Aggregate+1","Sunder+1"],"picked":"Beam Cell+1","floor":36},{"not_picked":["ReplayTheSpireMod:System Scan+1","MostiFishMod:FluxCapactior","Heatsinks+1","Force Field"],"picked":"Beam Cell+1","floor":38},{"not_picked":["Compile Driver","Scrape","Biased Cognition","Barrage+1"],"picked":"MostiFishMod:PushDownKick","floor":39},{"not_picked":["Coolheaded+1","Skim","Redo","Compile Driver+1"],"picked":"Scrape","floor":39},{"not_picked":["Skim+1","ReplayTheSpireMod:Repulse","Defragment+1","Chill","Redo"],"picked":"SKIP","floor":40},{"not_picked":["Amplify","Ball Lightning+1","Loop+1","Self Repair+1"],"picked":"BasicCrystalCard+1","floor":41},{"not_picked":["Ball Lightning+1","Lockon","Hologram+1","MostiFishMod:PushDownKick+1"],"picked":"ReplayTheSpireMod:Repulse+1","floor":45},{"not_picked":["Undo","MostiFishMod:PushDownKick","Rebound+1","Leap"],"picked":"Glacier","floor":48},{"not_picked":["MostiFishMod:IceShield","MostiFishMod:IntelligentEquipment","MostiFishMod:GoodWordForIt","Thunder Strike"],"picked":"Electrodynamics","floor":50},{"not_picked":["Rebound","Sweeping Beam","Reinforced Body","Chill"],"picked":"Gash","floor":52},{"not_picked":["Barrage","Ball Lightning","Redo","Steam"],"picked":"Crystallizer","floor":55},{"not_picked":["ReplayTheSpireMod:System Scan","Panic Button","Hologram","ReplayGash"],"picked":"Defragment","floor":57},{"not_picked":["BootSequence","Reprogram","Hologram","Conserve Battery"],"picked":"Gash","floor":59},{"not_picked":["MostiFishMod:PushDownKick","Hologram","Streamline","Compile Driver"],"picked":"MostiFishMod:IceShield","floor":61},{"not_picked":["Static Discharge","Meteor Strike","Ball Lightning","Stack"],"picked":"White Noise","floor":63},{"not_picked":["Coolheaded","BasicCrystalCard","Compile Driver","Melter"],"picked":"MostiFishMod:GoodWordForIt","floor":64},{"not_picked":["MostiFishMod:IceShield","MostiFishMod:Culaccino","MostiFishMod:TalkingToTheRain","Buffer"],"picked":"Amplify","floor":67},{"not_picked":["Genetic Algorithm","FTL","ReplaySolidLightProjector","Reinforced Body"],"picked":"MostiFishMod:LinkProtocol","floor":68}],"player_experience":338288,"relics_obtained":[{"floor":1,"key":"SynthV:TestCard"},{"floor":3,"key":"infinitespire:BottledMercury"},{"floor":8,"key":"Potion Belt"},{"floor":9,"key":"Blue Doll"},{"floor":11,"key":"Mummified Hand"},{"floor":13,"key":"conspire:TopHat"},{"floor":22,"key":"Gensokyo:ConquerorOfFear"},{"floor":26,"key":"conspire:BottledYoYo"},{"floor":28,"key":"Replay:Bottled Eggs"},{"floor":30,"key":"Durian"},{"floor":39,"key":"conspire:DecoderRing"},{"floor":40,"key":"Art of War"},{"floor":40,"key":"Replay:Bottled Snecko"},{"floor":43,"key":"Strawberry"},{"floor":46,"key":"Solar Panel"},{"floor":48,"key":"Pear"},{"floor":48,"key":"Pantograph"},{"floor":57,"key":"The Courier"},{"floor":57,"key":"halation:Trompette"},{"floor":61,"key":"Oddly Smooth Stone"},{"floor":61,"key":"ThornShield"},{"floor":62,"key":"ReplayTheSpireMod:Ring of Challenge"},{"floor":62,"key":"Ring of Peace"},{"floor":63,"key":"SentryEyes"},{"floor":63,"key":"Mercury Hourglass"}],"event_choices":[{"damage_healed":0,"gold_gain":0,"player_choice":"3","damage_taken":0,"max_hp_gain":0,"max_hp_loss":0,"event_name":"betterMatch:BetterMatch","floor":2,"gold_loss":0,"cards_obtained":[]},{"cards_removed":["Pain"],"damage_healed":0,"gold_gain":0,"player_choice":"Purged","damage_taken":0,"max_hp_gain":0,"max_hp_loss":0,"event_name":"Purifier","floor":54,"gold_loss":0},{"damage_healed":0,"gold_gain":0,"player_choice":"Forge","damage_taken":0,"max_hp_gain":0,"max_hp_loss":0,"event_name":"Accursed Blacksmith","floor":58,"gold_loss":0,"cards_upgraded":["MostiFishMod:ATRI"]},{"damage_healed":0,"gold_gain":0,"cards_transformed":["White Noise"],"player_choice":"Transformed","damage_taken":0,"max_hp_gain":0,"max_hp_loss":0,"event_name":"Transmorgrifier","floor":65,"gold_loss":0,"cards_obtained":["Reprogram"]}],"is_beta":false,"boss_relics":[{"not_picked":["Cursed Key","halation:LoveArrow"],"picked":"Empty Cage"},{"not_picked":["aspiration:RunicSpoon","aspiration:SecretTechniqueScroll"],"picked":"Black Star"},{"not_picked":["GreenFoldingFan","Ring of Chaos"],"picked":"JellyFishMachine"},{"not_picked":["OneHitWonderSystem","SacredBark"],"picked":"Tiny House"}],"items_purged_floors":[37],"is_endless":true,"potions_floor_spawned":[7,8,11,13,18,25,28,33,38,40,45,50,52,55,59,61,67],"ascension_level":1}}