{"host":"cwd5s03r1oaxs6mx","time":1610282203,"event":{"mods":["Act Like it!","BaseMod","Better Third Choice","BetterRewards","CapriCore","Card Filter","Colored Map","Custom Start","DeckTracker","Friendly Minions","Hubris","Infinite Spire","Marisa£¨Ùöéë¡¡Øª×âÞÞ£©","Minty Spire (QoL Compilation)","Quick Restart","Relic Stats","Shop Mod","Spicy Shops","StSLib","SuperFastMode"],"gold_per_floor":[137,137,137,170,199,228,228,294,294,350,140,140,193,227,227,549,549,637,646,646,704,717,953,1000,1076,1100,1180,207,415,515,122,122,625,625,776,776,829,829,829,829,1050,1050,1050,1415,1505,1865,1865,2026,2026,3126,3126,3126,2280,2306,2306],"floor_reached":56,"playtime":3081,"items_purged":["Strike_MRS","Strike_MRS","Strike_MRS","Defend_MRS","Strike_MRS+1"],"score":1956,"play_id":"e57cef42-453e-43e4-b249-463b17f45b09","local_time":"20210110213643","is_ascension_mode":true,"campfire_choices":[{"data":"UnstableBomb","floor":7.0,"key":"SMITH"},{"data":"MasterSpark","floor":12.0,"key":"SMITH"},{"floor":15.0,"key":"REST"},{"data":"PowerUp","floor":32.0,"key":"SMITH"},{"data":"MilkyWay","floor":40.0,"key":"SMITH"},{"floor":42.0,"key":"RECALL"},{"floor":47.0,"key":"REST"},{"data":"Robbery","floor":49.0,"key":"SMITH"},{"data":"Defend_MRS","floor":52.0,"key":"SMITH"}],"circlet_count":0,"master_deck":["Defend_MRS","Defend_MRS","Defend_MRS+1","MasterSpark+1","UpSweep+1","PowerUp+1","UnstableBomb+1","MilkyWay+1","Robbery+1","MilkyWay+1","PropBag+1","MilkyWay+1","OneTimeOff+1","MilkyWay+1","MachineGunSpark+1","PowerUp+1","Singularity+1","Necronomicurse","SporeBomb+1","UnstableBomb+1","Panacea+1","Finesse+1","MillisecondPulsars+1","ChargingUp+1","EarthLightRay+1","Dark Shackles+1"],"relics":["MiniHakkero","Toxic Egg 2","Matryoshka","hubris:MysteriousPyramids","infinitespire:Bottled Soul","White Beast Statue","Whetstone","CeramicFish","Bag of Preparation","hubris:VirtuousBlindfold","Necronomicon","hubris:Spice","Orichalcum","hubris:EmptyBottle","StoneCalendar","infinitespire:Satchel","Sundial","Lantern","hubris:MobiusCoin"],"acts_visited":["Exordium","TheCity","TheBeyond","TheEnding"],"potions_floor_usage":[55,55,55,55,55],"damage_taken":[{"damage":1.0,"enemies":"Small Slimes","floor":1.0,"turns":3.0},{"damage":0.0,"enemies":"Jaw Worm","floor":4.0,"turns":3.0},{"damage":0.0,"enemies":"Cultist","floor":5.0,"turns":3.0},{"damage":2.0,"enemies":"Gremlin Nob","floor":6.0,"turns":3.0},{"damage":27.0,"enemies":"3 Sentries","floor":8.0,"turns":9.0},{"damage":8.0,"enemies":"Lagavulin","floor":10.0,"turns":5.0},{"damage":2.0,"enemies":"2 Fungi Beasts","floor":13.0,"turns":3.0},{"damage":11.0,"enemies":"Gremlin Nob","floor":14.0,"turns":3.0},{"damage":15.0,"enemies":"The Guardian","floor":16.0,"turns":7.0},{"damage":0.0,"enemies":"Shell Parasite","floor":18.0,"turns":4.0},{"damage":12.0,"enemies":"3 Byrds","floor":21.0,"turns":4.0},{"damage":0.0,"enemies":"Snake Plant","floor":22.0,"turns":1.0},{"damage":12.0,"enemies":"Book of Stabbing","floor":23.0,"turns":4.0},{"damage":1.0,"enemies":"Snecko","floor":24.0,"turns":3.0},{"damage":6.0,"enemies":"Slavers","floor":25.0,"turns":4.0},{"damage":0.0,"enemies":"Sentry and Sphere","floor":27.0,"turns":4.0},{"damage":5.0,"enemies":"Book of Stabbing","floor":29.0,"turns":4.0},{"damage":0.0,"enemies":"Champ","floor":33.0,"turns":5.0},{"damage":12.0,"enemies":"Orb Walker","floor":35.0,"turns":3.0},{"damage":1.0,"enemies":"3 Darklings","floor":37.0,"turns":3.0},{"damage":0.0,"enemies":"Giant Head","floor":41.0,"turns":3.0},{"damage":27.0,"enemies":"Nemesis","floor":44.0,"turns":3.0},{"damage":0.0,"enemies":"Sphere and 2 Shapes","floor":45.0,"turns":3.0},{"damage":0.0,"enemies":"Spire Growth","floor":46.0,"turns":4.0},{"damage":2.0,"enemies":"Reptomancer","floor":48.0,"turns":3.0},{"damage":5.0,"enemies":"infinitespire:MassOfShapes","floor":50.0,"turns":5.0},{"damage":0,"enemies":"Shield and Spear","floor":54,"turns":4},{"damage":35,"enemies":"The Heart","floor":55,"turns":5}],"seed_played":"-860949430499739773","potions_obtained":[{"floor":5.0,"key":"PowerPotion"},{"floor":6.0,"key":"SkillPotion"},{"floor":10.0,"key":"LiquidBronze"},{"floor":14.0,"key":"Block Potion"},{"floor":21.0,"key":"ColorlessPotion"},{"floor":23.0,"key":"LiquidMemories"}],"is_trial":false,"path_per_floor":["M","?","T","M","M","E","R","E","T","E","$","R","M","E","R","B",null,"M","?","?","M","M","E","M","E","T","M","$","E","?","$","R","B",null,"M","?","M","T","?","R","E","R","T","E","M","M","R","E","R","B",null,"R","$","E","B",null],"character_chosen":"MARISA","items_purchased":["PowerUp","UnstableBomb","MilkyWay","Robbery","Toxic Egg 2","MilkyWay+1","MilkyWay+1","hubris:EmptyBottle","Panacea+1","StoneCalendar","hubris:Spice","Finesse+1","infinitespire:Satchel","Dark Shackles+1","DuplicationPotion","Dexterity Potion","hubris:MobiusCoin"],"campfire_rested":2,"item_purchase_floors":[0,0,0,0,0,0,11,28,28,28,28,31,31,53,53,53,53],"current_hp_per_floor":[67,60,60,60,60,58,58,31,31,23,23,23,21,10,32,17,61,61,45,45,33,33,29,28,30,30,30,30,25,25,25,25,25,63,51,51,50,50,50,50,50,50,50,23,23,35,57,55,55,56,70,70,70,75,42],"gold":2306,"neow_bonus":"","is_daily":false,"chose_seed":false,"campfire_upgraded":6,"win_rate":0.0,"timestamp":1610282203,"path_taken":["M","?","?","M","M","E","R","E","T","E","$","R","M","E","R","BOSS","M","?","?","?","M","E","M","E","T","M","$","E","?","?","R","BOSS","M","?","M","?","?","R","E","R","T","E","M","?","R","E","R","BOSS","R","$","E","BOSS"],"items_purchased_type":["Card","Card","Card","Card","Relic","Card","Card","Relic","Card","Relic","Relic","Card","Relic","Card","Potion","Potion","Relic"],"build_version":"2020-12-22","purchased_purges":5,"victory":true,"max_hp_per_floor":[75,75,75,75,75,75,75,75,75,75,75,75,75,75,75,75,75,75,75,75,75,75,83,83,91,91,91,83,75,75,75,75,75,75,75,75,75,75,75,75,75,75,75,75,75,75,75,75,75,75,75,75,75,75,75],"relic_stats":{"counters":[60,229],"Sundial":[10],"CeramicFish":117,"StoneCalendar":[0],"Bag of Preparation":[42],"Necronomicon":[10],"Whetstone":["Strike_MRS","UpSweep"],"Orichalcum":[12],"obtain_stats":[{"AmplifyWand":54,"infinitespire:BottledMercury":0,"Lantern":7,"Regal Pillow":25,"Gremlin Horn":6,"CeramicFish":12,"hubris:VirtuousBlindfold":17,"StoneCalendar":28,"Bag of Preparation":53,"Whetstone":23,"hubris:EmptyBottle":0,"hubris:MysteriousPyramids":6,"hubris:Icosahedron":45,"Matryoshka":3,"Mummified Hand":44,"infinitespire:Bottled Soul":44,"Sundial":8,"Strawberry":47,"hubris:ScarierMask":34,"Necronomicon":19,"Kunai":10,"Toxic Egg 2":0,"SimpleLauncher":0,"hubris:MobiusCoin":53,"Pear":53,"Blue Candle":14,"Oddly Smooth Stone":26,"Pen Nib":9,"Letter Opener":13,"hubris:Towel":3,"War Paint":54,"Frozen Egg 2":0,"Orichalcum":26,"White Beast Statue":9,"Mercury Hourglass":23,"ShroomBag":29,"ExperimentalFamiliar":17,"Ornamental Fan":4,"Shuriken":5,"hubris:Spice":23,"Bronze Scales":11,"infinitespire:Satchel":31,"hubris:PeanutButter":14,"Art of War":7,"MiniHakkero":0,"Membership Card":0,"hubris:BottledRain":41,"Meat on the Bone":43},{"AmplifyWand":59,"infinitespire:BottledMercury":0,"Lantern":3,"Regal Pillow":15,"Gremlin Horn":36,"CeramicFish":31,"hubris:VirtuousBlindfold":41,"StoneCalendar":48,"Bag of Preparation":24,"Whetstone":14,"hubris:EmptyBottle":26,"hubris:MysteriousPyramids":36,"hubris:Icosahedron":22,"Matryoshka":33,"Mummified Hand":22,"infinitespire:Bottled Soul":22,"Sundial":37,"Strawberry":23,"hubris:ScarierMask":18,"Necronomicon":42,"Kunai":38,"Toxic Egg 2":32,"SimpleLauncher":26,"hubris:MobiusCoin":58,"Pear":24,"Blue Candle":40,"Oddly Smooth Stone":15,"Pen Nib":4,"Letter Opener":39,"hubris:Towel":1,"War Paint":25,"Frozen Egg 2":26,"Orichalcum":47,"White Beast Statue":37,"Mercury Hourglass":45,"ShroomBag":17,"ExperimentalFamiliar":9,"Ornamental Fan":34,"Shuriken":35,"hubris:Spice":45,"Bronze Scales":5,"infinitespire:Satchel":49,"hubris:PeanutButter":8,"Art of War":30,"MiniHakkero":0,"Membership Card":0,"hubris:BottledRain":21,"Meat on the Bone":21},{"AmplifyWand":221,"infinitespire:BottledMercury":0,"Lantern":7,"Regal Pillow":48,"Gremlin Horn":131,"CeramicFish":110,"hubris:VirtuousBlindfold":160,"StoneCalendar":184,"Bag of Preparation":84,"Whetstone":46,"hubris:EmptyBottle":90,"hubris:MysteriousPyramids":133,"hubris:Icosahedron":73,"Matryoshka":124,"Mummified Hand":71,"infinitespire:Bottled Soul":73,"Sundial":134,"Strawberry":78,"hubris:ScarierMask":58,"Necronomicon":164,"Kunai":143,"Toxic Egg 2":121,"SimpleLauncher":90,"hubris:MobiusCoin":220,"Pear":84,"Blue Candle":151,"Oddly Smooth Stone":48,"Pen Nib":10,"Letter Opener":148,"hubris:Towel":2,"War Paint":87,"Frozen Egg 2":90,"Orichalcum":180,"White Beast Statue":142,"Mercury Hourglass":170,"ShroomBag":54,"ExperimentalFamiliar":33,"Ornamental Fan":125,"Shuriken":128,"hubris:Spice":173,"Bronze Scales":17,"infinitespire:Satchel":188,"hubris:PeanutButter":27,"Art of War":107,"MiniHakkero":0,"Membership Card":0,"hubris:BottledRain":70,"Meat on the Bone":70}]},"card_choices":[{"not_picked":["WitchOfGreed","RefractionSpark"],"picked":"PropBag+1","floor":1.0},{"not_picked":["WitchLeyline","NonDirectionalLaser"],"picked":"MilkyWay+1","floor":4.0},{"not_picked":["Orbital+1","6A","IllusionStar+1"],"picked":"SKIP","floor":5.0},{"not_picked":["EnergyRecoil+1","ChargingUp+1"],"picked":"OneTimeOff+1","floor":6.0},{"not_picked":["BigCrunch+1","Robbery","FairyDestructionRay"],"picked":"SKIP","floor":8.0},{"not_picked":["NonDirectionalLaser","ShootingEcho","Occultation+1"],"picked":"SKIP","floor":10.0},{"not_picked":["DarkMatter+1","MilkyWay+1"],"picked":"MachineGunSpark","floor":13.0},{"not_picked":["StarlightTyphoon+1","NonDirectionalLaser"],"picked":"PowerUp+1","floor":14.0},{"not_picked":["WitchOfGreed","DC"],"picked":"Singularity+1","floor":18.0},{"not_picked":["AsteroidBelt+1","WitchOfGreed","PowerUp+1"],"picked":"SKIP","floor":21.0},{"not_picked":["IllusionStar+1","BigCrunch+1","WitchOfGreed"],"picked":"SKIP","floor":22.0},{"not_picked":["GrandCross+1","LuminesStrike"],"picked":"SporeBomb+1","floor":23.0},{"not_picked":["DoubleSpark","PowerUp+1"],"picked":"UnstableBomb+1","floor":24.0},{"not_picked":["ShootTheMoon+1","DC+1","EnergyRecoil+1"],"picked":"SKIP","floor":25.0},{"not_picked":["WitchLeyline","DC","UnstableBomb"],"picked":"SKIP","floor":27.0},{"not_picked":["WitchLeyline","Acceleration+1","MaximisePower+1"],"picked":"SKIP","floor":29.0},{"not_picked":["JA","hubris:SpiceAddiction"],"picked":"MillisecondPulsars","floor":33.0},{"not_picked":["hubris:SpiceAddiction","WitchLeyline","ShootingEcho+1"],"picked":"SKIP","floor":35.0},{"not_picked":["NonDirectionalLaser+1","OortCloud+1","6A"],"picked":"SKIP","floor":37.0},{"not_picked":["EarthLightRay+1","FairyDestructionRay"],"picked":"ChargingUp+1","floor":41.0},{"not_picked":["RefractionSpark+1","GasGiant+1","GrandCross"],"picked":"SKIP","floor":44.0},{"not_picked":["6A+1","AsteroidBelt+1","hubris:SpiceAddiction"],"picked":"SKIP","floor":45.0},{"not_picked":["WitchLeyline+1","StarlightTyphoon+1","GravityBeat+1"],"picked":"SKIP","floor":46.0},{"not_picked":["WitchOfGreed","OortCloud+1","EarthLightRay+1"],"picked":"SKIP","floor":48.0},{"not_picked":["WitchOfGreed","OortCloud+1"],"picked":"EarthLightRay+1","floor":48.0},{"not_picked":["Acceleration+1","EarthLightRay+1","NonDirectionalLaser"],"picked":"SKIP","floor":54}],"player_experience":1012195,"relics_obtained":[{"floor":3.0,"key":"Matryoshka"},{"floor":6.0,"key":"hubris:MysteriousPyramids"},{"floor":8.0,"key":"infinitespire:Bottled Soul"},{"floor":9.0,"key":"White Beast Statue"},{"floor":9.0,"key":"Whetstone"},{"floor":10.0,"key":"CeramicFish"},{"floor":14.0,"key":"Bag of Preparation"},{"floor":19.0,"key":"Necronomicon"},{"floor":23.0,"key":"hubris:Spice"},{"floor":25.0,"key":"hubris:Spice"},{"floor":26.0,"key":"Orichalcum"},{"floor":29.0,"key":"hubris:Spice"},{"floor":43.0,"key":"Sundial"},{"floor":44.0,"key":"Lantern"}],"event_choices":[{"cards_removed":["Decay"],"damage_healed":0.0,"max_hp_gain":0.0,"max_hp_loss":0.0,"gold_gain":0.0,"event_name":"Golden Wing","player_choice":"Card Removal","floor":2.0,"gold_loss":0.0,"damage_taken":7.0},{"damage_healed":0.0,"max_hp_gain":0.0,"max_hp_loss":0.0,"gold_gain":0.0,"event_name":"Cursed Tome","player_choice":"Obtained Book","floor":19.0,"gold_loss":0.0,"damage_taken":16.0},{"damage_healed":0.0,"max_hp_gain":0.0,"max_hp_loss":0.0,"gold_gain":0.0,"event_name":"Upgrade Shrine","player_choice":"Upgraded","floor":20.0,"gold_loss":0.0,"damage_taken":0.0,"cards_upgraded":["MachineGunSpark"]},{"damage_healed":0.0,"max_hp_gain":0.0,"max_hp_loss":0.0,"gold_gain":100.0,"event_name":"Golden Shrine","player_choice":"Pray","floor":30.0,"gold_loss":0.0,"damage_taken":0.0},{"damage_healed":0.0,"max_hp_gain":0.0,"max_hp_loss":0.0,"gold_gain":0.0,"event_name":"The Woman in Blue","player_choice":"Bought 0 Potions","floor":39.0,"gold_loss":0.0,"damage_taken":0.0}],"is_beta":false,"boss_relics":[{"not_picked":["Sozu","Fusion Hammer"],"picked":"hubris:VirtuousBlindfold"},{"not_picked":["hubris:Spice","hubris:Spice","hubris:Spice"]}],"items_purged_floors":[0,0,11,28,53],"is_endless":false,"potions_floor_spawned":[5,6,10,13,14,16,18,21,22,23,24,25,27,29,33,35,37,41,44,45,46,48,54],"ascension_level":7}}