{"host":"xu0zbcebhy6w9mdv","time":1610316984,"event":{"mods":["AchievementEnabler","Act Like it!","Aspiration","BaseMod","Better Match","Better Third Choice","BetterRewards","Colored Powertips","Downfall","Duelist Mod","Friendly Minions","Gensokyo","Hallownest","Hubris","Infinite Spire","Marisa????????","Minty Spire (QoL Compilation)","Potionbrewer","Quick Restart","READ ME - Guardian Mod","READ ME - Snecko Mod","Rare Cards Sparkle","Replay The Spire","Shop Mod","StSLib","The Animator","The Blackbeard","The Bug Knight","The Cursed","The Hierophant","The Necromancer","The Runesmith","The Servant 0.9.4"],"gold_per_floor":[152,180,204,225,225,225,63,107,130,130,130,155,202,202,202,284,284,307,307,335,360,410,448,448,486,486,516,516,516,516,516,516,613,613,638,669,213,213,239,239,239,293,319,0,0,35,69,112,112,138],"floor_reached":51,"playtime":2776,"items_purged":[],"score":1721,"play_id":"a0b8121c-0a58-425c-af7a-5041694e64a6","local_time":"20210110171624","is_ascension_mode":true,"campfire_choices":[{"data":"theDuelist:ClearKuriboh","floor":6,"key":"SMITH"},{"floor":15,"key":"REST"},{"data":"theDuelist:ClearKuriboh+1","floor":24,"key":"SMITH"},{"floor":30,"key":"REST"},{"data":"theDuelist:RainbowKuribohBasic","floor":32,"key":"SMITH"},{"data":"theDuelist:WhiteMagicalHat","floor":40,"key":"SMITH"},{"floor":49,"key":"REST"}],"circlet_count":0,"master_deck":["theDuelist:Zombyra+1","AscendersBane","theDuelist:RainbowKuribohBasic+1","theDuelist:Yami+1","theDuelist:RainbowFlower","theDuelist:WhiteMagicalHat+1","theDuelist:IrisEarthMother+1","theDuelist:HappyLover+1","theDuelist:DunamesDarkWitch+1","theDuelist:Hayate","theDuelist:CastleWalls","theDuelist:KamionTimelord+1","theDuelist:GateGuardian+1","theDuelist:RainbowNeos","theDuelist:CallGrave+1","hubris:EnhanceAbility+1","theDuelist:Sparks","theDuelist:Sparks","theDuelist:IrisEarthMother+1","theDuelist:Eva","theDuelist:ClearKuriboh+2"],"relics":["theDuelist:MillenniumPuzzle","theDuelist:CardPoolRelic","theDuelist:CardPoolBasicRelic","theDuelist:BoosterPackPoolRelic","theDuelist:CardPoolAddRelic","theDuelist:CardPoolMinusRelic","theDuelist:CardPoolSaveRelic","theDuelist:CardPoolOptionsRelic","Replay:Bandana","Replay:Mystery Machine","theDuelist:BoosterPackMonsterEgg","Potion Belt","Sundial","aspiration:RunesmithSkillbook","Pear","Replay:Kaleidoscope","theDuelist:ShopToken","Replay:Grab Bag","theDuelist:ElectricKey","hubris:VirtuousBlindfold","hubris:ScarierMask","Golden Egg","theDuelist:DuelistTeaSet","infinitespire:Golems Mask","Runesmith:AutoHammer","Orichalcum","Red Mask","Red Skull"],"acts_visited":["Exordium","TheCity","TheBeyond"],"potions_floor_usage":[13,18,18,33,33,48,50,50,50],"damage_taken":[{"damage":0,"enemies":"Small Slimes","floor":1,"turns":3},{"damage":0,"enemies":"Jaw Worm","floor":2,"turns":3},{"damage":0,"enemies":"2 Louse","floor":3,"turns":2},{"damage":2,"enemies":"Blue Slaver","floor":4,"turns":2},{"damage":5,"enemies":"Gremlin Nob","floor":8,"turns":4},{"damage":0,"enemies":"Red Slaver","floor":12,"turns":2},{"damage":0,"enemies":"3 Sentries","floor":13,"turns":4},{"damage":9,"enemies":"The Guardian","floor":16,"turns":9},{"damage":8,"enemies":"Chosen","floor":18,"turns":3},{"damage":0,"enemies":"Shell Parasite","floor":20,"turns":5},{"damage":3,"enemies":"Snake Plant","floor":21,"turns":4},{"damage":3,"enemies":"theDuelist:KaibaA2","floor":23,"turns":5},{"damage":3,"enemies":"Book of Stabbing","floor":25,"turns":4},{"damage":0,"enemies":"Chosen and Byrds","floor":27,"turns":3},{"damage":0,"enemies":"Collector","floor":33,"turns":3},{"damage":0,"enemies":"Orb Walker","floor":35,"turns":2},{"damage":0,"enemies":"3 Darklings","floor":36,"turns":2},{"damage":0,"enemies":"Sphere and 2 Shapes","floor":39,"turns":2},{"damage":0,"enemies":"Reptomancer","floor":42,"turns":2},{"damage":2,"enemies":"Transient","floor":46,"turns":6},{"damage":0,"enemies":"Spire Growth","floor":47,"turns":4},{"damage":40,"enemies":"Nemesis","floor":48,"turns":3},{"damage":15,"enemies":"Donu and Deca","floor":50,"turns":6}],"seed_played":"4319669095911921629","potions_obtained":[{"floor":1,"key":"BlessingOfTheForge"},{"floor":3,"key":"theDuelist:FreezingPotion"},{"floor":12,"key":"theDuelist:OrbBottle"},{"floor":13,"key":"champ:CounterPotion"},{"floor":18,"key":"potionbrewer:CleansingPotion"},{"floor":21,"key":"Swift Potion"},{"floor":25,"key":"DuplicationPotion"},{"floor":35,"key":"theDuelist:MillenniumElixir"},{"floor":47,"key":"theDuelist:BottledKuriboh"}],"is_trial":false,"path_per_floor":["M","M","M","M","?","R","$","E","T","?","?","M","E","$","R","B",null,"M","$","M","M","?","E","R","E","T","M","?","$","R","?","R","B",null,"M","M","$","?","M","R","T","E","T","?","?","M","M","E","R","B",null],"character_chosen":"THE_DUELIST","items_purchased":["Replay:Bandana","Replay:Mystery Machine","theDuelist:ShopToken","Golden Egg","hubris:EnhanceAbility"],"campfire_rested":3,"item_purchase_floors":[0,7,29,37,37],"current_hp_per_floor":[63,63,63,61,61,61,61,56,56,56,56,56,56,56,70,61,68,60,60,60,57,57,64,64,61,61,61,61,58,80,80,80,80,80,80,80,80,72,72,72,72,72,72,72,72,70,70,30,54,39],"gold":138,"neow_bonus":"","is_daily":false,"chose_seed":false,"campfire_upgraded":4,"win_rate":0.0,"timestamp":1610316984,"path_taken":["M","M","M","M","?","R","$","E","T","?","?","M","E","$","R","BOSS","M","$","M","M","?","E","R","E","T","?","?","?","R","?","R","BOSS","M","M","$","?","M","R","?","E","T","?","?","M","M","E","R","BOSS"],"items_purchased_type":["Relic","Relic","Relic","Relic","Card"],"build_version":"2020-12-22","purchased_purges":0,"victory":true,"max_hp_per_floor":[70,70,70,70,70,70,70,70,70,70,70,70,70,70,70,70,70,70,70,70,70,70,80,80,80,80,80,80,80,80,80,80,80,80,80,80,80,80,80,80,80,80,80,80,80,80,80,80,80,80],"card_choices":[{"not_picked":["theDuelist:Kasha","theDuelist:BabyDragon","theDuelist:KingYami","theDuelist:Jinzo"],"picked":"theDuelist:WhiteMagicalHat","floor":1},{"not_picked":["theDuelist:GraydleSlimeJr","theDuelist:BlizzardWarrior","theDuelist:DesLacooda","theDuelist:DragonPiper","theDuelist:GreenGadget"],"picked":"SKIP","floor":2},{"not_picked":["theDuelist:EarthquakeGiant","theDuelist:GaiaMidNightSun","theDuelist:HammerShot","theDuelist:LightningDarts"],"picked":"theDuelist:ClearKuriboh","floor":3},{"not_picked":["theDuelist:IronDraw","theDuelist:Boneheimer","theDuelist:FrillerRabca","theDuelist:SevenColoredFish","theDuelist:WanderingKing"],"picked":"SKIP","floor":4},{"not_picked":["theDuelist:Boneheimer","theDuelist:AmphibiousBugroth","theDuelist:FrillerRabca","theDuelist:SevenColoredFish","theDuelist:WanderingKing"],"picked":"SKIP","floor":8},{"not_picked":["theDuelist:GoblinZombie+1","theDuelist:Lajinn+1","theDuelist:DarkMagician+1","theDuelist:VampireLord+1"],"picked":"theDuelist:Zombyra+1","floor":12},{"not_picked":["theDuelist:GoblinZombie+1","theDuelist:GraydleSlimeJr+1","theDuelist:PatricianDarkness+1","theDuelist:Biofalcon+1","theDuelist:BlacklandFireDragon+1"],"picked":"SKIP","floor":13},{"not_picked":["theDuelist:RainbowFlower+1","theDuelist:DunamesDarkWitch+1","theDuelist:RainbowKuriboh+1","theDuelist:RainbowOverdragon+1"],"picked":"theDuelist:HappyLover+1","floor":16},{"not_picked":["theDuelist:ArchfiendSoldier+1","theDuelist:DunamesDarkWitch+1","theDuelist:SpiritHarp+1","theDuelist:GraydleSlimeJr+1","theDuelist:TributeDoomed"],"picked":"SKIP","floor":18},{"not_picked":["theDuelist:BlizzardDefender+1","theDuelist:BlacklandFireDragon+1","theDuelist:BlasterDragonInfernos+1","theDuelist:FrillerRabca+1"],"picked":"theDuelist:IrisEarthMother+1","floor":20},{"not_picked":["theDuelist:Biofalcon+1","theDuelist:ArchfiendSoldier+1","theDuelist:DarkMagician+1","theDuelist:RainbowFlower+1","theDuelist:Boneheimer+1"],"picked":"SKIP","floor":21},{"not_picked":["theDuelist:YamataDragon+1","theDuelist:DesLacooda+1","theDuelist:SangaThunder+1","theDuelist:Boneheimer+1"],"picked":"theDuelist:Yami+1","floor":23},{"not_picked":["theDuelist:Lajinn+1","theDuelist:BabyDragon+1","theDuelist:BetaMagnet+1","theDuelist:NeoMagic+1","theDuelist:WhiteHowling"],"picked":"SKIP","floor":25},{"not_picked":["theDuelist:CallGrave","theDuelist:DarkMasterZorc+1","theDuelist:HeartUnderdog","theDuelist:RainbowMagician+1"],"picked":"theDuelist:KamionTimelord+1","floor":27},{"not_picked":["theDuelist:HeartUnderdog","theDuelist:IceQueen+1","theDuelist:StardustDragon+1","theDuelist:RainbowMagician+1"],"picked":"theDuelist:GateGuardian+1","floor":33},{"not_picked":["theDuelist:Kasha+1","theDuelist:SummonedSkull+1","theDuelist:SevenColoredFish+1","theDuelist:SangaThunder+1","theDuelist:CatShark+1"],"picked":"SKIP","floor":35},{"not_picked":["theDuelist:ShadowVampire+1","theDuelist:VampireFraulein+1","theDuelist:VampireGrace+1","theDuelist:VampireLord+1","theDuelist:VampireGenesis+1"],"picked":"SKIP","floor":36},{"not_picked":["theDuelist:PatricianDarkness+1","theDuelist:RainbowNeos+1","theDuelist:RevivalJam+1","theDuelist:WhiteMagicalHat+1","theDuelist:Umi"],"picked":"SKIP","floor":39},{"not_picked":["theDuelist:VampireGrace+1","theDuelist:DarkMasterZorc+1","theDuelist:KamionTimelord+1","theDuelist:WingedKuribohLv10+1"],"picked":"theDuelist:CallGrave+1","floor":42},{"not_picked":["theDuelist:Jinzo+1","theDuelist:WhiteHornDragon+1","theDuelist:Umi+1","theDuelist:Mountain"],"picked":"SKIP","floor":46},{"not_picked":["theDuelist:ArchfiendSoldier+1","theDuelist:BlizzardWarrior+1","theDuelist:FlyingSaucer+1","theDuelist:OhFish","theDuelist:FrillerRabca+1"],"picked":"SKIP","floor":47},{"not_picked":["theDuelist:CardSafeReturn","theDuelist:TyrantWing","theDuelist:Umi","theDuelist:RainbowRefraction","theDuelist:RainbowRuins"],"picked":"SKIP","floor":48}],"player_experience":593350,"relics_obtained":[{"floor":8,"key":"theDuelist:BoosterPackMonsterEgg"},{"floor":9,"key":"Potion Belt"},{"floor":13,"key":"Sundial"},{"floor":23,"key":"Pear"},{"floor":25,"key":"Replay:Wax Seal"},{"floor":26,"key":"Replay:Kaleidoscope"},{"floor":41,"key":"infinitespire:Golems Mask"},{"floor":42,"key":"Runesmith:AutoHammer"},{"floor":43,"key":"Orichalcum"},{"floor":48,"key":"Red Skull"}],"event_choices":[{"damage_healed":0,"gold_gain":0,"player_choice":"Leave","duelist":true,"damage_taken":0,"max_hp_gain":0,"max_hp_loss":0,"event_name":"Egyptian Village","floor":10,"gold_loss":0},{"damage_healed":0,"gold_gain":0,"player_choice":"Leave","duelist":true,"damage_taken":0,"max_hp_gain":0,"max_hp_loss":0,"event_name":"Tomb of the Nameless","floor":11,"gold_loss":0},{"damage_healed":0,"gold_gain":50,"player_choice":"Pray","damage_taken":0,"max_hp_gain":0,"max_hp_loss":0,"event_name":"Golden Shrine","floor":22,"gold_loss":0},{"damage_healed":0,"gold_gain":0,"player_choice":"Scored: 373","duelist":true,"damage_taken":0,"max_hp_gain":0,"max_hp_loss":0,"event_name":"Visit from Anubis","floor":28,"gold_loss":0},{"damage_healed":0,"gold_gain":0,"player_choice":"Ignored","damage_taken":0,"max_hp_gain":0,"max_hp_loss":0,"event_name":"The Mausoleum","floor":31,"gold_loss":0},{"damage_healed":0,"gold_gain":0,"player_choice":"Dig - random Duelist relic","duelist":true,"damage_taken":0,"max_hp_gain":0,"max_hp_loss":0,"event_name":"Aknamkanon\u0027s Tomb","floor":38,"gold_loss":0},{"damage_healed":0,"gold_gain":0,"player_choice":"Paid","damage_taken":0,"relics_obtained":["Red Mask"],"max_hp_gain":0,"max_hp_loss":0,"event_name":"Tomb of Lord Red Mask","floor":44,"gold_loss":319},{"damage_healed":0,"gold_gain":0,"player_choice":"Upgraded","damage_taken":0,"max_hp_gain":0,"max_hp_loss":0,"event_name":"Upgrade Shrine","floor":45,"gold_loss":0,"cards_upgraded":["theDuelist:DunamesDarkWitch"]}],"is_beta":false,"boss_relics":[{"not_picked":["Snecko Eye","SacredBark"],"picked":"aspiration:RunesmithSkillbook"},{"not_picked":["Honey Jar","Coffee Dripper"],"picked":"Replay:Grab Bag"},{"not_picked":["Mark of Pain","theDuelist:HauntedRelic"],"picked":"theDuelist:ElectricKey"},{"not_picked":["Velvet Choker","Runesmith:UraniumAnvil"],"picked":"hubris:VirtuousBlindfold"},{"not_picked":["HoveringKite","Calling Bell"],"picked":"hubris:ScarierMask"}],"items_purged_floors":[],"is_endless":false,"potions_floor_spawned":[1,3,12,13,18,21,25,27,35,39,47],"ascension_level":18}}