{"host":"bpkhhmvsfrvlto2l","time":1610320283,"event":{"mods":["2.2 Compatiblity","AchievementEnabler","Act Like it!","AlwaysNeverKeys","Aspiration","BaseMod","Better Silent Start","Challenge The Spire","Colored Map","Colored Powertips","Custom Start","Downfall","Energized Spire","Friendly Minions","GifTheSpireLib","Halation","Hubris","Infinite Spire","Ironclad Rager","Mimic Mod","Minty Spire (QoL Compilation)","Permanent Neow","Quick Restart","Random Character Button","Relic Sorter","Replay The Spire","Spikes Relics","StSLib","Stuff the Spire","Swap Starting Deck Mod","Trackpad"],"gold_per_floor":[112,158,3,13,26,61,78,110,134,134,94,104,104,116,116,116,116],"floor_reached":16,"playtime":389,"items_purged":[],"score":123,"play_id":"b87c4a2b-ae0f-48bf-b8c4-fd48661aac8f","local_time":"20210110181123","is_ascension_mode":true,"campfire_choices":[{"floor":10,"key":"REST"},{"data":"Noxious Fumes","floor":15,"key":"SMITH"}],"circlet_count":0,"master_deck":["Strike_G","Strike_G","Strike_G","Strike_G","Defend_G","Defend_G","Defend_G","Defend_G","Survivor","Neutralize","Noxious Fumes+1","Caltrops","Poisoned Stab"],"relics":["Ring of the Snake","aspiration:Nostalgia","Sizzling Blood","Matryoshka","Lantern","trackpad:Mousetrap","Gremlin Horn","StuffTheSpire:Barrel"],"acts_visited":["Exordium"],"potions_floor_usage":[6,8],"damage_taken":[{"damage":0,"enemies":"2 Louse","floor":1,"turns":4},{"damage":0,"enemies":"Small Slimes","floor":4,"turns":4},{"damage":4,"enemies":"Cultist","floor":5,"turns":5},{"damage":20,"enemies":"Replay:BlueRogue","floor":6,"turns":7},{"damage":16,"enemies":"Large Slime","floor":7,"turns":6},{"damage":11,"enemies":"Lagavulin","floor":8,"turns":8},{"damage":10,"enemies":"Exordium Wildlife","floor":12,"turns":3},{"damage":0,"enemies":"3 Louse","floor":14,"turns":3},{"damage":2,"enemies":"Fading Forest","floor":16,"turns":4}],"seed_played":"-565294303605299468","potions_obtained":[{"floor":1,"key":"Explosive Potion"},{"floor":6,"key":"FearPotion"},{"floor":11,"key":"Doom Potion"},{"floor":11,"key":"GamblersBrew"},{"floor":11,"key":"Weak Potion"}],"is_trial":false,"path_per_floor":["M","?","$","M","M","E","M","E","T","R","?","M","?","M","R","B"],"character_chosen":"THE_SILENT","items_purchased":["Lantern"],"campfire_rested":1,"item_purchase_floors":[3],"current_hp_per_floor":[74,45,45,49,49,33,21,14,14,36,36,30,30,34,34,32,32],"gold":116,"neow_bonus":"NOSTALGIA","is_daily":false,"chose_seed":false,"campfire_upgraded":1,"win_rate":0.0,"timestamp":1610320283,"path_taken":["M","?","$","M","M","E","M","E","T","R","?","?","?","M","R","BOSS"],"items_purchased_type":["Relic"],"build_version":"2020-12-22","purchased_purges":0,"victory":false,"max_hp_per_floor":[74,74,74,74,74,74,74,74,74,74,74,74,74,74,74,74,74],"card_choices":[{"not_picked":["hubris:TrickCloak","Dodge and Roll"],"picked":"Noxious Fumes","floor":2},{"not_picked":["Sneak Up","Fluid Movement","Dodge and Roll"],"picked":"SKIP","floor":6},{"not_picked":["Expertise","Deadly Poison"],"picked":"Caltrops","floor":7},{"not_picked":["Acrobatics","Deflect"],"picked":"Poisoned Stab","floor":14}],"player_experience":61107,"relics_obtained":[{"floor":2,"key":"Matryoshka"},{"floor":6,"key":"trackpad:Mousetrap"},{"floor":8,"key":"Gremlin Horn"},{"floor":9,"key":"StuffTheSpire:Barrel"}],"event_choices":[{"damage_healed":0,"gold_gain":0,"player_choice":"Bought 3 Potions","damage_taken":0,"max_hp_gain":0,"max_hp_loss":0,"event_name":"The Woman in Blue","floor":11,"gold_loss":0},{"damage_healed":0,"gold_gain":0,"player_choice":"Ignored","damage_taken":0,"max_hp_gain":0,"max_hp_loss":0,"event_name":"Golden Wing","floor":13,"gold_loss":0}],"is_beta":false,"boss_relics":[],"items_purged_floors":[],"is_endless":false,"potions_floor_spawned":[1,6],"killed_by":"Fading Forest","ascension_level":2}}