{"host":"61r95uy0hn86b9iu","time":1610319200,"event":{"mods":["AchievementEnabler","BaseMod","Better Vampires","BetterRewards","Colored Powertips","Hubris","Minty Spire (QoL Compilation)","Shop Mod","StSLib"],"gold_per_floor":[119,38,51,51,201,201,233,233,258,269,303,315,350,364,364,441,441,457,1,21,39,39,39,56,56,56,56,67,67,67,79,79,79,79],"floor_reached":33,"playtime":2295,"items_purged":[],"score":734,"play_id":"f3376386-aa46-4d7b-acc3-9a6e42e47ad8","local_time":"20210110165320","is_ascension_mode":true,"campfire_choices":[{"data":"Bash","floor":6.0,"key":"SMITH"},{"floor":15.0,"key":"REST"},{"data":"Strike_R","floor":23.0,"key":"PURGE"},{"floor":25,"key":"REST"},{"floor":27,"key":"REST"},{"floor":32,"key":"REST"}],"circlet_count":0,"master_deck":["AscendersBane","Strike_R","Strike_R","Strike_R","Strike_R","Defend_R","Defend_R","Defend_R","Defend_R","Bash+1","Clothesline","Metallicize+1","Metallicize+1","Fire Breathing+1","Shrug It Off","Inflame+1","Juggernaut+1","Spot Weakness","Iron Wave","Pommel Strike","Armaments","Shame"],"relics":["Black Blood","Frozen Egg 2","Akabeko","Peace Pipe","Nunchaku","Pocketwatch","Red Skull","MerchantsRug","Shuriken","HornCleat","Pear","hubris:Towel"],"acts_visited":["Exordium","TheCity"],"potions_floor_usage":[28,28,33],"damage_taken":[{"damage":12.0,"enemies":"Cultist","floor":1.0,"turns":4.0},{"damage":5.0,"enemies":"Small Slimes","floor":3.0,"turns":4.0},{"damage":25.0,"enemies":"Gremlin Nob","floor":7.0,"turns":5.0},{"damage":0.0,"enemies":"2 Louse","floor":10.0,"turns":3.0},{"damage":6.0,"enemies":"3 Sentries","floor":11.0,"turns":5.0},{"damage":7.0,"enemies":"Large Slime","floor":12.0,"turns":5.0},{"damage":14.0,"enemies":"Lagavulin","floor":13.0,"turns":7.0},{"damage":22.0,"enemies":"Exordium Thugs","floor":14.0,"turns":6.0},{"damage":30.0,"enemies":"Hexaghost","floor":16.0,"turns":9.0},{"damage":15.0,"enemies":"Shell Parasite","floor":18.0,"turns":7.0},{"damage":19.0,"enemies":"2 Thieves","floor":20.0,"turns":4.0},{"damage":27.0,"enemies":"Snake Plant","floor":21.0,"turns":4.0},{"damage":36,"enemies":"Cultist and Chosen","floor":24,"turns":5},{"damage":50,"enemies":"Shelled Parasite and Fungi","floor":28,"turns":6},{"damage":25,"enemies":"Centurion and Healer","floor":31,"turns":8},{"damage":96,"enemies":"Collector","floor":33,"turns":7}],"seed_played":"-3810316539509466326","potions_obtained":[{"floor":3.0,"key":"Regen Potion"},{"floor":7.0,"key":"AttackPotion"},{"floor":11.0,"key":"Block Potion"},{"floor":13.0,"key":"Swift Potion"},{"floor":14.0,"key":"ElixirPotion"},{"floor":18.0,"key":"CultistPotion"},{"floor":24,"key":"Regen Potion"},{"floor":28,"key":"ElixirPotion"}],"is_trial":false,"path_per_floor":["M","$","M","?","?","R","E","?","T","M","E","M","E","M","R","B",null,"M","$","M","M","$","R","M","R","T","R","M","?","?","M","R","B"],"character_chosen":"IRONCLAD","items_purchased":["Frozen Egg 2","Lee\u0027s Waffle","Metallicize+1","MerchantsRug","Shuriken","Spot Weakness","Iron Wave"],"campfire_rested":4,"item_purchase_floors":[0,0,2,19,19,19,19],"current_hp_per_floor":[76,76,77,77,77,77,58,58,58,64,64,63,69,53,77,53,75,72,72,65,50,50,50,26,50,50,74,51,61,61,48,75,0,0],"gold":79,"neow_bonus":"","is_daily":false,"chose_seed":false,"campfire_upgraded":1,"win_rate":0.0,"timestamp":1610319200,"path_taken":["M","$","?","?","?","R","E","?","T","M","E","M","E","?","R","BOSS","M","$","M","M","$","R","M","R","T","R","M","?","?","M","R","BOSS"],"items_purchased_type":["Relic","Relic","Card","Relic","Relic","Card","Card"],"build_version":"2020-12-22","purchased_purges":0,"victory":false,"max_hp_per_floor":[82,82,82,82,82,82,82,82,82,82,82,82,82,82,82,82,82,82,82,82,82,82,82,82,82,82,82,82,92,92,92,92,92,92],"card_choices":[{"not_picked":["Perfected Strike","True Grit"],"picked":"Clothesline","floor":1.0},{"not_picked":["Dropkick","Anger"],"picked":"Metallicize+1","floor":3.0},{"not_picked":["Bludgeon","Warcry"],"picked":"Fire Breathing+1","floor":7.0},{"not_picked":["Clothesline","Wild Strike","Anger"],"picked":"SKIP","floor":10.0},{"not_picked":["Cleave","Impervious"],"picked":"Shrug It Off","floor":11.0},{"not_picked":["Anger","Pommel Strike","Wild Strike"],"picked":"SKIP","floor":12.0},{"not_picked":["Combust+1","Iron Wave"],"picked":"Inflame+1","floor":13.0},{"not_picked":["Thunderclap","Combust+1","Second Wind"],"picked":"SKIP","floor":14.0},{"not_picked":["Limit Break","Brutality+1"],"picked":"Juggernaut+1","floor":16.0},{"not_picked":["Infernal Blade+1","Anger","Wild Strike"],"picked":"SKIP","floor":18.0},{"not_picked":["Shrug It Off","Perfected Strike"],"picked":"Pommel Strike","floor":20.0},{"not_picked":["Anger+1","Sword Boomerang","True Grit"],"picked":"SKIP","floor":21.0},{"not_picked":["Flex","Sentinel+1","Fiend Fire"],"picked":"SKIP","floor":24},{"not_picked":["Headbutt","Rampage"],"picked":"Armaments","floor":28},{"not_picked":["Clash","Wild Strike","Bloodletting"],"picked":"SKIP","floor":31}],"player_experience":3261562,"relics_obtained":[{"floor":7.0,"key":"Peace Pipe"},{"floor":9.0,"key":"Nunchaku"},{"floor":11.0,"key":"Pocketwatch"},{"floor":13.0,"key":"Red Skull"},{"floor":26,"key":"HornCleat"}],"event_choices":[{"damage_healed":0.0,"max_hp_gain":0.0,"max_hp_loss":0.0,"gold_gain":0.0,"event_name":"Big Fish","player_choice":"Box","floor":4.0,"gold_loss":0.0,"damage_taken":0.0,"relics_obtained":["Akabeko"],"cards_obtained":["Regret"]},{"damage_healed":0.0,"max_hp_gain":0.0,"max_hp_loss":0.0,"gold_gain":150.0,"event_name":"Liars Game","player_choice":"AGREE","floor":5.0,"gold_loss":0.0,"damage_taken":0.0,"cards_obtained":["Doubt"]},{"cards_removed":["Doubt","Regret"],"damage_healed":0.0,"max_hp_gain":0.0,"max_hp_loss":0.0,"gold_gain":0.0,"event_name":"Fountain of Cleansing","player_choice":"Removed Curses","floor":8.0,"gold_loss":0.0,"damage_taken":0.0},{"damage_healed":0,"gold_gain":0,"player_choice":"Stole Relic","damage_taken":0,"relics_obtained":["Pear"],"max_hp_gain":0,"max_hp_loss":0,"event_name":"Addict","floor":29,"gold_loss":0,"cards_obtained":["Shame"]}],"is_beta":false,"boss_relics":[{"not_picked":["Runic Pyramid","hubris:BlackHole"],"picked":"Black Blood"}],"items_purged_floors":[],"is_endless":false,"potions_floor_spawned":[3,7,11,13,14,18,24,28],"killed_by":"Collector","ascension_level":20}}