{"host":"8u7tvcybuv0u72fd","time":1610260367,"event":{"mods":["BaseMod","BetterRewards","Colored Map","Colored Powertips","Minty Spire (QoL Compilation)","Quick Restart","Shop Mod"],"gold_per_floor":[16,16,28,43,43,43,43,74,74,149,149,169,169,186,186,283,283,295,311,329,348,121,121,36,28,98,98,98,25,39,79,79,183,183,201,222,194,194,217,86,97,97,97,109,168,168,168,177,177,177,177,177,21,54,54,54],"floor_reached":55,"playtime":2826,"items_purged":["Strike_R","Strike_R"],"score":935,"play_id":"426bfca4-02a5-4ed1-adca-6f73df05b8e2","local_time":"20210110013247","is_ascension_mode":false,"campfire_choices":[{"data":"Bash","floor":6.0,"key":"SMITH"},{"data":"Flex","floor":11.0,"key":"SMITH"},{"data":"Discovery","floor":15.0,"key":"SMITH"},{"data":"Juggernaut","floor":23.0,"key":"SMITH"},{"data":"Seeing Red","floor":28.0,"key":"SMITH"},{"data":"Defend_R","floor":32.0,"key":"SMITH"},{"data":"Double Tap","floor":42.0,"key":"SMITH"},{"data":"Disarm","floor":46.0,"key":"SMITH"},{"floor":47.0,"key":"RECALL"},{"data":"Defend_R","floor":49.0,"key":"SMITH"},{"data":"Defend_R","floor":52.0,"key":"SMITH"}],"circlet_count":0,"master_deck":["Strike_R","Strike_R+1","Defend_R+1","Defend_R+1","Defend_R+1","Defend_R+1","Bash+1","Flex+1","Seeing Red+1","Discovery+1","Juggernaut+1","CurseOfTheBell","Shrug It Off+1","Pommel Strike+1","Heavy Blade+1","Rampage+1","Battle Trance","Double Tap+1","Iron Wave+1","Uppercut+1","Twin Strike+1","Disarm+1","Wild Strike+1","Inflame","Mind Blast+1","Body Slam+1"],"relics":["Burning Blood","Pantograph","StoneCalendar","Membership Card","Letter Opener","Du-Vu Doll","Gremlin Horn","Art of War","Molten Egg 2","MerchantsRug","Bag of Marbles","Akabeko","Mercury Hourglass","SlaversCollar","HornCleat","Gambling Chip","Bronze Scales","Oddly Smooth Stone","Sling","Calipers"],"acts_visited":["TheCity","TheBeyond","TheEnding"],"potions_floor_usage":[55,55],"damage_taken":[{"damage":0.0,"enemies":"Small Slimes","floor":1.0,"turns":4.0},{"damage":2.0,"enemies":"2 Louse","floor":3.0,"turns":3.0},{"damage":1.0,"enemies":"Cultist","floor":4.0,"turns":4.0},{"damage":0.0,"enemies":"Gremlin Nob","floor":8.0,"turns":2.0},{"damage":0.0,"enemies":"3 Louse","floor":12.0,"turns":2.0},{"damage":0.0,"enemies":"2 Fungi Beasts","floor":14.0,"turns":2.0},{"damage":27.0,"enemies":"Slime Boss","floor":16.0,"turns":7.0},{"damage":18.0,"enemies":"3 Byrds","floor":18.0,"turns":4.0},{"damage":18.0,"enemies":"Spheric Guardian","floor":19.0,"turns":5.0},{"damage":13.0,"enemies":"Centurion and Healer","floor":20.0,"turns":6.0},{"damage":17.0,"enemies":"Snecko","floor":21.0,"turns":4.0},{"damage":5.0,"enemies":"Chosen and Byrds","floor":30.0,"turns":3.0},{"damage":18.0,"enemies":"Book of Stabbing","floor":31.0,"turns":3.0},{"damage":73.0,"enemies":"Collector","floor":33.0,"turns":7.0},{"damage":0.0,"enemies":"Orb Walker","floor":35.0,"turns":1.0},{"damage":2.0,"enemies":"3 Shapes","floor":36.0,"turns":3.0},{"damage":4.0,"enemies":"3 Darklings","floor":39.0,"turns":4.0},{"damage":21.0,"enemies":"Transient","floor":41.0,"turns":5.0},{"damage":20.0,"enemies":"Writhing Mass","floor":44.0,"turns":6.0},{"damage":26.0,"enemies":"Mind Bloom Boss Battle","floor":45.0,"turns":5.0},{"damage":86.0,"enemies":"Awakened One","floor":50.0,"turns":13.0},{"damage":12.0,"enemies":"Shield and Spear","floor":54.0,"turns":5.0},{"damage":121,"enemies":"The Heart","floor":55,"turns":6}],"seed_played":"4670958723205641044","potions_obtained":[{"floor":8.0,"key":"FairyPotion"},{"floor":20.0,"key":"Strength Potion"},{"floor":21.0,"key":"SkillPotion"},{"floor":31.0,"key":"Dexterity Potion"},{"floor":39.0,"key":"SteroidPotion"},{"floor":45.0,"key":"LiquidBronze"}],"is_trial":false,"path_per_floor":["M","$","M","M","?","R","?","E","T","?","R","M","?","M","R","B",null,"M","M","M","M","$","R","?","$","T","?","R","$","M","E","R","B",null,"M","M","$","?","M","$","M","R","T","M","?","R","R","?","R","B",null,"R","$","E","B"],"character_chosen":"IRONCLAD","items_purchased":["Pantograph","Membership Card","Letter Opener","Fruit Juice","Eternal Feather","ColorlessPotion","Strength Potion","MerchantsRug","Heavy Blade+1","Pear","Akabeko","Lee\u0027s Waffle","Uppercut+1","HornCleat","Bronze Scales","Oddly Smooth Stone","Sling","Inflame","Mind Blast+1"],"campfire_rested":0,"item_purchase_floors":[0,0,0,0,0,0,0,22,22,22,25,29,37,40,53,53,53,53,53],"current_hp_per_floor":[43,43,47,52,35,38,38,44,44,33,39,45,45,51,57,61,99,87,75,68,57,67,76,76,76,76,54,63,121,121,109,118,54,121,121,121,121,121,121,121,106,118,118,104,101,113,121,121,121,41,121,121,121,115,0,0],"gold":54,"neow_bonus":"","is_daily":false,"chose_seed":false,"campfire_upgraded":10,"win_rate":0.0,"timestamp":1610260367,"path_taken":["M","$","M","M","?","R","?","E","T","?","R","M","?","M","R","BOSS","M","M","?","M","$","R","?","$","T","?","R","$","M","E","R","BOSS","M","M","$","?","M","$","?","R","T","M","?","R","R","?","R","BOSS","R","$","E","BOSS"],"items_purchased_type":["Relic","Relic","Relic","Potion","Relic","Potion","Potion","Relic","Card","Relic","Relic","Relic","Card","Relic","Relic","Relic","Relic","Card","Card"],"build_version":"2020-12-22","purchased_purges":2,"victory":false,"max_hp_per_floor":[85,85,85,85,85,85,85,85,85,85,85,85,85,85,85,85,99,99,99,99,99,109,109,109,109,109,114,114,121,121,121,121,121,121,121,121,121,121,121,121,121,121,121,121,121,121,121,121,121,121,121,121,121,121,121,121],"card_choices":[{"not_picked":["Havoc","Sword Boomerang","Clothesline"],"picked":"SKIP","floor":1.0},{"not_picked":["Disarm","Carnage","Wild Strike"],"picked":"SKIP","floor":3.0},{"not_picked":["Sentinel","Havoc","Hemokinesis"],"picked":"SKIP","floor":4.0},{"not_picked":["Dark Embrace","Heavy Blade"],"picked":"Flex","floor":8.0},{"not_picked":["Pommel Strike","Sword Boomerang"],"picked":"Seeing Red","floor":12.0},{"not_picked":["Fiend Fire","Intimidate","Bloodletting"],"picked":"SKIP","floor":14.0},{"not_picked":["Impervious","Immolate"],"picked":"Juggernaut","floor":16.0},{"not_picked":["Havoc","Evolve"],"picked":"Shrug It Off+1","floor":18.0},{"not_picked":["Whirlwind+1","Perfected Strike+1"],"picked":"Pommel Strike+1","floor":19.0},{"not_picked":["Clash+1","Wild Strike+1","Shrug It Off"],"picked":"SKIP","floor":20.0},{"not_picked":["Rupture+1","True Grit","Shrug It Off+1"],"picked":"SKIP","floor":21.0},{"not_picked":["Thunderclap+1","True Grit"],"picked":"Rampage+1","floor":30.0},{"not_picked":["Wild Strike+1","Sever Soul+1"],"picked":"Battle Trance","floor":31.0},{"not_picked":["Immolate+1","Demon Form"],"picked":"Double Tap","floor":33.0},{"not_picked":["Heavy Blade+1","Wild Strike+1","Thunderclap+1"],"picked":"SKIP","floor":35.0},{"not_picked":["Sentinel+1","Flex"],"picked":"Iron Wave+1","floor":36.0},{"not_picked":["Seeing Red","Perfected Strike+1"],"picked":"Twin Strike+1","floor":39.0},{"not_picked":["Searing Blow+1","Heavy Blade+1","Intimidate+1"],"picked":"SKIP","floor":41.0},{"not_picked":["Combust","Clothesline+1","Fire Breathing+1"],"picked":"SKIP","floor":44.0},{"not_picked":["True Grit+1","Metallicize+1"],"picked":"Disarm","floor":45.0},{"not_picked":["Reckless Charge+1","Corruption"],"picked":"Body Slam+1","floor":54.0}],"player_experience":1291704,"relics_obtained":[{"floor":8.0,"key":"WingedGreaves"},{"floor":9.0,"key":"Gremlin Horn"},{"floor":17.0,"key":"Art of War"},{"floor":17.0,"key":"Molten Egg 2"},{"floor":17.0,"key":"Mango"},{"floor":26.0,"key":"Mercury Hourglass"},{"floor":31.0,"key":"CeramicFish"},{"floor":45.0,"key":"Gambling Chip"},{"floor":54.0,"key":"Calipers"}],"event_choices":[{"damage_healed":0.0,"max_hp_gain":0.0,"max_hp_loss":0.0,"gold_gain":0.0,"event_name":"Shining Light","player_choice":"Entered Light","floor":5.0,"gold_loss":0.0,"damage_taken":17.0,"cards_upgraded":["Strike_R","Defend_R"]},{"damage_healed":0.0,"max_hp_gain":0.0,"max_hp_loss":0.0,"gold_gain":0.0,"event_name":"Dead Adventurer","player_choice":"Searched \u00270\u0027 times","floor":7.0,"gold_loss":0.0,"damage_taken":0.0},{"damage_healed":0.0,"max_hp_gain":0.0,"max_hp_loss":0.0,"gold_gain":75.0,"event_name":"World of Goop","player_choice":"Gather Gold","floor":10.0,"gold_loss":0.0,"damage_taken":11.0},{"damage_healed":0.0,"max_hp_gain":0.0,"max_hp_loss":0.0,"gold_gain":0.0,"event_name":"Match and Keep!","player_choice":"1 cards matched","floor":13.0,"gold_loss":0.0,"damage_taken":0.0,"cards_obtained":["Discovery"]},{"damage_healed":0.0,"max_hp_gain":0.0,"max_hp_loss":0.0,"gold_gain":0.0,"event_name":"Addict","player_choice":"Obtained Relic","floor":24.0,"gold_loss":85.0,"damage_taken":0.0,"relics_obtained":["Bag of Marbles"]},{"damage_healed":0.0,"max_hp_gain":5.0,"max_hp_loss":0.0,"gold_gain":0.0,"event_name":"Forgotten Altar","player_choice":"Shed Blood","floor":27.0,"gold_loss":0.0,"damage_taken":27.0},{"damage_healed":0.0,"max_hp_gain":0.0,"max_hp_loss":0.0,"gold_gain":0.0,"event_name":"The Woman in Blue","player_choice":"Bought 0 Potions","floor":38.0,"gold_loss":0.0,"damage_taken":0.0},{"damage_healed":0.0,"max_hp_gain":0.0,"max_hp_loss":0.0,"gold_gain":0.0,"event_name":"MindBloom","player_choice":"Fight","floor":45.0,"gold_loss":0.0,"damage_taken":0.0},{"damage_healed":0.0,"max_hp_gain":0.0,"max_hp_loss":0.0,"gold_gain":0.0,"cards_transformed":["Strike_R"],"event_name":"Transmorgrifier","player_choice":"Transformed","floor":48.0,"gold_loss":0.0,"damage_taken":0.0,"cards_obtained":["Wild Strike"]}],"is_beta":false,"boss_relics":[{"not_picked":["Pandora\u0027s Box","Cursed Key"],"picked":"Calling Bell"},{"not_picked":["Runic Pyramid","Black Star"],"picked":"SlaversCollar"}],"items_purged_floors":[0,53],"is_endless":false,"potions_floor_spawned":[8,20,21,31,39,45,54],"killed_by":"The Heart","ascension_level":0}}