{"host":"a70birb7gb03c330","time":1610307024,"event":{"mods":["Act Like it!","Aspiration","BaseMod","Beaked The Cultist","Better Vampires","Clawfect","Conspire","Disable Question Mark Monsters","Displayed Cursed Tome","Downfall","Energized Spire","GungeonMod","Hallownest","Hubris","Infinite Spire","Marked Mod","Minty Spire (QoL Compilation)","Permanent Neow","Replay The Spire","Robot Space Explorer","Spicy Shops","Spikes Relics","StSLib","The Blue Laboratory","The Bug Knight","The Construct","The Jungle","UnlockEverythingMod","Wandering Minibosses"],"gold_per_floor":[119,65,110,53,123,123,135,135,162,162,180,255,274,49,49,146,146,159,177,14,14,14],"floor_reached":21,"playtime":815,"items_purged":["construct:DefenseMode"],"score":167,"play_id":"0abcf322-86e8-4b09-b98a-a6ef8fbacf1c","local_time":"20210110113024","is_ascension_mode":false,"campfire_choices":[{"data":"construct:AttackMode","floor":6,"key":"SMITH"},{"data":"construct:ScopeCore","floor":15,"key":"SMITH"}],"circlet_count":0,"master_deck":["construct:Strike_Gold","construct:Strike_Gold","construct:Strike_Gold","construct:Strike_Gold","construct:Strike_Gold","construct:Defend_Gold","construct:Defend_Gold","construct:Defend_Gold","construct:Defend_Gold","construct:Defend_Gold","construct:AttackMode+1","construct:Enhance+1","construct:Zapper+1","construct:SweepLaser","construct:ScopeCore+1","construct:Enhance+1","Limit Break","construct:Chainstrike"],"relics":["construct:Cogwheel","aspiration:Nostalgia","Burning Blood","Onion Ring","DemoMod:GnawedKey","The Courier","infinitespire:PuzzleCube","conspire:Dentures","ReplayTheSpireMod:Ninjato","DollysMirror","Replay:Grab Bag","energizedSpire:RedRose","infinitespire:Cupcake","beaked:SacredDeck","Membership Card","DemoMod:ClearGuonStone"],"acts_visited":["Exordium","Exordium"],"potions_floor_usage":[],"damage_taken":[{"damage":4,"enemies":"Jaw Worm","floor":1,"turns":4},{"damage":39,"enemies":"conspire:MimicChest","floor":3,"turns":6},{"damage":0,"enemies":"Small Slimes","floor":7,"turns":3},{"damage":5,"enemies":"Cultist","floor":11,"turns":3},{"damage":0,"enemies":"3 Louse","floor":13,"turns":2},{"damage":22,"enemies":"Slime Boss","floor":16,"turns":7},{"damage":43,"enemies":"theJungle:5_Spyders","floor":18,"turns":7},{"damage":38,"enemies":"theJungle:GiantWrat","floor":19,"turns":4},{"damage":0,"enemies":"theJungle:SlimyTreeVines","floor":21,"turns":1}],"seed_played":"-3864223462749731251","potions_obtained":[{"floor":7,"key":"champ:CounterPotion"},{"floor":19,"key":"blueLaboratory:NullPotion"}],"is_trial":false,"path_per_floor":["M","$","?","$","T","R","M","?","T","?","M","T","M","$","R","B",null,"M","M","$","M"],"character_chosen":"THE_CONSTRUCT_MOD","items_purchased":["construct:Zapper+1","DemoMod:GnawedKey","ReplayTheSpireMod:Ninjato","DollysMirror","Membership Card","DemoMod:ClearGuonStone"],"campfire_rested":0,"item_purchase_floors":[2,4,14,14,20,20],"current_hp_per_floor":[85,85,52,52,52,52,58,67,67,67,68,68,74,74,74,58,85,48,16,16,16,16],"gold":14,"neow_bonus":"NOSTALGIA","is_daily":false,"chose_seed":false,"campfire_upgraded":2,"win_rate":0.0,"timestamp":1610307024,"path_taken":["M","$","?","$","?","R","M","?","T","?","?","?","?","$","R","BOSS","M","M","$","M"],"items_purchased_type":["Card","Relic","Relic","Relic","Relic","Relic"],"build_version":"2020-12-22","purchased_purges":1,"victory":false,"max_hp_per_floor":[85,85,85,85,85,85,85,85,85,85,85,85,85,85,85,85,85,85,85,85,85,85],"card_choices":[{"not_picked":["construct:Synchronize","construct:Backfire"],"picked":"construct:Enhance","floor":1},{"not_picked":["construct:Reinforce","construct:Anticipate"],"picked":"construct:SweepLaser","floor":7},{"not_picked":["construct:SaveState","construct:HeavyBolt"],"picked":"construct:ScopeCore","floor":11},{"not_picked":["construct:ScrapCannon","construct:VentSteam","construct:MassProduction"],"picked":"SKIP","floor":13},{"not_picked":["construct:SaveState","construct:Backfire"],"picked":"construct:Chainstrike","floor":18},{"not_picked":["construct:FierceBash","construct:Autoturret","construct:Failsafe"],"picked":"SKIP","floor":19}],"player_experience":44517,"relics_obtained":[{"floor":3,"key":"Onion Ring"},{"floor":5,"key":"The Courier"},{"floor":9,"key":"infinitespire:PuzzleCube"},{"floor":12,"key":"conspire:Dentures"}],"event_choices":[{"damage_healed":0,"gold_gain":0,"player_choice":"Upgraded","damage_taken":0,"max_hp_gain":0,"max_hp_loss":0,"event_name":"Upgrade Shrine","floor":10,"gold_loss":0,"cards_upgraded":["construct:Enhance"]}],"is_beta":false,"boss_relics":[{"not_picked":["Busted Crown","conspire:RoyalGoblet"],"picked":"Replay:Grab Bag"},{"not_picked":["ReplayTheSpireMod:DimensionalGlitch","Sozu"],"picked":"energizedSpire:RedRose"},{"not_picked":["Coffee Dripper","hubris:GrandSneckoEye"],"picked":"infinitespire:Cupcake"},{"not_picked":["Kintsugi","Empty Cage"],"picked":"beaked:SacredDeck"}],"items_purged_floors":[20],"is_endless":false,"potions_floor_spawned":[7,16,19],"killed_by":"theJungle:SlimyTreeVines","ascension_level":0}}