{"host":"vzkpoqyw8ea6g4k2","time":1610261767,"event":{"mods":["AchievementEnabler","BaseMod","Colored Map","Colored Powertips","Lobotomy","Minty Spire (QoL Compilation)","Permanent Neow","Quick Restart","StSLib"],"gold_per_floor":[119,119,138,158,169,169,150,100,125,65,51,51,67,77,77,109,109,109,34,44,44,61,61,74,79,106,133,108,108],"floor_reached":28,"playtime":1067,"items_purged":["Defend_R"],"score":316,"play_id":"dfd642b7-531a-4d1c-9f5d-c305a45972c4","local_time":"20210110155607","is_ascension_mode":false,"campfire_choices":[{"data":"Bash","floor":6,"key":"SMITH"},{"data":"Carnage","floor":12,"key":"SMITH"},{"data":"Rampage","floor":15,"key":"SMITH"},{"data":"Demon Form","floor":23,"key":"SMITH"}],"circlet_count":0,"master_deck":["Strike_R","Strike_R","Strike_R","Strike_R","Strike_R","Defend_R","Defend_R","Bash+1","CrumblingArmor","Cleave","Rudolta","Warcry","ShyLook","Sword Boomerang","Freischutz","Sword Boomerang","Woodsman","Rampage+1","LongBird","Carnage+1","Wellcheers","Sword Boomerang","OldLady","LittlePrince","Feed","QueenBee","Demon Form+1","MeltingLove","Sword Boomerang","VoidDream","Hemokinesis","Scarecrow","Immolate","BlackSwan","Shrug It Off","GreedKing","Perfected Strike","Bloodbath","Sword Boomerang","Funeral","Iron Wave+1"],"relics":["Burning Blood","CogitoBucket","Nunchaku","Lantern","FleshIdol","Mark of Pain","ResearcherNote","Vajra","Smiling Mask","Bottled Lightning"],"acts_visited":["Exordium","TheCity"],"potions_floor_usage":[7,7,7,7,16,21,25,25,28],"damage_taken":[{"damage":6,"enemies":"Jaw Worm","floor":1,"turns":5},{"damage":0,"enemies":"Cultist","floor":3,"turns":2},{"damage":1,"enemies":"2 Louse","floor":4,"turns":2},{"damage":30,"enemies":"Large Slime","floor":5,"turns":5},{"damage":2,"enemies":"Lagavulin","floor":7,"turns":3},{"damage":18,"enemies":"Blue Slaver","floor":10,"turns":1},{"damage":0,"enemies":"Looter","floor":11,"turns":1},{"damage":24,"enemies":"Exordium Wildlife","floor":13,"turns":4},{"damage":23,"enemies":"Large Slime","floor":14,"turns":5},{"damage":44,"enemies":"Hexaghost","floor":16,"turns":4},{"damage":80,"enemies":"2 Thieves","floor":18,"turns":5},{"damage":14,"enemies":"Chosen","floor":20,"turns":3},{"damage":25,"enemies":"Centurion and Healer","floor":21,"turns":4},{"damage":10,"enemies":"3 Cultists","floor":22,"turns":3},{"damage":29,"enemies":"Snake Plant","floor":24,"turns":4},{"damage":37,"enemies":"Book of Stabbing","floor":25,"turns":3},{"damage":21,"enemies":"Gremlin Leader","floor":27,"turns":7},{"damage":40,"enemies":"Shelled Parasite and Fungi","floor":28,"turns":4}],"seed_played":"-1639452095782577320","potions_obtained":[{"floor":3,"key":"DistilledChaos"},{"floor":5,"key":"EntropicBrew"},{"floor":10,"key":"Fire Potion"},{"floor":11,"key":"LiquidMemories"},{"floor":18,"key":"SteroidPotion"},{"floor":21,"key":"BloodPotion"},{"floor":24,"key":"BloodPotion"}],"is_trial":false,"path_per_floor":["M","?","M","M","M","R","E","?","T","M","M","R","M","M","R","B",null,"M","$","M","M","M","R","M","E","T","E","M"],"character_chosen":"IRONCLAD","items_purchased":[],"campfire_rested":0,"item_purchase_floors":[],"current_hp_per_floor":[80,85,85,85,61,61,70,70,70,82,85,85,79,83,83,51,85,29,29,30,23,37,37,20,32,32,33,0,0],"gold":108,"neow_bonus":"","is_daily":false,"chose_seed":false,"campfire_upgraded":4,"win_rate":0.0,"timestamp":1610261767,"path_taken":["M","?","M","M","M","R","E","?","T","M","M","R","M","M","R","BOSS","M","$","M","?","M","R","M","E","T","E","M"],"items_purchased_type":[],"build_version":"2020-12-22","purchased_purges":1,"victory":false,"max_hp_per_floor":[80,85,85,85,85,85,85,85,85,85,85,85,85,85,85,85,85,85,85,88,88,88,88,88,91,91,91,91,91],"card_choices":[{"not_picked":["OldLady","BeautyBeast"],"picked":"CrumblingArmor","floor":1},{"not_picked":["Evolve","Inflame"],"picked":"Cleave","floor":1},{"not_picked":["ShyLook","OldLady"],"picked":"Rudolta","floor":3},{"not_picked":["Sentinel","Blood for Blood"],"picked":"Warcry","floor":3},{"not_picked":["CherryBlossoms","QueenBee"],"picked":"ShyLook","floor":4},{"not_picked":["Infernal Blade","Disarm"],"picked":"Sword Boomerang","floor":4},{"not_picked":["WallGazer","SpiderBud"],"picked":"Freischutz","floor":5},{"not_picked":["True Grit","Perfected Strike"],"picked":"Sword Boomerang","floor":5},{"not_picked":["Mercenary","WhitesApple"],"picked":"Woodsman","floor":7},{"not_picked":["Body Slam","Seeing Red"],"picked":"Rampage","floor":7},{"not_picked":["CherryBlossoms","FairyFestival"],"picked":"LongBird","floor":10},{"not_picked":["Disarm","Anger"],"picked":"Carnage","floor":10},{"not_picked":["CherryBlossoms","Bloodbath"],"picked":"Wellcheers","floor":11},{"not_picked":["Thunderclap","Seeing Red"],"picked":"Sword Boomerang","floor":11},{"not_picked":["WallGazer","PunishingBird"],"picked":"OldLady","floor":13},{"not_picked":["Sever Soul","Searing Blow","True Grit"],"picked":"SKIP","floor":13},{"not_picked":["BeautyBeast","PunishingBird"],"picked":"LittlePrince","floor":14},{"not_picked":["Headbutt","Combust"],"picked":"Feed","floor":14},{"not_picked":["SingingMachine","MHz"],"picked":"QueenBee","floor":16},{"not_picked":["Juggernaut","Exhume"],"picked":"Demon Form","floor":16},{"not_picked":["OSAHOGD","MHz"],"picked":"MeltingLove","floor":18},{"not_picked":["Shrug It Off","Corruption"],"picked":"Sword Boomerang","floor":18},{"not_picked":["Porccubus","FairyFestival"],"picked":"VoidDream","floor":20},{"not_picked":["Disarm","Combust"],"picked":"Hemokinesis","floor":20},{"not_picked":["Alriune","BlackSwan"],"picked":"Scarecrow","floor":21},{"not_picked":["Flex","Rage"],"picked":"Immolate","floor":21},{"not_picked":["BeautyBeast","WallGazer"],"picked":"BlackSwan","floor":22},{"not_picked":["Second Wind+1","Seeing Red"],"picked":"Shrug It Off","floor":22},{"not_picked":["OSAHOGD","PunishingBird"],"picked":"GreedKing","floor":24},{"not_picked":["Clothesline","Second Wind"],"picked":"Perfected Strike","floor":24},{"not_picked":["Porccubus","SpiderBud"],"picked":"Bloodbath","floor":25},{"not_picked":["Feed","Iron Wave"],"picked":"Sword Boomerang","floor":25},{"not_picked":["Murderer","SingingMachine"],"picked":"Funeral","floor":27},{"not_picked":["Sentinel","Thunderclap"],"picked":"Iron Wave+1","floor":27}],"player_experience":18431,"relics_obtained":[{"floor":7,"key":"Nunchaku"},{"floor":9,"key":"Lantern"},{"floor":25,"key":"Vajra"},{"floor":26,"key":"Smiling Mask"},{"floor":27,"key":"Bottled Lightning"}],"event_choices":[{"damage_healed":0,"gold_gain":0,"player_choice":"Donut","damage_taken":0,"max_hp_gain":5,"max_hp_loss":0,"event_name":"Big Fish","floor":2,"gold_loss":0},{"cards_removed":["Defend_R"],"damage_healed":0,"gold_gain":0,"player_choice":"Card Removal","damage_taken":0,"max_hp_gain":0,"max_hp_loss":0,"event_name":"The Cleric","floor":8,"gold_loss":50}],"is_beta":false,"boss_relics":[{"not_picked":["Tiny House","Busted Crown"],"picked":"Mark of Pain"}],"items_purged_floors":[19],"is_endless":false,"potions_floor_spawned":[3,5,10,11,18,21,24],"killed_by":"Shelled Parasite and Fungi","ascension_level":0}}