{"host":"9d9dhukr2jywmy0f","time":1610307504,"event":{"mods":["2.2 Compatiblity","Alarm Clock","BaseMod","Bestiary","Block Reminder","Colored Map","Colored Powertips","Curses Come First","DeckTracker","Energized Spire","Highlight Path","Key Reminder","Minty Spire (QoL Compilation)","Quick Restart","Rare Cards Sparkle","Relic Sorter","Relic Stats","Spire Birthday Party","StSLib","SuperFastMode","Synergy Search","Unceasing Turn Reminder","Unknown Chances"],"gold_per_floor":[367,367,367,367,387,387,407,407,478,511,511,522,8,41,41,119,119,137,57,57,11,24,24,54,74,101,133,48,48,48,48,48,123,123,141,11,0,0,25,25,37,37,37,65,83,95,95,109,109,109,109,109,109,49,82,82],"floor_reached":57,"playtime":3766,"items_purged":["Strike_B","Streamline"],"score":2998,"play_id":"d8bd10b9-c2d5-4fe4-bd17-ac898542f0c8","local_time":"20210111033824","is_ascension_mode":true,"campfire_choices":[{"data":"Zap","floor":6.0,"key":"SMITH"},{"data":"Dualcast","floor":8.0,"key":"SMITH"},{"data":"Turbo","floor":11.0,"key":"SMITH"},{"data":"Streamline","floor":15.0,"key":"SMITH"},{"data":"Coolheaded","floor":23.0,"key":"SMITH"},{"data":"Recycle","floor":30.0,"key":"SMITH"},{"data":"Turbo","floor":32.0,"key":"SMITH"},{"data":"Skim","floor":40.0,"key":"SMITH"},{"data":"Skim","floor":42.0,"key":"SMITH"},{"data":"Biased Cognition","floor":47.0,"key":"SMITH"},{"floor":49.0,"key":"RECALL"},{"data":"Buffer","floor":53.0,"key":"SMITH"}],"circlet_count":0,"master_deck":["AscendersBane","Zap+1","Dualcast+1","Turbo+1","Ball Lightning","Skim+1","Skim+1","Echo Form","Self Repair","Streamline+1","Fission","Buffer+1","Reboot","Recycle+1","Glacier","Biased Cognition+1","Turbo+1","Ball Lightning","Coolheaded+1","Ball Lightning","BootSequence+1","Reboot","CurseOfTheBell","Hologram","Coolheaded+1","White Noise+1","Hologram+1","Buffer","Skim+1"],"relics":["Cracked Core","Torii","The Courier","Shuriken","Sundial","Vajra","Pandora\u0027s Box","Eternal Feather","PreservedInsect","Oddly Smooth Stone","Calling Bell","Bronze Scales","Mummified Hand","Girya","DataDisk","Red Mask","Prayer Wheel","Toxic Egg 2","Pear","Kunai"],"acts_visited":["Exordium","TheCity","TheBeyond","TheEnding"],"potions_floor_usage":[],"damage_taken":[{"damage":4.0,"enemies":"Jaw Worm","floor":1.0,"turns":5.0},{"damage":1.0,"enemies":"Small Slimes","floor":5.0,"turns":4.0},{"damage":0.0,"enemies":"Cultist","floor":7.0,"turns":4.0},{"damage":2.0,"enemies":"3 Sentries","floor":10.0,"turns":5.0},{"damage":1.0,"enemies":"Red Slaver","floor":12.0,"turns":3.0},{"damage":0.0,"enemies":"Lagavulin","floor":14.0,"turns":3.0},{"damage":13.0,"enemies":"Slime Boss","floor":16.0,"turns":6.0},{"damage":0.0,"enemies":"Spheric Guardian","floor":18.0,"turns":4.0},{"damage":1.0,"enemies":"Chosen","floor":22.0,"turns":3.0},{"damage":0.0,"enemies":"Slavers","floor":24.0,"turns":3.0},{"damage":9.0,"enemies":"Snake Plant","floor":25.0,"turns":2.0},{"damage":45.0,"enemies":"Book of Stabbing","floor":27.0,"turns":5.0},{"damage":0.0,"enemies":"Automaton","floor":33.0,"turns":7.0},{"damage":1.0,"enemies":"Orb Walker","floor":35.0,"turns":2.0},{"damage":30.0,"enemies":"Mind Bloom Boss Battle","floor":39.0,"turns":4.0},{"damage":0.0,"enemies":"3 Shapes","floor":41.0,"turns":3.0},{"damage":0.0,"enemies":"Nemesis","floor":44.0,"turns":3.0},{"damage":0.0,"enemies":"Spire Growth","floor":45.0,"turns":2.0},{"damage":0.0,"enemies":"Maw","floor":46.0,"turns":3.0},{"damage":0.0,"enemies":"Sphere and 2 Shapes","floor":48.0,"turns":2.0},{"damage":65.0,"enemies":"Time Eater","floor":50.0,"turns":9.0},{"damage":0.0,"enemies":"Awakened One","floor":51.0,"turns":6.0},{"damage":0.0,"enemies":"Shield and Spear","floor":55.0,"turns":5.0},{"damage":39,"enemies":"The Heart","floor":56,"turns":10}],"seed_played":"-5999400273177680114","potions_obtained":[{"floor":1.0,"key":"Fire Potion"},{"floor":7.0,"key":"SteroidPotion"},{"floor":12.0,"key":"Strength Potion"},{"floor":14.0,"key":"CultistPotion"},{"floor":33.0,"key":"Fruit Juice"},{"floor":35.0,"key":"EssenceOfSteel"},{"floor":39.0,"key":"Strength Potion"},{"floor":45.0,"key":"SkillPotion"}],"is_trial":false,"path_per_floor":["M","?","?","?","M","R","M","R","T","E","R","M","$","E","R","B",null,"M","$","?","$","M","R","E","M","T","E","?","$","R","?","R","B",null,"M","$","?","?","?","R","M","R","T","E","M","M","R","M","R","B","B",null,"R","$","E","B",null],"character_chosen":"DEFECT","items_purchased":["Echo Form","Self Repair","Sundial","Streamline","Coolheaded","DataDisk","Skim+1"],"campfire_rested":0,"item_purchase_floors":[13,13,13,13,21,36,54],"current_hp_per_floor":[60,41,41,41,40,40,40,40,40,38,38,37,37,37,37,31,56,63,63,63,63,64,64,64,62,62,24,24,24,36,36,48,60,67,69,69,69,69,39,51,58,69,69,79,79,79,79,79,79,21,28,66,79,79,79,47],"gold":82,"neow_bonus":"TWO_FIFTY_GOLD","is_daily":false,"chose_seed":false,"campfire_upgraded":11,"win_rate":0.0,"timestamp":1610307504,"path_taken":["M","?","?","?","?","R","M","R","T","E","R","M","$","E","R","BOSS","M","$","?","?","M","R","E","?","T","E","?","$","R","?","R","BOSS","M","$","?","?","?","R","M","R","T","E","M","M","R","M","R","BOSS","BOSS","R","$","E","BOSS"],"items_purchased_type":["Card","Card","Relic","Card","Card","Relic","Card"],"build_version":"2020-11-30","purchased_purges":2,"victory":true,"max_hp_per_floor":[64,64,64,64,64,64,64,64,64,64,64,64,64,64,64,64,64,64,64,64,64,64,64,64,64,64,64,64,64,64,64,64,69,69,69,69,69,69,69,69,69,69,69,79,79,79,79,79,79,79,79,79,79,79,79,79],"relic_stats":{"Torii":45,"counters":[24,103],"Shuriken":[42],"Sundial":[116],"Mummified Hand":[54],"Bronze Scales":[279],"Pandora\u0027s Box":["Buffer","Reboot","Recycle","Glacier","Biased Cognition","Streamline"],"Eternal Feather":60,"Prayer Wheel":4,"PreservedInsect":127,"Kunai":[8],"obtain_stats":[{"Girya":34,"Pear":44,"Torii":4,"Vajra":14,"Oddly Smooth Stone":28,"Eternal Feather":24,"The Courier":9,"PreservedInsect":27,"keyreminder:keyreminder":26,"Calling Bell":34,"DataDisk":36,"Shuriken":10,"Sundial":13,"Mummified Hand":34,"Bronze Scales":34,"Pandora\u0027s Box":17,"Prayer Wheel":39,"Red Mask":37,"Kunai":55,"Toxic Egg 2":43,"Cracked Core":0},{"Girya":13,"Pear":17,"Torii":1,"Vajra":6,"Oddly Smooth Stone":12,"Eternal Feather":10,"The Courier":3,"PreservedInsect":12,"keyreminder:keyreminder":11,"Calling Bell":13,"DataDisk":14,"Shuriken":4,"Sundial":5,"Mummified Hand":13,"Bronze Scales":13,"Pandora\u0027s Box":7,"Prayer Wheel":15,"Red Mask":14,"Kunai":23,"Toxic Egg 2":16,"Cracked Core":0},{"Girya":54,"Pear":66,"Torii":5,"Vajra":24,"Oddly Smooth Stone":47,"Eternal Feather":40,"The Courier":13,"PreservedInsect":47,"keyreminder:keyreminder":42,"Calling Bell":54,"DataDisk":56,"Shuriken":18,"Sundial":21,"Mummified Hand":54,"Bronze Scales":54,"Pandora\u0027s Box":30,"Prayer Wheel":60,"Red Mask":56,"Kunai":93,"Toxic Egg 2":63,"Cracked Core":0}]},"card_choices":[{"not_picked":["Stack","Chaos"],"picked":"Turbo","floor":1.0},{"not_picked":["Compile Driver","Meteor Strike"],"picked":"Turbo","floor":5.0},{"not_picked":["Compile Driver","Stack"],"picked":"Ball Lightning","floor":7.0},{"not_picked":["Lockon","Steam"],"picked":"Skim","floor":10.0},{"not_picked":["Leap","Aggregate"],"picked":"Skim","floor":12.0},{"not_picked":["Barrage","Redo","Rip and Tear"],"picked":"SKIP","floor":14.0},{"not_picked":["Creative AI","Rainbow"],"picked":"Fission","floor":16.0},{"not_picked":["Sweeping Beam","Lockon"],"picked":"Turbo","floor":18.0},{"not_picked":["Beam Cell","Gash","Go for the Eyes"],"picked":"SKIP","floor":22.0},{"not_picked":["Fission","Hologram"],"picked":"Ball Lightning","floor":24.0},{"not_picked":["Leap","Aggregate","Sweeping Beam"],"picked":"SKIP","floor":25.0},{"not_picked":["Leap","Aggregate","Sweeping Beam"],"picked":"SKIP","floor":25.0},{"not_picked":["Steam Power","Compile Driver"],"picked":"BootSequence+1","floor":27.0},{"not_picked":["Rainbow","All For One"],"picked":"Reboot","floor":33.0},{"not_picked":["Steam","Tempest","Go for the Eyes"],"picked":"SKIP","floor":35.0},{"not_picked":["Cold Snap","Reprogram"],"picked":"Hologram","floor":39.0},{"not_picked":["Barrage","Steam+1","Ball Lightning"],"picked":"SKIP","floor":41.0},{"not_picked":["Rebound+1","All For One","Scrape"],"picked":"SKIP","floor":41.0},{"not_picked":["Doom and Gloom+1","Glacier+1"],"picked":"Coolheaded+1","floor":44.0},{"not_picked":["Redo+1","Ball Lightning+1"],"picked":"White Noise+1","floor":45.0},{"not_picked":["Hello World","Rebound","Stack+1"],"picked":"SKIP","floor":45.0},{"not_picked":["Genetic Algorithm+1","Cold Snap"],"picked":"Hologram+1","floor":46.0},{"not_picked":["Reinforced Body+1","Ball Lightning","Undo+1"],"picked":"SKIP","floor":46.0},{"not_picked":["Hologram+1","Conserve Battery+1"],"picked":"Buffer","floor":48.0},{"not_picked":["Chill+1","Go for the Eyes","Leap+1"],"picked":"SKIP","floor":48.0},{"not_picked":["Lockon","Conserve Battery+1","Rainbow+1"],"picked":"SKIP","floor":55.0}],"player_experience":822299,"relics_obtained":[{"floor":9.0,"key":"The Courier"},{"floor":10.0,"key":"Shuriken"},{"floor":14.0,"key":"Vajra"},{"floor":24.0,"key":"Eternal Feather"},{"floor":27.0,"key":"PreservedInsect"},{"floor":34.0,"key":"Bronze Scales"},{"floor":34.0,"key":"Mummified Hand"},{"floor":34.0,"key":"Girya"},{"floor":39.0,"key":"Prayer Wheel"},{"floor":43.0,"key":"Toxic Egg 2"},{"floor":44.0,"key":"Pear"},{"floor":55.0,"key":"Kunai"}],"event_choices":[{"damage_healed":0.0,"max_hp_gain":0.0,"max_hp_loss":0.0,"gold_gain":0.0,"event_name":"Shining Light","player_choice":"Entered Light","floor":2.0,"gold_loss":0.0,"damage_taken":19.0,"cards_upgraded":["Defend_B","Strike_B"]},{"cards_removed":["Strike_B"],"damage_healed":0.0,"max_hp_gain":0.0,"max_hp_loss":0.0,"gold_gain":0.0,"event_name":"Living Wall","player_choice":"Forget","floor":3.0,"gold_loss":0.0,"damage_taken":0.0},{"cards_removed":["Turbo"],"damage_healed":0.0,"max_hp_gain":0.0,"max_hp_loss":0.0,"gold_gain":0.0,"event_name":"WeMeetAgain","player_choice":"Gave Card","floor":4.0,"gold_loss":0.0,"damage_taken":0.0,"relics_obtained":["Torii"]},{"damage_healed":0.0,"max_hp_gain":0.0,"max_hp_loss":0.0,"gold_gain":0.0,"event_name":"The Library","player_choice":"Read","floor":20.0,"gold_loss":0.0,"damage_taken":0.0,"cards_obtained":["Ball Lightning"]},{"damage_healed":0.0,"max_hp_gain":0.0,"max_hp_loss":0.0,"gold_gain":0.0,"event_name":"Addict","player_choice":"Obtained Relic","floor":28.0,"gold_loss":85.0,"damage_taken":0.0,"relics_obtained":["Oddly Smooth Stone"]},{"damage_healed":0.0,"max_hp_gain":0.0,"max_hp_loss":0.0,"gold_gain":0.0,"event_name":"The Mausoleum","player_choice":"Ignored","floor":31.0,"gold_loss":0.0,"damage_taken":0.0},{"damage_healed":0.0,"max_hp_gain":0.0,"max_hp_loss":0.0,"gold_gain":0.0,"event_name":"Tomb of Lord Red Mask","player_choice":"Paid","floor":37.0,"gold_loss":11.0,"damage_taken":0.0,"relics_obtained":["Red Mask"]},{"damage_healed":0.0,"max_hp_gain":0.0,"max_hp_loss":0.0,"gold_gain":0.0,"event_name":"Mysterious Sphere","player_choice":"Ignored","floor":38.0,"gold_loss":0.0,"damage_taken":0.0},{"damage_healed":0.0,"max_hp_gain":0.0,"max_hp_loss":0.0,"gold_gain":0.0,"event_name":"MindBloom","player_choice":"Fight","floor":39.0,"gold_loss":0.0,"damage_taken":0.0}],"is_beta":false,"boss_relics":[{"not_picked":["energizedSpire:OldTV","energizedSpire:EnergizedDie"],"picked":"Pandora\u0027s Box"},{"not_picked":["Empty Cage","energizedSpire:StickyHand"],"picked":"Calling Bell"}],"items_purged_floors":[13,19],"is_endless":false,"potions_floor_spawned":[1,7,12,14,33,35,39,45,48],"ascension_level":20}}