{"host":"f5y45f7z7ziu0smp","time":1610294247,"event":{"mods":["AchievementEnabler","BaseMod","Koishi","Marisa£¨Ùöéë¡¡Øª×âÞÞ£©","Minty Spire (QoL Compilation)","StSLib","SuperFastMode"],"gold_per_floor":[110,110,184,109,9,9,9,26,103,129,79,79,98,98,98,197,197,216,17,17,17,17,17,17,27,52,66,66,94,127,178,190,300,312,343,408,695,225,235,235,235,261,287,40,40,55,55,80,80,80],"floor_reached":51,"playtime":670,"items_purged":["Endless Agony","Dagger Throw","Decay","Regret","Backstab"],"score":1108,"play_id":"ac3c26d2-2c5c-4408-a026-157c58d58f7d","local_time":"20210111005727","daily_mods":["SealedDeck","Vintage","Heirloom","Time Dilation","Flight","Lethality"],"is_ascension_mode":false,"campfire_choices":[{"data":"Accuracy","floor":6,"key":"SMITH"},{"data":"Blade Dance","floor":7,"key":"SMITH"},{"data":"Blade Dance","floor":15,"key":"SMITH"},{"data":"Accuracy","floor":23,"key":"SMITH"},{"data":"Terror","floor":24,"key":"SMITH"},{"data":"Quick Slash","floor":32,"key":"SMITH"},{"data":"Thinking Ahead","floor":40,"key":"SMITH"},{"data":"Accuracy","floor":47,"key":"SMITH"},{"floor":49,"key":"REST"}],"circlet_count":0,"master_deck":["Terror+1","Quick Slash+1","Concentrate+1","Blade Dance+1","Blade Dance+1","Accuracy+1","Grand Finale+1","Accuracy+1","Thinking Ahead+1","Accuracy+1","Accuracy+1"],"relics":["Ring of the Snake","Gambling Chip","Anchor","Centennial Puzzle","White Beast Statue","Orichalcum","Strawberry","Busted Crown","Bronze Scales","Toy Ornithopter","Akabeko","Blood Vial","Oddly Smooth Stone","Art of War","Tough Bandages","MawBank","Runic Dome","Pantograph","Pocketwatch","Nunchaku","Lantern","Calipers","Snake Skull","Dream Catcher","InkBottle","Bag of Preparation"],"acts_visited":["Exordium","TheCity","TheBeyond"],"potions_floor_usage":[50],"damage_taken":[{"damage":0,"enemies":"2 Louse","floor":1,"turns":1},{"damage":0,"enemies":"Small Slimes","floor":8,"turns":1},{"damage":0,"enemies":"Lagavulin","floor":10,"turns":1},{"damage":0,"enemies":"Cultist","floor":13,"turns":1},{"damage":0,"enemies":"The Guardian","floor":16,"turns":1},{"damage":0,"enemies":"Chosen","floor":18,"turns":1},{"damage":0,"enemies":"2 Thieves","floor":25,"turns":1},{"damage":0,"enemies":"Snecko","floor":27,"turns":1},{"damage":0,"enemies":"Book of Stabbing","floor":29,"turns":1},{"damage":0,"enemies":"Slavers","floor":30,"turns":1},{"damage":6,"enemies":"Champ","floor":33,"turns":2},{"damage":0,"enemies":"3 Darklings","floor":35,"turns":1},{"damage":0,"enemies":"2 Orb Walkers","floor":36,"turns":1},{"damage":0,"enemies":"Orb Walker","floor":39,"turns":1},{"damage":0,"enemies":"Nemesis","floor":42,"turns":1},{"damage":0,"enemies":"Writhing Mass","floor":46,"turns":1},{"damage":0,"enemies":"Giant Head","floor":48,"turns":1},{"damage":0,"enemies":"Awakened One","floor":50,"turns":2}],"seed_played":"3537396677066131597","potions_obtained":[{"floor":1,"key":"Block Potion"},{"floor":10,"key":"Ancient Potion"},{"floor":13,"key":"ColorlessPotion"},{"floor":16,"key":"FairyPotion"},{"floor":39,"key":"DuplicationPotion"},{"floor":46,"key":"FairyPotion"}],"is_trial":true,"path_per_floor":["M","$","?","$","$","R","R","M","T","E","?","?","M","?","R","B",null,"M","$","?","?","?","R","R","M","T","M","?","E","E","T","R","B",null,"M","?","?","$","M","R","?","E","T","$","T","M","R","E","R","B",null],"character_chosen":"THE_SILENT","items_purchased":["Accuracy","Thinking Ahead","Nunchaku","Accuracy"],"campfire_rested":1,"item_purchase_floors":[19,38,38,44],"current_hp_per_floor":[70,70,70,70,70,70,70,70,70,70,70,70,77,77,77,77,77,77,77,77,63,63,63,63,63,63,65,65,67,69,69,69,65,82,82,82,82,82,82,82,82,82,82,82,82,82,82,82,82,82],"gold":80,"neow_bonus":"","is_daily":false,"chose_seed":false,"campfire_upgraded":8,"win_rate":0.0,"timestamp":1610294247,"path_taken":["M","$","?","$","$","R","R","M","T","E","?","?","?","?","R","BOSS","M","$","?","?","?","R","R","?","T","?","?","E","E","?","R","BOSS","M","?","?","$","?","R","?","E","T","$","?","M","R","E","R","BOSS"],"items_purchased_type":["Card","Card","Relic","Card"],"build_version":"2020-12-22","purchased_purges":5,"victory":true,"max_hp_per_floor":[70,70,70,70,70,70,70,70,70,70,70,70,77,77,77,77,77,77,77,77,82,82,82,82,82,82,82,82,82,82,82,82,82,82,82,82,82,82,82,82,82,82,82,82,82,82,82,82,82,82],"card_choices":[{"not_picked":["Flying Knee","Deflect","Backflip"],"picked":"SKIP","floor":10},{"not_picked":["A Thousand Cuts","Phantasmal Killer"],"picked":"Grand Finale","floor":16},{"not_picked":["Dodge and Roll"],"picked":"SKIP","floor":29},{"not_picked":["Burst"],"picked":"SKIP","floor":30},{"not_picked":["Deflect"],"picked":"SKIP","floor":42},{"not_picked":["Well Laid Plans"],"picked":"SKIP","floor":48}],"player_experience":93136,"relics_obtained":[{"floor":1,"key":"Anchor"},{"floor":8,"key":"Centennial Puzzle"},{"floor":9,"key":"White Beast Statue"},{"floor":10,"key":"Orichalcum"},{"floor":13,"key":"Strawberry"},{"floor":18,"key":"Bronze Scales"},{"floor":25,"key":"Akabeko"},{"floor":26,"key":"Blood Vial"},{"floor":27,"key":"Oddly Smooth Stone"},{"floor":29,"key":"Art of War"},{"floor":30,"key":"Tough Bandages"},{"floor":31,"key":"MawBank"},{"floor":35,"key":"Pantograph"},{"floor":36,"key":"Pocketwatch"},{"floor":39,"key":"Lantern"},{"floor":42,"key":"Calipers"},{"floor":43,"key":"Snake Skull"},{"floor":45,"key":"Dream Catcher"},{"floor":46,"key":"InkBottle"},{"floor":48,"key":"Bag of Preparation"}],"event_choices":[{"damage_healed":0,"gold_gain":74,"player_choice":"Gained Gold","damage_taken":0,"max_hp_gain":0,"max_hp_loss":0,"event_name":"Golden Wing","floor":3,"gold_loss":0},{"cards_removed":["Slice"],"damage_healed":0,"gold_gain":0,"player_choice":"Card Removal","damage_taken":0,"max_hp_gain":0,"max_hp_loss":0,"event_name":"The Cleric","floor":11,"gold_loss":50},{"damage_healed":0,"gold_gain":0,"player_choice":"Upgraded","damage_taken":0,"max_hp_gain":0,"max_hp_loss":0,"event_name":"Upgrade Shrine","floor":12,"gold_loss":0,"cards_upgraded":["Concentrate"]},{"damage_healed":0,"gold_gain":0,"player_choice":"Cursed","damage_taken":0,"max_hp_gain":0,"max_hp_loss":0,"event_name":"Wheel of Change","floor":14,"gold_loss":0,"cards_obtained":["Decay"]},{"damage_healed":0,"gold_gain":0,"player_choice":"Opened","damage_taken":0,"relics_obtained":["Toy Ornithopter"],"max_hp_gain":0,"max_hp_loss":0,"event_name":"The Mausoleum","floor":20,"gold_loss":0},{"damage_healed":0,"gold_gain":0,"player_choice":"Shed Blood","damage_taken":19,"max_hp_gain":5,"max_hp_loss":0,"event_name":"Forgotten Altar","floor":21,"gold_loss":0},{"damage_healed":0,"gold_gain":0,"player_choice":"Upgraded","damage_taken":0,"max_hp_gain":0,"max_hp_loss":0,"event_name":"Upgrade Shrine","floor":22,"gold_loss":0,"cards_upgraded":["Grand Finale"]},{"damage_healed":0,"gold_gain":0,"player_choice":"Ignored","damage_taken":0,"max_hp_gain":0,"max_hp_loss":0,"event_name":"Vampires","floor":28,"gold_loss":0},{"damage_healed":0,"gold_gain":0,"player_choice":"Fight","damage_taken":0,"max_hp_gain":0,"max_hp_loss":0,"event_name":"Mysterious Sphere","floor":36,"gold_loss":0},{"damage_healed":0,"gold_gain":275,"player_choice":"Desecrate","damage_taken":0,"max_hp_gain":0,"max_hp_loss":0,"event_name":"Golden Shrine","floor":37,"gold_loss":0,"cards_obtained":["Regret"]},{"damage_healed":0,"gold_gain":0,"player_choice":"Copied","damage_taken":0,"max_hp_gain":0,"max_hp_loss":0,"event_name":"Duplicator","floor":41,"gold_loss":0,"cards_obtained":["Accuracy"]}],"is_beta":false,"boss_relics":[{"not_picked":["Astrolabe","SacredBark"],"picked":"Busted Crown"},{"not_picked":["Black Star","Tiny House"],"picked":"Runic Dome"}],"items_purged_floors":[4,5,19,38,44],"is_endless":false,"potions_floor_spawned":[1,10,13,16,18,25,27,29,30,33,35,36,39,42,46,48],"ascension_level":0}}