{"host":"fjaupvxe7fzqrf4j","time":1610277086,"event":{"mods":["ATMod(°¢èªMod)","BaseMod","Minty Spire (QoL Compilation)","StSLib"],"gold_per_floor":[117,192,192,342,0,32,62,96,96,124,49,75,107,130,130,202,202,220,220,220,220,240,274,299,334,386,493,100,152,267,384,396,558,570,721,272,197,239,340,395,504,560,560,668,715,769,828,878,878,903,1028,1028,1028,618,698,723],"floor_reached":57,"playtime":1638,"items_purged":["Doubt","Consecrate+1","EmptyFist+1"],"score":4750,"play_id":"de8f96f9-867f-4d90-b8e5-40cac00ac59a","local_time":"20210110191126","daily_mods":["SealedDeck","Heirloom","Time Dilation","Flight","Elite Swarm"],"is_ascension_mode":true,"campfire_choices":[{"data":"Omniscience","floor":15.0,"key":"SMITH"},{"data":"Vault","floor":32.0,"key":"SMITH"},{"floor":49.0,"key":"RECALL"},{"floor":53.0,"key":"REST"}],"circlet_count":0,"master_deck":["AscendersBane","Wireheading+1","FlurryOfBlows+1","Halt+1","Indignation+1","Crescendo+1","Adaptation+1","ClearTheMind+1","TalkToTheHand+1","FearNoEvil+1","Scrawl+1","LessonLearned+1","Brilliance+1","Scrawl+1","Omniscience+1","Eruption+1","Ragnarok+1","MasterReality+1","Prostrate+1","Vault+1","TalkToTheHand+1","AT_ChampionStep+1","Wallop+1","DevaForm+1","Omniscience+1","Adaptation+1"],"relics":["HolyWater","AT_ATBox","FossilizedHelix","Bag of Preparation","White Beast Statue","Darkstone Periapt","Boot","TeardropLocket","Incense Burner","AT_LudenTempest","Damaru","Odd Mushroom","Enchiridion","Frozen Egg 2","Mummified Hand","AT_SilvercatRing","AT_MibuBalloonWealth","CloakClasp","Omamori","ClockworkSouvenir","MawBank","Calipers","Tiny Chest","AT_TrinityForce","Membership Card","AT_EbonyIvory","Matryoshka","AT_RabadonDeathcap","Vajra","Mercury Hourglass","Bird Faced Urn","Smiling Mask","Lantern","Bag of Marbles","AT_SpeedBoots","Pen Nib","Unceasing Top","Akabeko","Melange","Art of War","Yang"],"acts_visited":["Exordium","TheCity","TheBeyond","TheEnding"],"potions_floor_usage":[56],"damage_taken":[{"damage":0.0,"enemies":"Small Slimes","floor":1.0,"turns":1.0},{"damage":0.0,"enemies":"Gremlin Nob","floor":6.0,"turns":2.0},{"damage":0.0,"enemies":"3 Sentries","floor":7.0,"turns":4.0},{"damage":0.0,"enemies":"Gremlin Nob","floor":8.0,"turns":3.0},{"damage":0.0,"enemies":"Lagavulin","floor":10.0,"turns":3.0},{"damage":0.0,"enemies":"Gremlin Nob","floor":12.0,"turns":3.0},{"damage":0.0,"enemies":"Lagavulin","floor":13.0,"turns":3.0},{"damage":0.0,"enemies":"The Mushroom Lair","floor":14.0,"turns":2.0},{"damage":0.0,"enemies":"Slime Boss","floor":16.0,"turns":3.0},{"damage":0.0,"enemies":"Shell Parasite","floor":18.0,"turns":1.0},{"damage":0.0,"enemies":"Chosen","floor":22.0,"turns":1.0},{"damage":0.0,"enemies":"Slavers","floor":23.0,"turns":1.0},{"damage":0.0,"enemies":"Gremlin Leader","floor":24.0,"turns":1.0},{"damage":0.0,"enemies":"Book of Stabbing","floor":25.0,"turns":1.0},{"damage":0.0,"enemies":"Gremlin Leader","floor":27.0,"turns":1.0},{"damage":0.0,"enemies":"Book of Stabbing","floor":29.0,"turns":2.0},{"damage":0.0,"enemies":"Gremlin Leader","floor":30.0,"turns":1.0},{"damage":0.0,"enemies":"Slavers","floor":31.0,"turns":1.0},{"damage":0.0,"enemies":"Automaton","floor":33.0,"turns":2.0},{"damage":0.0,"enemies":"3 Darklings","floor":35.0,"turns":1.0},{"damage":0.0,"enemies":"Orb Walker","floor":38.0,"turns":1.0},{"damage":0.0,"enemies":"2 Orb Walkers","floor":39.0,"turns":1.0},{"damage":0.0,"enemies":"Giant Head","floor":40.0,"turns":1.0},{"damage":0.0,"enemies":"Reptomancer","floor":41.0,"turns":1.0},{"damage":0.0,"enemies":"Giant Head","floor":42.0,"turns":2.0},{"damage":0.0,"enemies":"Reptomancer","floor":44.0,"turns":1.0},{"damage":0.0,"enemies":"Nemesis","floor":46.0,"turns":1.0},{"damage":0.0,"enemies":"Giant Head","floor":47.0,"turns":2.0},{"damage":0.0,"enemies":"Mind Bloom Boss Battle","floor":48.0,"turns":1.0},{"damage":0.0,"enemies":"Time Eater","floor":50.0,"turns":2.0},{"damage":0.0,"enemies":"Awakened One","floor":51.0,"turns":3.0},{"damage":0.0,"enemies":"Shield and Spear","floor":55.0,"turns":1.0},{"damage":13,"enemies":"The Heart","floor":56,"turns":5}],"seed_played":"7772343316440144575","potions_obtained":[{"floor":1.0,"key":"SteroidPotion"},{"floor":7.0,"key":"BottledMiracle"},{"floor":8.0,"key":"DuplicationPotion"},{"floor":16.0,"key":"EntropicBrew"}],"is_trial":true,"path_per_floor":["M","?","?","?","$","E","E","E","T","E","$","E","E","?","R","B",null,"M","?","?","?","M","E","E","E","T","E","$","E","E","E","R","B",null,"M","$","?","M","?","E","E","E","T","E","T","E","E","?","R","B","B",null,"R","$","E","B",null],"character_chosen":"WATCHER","items_purchased":["Bag of Preparation","TalkToTheHand","FearNoEvil","Omamori","ClockworkSouvenir","Prostrate","Membership Card","AT_EbonyIvory","AT_ChampionStep+1","Matryoshka","Akabeko","Omniscience","Adaptation+1","Melange","Art of War"],"campfire_rested":1,"item_purchase_floors":[5,5,5,28,28,28,36,36,36,36,54,54,54,54,54],"current_hp_per_floor":[61,50,50,50,50,50,50,50,50,50,50,50,50,50,50,50,64,64,43,43,43,43,43,43,43,43,43,43,43,43,43,43,43,62,62,62,62,62,62,62,62,62,62,68,68,68,68,68,68,68,68,68,68,68,68,67],"gold":723,"neow_bonus":"","is_daily":false,"chose_seed":false,"campfire_upgraded":2,"win_rate":0.0,"timestamp":1610277086,"path_taken":["M","?","?","?","$","E","E","E","T","E","$","E","E","?","R","BOSS","M","?","?","?","?","E","E","E","T","E","?","E","E","E","R","BOSS","M","$","?","?","?","E","E","E","T","E","?","E","E","?","R","BOSS","BOSS","R","$","E","BOSS"],"items_purchased_type":["Relic","Card","Card","Relic","Relic","Card","Relic","Relic","Card","Relic","Relic","Card","Card","Relic","Relic"],"build_version":"2020-12-22","purchased_purges":3,"victory":true,"max_hp_per_floor":[68,68,68,68,68,68,68,68,68,68,68,68,68,68,68,68,68,68,68,68,68,68,68,68,68,68,68,68,68,68,68,68,68,68,68,68,68,68,68,68,68,68,68,68,68,68,68,68,68,68,68,68,68,68,68,68],"card_choices":[{"not_picked":["PathToVictory","Protect"],"picked":"Consecrate","floor":1.0},{"not_picked":["DeusExMachina","Alpha"],"picked":"Scrawl","floor":6.0},{"not_picked":["Judgement","DeusExMachina"],"picked":"LessonLearned","floor":7.0},{"not_picked":["MasterReality","Blasphemy"],"picked":"Brilliance","floor":8.0},{"not_picked":["AT_IrregularMenstruation","Omniscience"],"picked":"Scrawl","floor":10.0},{"not_picked":["Scrawl","Alpha","Judgement"],"picked":"SKIP","floor":12.0},{"not_picked":["AT_MachinaRedman","DeusExMachina"],"picked":"Omniscience","floor":13.0},{"not_picked":["Worship","Wireheading","Evaluate"],"picked":"SKIP","floor":18.0},{"not_picked":["ClearTheMind","CrushJoints+1","SashWhip"],"picked":"SKIP","floor":22.0},{"not_picked":["AT_IrregularMenstruation","Brilliance","ConjureBlade"],"picked":"SKIP","floor":23.0},{"not_picked":["AT_IrregularMenstruation","Vault"],"picked":"Ragnarok","floor":24.0},{"not_picked":["Judgement","Alpha","DeusExMachina"],"picked":"SKIP","floor":25.0},{"not_picked":["Judgement","ConjureBlade"],"picked":"MasterReality+1","floor":27.0},{"not_picked":["Brilliance","Blasphemy","Alpha"],"picked":"SKIP","floor":29.0},{"not_picked":["Brilliance","Devotion+1"],"picked":"Vault","floor":30.0},{"not_picked":["AT_IrregularMenstruation","AT_MachinaRedman","MasterReality+1"],"picked":"SKIP","floor":31.0},{"not_picked":["Wireheading+1","Crescendo"],"picked":"TalkToTheHand","floor":35.0},{"not_picked":["Prostrate","CutThroughFate"],"picked":"Wallop","floor":38.0},{"not_picked":["Brilliance","SpiritShield","ConjureBlade"],"picked":"SKIP","floor":40.0},{"not_picked":["Blasphemy","Vault","Establishment+1"],"picked":"SKIP","floor":41.0},{"not_picked":["Devotion+1","AT_IrregularMenstruation","AT_RealColorLess+1"],"picked":"SKIP","floor":42.0},{"not_picked":["Devotion+1","SpiritShield","Ragnarok"],"picked":"SKIP","floor":44.0},{"not_picked":["Alpha","Vault"],"picked":"DevaForm+1","floor":46.0},{"not_picked":["Establishment+1","DevaForm+1","Judgement"],"picked":"SKIP","floor":47.0},{"not_picked":["Ragnarok","SpiritShield","AT_RealColorLess+1"],"picked":"SKIP","floor":55.0}],"player_experience":377848,"relics_obtained":[{"floor":6.0,"key":"White Beast Statue"},{"floor":7.0,"key":"Darkstone Periapt"},{"floor":8.0,"key":"Boot"},{"floor":9.0,"key":"TeardropLocket"},{"floor":10.0,"key":"Incense Burner"},{"floor":12.0,"key":"AT_LudenTempest"},{"floor":13.0,"key":"Damaru"},{"floor":14.0,"key":"Odd Mushroom"},{"floor":19.0,"key":"Enchiridion"},{"floor":23.0,"key":"Frozen Egg 2"},{"floor":24.0,"key":"Mummified Hand"},{"floor":25.0,"key":"AT_SilvercatRing"},{"floor":26.0,"key":"AT_MibuBalloonWealth"},{"floor":27.0,"key":"CloakClasp"},{"floor":29.0,"key":"MawBank"},{"floor":30.0,"key":"Calipers"},{"floor":31.0,"key":"Tiny Chest"},{"floor":39.0,"key":"AT_RabadonDeathcap"},{"floor":40.0,"key":"Vajra"},{"floor":41.0,"key":"Mercury Hourglass"},{"floor":42.0,"key":"Bird Faced Urn"},{"floor":43.0,"key":"Smiling Mask"},{"floor":44.0,"key":"Lantern"},{"floor":45.0,"key":"Bag of Marbles"},{"floor":46.0,"key":"AT_SpeedBoots"},{"floor":47.0,"key":"Pen Nib"},{"floor":48.0,"key":"Unceasing Top"},{"floor":55.0,"key":"Yang"}],"event_choices":[{"damage_healed":0.0,"max_hp_gain":0.0,"max_hp_loss":0.0,"gold_gain":75.0,"event_name":"World of Goop","player_choice":"Gather Gold","floor":2.0,"gold_loss":0.0,"damage_taken":11.0},{"damage_healed":0.0,"max_hp_gain":0.0,"max_hp_loss":0.0,"gold_gain":0.0,"event_name":"Living Wall","player_choice":"Grow","floor":3.0,"gold_loss":0.0,"damage_taken":0.0,"cards_upgraded":["AT_OneInchPunch"]},{"damage_healed":0.0,"max_hp_gain":0.0,"max_hp_loss":0.0,"gold_gain":150.0,"event_name":"Liars Game","player_choice":"AGREE","floor":4.0,"gold_loss":0.0,"damage_taken":0.0,"cards_obtained":["Doubt"]},{"damage_healed":0.0,"max_hp_gain":0.0,"max_hp_loss":0.0,"gold_gain":0.0,"event_name":"Mushrooms","player_choice":"Fought Mushrooms","floor":14.0,"gold_loss":0.0,"damage_taken":0.0},{"damage_healed":0.0,"max_hp_gain":0.0,"max_hp_loss":0.0,"gold_gain":0.0,"event_name":"Cursed Tome","player_choice":"Obtained Book","floor":19.0,"gold_loss":0.0,"damage_taken":21.0},{"cards_removed":["ClearTheMind"],"damage_healed":0.0,"max_hp_gain":0.0,"max_hp_loss":0.0,"gold_gain":0.0,"event_name":"Back to Basics","player_choice":"Elegance","floor":20.0,"gold_loss":0.0,"damage_taken":0.0},{"damage_healed":0.0,"max_hp_gain":0.0,"max_hp_loss":0.0,"gold_gain":0.0,"event_name":"Match and Keep!","player_choice":"1 cards matched","floor":21.0,"gold_loss":0.0,"damage_taken":0.0,"cards_obtained":["Eruption"]},{"cards_removed":["AT_OneInchPunch"],"damage_healed":0.0,"max_hp_gain":0.0,"max_hp_loss":0.0,"gold_gain":0.0,"event_name":"Designer","player_choice":"Single Remove","floor":37.0,"gold_loss":75.0,"damage_taken":0.0},{"damage_healed":0.0,"max_hp_gain":0.0,"max_hp_loss":0.0,"gold_gain":0.0,"event_name":"Mysterious Sphere","player_choice":"Fight","floor":39.0,"gold_loss":0.0,"damage_taken":0.0},{"damage_healed":0.0,"max_hp_gain":0.0,"max_hp_loss":0.0,"gold_gain":0.0,"event_name":"MindBloom","player_choice":"Fight","floor":48.0,"gold_loss":0.0,"damage_taken":0.0}],"is_beta":false,"boss_relics":[{"not_picked":["AT_MortalBlade","Snecko Eye"],"picked":"HolyWater"},{"not_picked":["Black Star","VioletLotus"],"picked":"AT_TrinityForce"}],"items_purged_floors":[11,36,54],"is_endless":false,"potions_floor_spawned":[1,7,8,10,12,13,14,16,18,22,23,24,25,27,29,30,31,33,35,38,39,40,41,42,44,46,47,48,55],"ascension_level":20}}