{"host":"61r95uy0hn86b9iu","time":1610320357,"event":{"mods":["AchievementEnabler","BaseMod","Better Vampires","BetterRewards","Colored Powertips","Hubris","Minty Spire (QoL Compilation)","Shop Mod","StSLib"],"gold_per_floor":[119,44,58,58,0,0,25,25,48,98,112,152,171,195,195,285,285,285,16,16,29,29,29,29,29,29],"floor_reached":25,"playtime":1086,"items_purged":["Clumsy"],"score":602,"play_id":"5f515ae8-7b92-4f33-9f73-5a9f457cf2a2","local_time":"20210110171237","is_ascension_mode":true,"campfire_choices":[{"floor":6.0,"key":"REST"},{"data":"Heavy Blade","floor":8.0,"key":"SMITH"},{"floor":15.0,"key":"REST"},{"data":"Mayhem","floor":23,"key":"SMITH"}],"circlet_count":0,"master_deck":["AscendersBane","Bash","Metallicize","Inflame","Heavy Blade+1","Clothesline","Armaments","hubris:ReadiedAction","Heavy Blade","Feed","Headbutt","Rupture","Twin Strike","Juggernaut","Demon Form","Juggernaut","Warcry","Finesse","Mayhem+1"],"relics":["Burning Blood","hubris:TenFootPole","hubris:PeanutButter","Golden Idol","Vajra","MerchantsRug","Mercury Hourglass"],"acts_visited":["Exordium","TheCity"],"potions_floor_usage":[],"damage_taken":[{"damage":7.0,"enemies":"Small Slimes","floor":1.0,"turns":3.0},{"damage":8.0,"enemies":"Jaw Worm","floor":3.0,"turns":5.0},{"damage":0.0,"enemies":"Cultist","floor":7.0,"turns":3.0},{"damage":5.0,"enemies":"Blue Slaver","floor":11.0,"turns":4.0},{"damage":17.0,"enemies":"Gremlin Nob","floor":12.0,"turns":4.0},{"damage":0.0,"enemies":"3 Louse","floor":13.0,"turns":4.0},{"damage":6.0,"enemies":"Gremlin Gang","floor":14.0,"turns":4.0},{"damage":3.0,"enemies":"The Guardian","floor":16.0,"turns":8.0},{"damage":0.0,"enemies":"2 Thieves","floor":18.0,"turns":1.0},{"damage":17.0,"enemies":"Spheric Guardian","floor":21.0,"turns":5.0},{"damage":66,"enemies":"Shelled Parasite and Fungi","floor":25,"turns":4}],"seed_played":"866075143830517088","potions_obtained":[{"floor":1.0,"key":"Strength Potion"},{"floor":12.0,"key":"Strength Potion"},{"floor":13.0,"key":"Swift Potion"},{"floor":16.0,"key":"SmokeBomb"},{"floor":21.0,"key":"EssenceOfSteel"}],"is_trial":false,"path_per_floor":["M","$","M","?","$","R","M","R","T","?","M","E","M","M","R","B",null,"M","$","?","M","$","R","?","M"],"character_chosen":"IRONCLAD","items_purchased":["Metallicize","hubris:TenFootPole","hubris:PeanutButter","Heavy Blade","MerchantsRug","Finesse","Mayhem"],"campfire_rested":2,"item_purchase_floors":[0,0,0,5,19,19,19],"current_hp_per_floor":[40,40,38,25,25,47,53,53,53,53,54,43,49,49,71,74,75,75,75,75,64,64,64,64,0,0],"gold":29,"neow_bonus":"","is_daily":false,"chose_seed":false,"campfire_upgraded":2,"win_rate":0.0,"timestamp":1610320357,"path_taken":["M","$","M","?","$","R","M","R","T","?","?","E","M","M","R","BOSS","M","$","?","M","$","R","?","M"],"items_purchased_type":["Card","Relic","Relic","Card","Relic","Card","Card"],"build_version":"2020-12-22","purchased_purges":1,"victory":false,"max_hp_per_floor":[75,75,75,75,75,75,75,75,75,75,75,75,75,75,75,75,75,75,75,75,75,75,75,75,75,75],"card_choices":[{"not_picked":["Iron Wave","Fire Breathing"],"picked":"Inflame","floor":1.0},{"not_picked":["Uppercut","Blood for Blood","Sentinel"],"picked":"SKIP","floor":3.0},{"not_picked":["Warcry","Wild Strike"],"picked":"Clothesline","floor":7.0},{"not_picked":["Sever Soul","Headbutt"],"picked":"Armaments","floor":11.0},{"not_picked":["Power Through","Headbutt"],"picked":"hubris:ReadiedAction","floor":12.0},{"not_picked":["Perfected Strike","Metallicize"],"picked":"Heavy Blade","floor":13.0},{"not_picked":["Bloodletting","Havoc","Cleave"],"picked":"SKIP","floor":14.0},{"not_picked":["Corruption","Brutality"],"picked":"Feed","floor":16.0},{"not_picked":["Headbutt","Reckless Charge","Warcry"],"picked":"SKIP","floor":21.0}],"player_experience":3263857,"relics_obtained":[{"floor":9.0,"key":"Vajra"},{"floor":12.0,"key":"hubris:CrystalStatue"}],"event_choices":[{"damage_healed":0.0,"max_hp_gain":0.0,"max_hp_loss":0.0,"gold_gain":0.0,"event_name":"Golden Idol","player_choice":"Take Damage","floor":4.0,"gold_loss":0.0,"damage_taken":26.0,"relics_obtained":["Golden Idol"]},{"damage_healed":0.0,"max_hp_gain":0.0,"max_hp_loss":0.0,"gold_gain":50.0,"event_name":"Golden Shrine","player_choice":"Pray","floor":10.0,"gold_loss":0.0,"damage_taken":0.0},{"cards_removed":["Havoc"],"damage_healed":0.0,"max_hp_gain":0.0,"max_hp_loss":0.0,"gold_gain":0.0,"event_name":"Back to Basics","player_choice":"Elegance","floor":20.0,"gold_loss":0.0,"damage_taken":0.0},{"cards_removed":["Burning Pact"],"damage_healed":0,"gold_gain":0,"player_choice":"Gave Card","damage_taken":0,"relics_obtained":["Mercury Hourglass"],"max_hp_gain":0,"max_hp_loss":0,"event_name":"WeMeetAgain","floor":24,"gold_loss":0}],"is_beta":false,"boss_relics":[{"not_picked":["Empty Cage","Mark of Pain"],"picked":"Pandora\u0027s Box"}],"items_purged_floors":[2],"is_endless":false,"potions_floor_spawned":[1,12,13,16,21],"killed_by":"Shelled Parasite and Fungi","ascension_level":20}}