{"host":"exy3zpg5dyhzfzxn","time":1610294879,"event":{"mods":["2.2 Compatiblity","Aspiration","BaseMod","Better Third Choice","BetterRewards","Energized Spire","Hubris","Infinite Spire","Jedi Mod","Minty Spire (QoL Compilation)","Replay The Spire","Shade Mod","StSLib","vexMod"],"gold_per_floor":[110,120,120,140,159,193,193,268,294,294,325,325,343,357,357,462,462,476,489,507,186,211,248,248,248,248,248,273,273,273,273,273,300,300,403,403,429,458,480,508,522,522],"floor_reached":41,"playtime":2994,"items_purged":["Shade:Strike_Shade","Shade:Strike_Shade","Shade:Strike_Shade"],"score":427,"play_id":"61132528-9fb2-4de7-9ff5-75ba4a177f12","local_time":"20210110190759","is_ascension_mode":false,"campfire_choices":[{"floor":7.0,"key":"REST"},{"floor":15.0,"key":"REST"},{"floor":24,"key":"REST"},{"floor":27,"key":"REST"},{"floor":34,"key":"DIG"}],"circlet_count":0,"master_deck":["Shade:Defend_Shade+1","Shade:AnimateDead","Shade:CarefulCut+1","Shade:OpenGraves","Shade:FreshBones","Shade:Carnophage","Shade:FingerOfDeath","Shade:Bonestorm+1","Shade:Carnophage","Shade:GraveStillness","Shade:OfferingToTheBeyond","Shade:Bite_Shade+1","Shade:RavenousHorde+1","Shade:Premonition+1","Amnesia","Shade:SkeletonArmy+1","Shade:Putrefaction","Shade:ClawBack+1","Shade:GoDigging+1","Shade:Awaken+1","Shade:Bonestorm+1","Shade:Bite_Shade+1"],"relics":["Shade:YorickSkull","BargainBundle","Juzu Bracelet","aspiration:FetidBarrel","infinitespire:EmpoweringShard","Gremlin Food","infinitespire:Satchel","infinitespire:Cupcake","Replay:Bandana","Shovel","Pocketwatch","hubris:64BitClover","Ancient Tea Set","Astrolabe"],"acts_visited":["Exordium","TheCity","TheBeyond"],"potions_floor_usage":[28,33,35,37],"damage_taken":[{"damage":2.0,"enemies":"Cultist","floor":1.0,"turns":3.0},{"damage":0.0,"enemies":"Small Slimes","floor":2.0,"turns":3.0},{"damage":0.0,"enemies":"Jaw Worm","floor":4.0,"turns":2.0},{"damage":8.0,"enemies":"Exordium Wildlife","floor":5.0,"turns":4.0},{"damage":14.0,"enemies":"Replay:BlueRogue","floor":6.0,"turns":4.0},{"damage":7.0,"enemies":"Lagavulin","floor":11.0,"turns":4.0},{"damage":1.0,"enemies":"Exordium Thugs","floor":13.0,"turns":3.0},{"damage":0.0,"enemies":"Gremlin Gang","floor":14.0,"turns":2.0},{"damage":10.0,"enemies":"Hexaghost","floor":16.0,"turns":8.0},{"damage":0.0,"enemies":"3 Byrds","floor":18.0,"turns":4.0},{"damage":12.0,"enemies":"2 Thieves","floor":19.0,"turns":4.0},{"damage":0.0,"enemies":"Chosen and Byrds","floor":20.0,"turns":4.0},{"damage":7.0,"enemies":"Snecko","floor":22.0,"turns":4.0},{"damage":7,"enemies":"Replay:Snechameleon","floor":23,"turns":7},{"damage":8,"enemies":"Snake Plant","floor":28,"turns":5},{"damage":5,"enemies":"Shelled Parasite and Fungi","floor":33,"turns":4},{"damage":24,"enemies":"Collector","floor":35,"turns":7},{"damage":4,"enemies":"3 Darklings","floor":37,"turns":6},{"damage":14,"enemies":"3 Shapes","floor":38,"turns":4},{"damage":37,"enemies":"Maw","floor":39,"turns":8},{"damage":13,"enemies":"4 Shapes","floor":40,"turns":4},{"damage":16,"enemies":"Jaw Worm Horde","floor":41,"turns":1}],"seed_played":"-7630983040519194451","potions_obtained":[{"floor":4.0,"key":"SteroidPotion"},{"floor":6.0,"key":"PowerPotion"},{"floor":11.0,"key":"jedi:mysterypotion"},{"floor":14.0,"key":"FearPotion"},{"floor":19.0,"key":"Explosive Potion"},{"floor":20.0,"key":"BlessingOfTheForge"},{"floor":28,"key":"Fire Potion"},{"floor":33,"key":"Ancient Potion"},{"floor":35,"key":"PowerPotion"},{"floor":39,"key":"jedi:mysterypotion"}],"is_trial":false,"path_per_floor":["M","M","$","M","M","E","R","?","T","?","E","$","M","M","R","B",null,"M","M","M","$","M","E","R","AVR","T","R","M","?","?","?","T","M","R","B",null,"M","M","M","M","M"],"character_chosen":"SHADE","items_purchased":["BargainBundle","Shade:OpenGraves","jedi:holywater","Energy Potion","Block Potion","Juzu Bracelet","aspiration:FetidBarrel","Shade:FreshBones","Shade:Carnophage","Shade:FingerOfDeath","Replay:Bandana","Adrenaline Potion"],"campfire_rested":4,"item_purchase_floors":[0,0,0,0,0,0,0,0,0,0,21,21],"current_hp_per_floor":[32,32,32,32,24,10,29,18,18,18,11,11,10,10,29,19,65,65,53,53,53,52,54,65,65,65,65,60,60,60,60,60,61,61,43,65,61,53,19,9,0,0],"gold":522,"neow_bonus":"","is_daily":false,"chose_seed":false,"campfire_upgraded":0,"win_rate":0.0,"timestamp":1610294879,"path_taken":["M","M","?","M","M","E","R","?","T","?","E","?","M","M","R","BOSS","M","M","M","$","M","E","R","AVR","T","R","M","?","?","?","?","M","R","BOSS","M","M","M","M","M"],"items_purchased_type":["Relic","Card","Potion","Potion","Potion","Relic","Relic","Card","Card","Card","Relic","Potion"],"build_version":"2020-12-22","purchased_purges":3,"victory":false,"max_hp_per_floor":[65,65,65,65,65,65,65,65,65,65,65,65,65,65,65,65,65,65,65,65,65,65,65,65,65,65,65,65,65,65,65,65,65,65,65,65,65,65,65,65,65,65],"card_choices":[{"not_picked":["Shade:RitualOffering","Shade:FreshBones","Shade:GoDigging"],"picked":"SKIP","floor":1.0},{"not_picked":["Shade:FuneraryArmor","Shade:FuneraryJewels"],"picked":"Shade:Bonestorm","floor":2.0},{"not_picked":["Shade:GoDigging","Shade:AncientSpear","Shade:FingerOfDeath"],"picked":"SKIP","floor":4.0},{"not_picked":["Shade:CallOfTheGrave","Shade:ExtraLimbs"],"picked":"Shade:Carnophage","floor":5.0},{"not_picked":["Shade:SoulToxin","Shade:CloudOfShrapnel"],"picked":"Shade:GraveStillness","floor":6.0},{"not_picked":["Shade:LyeBath","Shade:AncientSpear","Shade:BoneShards"],"picked":"SKIP","floor":11.0},{"not_picked":["Shade:FeralStrike","Shade:Doomsay","Shade:WallOfFlesh"],"picked":"SKIP","floor":13.0},{"not_picked":["Shade:FuneraryArmor","Shade:CommandSoldier"],"picked":"Shade:OfferingToTheBeyond","floor":14.0},{"not_picked":["Shade:Bonestorm","Shade:GraveStillness","Shade:CloudOfShrapnel"],"picked":"SKIP","floor":18.0},{"not_picked":["Shade:Frenzy","Shade:ClawBack+1","Shade:LoseControl"],"picked":"SKIP","floor":19.0},{"not_picked":["Shade:Frenzy","Shade:ClawBack+1","Shade:LoseControl"],"picked":"SKIP","floor":19.0},{"not_picked":["Shade:PotionOfRestlessness","Shade:FleshToFlesh+1"],"picked":"Shade:Bite_Shade+1","floor":20.0},{"not_picked":["Shade:FeralStrike+1","Shade:Trample"],"picked":"Shade:RavenousHorde+1","floor":22},{"not_picked":["Shade:PotionOfRestlessness+1","Shade:WallOfFlesh+1"],"picked":"Shade:Premonition+1","floor":23},{"not_picked":["Shade:CallWraith","Shade:Bonestorm","Shade:Asphyxiate"],"picked":"SKIP","floor":28},{"not_picked":["Shade:GreyBargain","Shade:DangerousRitual"],"picked":"Shade:SkeletonArmy+1","floor":33},{"not_picked":["Shade:LichForm","Shade:UnbarTheGrave"],"picked":"Shade:Putrefaction","floor":35},{"not_picked":["Shade:SanguineRitual+1","Shade:Bonestorm+1","Shade:Premonition"],"picked":"SKIP","floor":37},{"not_picked":["Shade:SanguineRitual+1","Shade:Premonition"],"picked":"Shade:Bonestorm+1","floor":37},{"not_picked":["Shade:ExtraLimbs","Shade:FingerOfDeath","Shade:Doomsay"],"picked":"SKIP","floor":38},{"not_picked":["Shade:Bonestorm+1","Shade:StitchTogether+1"],"picked":"Shade:Bite_Shade+1","floor":39},{"not_picked":["Shade:CallWraith","Shade:Awaken+1","Shade:SpectralStrikes+1"],"picked":"SKIP","floor":40}],"player_experience":341420,"relics_obtained":[{"floor":6.0,"key":"infinitespire:EmpoweringShard"},{"floor":9.0,"key":"Gremlin Food"},{"floor":11.0,"key":"infinitespire:Satchel"},{"floor":23,"key":"Shovel"},{"floor":26,"key":"Pocketwatch"},{"floor":32,"key":"hubris:64BitClover"},{"floor":34,"key":"Ancient Tea Set"}],"event_choices":[{"damage_healed":0.0,"max_hp_gain":0.0,"max_hp_loss":0.0,"gold_gain":75.0,"event_name":"betterThird:BetterGoop","player_choice":"Gold","floor":8.0,"gold_loss":0.0,"damage_taken":11.0},{"cards_removed":["Shade:Strike_Shade"],"damage_healed":0.0,"max_hp_gain":0.0,"max_hp_loss":0.0,"gold_gain":0.0,"event_name":"Bonfire Elementals","player_choice":"Offered Basic","floor":10.0,"gold_loss":0.0,"damage_taken":0.0}],"is_beta":false,"boss_relics":[{"not_picked":["vexMod:DeviousBotling","energizedSpire:StickyHand"],"picked":"infinitespire:Cupcake"},{"not_picked":["aspiration:RunicSpoon","Calling Bell"],"picked":"Astrolabe"}],"items_purged_floors":[0,0,21],"is_endless":false,"potions_floor_spawned":[4,6,11,14,19,20,28,33,35,39],"killed_by":"Jaw Worm Horde","ascension_level":0}}