{"host":"byizzf0lry06owoh","time":1610270839,"event":{"mods":["Act Like it!","Aspiration","BaseMod","BetterRewards","Card Forge","Conspire","Downfall","Friendly Minions","GifTheSpireLib","Hallownest","Hubris","Infinite Spire","Minty Spire (QoL Compilation)","Relic Sorter","Replay The Spire","SIMod","StSLib","Wandering Minibosses"],"gold_per_floor":[110,110,121,121,133,133,133,151,151,171,171,4,18,34,34,138,238,250,267,267,287,287,287],"floor_reached":22,"playtime":2006,"items_purged":[],"score":189,"play_id":"4e77d103-97e3-4494-bb74-41ae2d5b71af","local_time":"20210110012719","is_ascension_mode":true,"campfire_choices":[{"floor":6,"key":"RECALL"},{"data":"hubris:SlightOfHand","floor":11,"key":"SMITH"},{"data":"ReplayTheSpireMod:Shiv Toss","floor":15,"key":"SMITH"}],"circlet_count":0,"master_deck":["Survivor","Backflip","Terror","Blade Dance","hubris:SlightOfHand+1","Sucker Punch+1","Adrenaline","Footwork+1","Poisoned Stab+1","Survivor","Backflip","hubris:SlightOfHand+1","infinitespire:Neurotoxin","Sucker Punch+1","Prepared","Caltrops","ReplayTheSpireMod:Shiv Toss+1","Adrenaline","Footwork+1","Poisoned Stab+1","Phantasmal Killer"],"relics":["Ring of the Snake","Seething Fire","Hammer of Thor","Anvil of the Gods","hubris:SlimyHat","Replay:Wanted Poster"],"acts_visited":["Exordium","TheCity"],"potions_floor_usage":[16,19],"damage_taken":[{"damage":2,"enemies":"Jaw Worm","floor":1,"turns":5},{"damage":10,"enemies":"infinitespire:Voidling","floor":3,"turns":5},{"damage":0,"enemies":"Cultist","floor":5,"turns":3},{"damage":5,"enemies":"Looter","floor":8,"turns":3},{"damage":14,"enemies":"3 Louse","floor":10,"turns":5},{"damage":5,"enemies":"Red Slaver","floor":13,"turns":4},{"damage":6,"enemies":"Looter","floor":14,"turns":4},{"damage":32,"enemies":"Slime Boss","floor":16,"turns":9},{"damage":43,"enemies":"3 Byrds","floor":18,"turns":7},{"damage":12,"enemies":"Shell Parasite","floor":19,"turns":4},{"damage":16,"enemies":"Centurion and Healer","floor":21,"turns":5},{"damage":5,"enemies":"Cultist and Chosen","floor":22,"turns":2}],"seed_played":"700631759651310766","potions_obtained":[{"floor":5,"key":"Venom Potion"},{"floor":10,"key":"champ:CounterPotion"},{"floor":13,"key":"FearPotion"},{"floor":18,"key":"Swift Potion"},{"floor":21,"key":"Toxic Potion"}],"is_trial":false,"path_per_floor":["M","?","M","?","M","R","?","M","T","M","R","$","M","M","R","B",null,"M","M","?","M","M"],"character_chosen":"THE_SILENT","items_purchased":["Sucker Punch+1","Prepared","Caltrops"],"campfire_rested":0,"item_purchase_floors":[12,12,12],"current_hp_per_floor":[68,68,67,67,67,67,72,67,67,53,53,53,48,42,42,10,75,32,20,20,4,0,0],"gold":287,"neow_bonus":"RANDOM_COMMON_RELIC","is_daily":false,"chose_seed":false,"campfire_upgraded":2,"win_rate":0.0,"timestamp":1610270839,"path_taken":["M","?","M","?","M","R","?","M","T","M","R","$","?","M","R","BOSS","M","M","?","?","?"],"items_purchased_type":["Card","Card","Card"],"build_version":"2020-12-22","purchased_purges":0,"victory":false,"max_hp_per_floor":[70,70,70,70,70,70,75,75,75,75,75,75,75,75,75,75,75,75,75,75,75,75,75],"card_choices":[{"not_picked":["ReplayTheSpireMod:Exploit Weakness","ReplayTheSpireMod:The Works"],"picked":"Backflip","floor":1},{"not_picked":["Outmaneuver","Finisher"],"picked":"Terror","floor":3},{"not_picked":["Poisoned Stab","Deadly Poison"],"picked":"Blade Dance","floor":5},{"not_picked":["Endless Agony","Well Laid Plans"],"picked":"hubris:SlightOfHand","floor":8},{"not_picked":["Predator","Sneak Up"],"picked":"infinitespire:Neurotoxin","floor":10},{"not_picked":["Toxin Wave","Distraction"],"picked":"ReplayTheSpireMod:Shiv Toss","floor":13},{"not_picked":["Draining Mist","Flying Knee"],"picked":"Sucker Punch","floor":14},{"not_picked":["Venomology","A Thousand Cuts"],"picked":"Adrenaline","floor":16},{"not_picked":["PiercingWail+1","Blade Dance"],"picked":"Footwork+1","floor":18},{"not_picked":["PiercingWail","Backflip"],"picked":"Poisoned Stab+1","floor":19},{"not_picked":["Deadly Poison","ReplayTheSpireMod:Exploit Weakness"],"picked":"Phantasmal Killer","floor":21}],"player_experience":46758,"relics_obtained":[],"event_choices":[{"damage_healed":0,"gold_gain":0,"player_choice":"Ignored","damage_taken":0,"max_hp_gain":0,"max_hp_loss":0,"event_name":"Golden Wing","floor":2,"gold_loss":0},{"damage_healed":0,"gold_gain":0,"player_choice":"Donut","damage_taken":0,"max_hp_gain":5,"max_hp_loss":0,"event_name":"Big Fish","floor":7,"gold_loss":0}],"is_beta":false,"boss_relics":[{"not_picked":["Snecko Scales","Busted Crown"],"picked":"Replay:Wanted Poster"}],"items_purged_floors":[],"is_endless":false,"potions_floor_spawned":[5,10,13,18,21],"killed_by":"Cultist and Chosen","ascension_level":1}}