{"host":"v9oq5ccz01n9mezq","time":1610240668,"event":{"mods":["BaseMod","Colored Map","Minty Spire (QoL Compilation)"],"gold_per_floor":[117,129,129,129,204,234,234,246,246,246,258,275,304,318,318,418,418,437,448,100,114,128,128,128],"floor_reached":23,"playtime":880,"items_purged":["Strike_R"],"score":236,"play_id":"d0d084c0-9183-46ac-890b-936722ba04be","local_time":"20210109200428","is_ascension_mode":true,"campfire_choices":[{"floor":7,"key":"REST"},{"data":"Pummel","floor":10,"key":"SMITH"},{"data":"Whirlwind","floor":15,"key":"SMITH"}],"circlet_count":0,"master_deck":["Strike_R","Strike_R","Defend_R+1","Defend_R","Defend_R+1","Defend_R","Bash","Demon Form+1","Pummel+1","Battle Trance","Anger","Pommel Strike","Whirlwind+1","Limit Break","Heavy Blade","Rage"],"relics":["Burning Blood","Kunai","Gremlin Horn","Bag of Marbles","Empty Cage","ClockworkSouvenir"],"acts_visited":["Exordium","TheCity"],"potions_floor_usage":[6,18,21,21,22,23],"damage_taken":[{"damage":9,"enemies":"2 Louse","floor":1,"turns":3},{"damage":13,"enemies":"Jaw Worm","floor":2,"turns":4},{"damage":18,"enemies":"Gremlin Nob","floor":6,"turns":4},{"damage":0,"enemies":"Small Slimes","floor":8,"turns":2},{"damage":6,"enemies":"Looter","floor":11,"turns":2},{"damage":4,"enemies":"Lots of Slimes","floor":12,"turns":3},{"damage":17,"enemies":"3 Sentries","floor":13,"turns":5},{"damage":0,"enemies":"Large Slime","floor":14,"turns":5},{"damage":43,"enemies":"The Guardian","floor":16,"turns":8},{"damage":33,"enemies":"Spheric Guardian","floor":18,"turns":6},{"damage":31,"enemies":"Shell Parasite","floor":19,"turns":6},{"damage":5,"enemies":"Centurion and Healer","floor":21,"turns":7},{"damage":3,"enemies":"Snecko","floor":22,"turns":5},{"damage":33,"enemies":"Slavers","floor":23,"turns":2}],"seed_played":"-239404401008530670","potions_obtained":[{"floor":1,"key":"Weak Potion"},{"floor":6,"key":"Dexterity Potion"},{"floor":11,"key":"Dexterity Potion"},{"floor":12,"key":"SteroidPotion"},{"floor":14,"key":"SteroidPotion"},{"floor":21,"key":"Fruit Juice"}],"is_trial":false,"path_per_floor":["M","M","?","?","?","E","R","M","T","R","M","M","E","M","R","B",null,"M","M","$","M","M","E"],"character_chosen":"IRONCLAD","items_purchased":["ClockworkSouvenir","Rage","Fire Potion"],"campfire_rested":1,"item_purchase_floors":[20,20,20],"current_hp_per_floor":[69,62,62,48,37,25,46,52,52,52,52,54,43,49,49,12,72,45,20,20,26,29,0,0],"gold":128,"neow_bonus":"THREE_RARE_CARDS","is_daily":false,"chose_seed":false,"campfire_upgraded":2,"win_rate":0.0,"timestamp":1610240668,"path_taken":["M","M","?","?","?","E","R","M","T","R","M","M","E","M","R","BOSS","M","M","$","M","M","E"],"items_purchased_type":["Relic","Card","Potion"],"build_version":"2020-12-22","purchased_purges":1,"victory":false,"max_hp_per_floor":[72,72,72,72,72,72,72,72,72,72,72,72,72,72,72,72,72,72,72,72,77,77,77,77],"card_choices":[{"not_picked":["Impervious","Corruption"],"picked":"Demon Form","floor":0},{"not_picked":["Dual Wield","Twin Strike"],"picked":"Pummel","floor":1},{"not_picked":["Havoc","Reckless Charge"],"picked":"Battle Trance","floor":2},{"not_picked":["Thunderclap","Infernal Blade"],"picked":"Anger","floor":6},{"not_picked":["Thunderclap","Armaments"],"picked":"Pommel Strike","floor":8},{"not_picked":["Headbutt","Intimidate","Clothesline"],"picked":"SKIP","floor":11},{"not_picked":["Second Wind","True Grit"],"picked":"Whirlwind","floor":12},{"not_picked":["Berserk","Ghostly Armor","Havoc"],"picked":"SKIP","floor":13},{"not_picked":["Sentinel","Twin Strike","Clash"],"picked":"SKIP","floor":14},{"not_picked":["Double Tap","Juggernaut"],"picked":"Limit Break","floor":16},{"not_picked":["Metallicize","Perfected Strike"],"picked":"Heavy Blade","floor":18},{"not_picked":["Rampage","Pummel","Havoc"],"picked":"SKIP","floor":19},{"not_picked":["Thunderclap","Fire Breathing","Battle Trance"],"picked":"SKIP","floor":21},{"not_picked":["Clothesline+1","Cleave","Sever Soul"],"picked":"SKIP","floor":22}],"player_experience":64728,"relics_obtained":[{"floor":6,"key":"Kunai"},{"floor":9,"key":"Gremlin Horn"},{"floor":13,"key":"Bag of Marbles"}],"event_choices":[{"damage_healed":0,"gold_gain":0,"player_choice":"Grow","damage_taken":0,"max_hp_gain":0,"max_hp_loss":0,"event_name":"Living Wall","floor":3,"gold_loss":0,"cards_upgraded":["Demon Form"]},{"damage_healed":0,"gold_gain":0,"player_choice":"Entered Light","damage_taken":14,"max_hp_gain":0,"max_hp_loss":0,"event_name":"Shining Light","floor":4,"gold_loss":0,"cards_upgraded":["Defend_R","Defend_R"]},{"damage_healed":0,"gold_gain":75,"player_choice":"Gather Gold","damage_taken":11,"max_hp_gain":0,"max_hp_loss":0,"event_name":"World of Goop","floor":5,"gold_loss":0}],"is_beta":false,"boss_relics":[{"not_picked":["Calling Bell","Fusion Hammer"],"picked":"Empty Cage"}],"items_purged_floors":[20],"is_endless":false,"potions_floor_spawned":[1,6,11,12,14,21],"killed_by":"Slavers","ascension_level":3}}