{"host":"wy5pcbg592uilh9l","time":1610264082,"event":{"mods":["AchievementEnabler","Act Like it!","BaseMod","BetterRewards","Curses Come First","Gensokyo","Hubris","Infinite Spire","Marisa????????","Minty Spire (QoL Compilation)","Permanent Neow","Replay The Spire","StSLib"],"gold_per_floor":[144,184,354,354,123,123,123,151,177,234,289,70,70,129,129,264,264,303,303,315,0,10,10,42,79,132,191,294,294,444,444,444,604,704,773,810,810,847,892,947,990,636,661,698,555,555,612,612,612,612,612,612,479,529,529],"floor_reached":56,"playtime":4983,"items_purged":["Strike_MRS","Strike_MRS","Strike_MRS","Strike_MRS","Defend_MRS","MilkyWay","ReplayTheSpireMod:Doomed","MasterSpark"],"score":2120,"play_id":"97b1f2ce-4618-4278-a5b2-4dd1b08814bc","local_time":"20210110013442","is_ascension_mode":true,"campfire_choices":[{"floor":6,"key":"RECALL"},{"data":"DragonMeteor","floor":15,"key":"PURGE"},{"floor":32,"key":"DIG"}],"circlet_count":0,"master_deck":["Defend_MRS","Defend_MRS+1","Defend_MRS","UpSweep+1","Replay:BasicMightCard+1","WitchOfGreed","Orbital+1","NonDirectionalLaser+1","Robbery","PulseMagic","ChargeUpSpray+1","Orbital","MagicChant+1","MeteoricShower","RefractionSpark","MysteriousBeam+1","ManaRampage","EnergyRecoil","TreasureHunter+1","Acceleration+1","Acceleration","BlazeAway+1","MillisecondPulsars","MachineGunSpark","infinitespire:FutureSight","FinalSpark","ShootingEcho","SporeBomb","ManaConvection+1","6A","Jack Of All Trades+1","UnstableBomb+1","MagicChant+1","Gensokyo:Dawn+1","Master of Strategy","Master of Strategy","GrandCross+1"],"relics":["MiniHakkero","hubris:FunFungus","Regal Pillow","hubris:TenFootPole","Guide Book","Unceasing Top","Orrery","infinitespire:Lychee Nut","Membership Card","infinitespire:Bottled Soul","hubris:Reverence","Replay:PocketPolymizer","Question Card","Blood Vial","BargainBundle","CaptainsWheel","Counterbalance","hubris:EmptyBottle","hubris:GlazedTorus","Chameleon Ring","Boot","MagicBroom","Akabeko","Gambling Chip","Iron Hammer","infinitespire:Magic Flask","SproutingBranch","Replay:Kaleidoscope","hubris:PeanutButter","hubris:Potato","ReplayTheSpireMod:CursedCoin","StoneCalendar","Toy Ornithopter","Gensokyo:DemonMask","ReplayTheSpireMod:Shallot","Replay:Multitool","Gensokyo:OccultBall","Blue Candle","Bottled Tornado","Lizard Tail","Gensokyo:MarisaIngredientList","Onion Ring","SacredBark","Philosopher\u0027s Stone","AmplifyWand","hubris:CrystalStatue","Omamori","hubris:CuriousFeather","hubris:Icosahedron","Whetstone","Blue Doll","Ice Cream","Replay:Wanted Poster","hubris:Towel","infinitespire:Satchel","OrangePellets","Replay:WaspNest","Pet Ghost","Toolbox","Potion Belt","Prayer Wheel","Nunchaku","Orichalcum"],"acts_visited":["Exordium","Gensokyo:Gensokyo","Gensokyo:Gensokyoer","TheEnding"],"potions_floor_usage":[1,1,3,5,8,8,10,11,14,14,14,16,16,16,16,18,22,22,22,22,22,22,22,22,22,22,24,24,25,27,27,27,27,27,27,28,30,33,33,35,40,40,47,47,50,50,50,55,55,55,55],"damage_taken":[{"damage":0,"enemies":"Gensokyo:Python","floor":1,"turns":2},{"damage":0,"enemies":"Gensokyo:Gryphon","floor":2,"turns":2},{"damage":0,"enemies":"Gensokyo:Aya","floor":3,"turns":3},{"damage":0,"enemies":"Gensokyo:Mamizou","floor":8,"turns":1},{"damage":0,"enemies":"Gensokyo:Aya","floor":10,"turns":2},{"damage":0,"enemies":"Gensokyo:2_Kodama","floor":11,"turns":2},{"damage":0,"enemies":"Gensokyo:Mamizou","floor":14,"turns":3},{"damage":0,"enemies":"Gensokyo:Yukari","floor":16,"turns":3},{"damage":0,"enemies":"Gensokyo:2_Gloops","floor":18,"turns":2},{"damage":0,"enemies":"Gensokyo:AngelMirror","floor":20,"turns":1},{"damage":13,"enemies":"Gensokyo:Wraith","floor":22,"turns":2},{"damage":0,"enemies":"Gensokyo:Koishi","floor":24,"turns":2},{"damage":0,"enemies":"Gensokyo:Chomper_and_Gloop","floor":25,"turns":1},{"damage":0,"enemies":"Gensokyo:Reisen","floor":27,"turns":2},{"damage":3,"enemies":"Gensokyo:Swordslinger","floor":28,"turns":2},{"damage":0,"enemies":"Gensokyo:Koishi","floor":30,"turns":2},{"damage":0,"enemies":"Gensokyo:Kaguya","floor":33,"turns":1},{"damage":0,"enemies":"Gensokyo:3_Bats","floor":35,"turns":2},{"damage":0,"enemies":"Gensokyo:AncientGuardian","floor":36,"turns":1},{"damage":0,"enemies":"Gensokyo:Sharpion","floor":38,"turns":1},{"damage":0,"enemies":"Gensokyo:4_Bats","floor":39,"turns":2},{"damage":0,"enemies":"Gensokyo:Marisa","floor":40,"turns":1},{"damage":0,"enemies":"Gensokyo:SeedOfUnknown","floor":41,"turns":1},{"damage":0,"enemies":"Gensokyo:Dusk_and_Dawn","floor":44,"turns":1},{"damage":0,"enemies":"Gensokyo:Kasen","floor":47,"turns":3},{"damage":0,"enemies":"Gensokyo:Kasen","floor":48,"turns":3},{"damage":0,"enemies":"Gensokyo:Shinki","floor":50,"turns":3},{"damage":0,"enemies":"Shield and Spear","floor":54,"turns":2},{"damage":0,"enemies":"The Heart","floor":55,"turns":4}],"seed_played":"5842591996908574597","potions_obtained":[{"floor":1,"key":"Fruit Juice"},{"floor":3,"key":"SteroidPotion"},{"floor":8,"key":"PowerPotion"},{"floor":10,"key":"Flashbang"},{"floor":14,"key":"BottledSpark"},{"floor":14,"key":"FearPotion"},{"floor":16,"key":"PowerPotion"},{"floor":18,"key":"Regen Potion"},{"floor":18,"key":"EntropicBrew"},{"floor":22,"key":"BottledSpark"},{"floor":24,"key":"Languid Potion"},{"floor":25,"key":"Cursed Concoction"},{"floor":27,"key":"Weak Potion"},{"floor":28,"key":"Swift Potion"},{"floor":30,"key":"Energy Potion"},{"floor":33,"key":"Regen Potion"},{"floor":35,"key":"BottledSpark"},{"floor":35,"key":"Dexterity Potion"},{"floor":36,"key":"EssenceOfSteel"},{"floor":47,"key":"SkillPotion"},{"floor":49,"key":"Adrenaline Potion"},{"floor":49,"key":"Cursed Concoction"},{"floor":52,"key":"Languid Potion"},{"floor":52,"key":"LiquidMemories"}],"is_trial":false,"path_per_floor":["M","M","?","?","$","R","?","E","T","E","M","$","?","E","R","B",null,"M","AVR","M","?","M","R","E","M","T","E","M","?","E","?","R","B",null,"M","M","?","M","M","E","M","$","T","M","COS","?","E","?","R","B",null,"R","$","E","B",null],"character_chosen":"MARISA","items_purchased":["MysteriousBeam","Regal Pillow","hubris:TenFootPole","Replay:BasicMightCard","WitchOfGreed","Guide Book","Orrery","Membership Card","infinitespire:Bottled Soul","hubris:Reverence","Question Card","Blood Vial","BargainBundle","DragonMeteor","Counterbalance","hubris:EmptyBottle","Chameleon Ring","Boot","Akabeko","PulseMagic","Iron Hammer","ChargeUpSpray+1","SproutingBranch","hubris:PeanutButter","Orbital","ReplayTheSpireMod:CursedCoin","FinalSpark","Strength Potion","Toy Ornithopter","Fruit Juice","MysteriousBeam","Replay:Multitool","Lizard Tail","ManaRampage","Jack Of All Trades+1","OrangePellets","Replay:WaspNest","Nunchaku","Master of Strategy"],"campfire_rested":0,"item_purchase_floors":[0,0,0,0,0,0,0,0,0,0,0,0,0,0,0,0,0,0,0,0,0,0,0,0,0,0,0,0,0,5,5,5,12,12,42,42,42,53,53],"current_hp_per_floor":[61,70,70,70,77,77,77,77,77,84,84,84,84,84,84,84,84,84,84,84,84,84,84,84,84,84,84,81,81,84,74,74,84,84,84,84,84,84,84,84,84,84,84,84,84,84,84,84,84,84,84,84,84,84,84],"gold":529,"neow_bonus":"","is_daily":false,"chose_seed":false,"campfire_upgraded":0,"win_rate":0.0,"timestamp":1610264082,"path_taken":["M","M","?","?","?","R","?","E","T","E","?","$","?","E","R","BOSS","M","AVR","M","?","M","R","E","M","T","E","M","?","E","?","R","BOSS","M","M","?","?","M","E","M","$","T","M","COS","?","E","?","R","BOSS","R","$","E","BOSS"],"items_purchased_type":["Card","Relic","Relic","Card","Card","Relic","Relic","Relic","Relic","Relic","Relic","Relic","Relic","Card","Relic","Relic","Relic","Relic","Relic","Card","Relic","Card","Relic","Relic","Card","Relic","Card","Potion","Relic","Potion","Card","Relic","Relic","Card","Card","Relic","Relic","Relic","Card"],"build_version":"2020-12-22","purchased_purges":8,"victory":true,"max_hp_per_floor":[70,70,70,70,77,77,77,77,77,84,84,84,84,84,84,84,84,84,84,84,84,84,84,84,84,84,84,84,84,84,84,84,84,84,84,84,84,84,84,84,84,84,84,84,84,84,84,84,84,84,84,84,84,84,84],"card_choices":[{"not_picked":["EnergyRecoil","UnstableBomb"],"picked":"GrandCross","floor":0},{"not_picked":["IllusionStar","ShootingEcho"],"picked":"Orbital","floor":0},{"not_picked":["IllusionStar","EnergyFlow"],"picked":"NonDirectionalLaser","floor":0},{"not_picked":["ShootingEcho","IllusionStar"],"picked":"Robbery","floor":0},{"not_picked":["SuperNova","ManaConvection"],"picked":"MilkyWay","floor":0},{"not_picked":["DoubleSpark","DragonMeteor","EventHorizon"],"picked":"MagicChant","floor":1},{"not_picked":["GravityBeat","OortCloud","DragonMeteor"],"picked":"MeteoricShower","floor":2},{"not_picked":["SporeBomb","StarDustReverie","NonDirectionalLaser"],"picked":"RefractionSpark","floor":3},{"not_picked":["GravityBeat","TreasureHunter","GrandCross","BigCrunch"],"picked":"SKIP","floor":8},{"not_picked":["AsteroidBelt","6A","WitchOfGreed","NonDirectionalLaser"],"picked":"SKIP","floor":10},{"not_picked":["NonDirectionalLaser","MilkyWay","EventHorizon","StarBarrage"],"picked":"SKIP","floor":11},{"not_picked":["MilkyWay","SporeBomb","MysteriousBeam"],"picked":"EnergyRecoil","floor":14},{"not_picked":["BlazingStar","CollectingQuirk","BinaryStars"],"picked":"TreasureHunter","floor":16},{"not_picked":["MilkyWay","WitchLeyline","DoubleSpark"],"picked":"Acceleration","floor":18},{"not_picked":["DarkMatter","UnstableBomb","DragonMeteor"],"picked":"Acceleration","floor":20},{"not_picked":["EnergyFlow","BlazeAway","MilkyWay","PowerUp"],"picked":"SKIP","floor":22},{"not_picked":["MagicAbsorber","Occultation","GravityBeat","NonDirectionalLaser"],"picked":"SKIP","floor":24},{"not_picked":["MysteriousBeam","NonDirectionalLaser+1","Robbery"],"picked":"BlazeAway+1","floor":25},{"not_picked":["DarkMatter","MilkyWay+1","PowerUp"],"picked":"MillisecondPulsars","floor":27},{"not_picked":["GravityBeat+1","DC","ShootingEcho"],"picked":"MachineGunSpark","floor":28},{"not_picked":["GravityBeat","MagicAbsorber+1","MysteriousBeam","EnergyFlow+1"],"picked":"SKIP","floor":30},{"not_picked":["infinitespire:Collect","infinitespire:SevenWalls"],"picked":"infinitespire:FutureSight","floor":31},{"not_picked":["SuperNova","EscapeVelocity","StarDustReverie"],"picked":"FinalSpark","floor":33},{"not_picked":["MysteriousBeam","GalacticHalo","WitchLeyline"],"picked":"ShootingEcho","floor":35},{"not_picked":["Acceleration","AsteroidBelt","NonDirectionalLaser"],"picked":"SporeBomb","floor":36},{"not_picked":["DarkSpark+1","WitchLeyline+1","MilkyWay","GrandCross"],"picked":"SKIP","floor":38},{"not_picked":["OortCloud+1","MysteriousBeam+1","DeepEcoloBomb"],"picked":"ManaConvection+1","floor":39},{"not_picked":["CollectingQuirk","GalacticHalo","UnstableBomb+1"],"picked":"6A","floor":40},{"not_picked":["Robbery","UnstableBomb","OrrerysSun","GalacticHalo"],"picked":"SKIP","floor":41},{"not_picked":["DoubleSpark","GrandCross+1","LuminesStrike"],"picked":"UnstableBomb+1","floor":44},{"not_picked":["DC","MysteriousBeam+1","DeepEcoloBomb+1"],"picked":"MagicChant+1","floor":47},{"not_picked":["Gensokyo:LifeSpringInfinity+1","Gensokyo:RainbowDanmaku+1"],"picked":"Gensokyo:Dawn+1","floor":48},{"not_picked":["AlicesGift","WitchLeyline+1","OneTimeOff+1"],"picked":"GrandCross+1","floor":54}],"player_experience":248034,"relics_obtained":[{"floor":3,"key":"ReplayTheSpireMod:Shallot"},{"floor":8,"key":"Blue Candle"},{"floor":10,"key":"Bottled Tornado"},{"floor":14,"key":"Onion Ring"},{"floor":16,"key":"Gensokyo:OccultBall"},{"floor":24,"key":"AmplifyWand"},{"floor":24,"key":"hubris:CrystalStatue"},{"floor":26,"key":"Omamori"},{"floor":27,"key":"hubris:CuriousFeather"},{"floor":30,"key":"Whetstone"},{"floor":30,"key":"Gensokyo:OccultBall"},{"floor":30,"key":"Blue Doll"},{"floor":32,"key":"Ice Cream"},{"floor":33,"key":"Gensokyo:OccultBall"},{"floor":40,"key":"infinitespire:Satchel"},{"floor":43,"key":"Pet Ghost"},{"floor":47,"key":"Potion Belt"},{"floor":47,"key":"Prayer Wheel"},{"floor":54,"key":"Orichalcum"}],"event_choices":[],"is_beta":false,"boss_relics":[{"not_picked":["Ring of Chaos","hubris:CrackedHourglass"],"picked":"SacredBark"},{"not_picked":["Fusion Hammer","Replay:Bronze Core"],"picked":"Replay:Wanted Poster"}],"items_purged_floors":[0,0,0,0,0,0,0,42],"is_endless":false,"potions_floor_spawned":[3,8,14,18,22,24,25,35,40,44],"ascension_level":1}}