{"host":"dhyczjm99amxd3qx","time":1610252777,"event":{"mods":["BaseMod","Colored Map","Googly Eyes","Highlight Path","Minty Spire (QoL Compilation)","Quick Restart","StSLib"],"gold_per_floor":[115,130,205,224,174,174,202,202,202,234,234,251,24,52,52,154,154,167,179,190,190,150,150,168,168,168],"floor_reached":25,"playtime":1089,"items_purged":[],"score":276,"play_id":"c27608e6-a79f-4b0b-bced-7a9d46c49e1d","local_time":"20210109232617","is_ascension_mode":true,"campfire_choices":[{"floor":6,"key":"REST"},{"floor":8,"key":"REST"},{"floor":15,"key":"REST"},{"floor":23,"key":"REST"}],"circlet_count":0,"master_deck":["Strike_B","Strike_B","Strike_B","Strike_B","Defend_B","Defend_B","Defend_B","Defend_B","Zap","Dualcast","Capacitor","Ball Lightning","Electrodynamics","Loop","Glacier","Cold Snap","Compile Driver","Thunder Strike","Blizzard","Machine Learning"],"relics":["Cracked Core","Dream Catcher","Omamori","Darkstone Periapt","The Courier","Centennial Puzzle","Pantograph","Boot","Calling Bell","Pen Nib","Kunai","Thread and Needle"],"acts_visited":["Exordium","TheCity"],"potions_floor_usage":[7,16,20,24,24,24],"damage_taken":[{"damage":1,"enemies":"2 Louse","floor":1,"turns":4},{"damage":3,"enemies":"Jaw Worm","floor":2,"turns":4},{"damage":11,"enemies":"Small Slimes","floor":4,"turns":4},{"damage":28,"enemies":"3 Sentries","floor":7,"turns":7},{"damage":20,"enemies":"Lagavulin","floor":10,"turns":6},{"damage":17,"enemies":"Exordium Thugs","floor":12,"turns":3},{"damage":8,"enemies":"3 Sentries","floor":14,"turns":3},{"damage":35,"enemies":"Hexaghost","floor":16,"turns":12},{"damage":33,"enemies":"2 Thieves","floor":18,"turns":3},{"damage":0,"enemies":"3 Byrds","floor":19,"turns":2},{"damage":14,"enemies":"3 Cultists","floor":20,"turns":3},{"damage":10,"enemies":"Centurion and Healer","floor":24,"turns":5},{"damage":31,"enemies":"Gremlin Leader","floor":25,"turns":2}],"seed_played":"542002846464555558","potions_obtained":[{"floor":1,"key":"Block Potion"},{"floor":10,"key":"DuplicationPotion"},{"floor":18,"key":"SkillPotion"},{"floor":19,"key":"Weak Potion"},{"floor":22,"key":"LiquidMemories"},{"floor":22,"key":"EssenceOfSteel"}],"is_trial":false,"path_per_floor":["M","M","?","M","?","R","E","R","T","E","T","M","$","E","R","B",null,"M","M","M","?","?","R","M","E"],"character_chosen":"DEFECT","items_purchased":["Pantograph","Cold Snap"],"campfire_rested":4,"item_purchase_floors":[13,13],"current_hp_per_floor":[74,71,60,49,49,71,43,65,65,45,45,28,28,20,42,32,64,31,31,17,17,17,39,29,0,0],"gold":168,"neow_bonus":"RANDOM_COMMON_RELIC","is_daily":false,"chose_seed":false,"campfire_upgraded":0,"win_rate":0.0,"timestamp":1610252777,"path_taken":["M","M","?","M","?","R","E","R","T","E","?","M","?","E","R","BOSS","M","M","M","?","?","R","?","E"],"items_purchased_type":["Relic","Card"],"build_version":"2020-12-22","purchased_purges":0,"victory":false,"max_hp_per_floor":[75,75,75,75,75,75,75,75,75,75,75,75,75,75,75,75,75,75,75,75,75,75,75,75,75,75],"card_choices":[{"not_picked":["Leap","Streamline"],"picked":"Capacitor","floor":1},{"not_picked":["Reprogram","Leap"],"picked":"Capacitor","floor":2},{"not_picked":["Gash","Rebound","Reinforced Body"],"picked":"SKIP","floor":4},{"not_picked":["Capacitor","Heatsinks"],"picked":"Ball Lightning","floor":6},{"not_picked":["Turbo","Redo"],"picked":"Electrodynamics","floor":7},{"not_picked":["Leap","Streamline"],"picked":"Loop","floor":8},{"not_picked":["Multi-Cast","Double Energy","Hologram"],"picked":"SKIP","floor":10},{"not_picked":["Hello World","Lockon"],"picked":"Glacier","floor":12},{"not_picked":["Doom and Gloom","Steam","Reinforced Body"],"picked":"SKIP","floor":14},{"not_picked":["Turbo","Rebound"],"picked":"Compile Driver","floor":15},{"not_picked":["Amplify","Core Surge"],"picked":"Thunder Strike","floor":16},{"not_picked":["Scrape","Storm","Steam"],"picked":"SKIP","floor":18},{"not_picked":["Rebound","Compile Driver","Turbo+1"],"picked":"SKIP","floor":19},{"not_picked":["Hello World","Streamline+1","Reinforced Body+1"],"picked":"SKIP","floor":20},{"not_picked":["Capacitor+1","Fusion"],"picked":"Blizzard","floor":23},{"not_picked":["Hello World","Beam Cell+1"],"picked":"Machine Learning","floor":24}],"player_experience":324972,"relics_obtained":[{"floor":7,"key":"Omamori"},{"floor":9,"key":"Darkstone Periapt"},{"floor":10,"key":"The Courier"},{"floor":11,"key":"Centennial Puzzle"},{"floor":14,"key":"Boot"},{"floor":17,"key":"Pen Nib"},{"floor":17,"key":"Kunai"},{"floor":17,"key":"Thread and Needle"}],"event_choices":[{"damage_healed":0,"gold_gain":75,"player_choice":"Gather Gold","damage_taken":11,"max_hp_gain":0,"max_hp_loss":0,"event_name":"World of Goop","floor":3,"gold_loss":0},{"cards_removed":["Capacitor"],"damage_healed":0,"gold_gain":0,"player_choice":"Card Removal","damage_taken":0,"max_hp_gain":0,"max_hp_loss":0,"event_name":"The Cleric","floor":5,"gold_loss":50},{"damage_healed":0,"gold_gain":0,"player_choice":"Smashed Altar","damage_taken":0,"max_hp_gain":0,"max_hp_loss":0,"event_name":"Forgotten Altar","floor":21,"gold_loss":0,"cards_obtained":["Decay"]},{"damage_healed":0,"gold_gain":0,"player_choice":"Bought 3 Potions","damage_taken":0,"max_hp_gain":0,"max_hp_loss":0,"event_name":"The Woman in Blue","floor":22,"gold_loss":0}],"is_beta":false,"boss_relics":[{"not_picked":["Fusion Hammer","SacredBark"],"picked":"Calling Bell"}],"items_purged_floors":[],"is_endless":false,"potions_floor_spawned":[1,10,18,19],"killed_by":"Gremlin Leader","ascension_level":5}}