{"host":"qgru5siit3fz0wh9","time":1610296096,"event":{"mods":["AchievementEnabler","BaseMod","Highlight Path","Minty Spire (QoL Compilation)"],"gold_per_floor":[117,117,134,144,23,23,55,66,66,28,28,28],"floor_reached":11,"playtime":668,"items_purged":["Clumsy"],"score":80,"play_id":"41541248-4e61-4887-bcb9-03718ed57dd8","local_time":"20210110172816","is_ascension_mode":true,"campfire_choices":[{"floor":6,"key":"REST"}],"circlet_count":0,"master_deck":["Strike_P","Strike_P","Strike_P","Strike_P","Defend_P","Defend_P","Defend_P","Defend_P","Eruption","Vigilance","InnerPeace","Crescendo","EmptyBody","ClearTheMind","LikeWater","Adaptation"],"relics":["PureWater","Mango","CultistMask","Potion Belt","Matryoshka"],"acts_visited":["Exordium"],"potions_floor_usage":[7],"damage_taken":[{"damage":1,"enemies":"Small Slimes","floor":1,"turns":4},{"damage":1,"enemies":"Cultist","floor":3,"turns":4},{"damage":8,"enemies":"Jaw Worm","floor":4,"turns":4},{"damage":10,"enemies":"Lagavulin","floor":7,"turns":6},{"damage":0,"enemies":"Looter","floor":8,"turns":5},{"damage":95,"enemies":"Gremlin Nob","floor":11,"turns":4}],"seed_played":"-8047442437776973722","potions_obtained":[{"floor":1,"key":"GamblersBrew"},{"floor":3,"key":"BlessingOfTheForge"}],"is_trial":false,"path_per_floor":["M","?","M","M","$","R","E","M","T","$","E"],"character_chosen":"WATCHER","items_purchased":["ClearTheMind","Adaptation"],"campfire_rested":1,"item_purchase_floors":[5,10],"current_hp_per_floor":[85,85,84,76,76,86,76,76,76,76,0,0],"gold":28,"neow_bonus":"ONE_RARE_RELIC","is_daily":false,"chose_seed":false,"campfire_upgraded":0,"win_rate":0.0,"timestamp":1610296096,"path_taken":["M","?","M","M","$","R","E","?","T","?","E"],"items_purchased_type":["Card","Card"],"build_version":"2020-12-22","purchased_purges":1,"victory":false,"max_hp_per_floor":[86,86,86,86,86,86,86,86,86,86,86,86],"card_choices":[{"not_picked":["EmptyFist","Nirvana"],"picked":"InnerPeace","floor":1},{"not_picked":["Halt","JustLucky"],"picked":"Crescendo","floor":3},{"not_picked":["SashWhip","Crescendo"],"picked":"EmptyBody","floor":4},{"not_picked":["WindmillStrike","FlyingSleeves"],"picked":"LikeWater","floor":7},{"not_picked":["JustLucky","Prostrate","Protect"],"picked":"SKIP","floor":8}],"player_experience":382784,"relics_obtained":[{"floor":7,"key":"Potion Belt"},{"floor":9,"key":"Matryoshka"}],"event_choices":[{"damage_healed":0,"gold_gain":0,"player_choice":"Trade","damage_taken":0,"relics_obtained":["CultistMask"],"max_hp_gain":0,"max_hp_loss":0,"event_name":"FaceTrader","floor":2,"gold_loss":0}],"is_beta":false,"boss_relics":[],"items_purged_floors":[5],"is_endless":false,"potions_floor_spawned":[1,3],"killed_by":"Gremlin Nob","ascension_level":2}}