{"host":"kda2p2afd6bvz6qo","time":1610296365,"event":{"mods":["BaseMod","Colored Map","Minty Spire (QoL Compilation)","Relic Stats"],"gold_per_floor":[113,30,43,43,43,70,70,70,70],"floor_reached":8,"playtime":262,"items_purged":[],"score":150,"play_id":"a828d4f5-2d96-4aa2-b0e5-342afb2f5f79","local_time":"20210110163245","is_ascension_mode":true,"campfire_choices":[{"data":"Flechettes","floor":7,"key":"SMITH"}],"circlet_count":0,"master_deck":["AscendersBane","Strike_G","Strike_G","Strike_G","Strike_G","Strike_G","Defend_G","Defend_G+1","Defend_G","Defend_G","Defend_G","Survivor","Neutralize","Tactician","Acrobatics+1","Quick Slash","Crippling Poison","Flechettes+1"],"relics":["Ring of the Snake","NeowsBlessing","Pantograph"],"acts_visited":["Exordium"],"potions_floor_usage":[],"damage_taken":[{"damage":0,"enemies":"Cultist","floor":1,"turns":1},{"damage":0,"enemies":"2 Louse","floor":3,"turns":1},{"damage":0,"enemies":"Lagavulin","floor":6,"turns":2},{"damage":36,"enemies":"3 Sentries","floor":8,"turns":12}],"seed_played":"-8158672370684717987","potions_obtained":[],"is_trial":false,"path_per_floor":["M","$","M","$","?","E","R","E"],"character_chosen":"THE_SILENT","items_purchased":["Acrobatics","Quick Slash"],"campfire_rested":0,"item_purchase_floors":[2,2],"current_hp_per_floor":[59,59,59,59,39,39,39,3,3],"gold":70,"neow_bonus":"THREE_ENEMY_KILL","is_daily":false,"chose_seed":false,"campfire_upgraded":1,"win_rate":0.0,"timestamp":1610296365,"path_taken":["M","$","M","?","?","E","R","E"],"items_purchased_type":["Card","Card"],"build_version":"2020-12-22","purchased_purges":0,"victory":false,"max_hp_per_floor":[66,66,66,66,66,66,66,66,66],"relic_stats":{"counters":[4,16],"Pantograph":0,"obtain_stats":[{"NeowsBlessing":0,"Pantograph":6,"Ring of the Snake":0},{"NeowsBlessing":0,"Pantograph":3,"Ring of the Snake":0},{"NeowsBlessing":0,"Pantograph":4,"Ring of the Snake":0}],"Ring of the Snake":[8]},"card_choices":[{"not_picked":["Dodge and Roll","Deflect"],"picked":"Tactician","floor":1},{"not_picked":["Acrobatics","Slice"],"picked":"Crippling Poison","floor":3},{"not_picked":["Deflect","Infinite Blades"],"picked":"Flechettes","floor":6}],"player_experience":119586,"relics_obtained":[{"floor":6,"key":"Pantograph"}],"event_choices":[{"damage_healed":0,"gold_gain":0,"player_choice":"Entered Light","damage_taken":20,"max_hp_gain":0,"max_hp_loss":0,"event_name":"Shining Light","floor":5,"gold_loss":0,"cards_upgraded":["Defend_G","Acrobatics"]}],"is_beta":false,"boss_relics":[],"items_purged_floors":[],"is_endless":false,"potions_floor_spawned":[],"killed_by":"3 Sentries","ascension_level":18}}