{"host":"pqhwp6kmk3x070f7","time":1610316252,"event":{"mods":["Act Like it!","BaseMod","Better Altar","Better Match","Better Note","Better Sensory Stone","Better Skull","Better Third Choice","Downfall","Energized Spire","Hubris","Infinite Spire","Lobotomy","LobotomyExtend","Minty Spire (QoL Compilation)","Replay The Spire","StSLib","The Administrix","The Caster","The Marked","TheBandit"],"gold_per_floor":[117,127,142,155,330,330,342,372,397,397,397,397,408,408,408,509,509,509],"floor_reached":17,"playtime":2895,"items_purged":[],"score":157,"play_id":"3d5db8bb-e95e-47af-a243-c910097ff65a","local_time":"20210110140412","is_ascension_mode":false,"campfire_choices":[{"floor":10,"key":"REST"},{"floor":12,"key":"REST"}],"circlet_count":0,"master_deck":["SpecialBullet","SpecialBullet","SpecialBullet","SpecialBullet","SpecialBullet","SpecialBullet","SpecialBullet","SpecialBullet","ExtractionCode","SecurityCode","ScreamingWedge","BlackSwan","FeatherOfHonor","MHz","Pinks","Reverberation","ShyLook","GreenStem","FieryBird","OSAHOGD","Galaxy","RedShoes","Lamp+1","UniverseFragment","HappyTeddy"],"relics":["CogitoBucket","LetterFromLob","Replay:WaspNest","Blue Doll","PrismaticShard","TreeSap","energizedSpire:SpiderWeb"],"acts_visited":["Exordium","TheCity"],"potions_floor_usage":[8],"damage_taken":[{"damage":7,"enemies":"2 Louse","floor":1,"turns":2},{"damage":11,"enemies":"Jaw Worm","floor":2,"turns":3},{"damage":6,"enemies":"Cultist","floor":3,"turns":3},{"damage":14,"enemies":"3 Louse","floor":4,"turns":3},{"damage":18,"enemies":"Gremlin Gang","floor":7,"turns":6},{"damage":44,"enemies":"Gremlin Nob","floor":8,"turns":5},{"damage":35,"enemies":"Looter","floor":13,"turns":3},{"damage":44,"enemies":"The Guardian","floor":16,"turns":9}],"seed_played":"-1204387144959482717","potions_obtained":[{"floor":1,"key":"Toxic Potion"},{"floor":3,"key":"GamblersBrew"},{"floor":13,"key":"Elixir"},{"floor":16,"key":"Adrenaline Potion"}],"is_trial":false,"path_per_floor":["M","M","M","M","?","R","M","E","T","R","?","R","M","?","R","B",null],"character_chosen":"Angela","items_purchased":[],"campfire_rested":2,"item_purchase_floors":[],"current_hp_per_floor":[70,67,69,63,63,63,53,20,20,41,41,62,38,38,38,29,70,70],"gold":509,"neow_bonus":"RANDOM_EVENT","is_daily":false,"chose_seed":false,"campfire_upgraded":0,"win_rate":0.0,"timestamp":1610316252,"path_taken":["M","M","M","M","?","R","M","E","T","R","?","R","?","?","R","BOSS"],"items_purchased_type":[],"build_version":"2020-12-22","purchased_purges":0,"victory":false,"max_hp_per_floor":[70,70,70,70,70,70,70,70,70,70,70,70,70,70,70,70,70,70],"card_choices":[{"not_picked":["CUTE"],"picked":"ScreamingWedge","floor":1},{"not_picked":["BeautyBeast","FairyFestival"],"picked":"BlackSwan","floor":1},{"not_picked":["CherryBlossom"],"picked":"FeatherOfHonor","floor":2},{"not_picked":["VoidDream","QueenBee"],"picked":"MHz","floor":2},{"not_picked":["Beak","Lantern"],"picked":"SKIP","floor":2},{"not_picked":["Beak","Lantern"],"picked":"SKIP","floor":2},{"not_picked":["Beak"],"picked":"Pinks","floor":3},{"not_picked":["Penitence"],"picked":"Reverberation","floor":3},{"not_picked":["PunishingBird","Murderer"],"picked":"ShyLook","floor":3},{"not_picked":["RapturousDream"],"picked":"GreenStem","floor":4},{"not_picked":["VoidDream","HeroicMonk"],"picked":"FieryBird","floor":4},{"not_picked":["Diffraction","Lantern"],"picked":"SKIP","floor":4},{"not_picked":["Bloodbath","GalaxyChild"],"picked":"OSAHOGD","floor":7},{"not_picked":["Lamp"],"picked":"Galaxy","floor":7},{"not_picked":["SomewhereSpear","Horn"],"picked":"SKIP","floor":7},{"not_picked":["Scorched","Wellcheers"],"picked":"RedShoes","floor":8},{"not_picked":["Tough"],"picked":"Lamp","floor":8},{"not_picked":["PunishingBird","Porccubus"],"picked":"UniverseFragment","floor":13},{"not_picked":["caster:FlashSpeed","Catalyst"],"picked":"SKIP","floor":13},{"not_picked":["Wellcheers","CherryBlossoms"],"picked":"HappyTeddy","floor":16}],"player_experience":1403377,"relics_obtained":[{"floor":1,"key":"LetterFromLob"},{"floor":8,"key":"Replay:WaspNest"},{"floor":9,"key":"Blue Doll"}],"event_choices":[{"damage_healed":0,"gold_gain":175,"player_choice":"AGREE","damage_taken":155,"max_hp_gain":0,"max_hp_loss":0,"event_name":"betterThird:BetterSerpent","floor":5,"gold_loss":0},{"cards_removed":["Doubt"],"damage_healed":0,"gold_gain":0,"player_choice":"Purged","damage_taken":0,"max_hp_gain":0,"max_hp_loss":0,"event_name":"Purifier","floor":14,"gold_loss":0}],"is_beta":false,"boss_relics":[{"not_picked":["ReplayTheSpireMod:SealedPack","Replay:Grab Bag"],"picked":"energizedSpire:SpiderWeb"}],"items_purged_floors":[],"is_endless":false,"potions_floor_spawned":[1,3,13,16],"ascension_level":0}}