{"host":"newqdrzxfhh2im9e","time":1610240056,"event":{"mods":["AchievementEnabler","BaseMod","BetterRewards","Block Reminder","Colored Map","Jorbs\u0027s Wanderer Trilogy","Minty Spire (QoL Compilation)","Rare Cards Sparkle","Shop Mod","StSLib"],"gold_per_floor":[110,110,122,142,154,154,174,193,272,283,5,5,5,16,16,119,119,132,132,2,15,26,26,26,46,46,46,46],"floor_reached":27,"playtime":987,"items_purged":[],"score":209,"play_id":"ab689bdb-2a6d-4f05-aba4-4165cf23f351","local_time":"20210109165416","is_ascension_mode":false,"campfire_choices":[{"data":"Worship","floor":6,"key":"SMITH"},{"data":"ConjureBlade","floor":13,"key":"SMITH"},{"floor":15,"key":"REST"},{"floor":23,"key":"REST"}],"circlet_count":0,"master_deck":["Strike_P","Strike_P","Strike_P","Strike_P","Defend_P","Defend_P","Defend_P","Defend_P","Eruption","Vigilance","Perseverance","Worship+1","Swivel","WindmillStrike","ConjureBlade+1","WreathOfFlame","Apotheosis+1","BattleHymn","Devotion","Study","CarveReality","Tantrum","Study","LikeWater"],"relics":["HolyWater","NeowsBlessing","Yang","Incense Burner"],"acts_visited":["Exordium","TheCity"],"potions_floor_usage":[5,5,10,14,22],"damage_taken":[{"damage":0,"enemies":"Small Slimes","floor":1,"turns":1},{"damage":0,"enemies":"Jaw Worm","floor":3,"turns":1},{"damage":0,"enemies":"2 Louse","floor":4,"turns":1},{"damage":7,"enemies":"Exordium Thugs","floor":5,"turns":9},{"damage":0,"enemies":"Looter","floor":7,"turns":4},{"damage":3,"enemies":"Blue Slaver","floor":8,"turns":4},{"damage":0,"enemies":"3 Louse","floor":10,"turns":2},{"damage":31,"enemies":"Lots of Slimes","floor":14,"turns":6},{"damage":5,"enemies":"Slime Boss","floor":16,"turns":8},{"damage":52,"enemies":"Spheric Guardian","floor":18,"turns":5},{"damage":2,"enemies":"Chosen","floor":21,"turns":4},{"damage":18,"enemies":"Shelled Parasite and Fungi","floor":22,"turns":6},{"damage":32,"enemies":"Snake Plant","floor":25,"turns":5},{"damage":13,"enemies":"Snecko","floor":27,"turns":5}],"seed_played":"3861806907031799448","potions_obtained":[{"floor":3,"key":"BottledMiracle"},{"floor":4,"key":"EssenceOfSteel"},{"floor":8,"key":"Fire Potion"},{"floor":21,"key":"Explosive Potion"}],"is_trial":false,"path_per_floor":["M","?","M","M","M","R","M","M","T","M","$","?","R","M","R","B",null,"M","?","$","M","M","R","$","M","T","M"],"character_chosen":"WATCHER","items_purchased":["WreathOfFlame","Apotheosis","Swift Potion","FairyPotion","CarveReality"],"campfire_rested":2,"item_purchase_floors":[11,11,11,20,20],"current_hp_per_floor":[72,72,72,72,65,65,65,62,62,62,62,62,62,31,52,47,72,20,14,14,12,18,39,39,7,7,0,0],"gold":46,"neow_bonus":"THREE_ENEMY_KILL","is_daily":false,"chose_seed":false,"campfire_upgraded":2,"win_rate":0.0,"timestamp":1610240056,"path_taken":["M","?","M","M","M","R","M","M","T","M","$","?","R","M","R","BOSS","M","?","$","?","M","R","$","M","T","M"],"items_purchased_type":["Card","Card","Potion","Potion","Card"],"build_version":"2020-12-22","purchased_purges":0,"victory":false,"max_hp_per_floor":[72,72,72,72,72,72,72,72,72,72,72,72,72,72,72,72,72,72,72,72,72,72,72,72,72,72,72,72],"card_choices":[{"not_picked":["EmptyFist","JustLucky","Crescendo"],"picked":"SKIP","floor":1},{"not_picked":["CutThroughFate","FlurryOfBlows"],"picked":"Perseverance","floor":3},{"not_picked":["MentalFortress","ReachHeaven"],"picked":"Worship","floor":4},{"not_picked":["Prostrate","ThirdEye"],"picked":"Swivel","floor":5},{"not_picked":["FollowUp","ThirdEye","CrushJoints"],"picked":"SKIP","floor":7},{"not_picked":["Evaluate","FearNoEvil"],"picked":"WindmillStrike","floor":8},{"not_picked":["EmptyBody","FlyingSleeves"],"picked":"ConjureBlade","floor":10},{"not_picked":["WreathOfFlame","FlyingSleeves"],"picked":"BattleHymn","floor":14},{"not_picked":["Alpha","LessonLearned"],"picked":"Devotion","floor":16},{"not_picked":["EmptyBody","FlurryOfBlows"],"picked":"Study","floor":18},{"not_picked":["BowlingBash+1","CutThroughFate"],"picked":"Tantrum","floor":21},{"not_picked":["PathToVictory","CrushJoints"],"picked":"Study","floor":22},{"not_picked":["WheelKick","JustLucky"],"picked":"LikeWater","floor":25}],"player_experience":719233,"relics_obtained":[{"floor":9,"key":"Yang"},{"floor":26,"key":"Incense Burner"}],"event_choices":[{"damage_healed":0,"gold_gain":0,"player_choice":"Leave","damage_taken":0,"max_hp_gain":0,"max_hp_loss":0,"event_name":"The Cleric","floor":2,"gold_loss":0},{"damage_healed":0,"gold_gain":0,"player_choice":"Grow","damage_taken":0,"max_hp_gain":0,"max_hp_loss":0,"event_name":"Living Wall","floor":12,"gold_loss":0,"cards_upgraded":["Apotheosis"]},{"damage_healed":0,"gold_gain":0,"player_choice":"","damage_taken":6,"max_hp_gain":0,"max_hp_loss":0,"event_name":"Knowing Skull","floor":19,"potions_obtained":[],"gold_loss":0,"cards_obtained":[]}],"is_beta":false,"boss_relics":[{"not_picked":["Tiny House","Busted Crown"],"picked":"HolyWater"}],"items_purged_floors":[],"is_endless":false,"potions_floor_spawned":[3,4,8,21],"killed_by":"Snecko","ascension_level":0}}