{"host":"84q6nsjicadedzut","time":1610308866,"event":{"mods":["AchievementEnabler","BaseMod","Downfall","Hermit","Infinite Spire","Minty Spire (QoL Compilation)","Spicy Shops","StSLib"],"gold_per_floor":[99,113,125,143,143,68,68,97,110,139,158,193,213,224,234,329,329,179,193,210,226,238,271,271,37,37,52,52,52,152,163,183,285,285,285,305,324,336,336,366,366,366,243,276,72,89,89,89,99,99,99,128,8,8,8],"floor_reached":56,"playtime":7350,"items_purged":["hexamod:Sear","hexamod:Strike"],"score":1303,"play_id":"167fba3b-cf7a-45bc-93a8-e9aa1214c9ae","local_time":"20210110130106","is_ascension_mode":true,"campfire_choices":[{"floor":1.0,"key":"RECALL"},{"data":"hexamod:Float","floor":6.0,"key":"SMITH"},{"data":"hexamod:GiftsFromTheDead","floor":18.0,"key":"SMITH"},{"floor":26.0,"key":"REST"},{"floor":29.0,"key":"REST"},{"data":"hexamod:HexaLevel","floor":35.0,"key":"SMITH"},{"floor":42,"key":"REST"},{"floor":47,"key":"REST"},{"floor":54,"key":"REST"}],"circlet_count":0,"master_deck":["hexamod:Strike","hexamod:Defend","hexamod:Defend","hexamod:Float+1","hexamod:SpectersWail","hexamod:GhostLash","hexamod:RadiantFlame","hexamod:SearingWound","hexamod:GiftsFromTheDead+1","hexamod:EtherealExpedition","hexamod:RecurringNightmare","hexamod:SuperheatedStrike","hexamod:NightmareGuise","hexamod:AdvancingGuard","hexamod:Rewind","hexamod:FastForward","hexamod:VolcanoVisage+1","hexamod:HauntingEcho","hexamod:Hexaguard","hexamod:HauntingEcho+1","hexamod:NightmareStrike+1","hexamod:GhostLash+1","hexamod:HexaLevel+1","hexamod:FlamesFromBeyond+1","infinitespire:Punishment","hexamod:HeatMetal","hexamod:SixthSeal","hexamod:SpectersWail+1","hexamod:EtherealExpedition","hexamod:CrushingStance","hexamod:GhostflameInferno","hexamod:PhantomCloak+1","Apotheosis","hexamod:Haunt","hexamod:CatchUp","hexamod:EmpoweredFlame+1","expansioncontent:Collect"],"relics":["hexamod:SpiritBrand","downfall:HeartBlessingRed","Unceasing Top","infinitespire:PuzzleCube","hexamod:CandleOfCauterizing","Empty Cage","downfall:HeartBlessingGreen","downfall:HeartBlessingBlue","Bag of Marbles","infinitespire:BottledMercury","Toolbox","hexamod:IceCube","Calipers","Question Card","White Beast Statue","infinitespire:Satchel","Ginger","Bottled Tornado"],"acts_visited":["Exordium","TheCity","TheBeyond","TheEnding"],"potions_floor_usage":[49,50,55],"damage_taken":[{"damage":0.0,"enemies":"2 Louse","floor":2.0,"turns":3.0},{"damage":0.0,"enemies":"Cultist","floor":3.0,"turns":3.0},{"damage":2.0,"enemies":"infinitespire:Voidling","floor":4.0,"turns":3.0},{"damage":4.0,"enemies":"Gremlin Nob","floor":8.0,"turns":3.0},{"damage":0.0,"enemies":"Lots of Slimes","floor":9.0,"turns":2.0},{"damage":10.0,"enemies":"3 Sentries","floor":10.0,"turns":6.0},{"damage":6.0,"enemies":"Blue Slaver","floor":11.0,"turns":2.0},{"damage":20.0,"enemies":"Gremlin Nob","floor":12.0,"turns":4.0},{"damage":0.0,"enemies":"Large Slime","floor":13.0,"turns":4.0},{"damage":4.0,"enemies":"Lots of Slimes","floor":14.0,"turns":2.0},{"damage":0.0,"enemies":"Exordium Thugs","floor":15.0,"turns":3.0},{"damage":20.0,"enemies":"downfall:Defect","floor":16.0,"turns":6.0},{"damage":7.0,"enemies":"3 Byrds","floor":19.0,"turns":3.0},{"damage":6.0,"enemies":"Snake Plant","floor":20.0,"turns":4.0},{"damage":11.0,"enemies":"Snecko","floor":21.0,"turns":5.0},{"damage":16.0,"enemies":"Shelled Parasite and Fungi","floor":22.0,"turns":5.0},{"damage":20.0,"enemies":"Slavers","floor":23.0,"turns":4.0},{"damage":0.0,"enemies":"downfall:FleeingMerchant","floor":25.0,"turns":4.0},{"damage":16.0,"enemies":"Cultist and Chosen","floor":27.0,"turns":5.0},{"damage":2.0,"enemies":"Snecko","floor":31.0,"turns":4.0},{"damage":0.0,"enemies":"Centurion and Healer","floor":32.0,"turns":3.0},{"damage":36.0,"enemies":"downfall:Silent","floor":33.0,"turns":6.0},{"damage":17.0,"enemies":"Orb Walker","floor":36.0,"turns":3.0},{"damage":12,"enemies":"3 Darklings","floor":37,"turns":3},{"damage":0,"enemies":"Transient","floor":38,"turns":5},{"damage":39,"enemies":"Reptomancer","floor":40,"turns":5},{"damage":3,"enemies":"downfall:FleeingMerchant","floor":43,"turns":4},{"damage":5,"enemies":"Nemesis","floor":44,"turns":5},{"damage":55,"enemies":"Spire Growth","floor":46,"turns":5},{"damage":15,"enemies":"Writhing Mass","floor":49,"turns":4},{"damage":21,"enemies":"downfall:Watcher","floor":50,"turns":7},{"damage":42,"enemies":"downfall:CharBossMerchant","floor":52,"turns":6},{"damage":40,"enemies":"downfall:NeowBoss","floor":55,"turns":18}],"seed_played":"-6117770106014521471","potions_obtained":[{"floor":2.0,"key":"Fire Potion"},{"floor":10.0,"key":"SpeedPotion"},{"floor":13.0,"key":"infinitespire:BlackPotion"},{"floor":14.0,"key":"Energy Potion"},{"floor":15.0,"key":"Ancient Potion"},{"floor":19.0,"key":"Swift Potion"},{"floor":20.0,"key":"PowerPotion"},{"floor":23.0,"key":"DistilledChaos"},{"floor":32.0,"key":"PowerPotion"},{"floor":33.0,"key":"BlessingOfTheForge"},{"floor":43,"key":"FearPotion"},{"floor":44,"key":"Swift Potion"},{"floor":49,"key":"FairyPotion"},{"floor":52,"key":"Regen Potion"}],"is_trial":false,"path_per_floor":["R","M","M","M","?","R","T","E","M","E","M","E","M","M","M","B",null,"R","M","M","M","M","E","T","$","R","M","AVR","R","?","M","M","B",null,"R","M","M","M","AVR","E","T","R","?","E","$","M","R","?","M","B",null,"E","$","R","B",null],"character_chosen":"THE_SPIRIT","items_purchased":["Toolbox","hexamod:PhantomCloak","Apotheosis","infinitespire:Satchel","FairyPotion","expansioncontent:Collect"],"campfire_rested":5,"item_purchase_floors":[25,43,43,43,45,53],"current_hp_per_floor":[70,70,70,68,68,68,68,64,64,54,48,28,28,24,24,4,70,80,73,67,56,40,20,20,20,44,28,28,52,52,50,50,14,80,80,63,51,51,51,12,12,36,33,28,28,18,42,42,27,6,80,38,38,62,37],"gold":8,"neow_bonus":"REMOVE_CARD","is_daily":false,"chose_seed":false,"campfire_upgraded":3,"win_rate":0.0,"timestamp":1610308866,"path_taken":["R","M","M","M","?","R","T","E","M","E","?","E","M","?","M","BOSS","R","M","M","?","M","E","T","?","R","M","AVR","R","?","M","M","BOSS","R","M","M","M","AVR","E","T","R","?","E","$","M","R","?","M","BOSS","E","$","R","BOSS"],"items_purchased_type":["Relic","Card","Card","Relic","Potion","Card"],"build_version":"2020-12-22","purchased_purges":2,"victory":true,"max_hp_per_floor":[70,70,70,70,70,70,70,70,70,70,70,70,70,70,70,70,70,80,80,80,80,80,80,80,80,80,80,80,80,80,80,80,80,80,80,80,80,80,80,80,80,80,80,80,80,80,80,80,80,80,80,80,80,80,80],"card_choices":[{"not_picked":["hexamod:GhostLash","hexamod:BurningTouch"],"picked":"hexamod:SpectersWail","floor":2.0},{"not_picked":["hexamod:NightmareStrike","hexamod:SwordOfDarkness"],"picked":"hexamod:GhostLash","floor":3.0},{"not_picked":["hexamod:SpectersWail","hexamod:SuperheatedStrike"],"picked":"hexamod:RadiantFlame","floor":4.0},{"not_picked":["hexamod:BacktrackSmack","hexamod:FastForward"],"picked":"hexamod:GiftsFromTheDead","floor":8.0},{"not_picked":["hexamod:SpectersWail","hexamod:FastForward"],"picked":"hexamod:EtherealExpedition","floor":9.0},{"not_picked":["hexamod:PowerFromBeyond","hexamod:StepThrough"],"picked":"hexamod:RecurringNightmare","floor":10.0},{"not_picked":["hexamod:SpectersWail","hexamod:HeatCrush"],"picked":"hexamod:SuperheatedStrike","floor":11.0},{"not_picked":["hexamod:GhostOfSpirePast","hexamod:GhostOfSpirePresent"],"picked":"hexamod:NightmareGuise","floor":12.0},{"not_picked":["hexamod:ShieldOfDarkness","hexamod:NightmareGuise"],"picked":"hexamod:AdvancingGuard","floor":13.0},{"not_picked":["hexamod:NightmareStrike","hexamod:InspiringFlames"],"picked":"hexamod:Rewind","floor":14.0},{"not_picked":["hexamod:RadiantFlame","hexamod:GhostflameBarrier"],"picked":"hexamod:FastForward","floor":15.0},{"not_picked":["hexamod:WildfireWeapon","hexamod:EmpoweringStance"],"picked":"hexamod:VolcanoVisage","floor":16.0},{"not_picked":["hexamod:SpectralSpark","hexamod:InspiringFlames"],"picked":"hexamod:HauntingEcho","floor":19.0},{"not_picked":["hexamod:SkipABeat","hexamod:RecurringNightmare"],"picked":"hexamod:Hexaguard","floor":20.0},{"not_picked":["hexamod:RetreatToShadows","hexamod:GhostflameBarrier"],"picked":"hexamod:HauntingEcho+1","floor":21.0},{"not_picked":["hexamod:NecessarySacrifice","hexamod:ShieldOfDarkness"],"picked":"hexamod:NightmareStrike","floor":22.0},{"not_picked":["hexamod:AdvancingGuard","hexamod:Firestarter"],"picked":"hexamod:GhostLash+1","floor":23.0},{"not_picked":["hexamod:InspiringFlames+1","hexamod:ChargedBarrage+1"],"picked":"hexamod:HexaLevel","floor":25.0},{"not_picked":["hexamod:RainOfEmbers+1","hexamod:ShieldOfDarkness"],"picked":"hexamod:FlamesFromBeyond+1","floor":27.0},{"not_picked":["hexamod:Firestarter+1","hexamod:GhostLash","hexamod:HauntingEcho"],"picked":"SKIP","floor":31.0},{"not_picked":["hexamod:SpectersWail","hexamod:SwordOfDarkness"],"picked":"hexamod:HeatMetal","floor":32.0},{"not_picked":["hexamod:HexaLevel","hexamod:ApocalypticArmor"],"picked":"hexamod:SixthSeal","floor":33.0},{"not_picked":["hexamod:BacktrackSmack+1","hexamod:ChargedBarrage"],"picked":"hexamod:SpectersWail+1","floor":36.0},{"not_picked":["hexamod:InspiringFlames","hexamod:ShieldOfDarkness+1"],"picked":"hexamod:EtherealExpedition","floor":37},{"not_picked":["hexamod:BurningTouch","hexamod:GhostShield","hexamod:NightmareStrike+1"],"picked":"SKIP","floor":38},{"not_picked":["hexamod:SearingWound","hexamod:FlamesFromBeyond+1"],"picked":"hexamod:CrushingStance","floor":40},{"not_picked":["hexamod:SwordOfDarkness+1","hexamod:GhostOfSpirePast+1","hexamod:SuperheatedStrike+1"],"picked":"hexamod:GhostflameInferno","floor":43},{"not_picked":["hexamod:SpectralSpark+1","hexamod:GhostOfSpirePast","hexamod:NightmareGuise","hexamod:HauntingEcho+1"],"picked":"SKIP","floor":44},{"not_picked":["hexamod:Firestarter","hexamod:InspiringFlames","hexamod:GhostOfSpireFuture+1"],"picked":"hexamod:Haunt","floor":46},{"not_picked":["hexamod:FourthSeal","hexamod:GhostOfSpirePast+1","hexamod:Firestarter"],"picked":"hexamod:CatchUp","floor":49},{"not_picked":["hexamod:FourthSeal","hexamod:WildfireWeapon","hexamod:SpectersWail+1"],"picked":"hexamod:EmpoweredFlame+1","floor":52}],"player_experience":242114,"relics_obtained":[{"floor":8.0,"key":"Unceasing Top"},{"floor":10.0,"key":"infinitespire:PuzzleCube"},{"floor":12.0,"key":"hexamod:CandleOfCauterizing"},{"floor":23.0,"key":"Bag of Marbles"},{"floor":24.0,"key":"infinitespire:BottledMercury"},{"floor":40,"key":"Question Card"},{"floor":41,"key":"White Beast Statue"},{"floor":44,"key":"Ginger"},{"floor":52,"key":"Bottled Tornado"}],"event_choices":[{"damage_healed":0.0,"max_hp_gain":0.0,"max_hp_loss":0.0,"gold_gain":0.0,"cards_transformed":["hexamod:Defend"],"event_name":"Transmorgrifier","player_choice":"Transformed","floor":5.0,"gold_loss":0.0,"damage_taken":0.0,"cards_obtained":["hexamod:SearingWound"]}],"is_beta":false,"boss_relics":[{"not_picked":["infinitespire:Cupcake","Velvet Choker"],"picked":"Empty Cage"},{"not_picked":["Coffee Dripper","Runic Pyramid"],"picked":"hexamod:IceCube"}],"items_purged_floors":[25,43],"is_endless":false,"potions_floor_spawned":[2,10,13,14,15,19,20,23,32,33,37,43,44,46,49,52],"ascension_level":1}}