{"host":"htox8xlq8uiapwxq","time":1610271060,"event":{"mods":["ATMod(阿瑾Mod)","Act Like it!","Arknights The Spire","BaseMod","Gensokyo","KinomotoSakuraMod(木之本樱)","Koishi","Lobotomy","LobotomyExtend","Minty Spire (QoL Compilation)","Prisma Mod","Remilia（蕾米莉亚）","StSLib","The Alterego","WarShipGirlsR/战舰少女R mod","Yakumo Yukari mod","Youmu（魂魄妖梦）"],"gold_per_floor":[116,133,152,152,82,82,1,1,1,1,19,19,35,61,61,61,61],"floor_reached":16,"playtime":1779,"items_purged":[],"score":100,"play_id":"d72413a3-ce2e-496f-b116-fd45d4159a0d","local_time":"20210110173100","is_ascension_mode":false,"campfire_choices":[{"data":"ats:Consecutive Shot Auto","floor":6,"key":"SMITH"},{"data":"ats:Roar Of Ursus","floor":15,"key":"SMITH"}],"circlet_count":0,"master_deck":["ats:Strike C","ats:Strike G","ats:Strike S","ats:Strike V","ats:Armor Crushing Shot+1","ats:Defend","ats:Defend","ats:Defend","ats:Defend+1","ats:Emotion Absorption","OSAHOGD","ats:Flexible Camouflage","DespairKnight","PunishingBird","ats:Consecutive Shot Auto+1","ats:Rapid Magazine","ats:Explosion Area Strengthen","Injury","ats:Roar Of Ursus+1","BigBird","ats:Curse Doll"],"relics":["ats:Sanity","AT_ATBox","CogitoBucket","LetterFromLob","AT_SunfireAegis","Gensokyo:OccultBall","AT_Manta","ats:Originium","AT_TheCollector"],"acts_visited":["Gensokyo:Gensokyo"],"potions_floor_usage":[],"damage_taken":[{"damage":6,"enemies":"Gensokyo:3_Fairies","floor":1,"turns":5},{"damage":10,"enemies":"Gensokyo:Gryphon","floor":2,"turns":5},{"damage":8,"enemies":"Gensokyo:Python","floor":3,"turns":4},{"damage":12,"enemies":"Gensokyo:3_Kodama","floor":11,"turns":5},{"damage":4,"enemies":"Gensokyo:Kitsune","floor":13,"turns":4},{"damage":8,"enemies":"Gensokyo:Mamizou","floor":14,"turns":9},{"damage":55,"enemies":"Gensokyo:Yukari","floor":16,"turns":10}],"seed_played":"-9218756697281022788","potions_obtained":[{"floor":11,"key":"PowerPotion"},{"floor":14,"key":"PowerPotion"}],"is_trial":false,"path_per_floor":["M","M","M","?","?","R","$","?","T","?","M","?","M","E","R","B"],"character_chosen":"DOCTOR_CLASS","items_purchased":["ats:Rapid Magazine"],"campfire_rested":0,"item_purchase_floors":[7],"current_hp_per_floor":[66,56,48,48,48,48,48,56,56,56,46,46,44,48,48,0,0],"gold":61,"neow_bonus":"","is_daily":false,"chose_seed":false,"campfire_upgraded":2,"win_rate":0.0,"timestamp":1610271060,"path_taken":["M","M","M","?","?","R","$","?","T","?","M","?","M","E","R","BOSS"],"items_purchased_type":["Card"],"build_version":"2020-12-22","purchased_purges":0,"victory":false,"max_hp_per_floor":[72,72,72,72,72,72,72,72,72,72,72,72,72,72,72,72,72],"card_choices":[{"not_picked":["BigBadWolf","BlackSwan"],"picked":"OSAHOGD","floor":1},{"not_picked":["ats:Revitalization","ats:Consecutive Shot Auto"],"picked":"ats:Flexible Camouflage","floor":1},{"not_picked":["ats:Leaping Hammer","ats:Healing Drone"],"picked":"ats:Demon Strength","floor":2},{"not_picked":["FieryBird","MeatLantern"],"picked":"DespairKnight","floor":2},{"not_picked":["Wellcheers","Murderer","FairyFestival"],"picked":"Singing Bowl","floor":3},{"not_picked":["Laetitia","Scorched"],"picked":"PunishingBird","floor":3},{"not_picked":["ats:Burning Ground","ats:Part Time Job"],"picked":"ats:Consecutive Shot Auto","floor":3},{"not_picked":["SpiderBud","RedShoes","LaLuna"],"picked":"Singing Bowl","floor":11},{"not_picked":["ats:Song Of Battle","ats:Flame Of Heaven"],"picked":"ats:Explosion Area Strengthen","floor":11},{"not_picked":["ats:Cat Scratch","ats:Apocalypse"],"picked":"ats:Roar Of Ursus","floor":13},{"not_picked":["UniverseFragment","Wellcheers"],"picked":"BigBird","floor":13},{"not_picked":["ats:LN2 Cannon","ats:Support Order"],"picked":"ats:Curse Doll","floor":14},{"not_picked":["Variant","FieryBird","MHz"],"picked":"Singing Bowl","floor":14}],"player_experience":347251,"relics_obtained":[{"floor":1,"key":"LetterFromLob"},{"floor":9,"key":"AT_SunfireAegis"},{"floor":14,"key":"ats:Originium"},{"floor":14,"key":"AT_TheCollector"}],"event_choices":[],"is_beta":false,"boss_relics":[],"items_purged_floors":[],"is_endless":false,"potions_floor_spawned":[11,14],"killed_by":"Gensokyo:Yukari","ascension_level":0}}