{"host":"acw864156wjp8gcv","time":1610280472,"event":{"mods":["2.2 Compatiblity","AchievementEnabler","Ascension Reborn","Aspiration","BaseMod","Beaked The Cultist","Better Altar","Better Match","Better Note","Better Sensory Stone","Better Silent Start","Better Skull","Better Third Choice","Better Vampires","BetterRewards","Challenge The Spire","Colored Map","Colored Powertips","Conspire","Curses Come First","Downfall","Energized Spire","GifTheSpireLib","Halation","Hubris","Infinite Spire","Ironclad Rager","Jedi Mod","Mimic Mod","Minty Spire (QoL Compilation)","Permanent Neow","Relic Sorter","Replay The Spire","Shop Mod","Spicy Shops","Spikes Relics","StSLib","Stuff the Spire","The Blue Laboratory","The Construct","The Jungle","Wandering Minibosses","everything is the same but u backflip on backflip","vexMod"],"gold_per_floor":[119,119,119,44,67,67,86,124,186,30,53,53,53,103,103,217,217,233,233,250,272,272,272,289,325,325,325,337,697,697,612,612,731,731,744,744,780,780,799,799,799,799,799,799,815,815,833,874,874,886,886,902,926,948,948,960,960,960,960,974,992,1070,1090,1090,1211,1211,1223,1223,1236,1256,1256,1256,1275,1316,1348,1348,1348,1348,1348,1367,1367,1488,1488,1505,1480,1480,1447,1469,1469,1469,1493,1554,1578,1609,1609,1609,1609,1609,1609,1609,1609,1609,1646,1646],"floor_reached":105,"playtime":3261,"items_purged":["construct:Defend_Gold+1","construct:Strike_Gold+1","construct:Defend_Gold+1"],"score":425,"play_id":"cb393911-06e9-4781-bc56-7101123b238e","local_time":"20210110060752","is_ascension_mode":true,"campfire_choices":[{"data":"construct:Backup","floor":6,"key":"SMITH"},{"data":"construct:Backup+1","floor":12,"key":"SMITH"},{"data":"construct:GuardCore","floor":15,"key":"SMITH"},{"data":"construct:GuardCore+1","floor":23,"key":"SMITH"},{"data":"construct:VentSteam+1","floor":27,"key":"SMITH"},{"data":"construct:Isolate","floor":30,"key":"SMITH"},{"data":"construct:FlakBarrage","floor":32,"key":"SMITH"},{"data":"infinitespire:Collect","floor":40,"key":"SMITH"},{"data":"construct:GatlingGun","floor":42,"key":"SMITH"},{"data":"construct:GatlingGun+1","floor":49,"key":"SMITH"},{"data":"construct:FlakBarrage+1","floor":49,"key":"SMITH"},{"data":"construct:GatlingGun+2","floor":55,"key":"SMITH"},{"data":"construct:ForceCore+1","floor":55,"key":"SMITH"},{"data":"construct:Analyze+1","floor":57,"key":"SMITH"},{"data":"construct:BatteryCore+1","floor":57,"key":"SMITH"},{"data":"construct:Isolate+1","floor":64,"key":"SMITH"},{"data":"construct:ForceCore","floor":64,"key":"SMITH"},{"data":"construct:ForceCore+1","floor":72,"key":"SMITH"},{"data":"construct:Strike_Gold+1","floor":72,"key":"SMITH"},{"data":"construct:Defend_Gold+1","floor":76,"key":"SMITH"},{"data":"infinitespire:Collect+1","floor":76,"key":"SMITH"},{"data":"construct:Defend_Gold+2","floor":79,"key":"SMITH"},{"data":"construct:AttackMode+2","floor":79,"key":"SMITH"},{"data":"construct:ScopeCore","floor":81,"key":"SMITH"},{"data":"construct:ScopeCore+1","floor":81,"key":"SMITH"},{"data":"construct:AttackMode+3","floor":89,"key":"SMITH"},{"data":"construct:AttackMode+4","floor":89,"key":"SMITH"},{"data":"construct:OmegaCannon+1","floor":95,"key":"SMITH"},{"data":"construct:AttackMode+5","floor":95,"key":"SMITH"},{"floor":98,"key":"RECALL"},{"data":"construct:FlakBarrage+2","floor":101,"key":"SMITH"},{"data":"construct:Strike_Gold+2","floor":101,"key":"SMITH"}],"circlet_count":0,"master_deck":["construct:Strike_Gold+3","construct:Defend_Gold+3","construct:AttackMode+6","construct:Backup+2","construct:GuardCore+2","construct:VentSteam+2","construct:BatteryCore+2","construct:FlakBarrage+3","construct:GatlingGun+3","infinitespire:Collect+2","construct:ForceCore+2","construct:Analyze+2","construct:ForceCore+2","construct:Isolate+2","construct:ScopeCore+2","construct:OmegaCannon+2"],"relics":["construct:ClockworkPhoenix","hubris:BundleOfHerbs","hubris:Icosahedron","ReplayTheSpireMod:Ninjato","infinitespire:Bottled Soul","Pen Nib","StuffTheSpire:HeavyRock","wanderingMiniBosses:ThiefScarf","conspire:RoyalGoblet","jedi:Pinwheel","vexMod:Dragonfruit","halation:LettersToHer","halation:PromiseList","hubris:NiceRug","hubris:MedicalManual","StuffTheSpire:Experiment12","Sling","infinitespire:Lucky Rock","jedi:shrinkray","Chemical X","aspiration:HatOfInfinitePower","conspire:InfiniteJournal","beaked:SacredDeck","halation:PapillonHeart","infinitespire:Lychee Nut","Nunchaku","ReplayTheSpireMod:Lightbulb","Replay:Arrowhead","halation:VictoryRuler","SpikesRelics:DaevaFist","StuffTheSpire:GrapeVine","hubris:SphereOfDissonance","halation:PrussianBluePaint","hubris:TenFootPole","aspiration:DSix","halation:ForbiddenBikini","GremlinMask","halation:AfternoonTea","Pondfish Scales","CherryCoatedStake","Black Star","aspiration:ChemicalBlood","vexMod:MemoryStick","hubris:ToyBattleship","Happy Flower","Orichalcum","ReplayTheSpireMod:TigerMarble","infinitespire:Magic Flask","Ornamental Fan"],"acts_visited":["Exordium","TheCity","TheBeyond","Exordium","TheCity","TheBeyond","TheEnding"],"potions_floor_usage":[87],"damage_taken":[{"damage":0,"enemies":"conspire:RoseBush","floor":1,"turns":2},{"damage":0,"enemies":"Small Slimes","floor":5,"turns":2},{"damage":0,"enemies":"Cultist","floor":7,"turns":2},{"damage":12,"enemies":"3 Sentries","floor":8,"turns":5},{"damage":0,"enemies":"Looter","floor":11,"turns":2},{"damage":6,"enemies":"3 Louse","floor":14,"turns":4},{"damage":18,"enemies":"Hexaghost","floor":16,"turns":4},{"damage":1,"enemies":"3 Byrds","floor":18,"turns":4},{"damage":0,"enemies":"Shell Parasite","floor":20,"turns":2},{"damage":0,"enemies":"Snecko","floor":21,"turns":3},{"damage":1,"enemies":"Snake Plant","floor":24,"turns":2},{"damage":0,"enemies":"Replay:Snechameleon","floor":25,"turns":1},{"damage":5,"enemies":"Centurion and Healer","floor":28,"turns":2},{"damage":77,"enemies":"hubris:Merchant","floor":29,"turns":6},{"damage":0,"enemies":"Collector","floor":33,"turns":6},{"damage":0,"enemies":"Orb Walker","floor":35,"turns":2},{"damage":0,"enemies":"3 Darklings","floor":37,"turns":2},{"damage":0,"enemies":"3 Darklings","floor":39,"turns":2},{"damage":6,"enemies":"Transient","floor":45,"turns":2},{"damage":21,"enemies":"4 Shapes","floor":47,"turns":2},{"damage":0,"enemies":"Giant Head","floor":48,"turns":2},{"damage":0,"enemies":"Small Slimes","floor":50,"turns":2},{"damage":0,"enemies":"Jaw Worm","floor":52,"turns":1},{"damage":12,"enemies":"conspire:RoseBush","floor":53,"turns":2},{"damage":0,"enemies":"Looter","floor":54,"turns":1},{"damage":0,"enemies":"Gremlin Gang","floor":56,"turns":1},{"damage":0,"enemies":"Blue Slaver","floor":60,"turns":1},{"damage":0,"enemies":"Exordium Wildlife","floor":61,"turns":1},{"damage":0,"enemies":"Lagavulin Event","floor":62,"turns":1},{"damage":0,"enemies":"Lots of Slimes","floor":63,"turns":1},{"damage":0,"enemies":"The Guardian","floor":65,"turns":2},{"damage":0,"enemies":"Spheric Guardian","floor":67,"turns":2},{"damage":0,"enemies":"conspire:FuzzyDice","floor":69,"turns":1},{"damage":0,"enemies":"Snake Plant","floor":70,"turns":1},{"damage":0,"enemies":"Centurion and Healer","floor":73,"turns":1},{"damage":3,"enemies":"Gremlin Leader","floor":74,"turns":1},{"damage":0,"enemies":"Cultist and Chosen","floor":80,"turns":2},{"damage":0,"enemies":"Collector","floor":82,"turns":1},{"damage":0,"enemies":"3 Darklings","floor":84,"turns":1},{"damage":0,"enemies":"Orb Walker","floor":87,"turns":1},{"damage":0,"enemies":"4 Shapes","floor":88,"turns":1},{"damage":0,"enemies":"3 Darklings","floor":91,"turns":2},{"damage":0,"enemies":"Writhing Mass","floor":93,"turns":1},{"damage":0,"enemies":"R_Hoarder","floor":94,"turns":1},{"damage":0,"enemies":"Replay:Hell Engine","floor":99,"turns":1},{"damage":0,"enemies":"Shield and Spear","floor":103,"turns":1},{"damage":0,"enemies":"The Heart","floor":104,"turns":3}],"seed_played":"1836953640903931504","potions_obtained":[{"floor":1,"key":"blueLaboratory:AbyssPotion"},{"floor":1,"key":"LiquidBronze"},{"floor":5,"key":"DistilledChaos"},{"floor":7,"key":"champ:CounterPotion"},{"floor":11,"key":"Adrenaline Potion"},{"floor":28,"key":"blueLaboratory:FruitPunch"},{"floor":37,"key":"Swift Potion"},{"floor":87,"key":"Fruit Juice"},{"floor":87,"key":"SpeedPotion"}],"is_trial":false,"path_per_floor":["M","?","?","?","M","R","M","E","T","$","M","R","$","MIM","R","B",null,"M","?","M","M","?","R","M","E","T","R","M","$","R","?","R","B",null,"M","?","MIM","AVR","M","R","$","R","T","$","M","$","M","E","R","M","AVR","M","M","M","R","M","R","T","?","M","M","?","M","R","B",null,"M","?","M","M","?","R","M","E","T","R","$","$","R","M","R","B",null,"M","?","$","M","M","R","$","M","T","M","E","R","?","?","R","B",null,"R","$","E","B",null],"character_chosen":"THE_CONSTRUCT_MOD","items_purchased":[],"campfire_rested":0,"item_purchase_floors":[],"current_hp_per_floor":[99,79,79,79,79,79,79,67,75,75,75,75,75,69,69,58,110,109,109,109,109,109,109,108,115,115,115,110,33,33,33,33,40,120,120,114,85,85,85,85,85,85,85,85,82,82,65,69,93,93,93,93,85,85,85,85,85,85,85,85,85,85,85,85,96,98,98,98,98,98,98,98,98,95,95,95,95,95,95,98,98,103,103,103,103,103,108,108,108,108,108,108,108,108,108,108,108,108,113,113,113,113,113,118],"gold":1646,"neow_bonus":"TEN_PERCENT_HP_BONUS","is_daily":false,"chose_seed":false,"campfire_upgraded":31,"win_rate":0.0,"timestamp":1610280472,"path_taken":["M","?","?","?","M","R","M","E","T","$","M","R","?","?","R","BOSS","M","?","M","M","?","R","M","E","T","R","?","$","R","?","R","BOSS","M","?","?","AVR","?","R","$","R","T","?","M","$","M","E","R","M","AVR","M","M","M","R","M","R","T","?","M","M","?","?","R","BOSS","M","?","M","M","?","R","M","E","T","R","?","$","R","?","R","BOSS","M","?","?","M","M","R","$","M","T","?","E","R","?","?","R","BOSS","R","$","E","BOSS"],"items_purchased_type":[],"build_version":"2020-12-22","purchased_purges":3,"victory":true,"max_hp_per_floor":[99,99,99,99,99,99,99,99,105,105,105,105,105,105,105,110,110,110,110,110,110,110,110,110,115,115,115,115,115,115,115,115,120,120,120,114,85,85,85,85,85,85,85,85,85,85,85,85,93,93,93,93,93,93,93,93,93,93,93,93,93,93,93,93,98,98,98,98,98,98,98,98,98,98,98,98,98,98,98,98,98,103,103,103,103,103,108,108,108,108,108,108,108,108,108,108,108,108,113,113,113,113,113,118],"card_choices":[{"not_picked":["construct:Overcharge","construct:ElectricArmor","construct:FocusedBeam"],"picked":"SKIP","floor":1},{"not_picked":["construct:HardReboot+1","construct:Antimatter"],"picked":"construct:Backup","floor":5},{"not_picked":["construct:Versatility","construct:ShiftStrike"],"picked":"construct:GuardCore","floor":7},{"not_picked":["construct:Anticipate+1","construct:ReactiveShield"],"picked":"construct:VentSteam+1","floor":8},{"not_picked":["construct:Backup","construct:Forcefield"],"picked":"construct:BatteryCore","floor":8},{"not_picked":["construct:Isolate","construct:SuppressiveFire","construct:ClusterMines"],"picked":"SKIP","floor":11},{"not_picked":["construct:ScrapCannon","construct:FocusedBeam","construct:FierceBash+1"],"picked":"SKIP","floor":18},{"not_picked":["construct:ScrapCannon","construct:FocusedBeam","construct:FierceBash+1"],"picked":"SKIP","floor":18},{"not_picked":["construct:Forcefield+1","construct:Backup+1","construct:Versatility+1"],"picked":"SKIP","floor":20},{"not_picked":["construct:SuppressiveFire+1","construct:Anticipate","construct:ScrapCannon"],"picked":"SKIP","floor":21},{"not_picked":["construct:SweepLaser","construct:ShiftStrike+1","construct:SyphonStrike"],"picked":"SKIP","floor":24},{"not_picked":["construct:Backfire","construct:Impenetrable+1","construct:MetalShell+1"],"picked":"SKIP","floor":25},{"not_picked":["construct:Analyze","construct:VentSteam","construct:SuppressiveFire"],"picked":"SKIP","floor":28},{"not_picked":[],"picked":"construct:FlakBarrage","floor":29},{"not_picked":[],"picked":"construct:Isolate","floor":29},{"not_picked":["construct:GoldenBullet+1"],"picked":"SKIP","floor":29},{"not_picked":["construct:Forcefield"],"picked":"SKIP","floor":29},{"not_picked":["construct:SiegeForm"],"picked":"SKIP","floor":29},{"not_picked":["Panacea"],"picked":"SKIP","floor":29},{"not_picked":["The Bomb"],"picked":"SKIP","floor":29},{"not_picked":["construct:MemoryTap","construct:HastyRepair"],"picked":"construct:GatlingGun","floor":33},{"not_picked":["construct:Construct_Overclock","construct:ClusterMines+1"],"picked":"construct:ForceCore+1","floor":35},{"not_picked":["construct:Impenetrable+1","construct:Forcefield+1","construct:Backup+1"],"picked":"SKIP","floor":39},{"not_picked":["construct:ClusterMines+1","construct:Analyze+1","construct:Autoturret+1"],"picked":"SKIP","floor":45},{"not_picked":["construct:ClusterMines+1","construct:Autoturret+1"],"picked":"construct:Analyze+1","floor":45},{"not_picked":["construct:Forcefield+1","construct:Isolate+1","construct:SaveState+1"],"picked":"SKIP","floor":47},{"not_picked":["construct:HeavyBolt+1","construct:Stasis+1","construct:FierceBash+1"],"picked":"SKIP","floor":48},{"not_picked":["construct:FocusedBeam","construct:Forcefield","construct:Impenetrable+1"],"picked":"SKIP","floor":50},{"not_picked":["construct:PowerUp","construct:GatlingGun","construct:ScrapCannon"],"picked":"SKIP","floor":52},{"not_picked":["construct:VentSteam","construct:Analyze","construct:Boost"],"picked":"SKIP","floor":53},{"not_picked":["construct:Autoturret+1","construct:Reinforce","construct:Antimatter"],"picked":"SKIP","floor":54},{"not_picked":["construct:ScrapCannon","construct:PowerUp+1","construct:Boost"],"picked":"SKIP","floor":56},{"not_picked":["construct:Electrocute","construct:Construct_Overclock","construct:PowerUp+1"],"picked":"SKIP","floor":60},{"not_picked":["construct:Backfire","construct:Synchronize","construct:Accumulate"],"picked":"SKIP","floor":61},{"not_picked":["construct:Hazardproof","construct:SaveState+1"],"picked":"construct:ForceCore","floor":62},{"not_picked":["construct:Anticipate","construct:Accumulate","construct:HeavyBolt+1"],"picked":"SKIP","floor":63},{"not_picked":["construct:QuickAttack+1","construct:Accumulate+1","construct:Missile+1"],"picked":"SKIP","floor":67},{"not_picked":["construct:QuickAttack+1","construct:Accumulate+1","construct:Missile+1"],"picked":"SKIP","floor":67},{"not_picked":["construct:ClusterMines+1","construct:SyphonStrike+1","construct:Dampening"],"picked":"SKIP","floor":69},{"not_picked":["construct:Versatility","construct:ScrapCannon","construct:Anticipate+1"],"picked":"SKIP","floor":70},{"not_picked":["construct:SuppressiveFire+1","construct:VentSteam+1","construct:ShiftStrike+1"],"picked":"SKIP","floor":73},{"not_picked":["construct:OneWayMirror+1","construct:Impenetrable+1","construct:QuickAttack+1"],"picked":"SKIP","floor":74},{"not_picked":["construct:HyperBeam","construct:OmegaCannon+1"],"picked":"construct:ScopeCore","floor":80},{"not_picked":["construct:ModeShift","construct:ReactiveShield+1","construct:Analyze+1"],"picked":"SKIP","floor":84},{"not_picked":["construct:HeavyBolt+1","construct:Construct_Overclock+1","construct:Boost+1"],"picked":"SKIP","floor":87},{"not_picked":["construct:SweepLaser","construct:Backup+1","construct:SaveState+1"],"picked":"SKIP","floor":88},{"not_picked":["construct:SaveState","construct:ShiftStrike","construct:Stasis"],"picked":"SKIP","floor":91},{"not_picked":["construct:Autoturret+1","construct:Versatility+1"],"picked":"construct:OmegaCannon+1","floor":93},{"not_picked":["construct:Backup","construct:MemoryTap","construct:Backfire+1"],"picked":"SKIP","floor":94},{"not_picked":["construct:Isolate+1","construct:Analyze+1","construct:SyphonStrike"],"picked":"SKIP","floor":103}],"player_experience":142092,"relics_obtained":[{"floor":8,"key":"infinitespire:Bottled Soul"},{"floor":9,"key":"vexMod:BerryBomb"},{"floor":9,"key":"Pen Nib"},{"floor":14,"key":"StuffTheSpire:HeavyRock"},{"floor":14,"key":"wanderingMiniBosses:ThiefScarf"},{"floor":16,"key":"hubris:BundleOfHerbs"},{"floor":24,"key":"jedi:Pinwheel"},{"floor":25,"key":"vexMod:Dragonfruit"},{"floor":26,"key":"halation:LettersToHer"},{"floor":26,"key":"halation:PromiseList"},{"floor":29,"key":"hubris:MedicalManual"},{"floor":29,"key":"StuffTheSpire:Experiment12"},{"floor":29,"key":"Sling"},{"floor":29,"key":"infinitespire:Lucky Rock"},{"floor":29,"key":"jedi:shrinkray"},{"floor":29,"key":"Chemical X"},{"floor":33,"key":"conspire:InfiniteJournal"},{"floor":37,"key":"infinitespire:Lychee Nut"},{"floor":37,"key":"halation:LettersToHer"},{"floor":39,"key":"ReplayTheSpireMod:Lightbulb"},{"floor":43,"key":"halation:VictoryRuler"},{"floor":43,"key":"halation:LettersToHer"},{"floor":43,"key":"ReplayTheSpireMod:Ninjato"},{"floor":52,"key":"SpikesRelics:DaevaFist"},{"floor":58,"key":"StuffTheSpire:GrapeVine"},{"floor":58,"key":"halation:LettersToHer"},{"floor":58,"key":"hubris:SphereOfDissonance"},{"floor":60,"key":"halation:PrussianBluePaint"},{"floor":62,"key":"hubris:TenFootPole"},{"floor":65,"key":"aspiration:DSix"},{"floor":74,"key":"halation:AfternoonTea"},{"floor":75,"key":"Pondfish Scales"},{"floor":75,"key":"halation:LettersToHer"},{"floor":82,"key":"CherryCoatedStake"},{"floor":91,"key":"aspiration:ChemicalBlood"},{"floor":92,"key":"vexMod:MemoryStick"},{"floor":92,"key":"halation:LettersToHer"},{"floor":92,"key":"hubris:ToyBattleship"},{"floor":93,"key":"Happy Flower"},{"floor":94,"key":"Orichalcum"},{"floor":94,"key":"ReplayTheSpireMod:TigerMarble"},{"floor":103,"key":"infinitespire:Magic Flask"},{"floor":103,"key":"Ornamental Fan"}],"event_choices":[{"damage_healed":99,"gold_gain":0,"player_choice":"Upgrade","damage_taken":20,"max_hp_gain":0,"max_hp_loss":99,"event_name":"betterThird:BetterShining","floor":2,"gold_loss":0,"cards_upgraded":["construct:AttackMode","construct:Strike_Gold"]},{"damage_healed":0,"gold_gain":0,"player_choice":"Ignored","damage_taken":119,"max_hp_gain":0,"max_hp_loss":0,"event_name":"betterThird:BetterSerpent","floor":3,"gold_loss":0},{"damage_healed":0,"gold_gain":0,"player_choice":"3","damage_taken":0,"max_hp_gain":0,"max_hp_loss":0,"event_name":"betterMatch:BetterMatch","floor":4,"gold_loss":0,"cards_obtained":[]},{"damage_healed":0,"gold_gain":0,"player_choice":"Ignored","damage_taken":0,"max_hp_gain":0,"max_hp_loss":0,"event_name":"betterNote:BetterNote","floor":19,"gold_loss":0,"cards_obtained":["hubris:InfiniteBlow"]},{"damage_healed":0,"gold_gain":0,"player_choice":"Forge","damage_taken":0,"max_hp_gain":0,"max_hp_loss":0,"event_name":"Accursed Blacksmith","floor":22,"gold_loss":0,"cards_upgraded":["construct:BatteryCore"]},{"damage_healed":0,"gold_gain":0,"player_choice":"Obtained Relic","damage_taken":0,"relics_obtained":["aspiration:HatOfInfinitePower"],"max_hp_gain":0,"max_hp_loss":0,"event_name":"Addict","floor":31,"gold_loss":85},{"damage_healed":0,"gold_gain":0,"player_choice":"Searched \u00271\u0027 times","damage_taken":0,"max_hp_gain":0,"max_hp_loss":0,"event_name":"Dead Adventurer","floor":62,"gold_loss":0},{"cards_removed":["construct:Isolate"],"damage_healed":0,"gold_gain":0,"player_choice":"Offered Uncommon","damage_taken":0,"max_hp_gain":0,"max_hp_loss":0,"event_name":"Bonfire Elementals","floor":68,"gold_loss":0},{"damage_healed":0,"gold_gain":0,"player_choice":"Trade","damage_taken":0,"relics_obtained":["GremlinMask"],"max_hp_gain":0,"max_hp_loss":0,"event_name":"FaceTrader","floor":71,"gold_loss":0},{"damage_healed":0,"gold_gain":0,"player_choice":"Ignored","damage_taken":0,"max_hp_gain":0,"max_hp_loss":0,"event_name":"Tomb of Lord Red Mask","floor":97,"gold_loss":0}],"is_beta":false,"boss_relics":[{"not_picked":["hubris:GrandSneckoEye","Replay:Drink Me"],"picked":"conspire:RoyalGoblet"},{"not_picked":["StuffTheSpire:ModemDavis","Ring of Chaos"],"picked":"beaked:SacredDeck"},{"not_picked":["jedi:paperlyon","halation:SmartPhone"],"picked":"halation:ForbiddenBikini"},{"not_picked":["halation:Prosthetics","Pandora\u0027s Box"],"picked":"Black Star"}],"items_purged_floors":[10,10,38],"is_endless":false,"potions_floor_spawned":[1,11,16,20,24,28,33,45,48,50,60,62,65,67,70,73,82,87,88,91,94],"ascension_level":-20}}