{"host":"y3h3n3f7seyagppx","time":1610244525,"event":{"mods":["AlwaysNeverKeys","BaseMod","Better Vampires","Colored Powertips","DeckTracker","Emptier Cage","Minty Spire (QoL Compilation)","Permanent Neow","Quick Restart","Rare Cards Sparkle","Relic Sorter","Relic Stats","StSLib","Transform Curses"],"gold_per_floor":[212,227,240,18,30,65,65,65,65,30,71,71,91,127,127,216,216,234,234,22,45,60,95,120,120,147,167,206,206,244,257,257,353,353,372,372,183,183,247,280,44,67,90,126,150,190,190,230,230,230,230,230,230,36,76,76],"floor_reached":57,"playtime":10051,"items_purged":["Strike_R+1","Strike_R+1"],"score":3021,"play_id":"33234404-31ff-4679-8b72-4173111f83dd","local_time":"20210109210845","is_ascension_mode":true,"campfire_choices":[{"data":"Armaments","floor":8.0,"key":"SMITH"},{"data":"Carnage","floor":15.0,"key":"SMITH"},{"floor":25.0,"key":"REST"},{"data":"Ghostly","floor":32.0,"key":"SMITH"},{"data":"Ghostly","floor":47,"key":"SMITH"},{"data":"Ghostly","floor":49,"key":"SMITH"},{"data":"Uppercut","floor":53,"key":"SMITH"}],"circlet_count":0,"master_deck":["AscendersBane","Strike_R+1","Strike_R+1","Strike_R+1","Defend_R+1","Defend_R+1","Defend_R+1","Defend_R+1","Bash","Armaments+1","Thunderclap+1","Uppercut+1","Shrug It Off","Carnage+1","Feel No Pain","Feed","Inflame","Burning Pact","Ghostly+1","Ghostly+1","Ghostly+1","Disarm+1","Flex+1","Offering+1","True Grit+1","Madness+1","Madness+1","Second Wind+1","Heavy Blade+1","Disarm+1","Power Through+1","Exhume+1","Enlightenment+1","Exhume+1"],"relics":["Burning Blood","ClockworkSouvenir","Whetstone","Golden Idol","Strawberry","Letter Opener","Oddly Smooth Stone","Runic Pyramid","Red Skull","Incense Burner","Bag of Preparation","Matryoshka","Toxic Egg 2","Black Star","Toolbox","Lizard Tail","StrikeDummy","Eternal Feather","TheAbacus","Pear","Nunchaku","Lantern","Bronze Scales","Akabeko","Omamori","Frozen Egg 2","TungstenRod","Blood Vial","Gambling Chip"],"acts_visited":["Exordium","TheCity","TheBeyond","TheEnding"],"potions_floor_usage":[56],"damage_taken":[{"damage":16.0,"enemies":"Jaw Worm","floor":1.0,"turns":5.0},{"damage":4.0,"enemies":"2 Louse","floor":2.0,"turns":4.0},{"damage":1.0,"enemies":"Cultist","floor":3.0,"turns":3.0},{"damage":16.0,"enemies":"3 Louse","floor":5.0,"turns":4.0},{"damage":22.0,"enemies":"3 Sentries","floor":6.0,"turns":6.0},{"damage":20.0,"enemies":"Gremlin Nob","floor":11.0,"turns":4.0},{"damage":6.0,"enemies":"Exordium Thugs","floor":13.0,"turns":5.0},{"damage":18.0,"enemies":"3 Sentries","floor":14.0,"turns":11.0},{"damage":30.0,"enemies":"Hexaghost","floor":16.0,"turns":9.0},{"damage":10.0,"enemies":"Spheric Guardian","floor":18.0,"turns":10.0},{"damage":7.0,"enemies":"Chosen","floor":21.0,"turns":5.0},{"damage":2.0,"enemies":"Snecko","floor":22.0,"turns":6.0},{"damage":53.0,"enemies":"Book of Stabbing","floor":23.0,"turns":5.0},{"damage":14.0,"enemies":"3 Cultists","floor":24.0,"turns":5.0},{"damage":0.0,"enemies":"Snake Plant","floor":27.0,"turns":5.0},{"damage":37.0,"enemies":"Slavers","floor":28.0,"turns":7.0},{"damage":31.0,"enemies":"Gremlin Leader","floor":30.0,"turns":9.0},{"damage":2.0,"enemies":"Centurion and Healer","floor":31.0,"turns":9.0},{"damage":19.0,"enemies":"Champ","floor":33.0,"turns":16.0},{"damage":13.0,"enemies":"3 Darklings","floor":35.0,"turns":8.0},{"damage":14,"enemies":"2 Orb Walkers","floor":39,"turns":8},{"damage":2,"enemies":"Nemesis","floor":40,"turns":9},{"damage":0,"enemies":"3 Shapes","floor":42,"turns":6},{"damage":15,"enemies":"Reptomancer","floor":44,"turns":10},{"damage":4,"enemies":"3 Darklings","floor":45,"turns":7},{"damage":47,"enemies":"Giant Head","floor":46,"turns":10},{"damage":1,"enemies":"Nemesis","floor":48,"turns":11},{"damage":36,"enemies":"Awakened One","floor":50,"turns":22},{"damage":13,"enemies":"Donu and Deca","floor":51,"turns":12},{"damage":4,"enemies":"Shield and Spear","floor":55,"turns":12},{"damage":93,"enemies":"The Heart","floor":56,"turns":14}],"seed_played":"-8638205598287293726","potions_obtained":[{"floor":1.0,"key":"DistilledChaos"},{"floor":2.0,"key":"ElixirPotion"},{"floor":14.0,"key":"Fire Potion"},{"floor":22.0,"key":"FairyPotion"},{"floor":24.0,"key":"Strength Potion"},{"floor":28.0,"key":"Fire Potion"},{"floor":30.0,"key":"Weak Potion"},{"floor":36.0,"key":"HeartOfIron"}],"is_trial":false,"path_per_floor":["M","M","M","$","M","E","?","R","T","?","E","$","M","E","R","B",null,"M","?","$","M","M","E","M","R","T","M","E","?","E","M","R","B",null,"M","?","$","?","?","E","$","M","T","E","M","E","R","E","R","B","B",null,"R","$","E","B",null],"character_chosen":"IRONCLAD","items_purchased":["ClockworkSouvenir","SteroidPotion","Red Skull","Fire Potion","True Grit+1","Toolbox","TheAbacus","Enlightenment+1"],"campfire_rested":1,"item_purchase_floors":[4,4,20,20,37,37,41,54],"current_hp_per_floor":[58,60,65,65,55,39,39,39,46,64,50,50,50,38,38,14,60,60,60,60,63,71,28,23,51,51,61,34,34,13,21,21,12,50,47,47,47,35,31,39,39,49,59,54,60,23,41,54,72,46,43,99,117,117,121,34],"gold":76,"neow_bonus":"HUNDRED_GOLD","is_daily":false,"chose_seed":false,"campfire_upgraded":6,"win_rate":0.0,"timestamp":1610244525,"path_taken":["M","M","M","$","M","E","?","R","T","?","E","?","M","E","R","BOSS","M","?","$","M","M","E","M","R","T","M","E","?","E","M","R","BOSS","M","?","?","?","?","E","$","M","T","E","M","E","R","E","R","BOSS","BOSS","R","$","E","BOSS"],"items_purchased_type":["Relic","Potion","Relic","Potion","Card","Relic","Relic","Card"],"build_version":"2020-12-22","purchased_purges":2,"victory":true,"max_hp_per_floor":[75,75,75,75,75,75,68,68,75,75,75,75,75,75,75,75,75,79,79,79,83,87,91,94,94,94,98,102,51,55,59,59,63,63,67,67,67,67,71,75,75,79,89,93,97,101,101,109,109,113,117,117,117,117,121,121],"relic_stats":{"counters":[31,257],"Golden Idol":225,"Eternal Feather":54,"Bag of Preparation":[34],"Whetstone":["Thunderclap","Strike_R"],"Letter Opener":[285],"Burning Blood":184,"Blood Vial":0,"Lizard Tail":0,"Nunchaku":[13],"TheAbacus":[96],"Bronze Scales":[505],"Gambling Chip":[3],"Black Star":5,"obtain_stats":[{"Lantern":44,"Incense Burner":23,"Bag of Preparation":26,"Whetstone":6,"Burning Blood":0,"ClockworkSouvenir":4,"Blood Vial":55,"Lizard Tail":39,"Nunchaku":43,"Matryoshka":28,"TheAbacus":41,"Strawberry":9,"Gambling Chip":55,"Toolbox":37,"Toxic Egg 2":30,"Red Skull":20,"Runic Pyramid":17,"Pear":43,"Golden Idol":7,"Oddly Smooth Stone":14,"Eternal Feather":40,"Omamori":46,"Letter Opener":11,"Frozen Egg 2":48,"Akabeko":46,"Bronze Scales":44,"Black Star":34,"StrikeDummy":40,"TungstenRod":48},{"Lantern":24,"Incense Burner":13,"Bag of Preparation":14,"Whetstone":5,"Burning Blood":0,"ClockworkSouvenir":3,"Blood Vial":30,"Lizard Tail":21,"Nunchaku":23,"Matryoshka":16,"TheAbacus":22,"Strawberry":5,"Gambling Chip":30,"Toolbox":20,"Toxic Egg 2":17,"Red Skull":10,"Runic Pyramid":9,"Pear":23,"Golden Idol":5,"Oddly Smooth Stone":8,"Eternal Feather":22,"Omamori":26,"Letter Opener":6,"Frozen Egg 2":27,"Akabeko":26,"Bronze Scales":24,"Black Star":19,"StrikeDummy":22,"TungstenRod":27},{"Lantern":169,"Incense Burner":77,"Bag of Preparation":82,"Whetstone":22,"Burning Blood":0,"ClockworkSouvenir":12,"Blood Vial":243,"Lizard Tail":144,"Nunchaku":159,"Matryoshka":94,"TheAbacus":153,"Strawberry":22,"Gambling Chip":243,"Toolbox":136,"Toxic Egg 2":103,"Red Skull":61,"Runic Pyramid":51,"Pear":159,"Golden Idol":22,"Oddly Smooth Stone":42,"Eternal Feather":153,"Omamori":186,"Letter Opener":26,"Frozen Egg 2":197,"Akabeko":186,"Bronze Scales":169,"Black Star":128,"StrikeDummy":153,"TungstenRod":197}],"TungstenRod":52},"card_choices":[{"not_picked":["Reckless Charge","Feel No Pain"],"picked":"Armaments","floor":1.0},{"not_picked":["Heavy Blade","Wild Strike"],"picked":"Thunderclap","floor":2.0},{"not_picked":["Armaments","Sword Boomerang"],"picked":"Uppercut","floor":3.0},{"not_picked":["Clash","Intimidate"],"picked":"Shrug It Off","floor":5.0},{"not_picked":["Blood for Blood","Reckless Charge","Flex"],"picked":"SKIP","floor":6.0},{"not_picked":["Flex","Armaments"],"picked":"Carnage","floor":11.0},{"not_picked":["Pommel Strike","Armaments"],"picked":"Feel No Pain","floor":13.0},{"not_picked":["Carnage","Heavy Blade"],"picked":"Feed","floor":14.0},{"not_picked":["Armaments","Rupture","Ghostly Armor"],"picked":"SKIP","floor":18.0},{"not_picked":["Sword Boomerang","Rampage+1","Warcry"],"picked":"SKIP","floor":21.0},{"not_picked":["Rupture","Feel No Pain","Armaments"],"picked":"SKIP","floor":22.0},{"not_picked":["Clash","True Grit"],"picked":"Inflame","floor":23.0},{"not_picked":["Feel No Pain","True Grit"],"picked":"Burning Pact","floor":24.0},{"not_picked":["Power Through","True Grit","Clothesline"],"picked":"SKIP","floor":27.0},{"not_picked":["Sever Soul+1","Juggernaut","Searing Blow"],"picked":"SKIP","floor":28.0},{"not_picked":["Warcry+1","Clothesline"],"picked":"Disarm+1","floor":30.0},{"not_picked":["Thunderclap","Whirlwind"],"picked":"Flex+1","floor":31.0},{"not_picked":["Fiend Fire","Immolate"],"picked":"Offering+1","floor":33.0},{"not_picked":["Searing Blow+1","Evolve","Armaments+1"],"picked":"SKIP","floor":35.0},{"not_picked":["Sever Soul","Burning Pact+1"],"picked":"Second Wind+1","floor":39},{"not_picked":["Rampage","Havoc+1","Clash"],"picked":"SKIP","floor":40},{"not_picked":["Twin Strike+1","Dark Embrace+1"],"picked":"Heavy Blade+1","floor":42},{"not_picked":["True Grit+1","Ghostly Armor+1"],"picked":"Disarm+1","floor":44},{"not_picked":["Cleave","Warcry+1","Havoc+1"],"picked":"SKIP","floor":45},{"not_picked":["Twin Strike+1","Body Slam"],"picked":"Power Through+1","floor":46},{"not_picked":["Cleave","True Grit+1"],"picked":"Exhume+1","floor":48},{"not_picked":["Armaments+1","Burning Pact+1"],"picked":"Exhume+1","floor":55}],"player_experience":20591188,"relics_obtained":[{"floor":6.0,"key":"Whetstone"},{"floor":9.0,"key":"Strawberry"},{"floor":11.0,"key":"Letter Opener"},{"floor":14.0,"key":"Oddly Smooth Stone"},{"floor":23.0,"key":"Incense Burner"},{"floor":26.0,"key":"Bag of Preparation"},{"floor":28.0,"key":"Matryoshka"},{"floor":30.0,"key":"Toxic Egg 2"},{"floor":39,"key":"Lizard Tail"},{"floor":40,"key":"StrikeDummy"},{"floor":40,"key":"Eternal Feather"},{"floor":43,"key":"Pear"},{"floor":43,"key":"Nunchaku"},{"floor":44,"key":"Lantern"},{"floor":44,"key":"Bronze Scales"},{"floor":46,"key":"Akabeko"},{"floor":46,"key":"Omamori"},{"floor":48,"key":"Frozen Egg 2"},{"floor":48,"key":"TungstenRod"},{"floor":55,"key":"Blood Vial"},{"floor":55,"key":"Gambling Chip"}],"event_choices":[{"damage_healed":0.0,"max_hp_gain":0.0,"max_hp_loss":7.0,"gold_gain":0.0,"event_name":"Golden Idol","player_choice":"Lose Max HP","floor":7.0,"gold_loss":0.0,"damage_taken":0.0,"relics_obtained":["Golden Idol"]},{"damage_healed":18.0,"max_hp_gain":0.0,"max_hp_loss":0.0,"gold_gain":0.0,"event_name":"The Cleric","player_choice":"Healed","floor":10.0,"gold_loss":35.0,"damage_taken":0.0},{"damage_healed":0.0,"max_hp_gain":0.0,"max_hp_loss":0.0,"gold_gain":0.0,"event_name":"Back to Basics","player_choice":"Simplicity","floor":19.0,"gold_loss":0.0,"damage_taken":0.0,"cards_upgraded":["Strike_R","Strike_R","Strike_R","Strike_R","Defend_R","Defend_R","Defend_R","Defend_R"]},{"damage_healed":0.0,"max_hp_gain":0.0,"max_hp_loss":51.0,"gold_gain":0.0,"event_name":"Ghosts","player_choice":"Became a Ghost","floor":29.0,"gold_loss":0.0,"damage_taken":0.0,"cards_obtained":["Ghostly","Ghostly","Ghostly"]},{"damage_healed":0.0,"max_hp_gain":0.0,"max_hp_loss":0.0,"gold_gain":0.0,"event_name":"Lab","player_choice":"Got Potions","floor":36.0,"gold_loss":0.0,"damage_taken":0.0},{"damage_healed":0.0,"max_hp_gain":0.0,"max_hp_loss":0.0,"gold_gain":0.0,"event_name":"Winding Halls","player_choice":"Embrace Madness","floor":38.0,"gold_loss":0.0,"damage_taken":12.0,"cards_obtained":["Madness","Madness"]},{"damage_healed":0,"gold_gain":0,"player_choice":"Fight","damage_taken":0,"max_hp_gain":0,"max_hp_loss":0,"event_name":"Mysterious Sphere","floor":39,"gold_loss":0}],"is_beta":false,"boss_relics":[{"not_picked":["Sozu","Tiny House"],"picked":"Runic Pyramid"},{"not_picked":["SacredBark","Empty Cage"],"picked":"Black Star"}],"items_purged_floors":[41,54],"is_endless":false,"potions_floor_spawned":[1,2,14,22,24,28,30,44,46,48],"ascension_level":20}}