{"host":"t7mx8yfj1no5p62f","time":1610263736,"event":{"mods":["BaseMod","Colored Map","Colored Powertips","Minty Spire (QoL Compilation)","Relic Stats","StSLib"],"gold_per_floor":[119,129,144,144,154,184,459,459,484,519,529,529,549,66,66,142,142,159,159,170,181,96,96,114,114,114,114,128,142,159,192,192,270,270,283,283,293,310,310,337,337,347,347,367,107,134,149,174,174,174,174],"floor_reached":50,"playtime":2392,"items_purged":["Regret","Bite"],"score":1386,"play_id":"1d852199-b90d-4a54-a4fd-03dc90fdc8cd","local_time":"20210110022856","is_ascension_mode":true,"campfire_choices":[{"data":"Streamline","floor":8.0,"key":"SMITH"},{"data":"Doom and Gloom","floor":12,"key":"SMITH"},{"data":"Loop","floor":15,"key":"SMITH"},{"floor":23,"key":"REST"},{"data":"Sunder","floor":27,"key":"SMITH"},{"floor":32,"key":"REST"},{"data":"Apotheosis","floor":41,"key":"SMITH"},{"floor":49,"key":"RECALL"}],"circlet_count":0,"master_deck":["AscendersBane","Defend_B+1","Defend_B+1","Defend_B+1","Defend_B+1","Zap","Dualcast","Cold Snap","White Noise","Streamline+1","Ball Lightning","Compile Driver","Go for the Eyes","Doom and Gloom+1","Loop+1","FTL","Echo Form","Beam Cell","Bite","Bite","Bite","Bite","Sunder+1","Steam+1","Double Energy","Turbo","Seek","Meteor Strike","Self Repair+1","Echo Form","Hologram","Apotheosis+1","Thinking Ahead","Biased Cognition","Compile Driver+1"],"relics":["SlaversCollar","Anchor","Strawberry","Symbiotic Virus","Runic Pyramid","Pen Nib","Incense Burner","Mummified Hand","Philosopher\u0027s Stone","Vajra","Runic Capacitor","Letter Opener","Bronze Scales"],"acts_visited":["Exordium","TheCity","TheBeyond"],"potions_floor_usage":[11,16,44,50],"damage_taken":[{"damage":1.0,"enemies":"2 Louse","floor":1.0,"turns":4.0},{"damage":5.0,"enemies":"Small Slimes","floor":2.0,"turns":4.0},{"damage":16.0,"enemies":"Cultist","floor":3.0,"turns":6.0},{"damage":10.0,"enemies":"Looter","floor":5.0,"turns":4.0},{"damage":24.0,"enemies":"Lagavulin","floor":6.0,"turns":6.0},{"damage":14,"enemies":"3 Sentries","floor":10,"turns":5},{"damage":0,"enemies":"2 Fungi Beasts","floor":11,"turns":2},{"damage":6,"enemies":"Blue Slaver","floor":13,"turns":4},{"damage":0,"enemies":"Slime Boss","floor":16,"turns":6},{"damage":1,"enemies":"Spheric Guardian","floor":18,"turns":3},{"damage":12,"enemies":"Shell Parasite","floor":20,"turns":3},{"damage":46,"enemies":"Cultist and Chosen","floor":21,"turns":7},{"damage":36,"enemies":"Snake Plant","floor":24,"turns":5},{"damage":1,"enemies":"Centurion and Healer","floor":28,"turns":7},{"damage":0,"enemies":"Cultist and Chosen","floor":29,"turns":4},{"damage":32,"enemies":"Snake Plant","floor":30,"turns":7},{"damage":45,"enemies":"Slavers","floor":31,"turns":6},{"damage":8,"enemies":"Automaton","floor":33,"turns":8},{"damage":0,"enemies":"3 Shapes","floor":35,"turns":7},{"damage":7,"enemies":"Orb Walker","floor":37,"turns":4},{"damage":25,"enemies":"Maw","floor":38,"turns":7},{"damage":0,"enemies":"Giant Head","floor":40,"turns":6},{"damage":46,"enemies":"Jaw Worm Horde","floor":42,"turns":5},{"damage":40,"enemies":"Spire Growth","floor":44,"turns":5},{"damage":43,"enemies":"Reptomancer","floor":46,"turns":5},{"damage":27,"enemies":"Maw","floor":47,"turns":6},{"damage":16,"enemies":"Giant Head","floor":48,"turns":5},{"damage":83,"enemies":"Time Eater","floor":50,"turns":6}],"seed_played":"-2863633285205623120","potions_obtained":[{"floor":1.0,"key":"Energy Potion"},{"floor":2.0,"key":"Strength Potion"},{"floor":10,"key":"AttackPotion"},{"floor":11,"key":"LiquidMemories"},{"floor":21,"key":"BlessingOfTheForge"},{"floor":31,"key":"PotionOfCapacity"},{"floor":35,"key":"EssenceOfDarkness"},{"floor":42,"key":"Swift Potion"},{"floor":44,"key":"SteroidPotion"}],"is_trial":false,"path_per_floor":["M","M","M","?","M","E","?","R","T","E","M","R","M","$","R","B",null,"M","?","M","M","?","R","M","?","T","R","M","M","M","E","R","B",null,"M","?","M","M","?","E","R","M","T","M","$","E","M","E","R","B"],"character_chosen":"DEFECT","items_purchased":["Symbiotic Virus","Loop","FTL","Runic Capacitor"],"campfire_rested":2,"item_purchase_floors":[14,14,14,45],"current_hp_per_floor":[63,58,42,65,55,31,31,31,31,26,28,28,24,24,24,26,65,66,66,60,26,26,49,23,23,23,23,46,52,44,11,34,54,72,78,78,75,78,68,78,78,61,61,59,59,56,59,70,70,0,0],"gold":174,"neow_bonus":"BOSS_RELIC","is_daily":false,"chose_seed":false,"campfire_upgraded":5,"win_rate":0.0,"timestamp":1610263736,"path_taken":["M","M","M","?","M","E","?","R","T","E","M","R","M","$","R","BOSS","M","?","M","M","?","R","M","?","T","R","M","M","M","E","R","BOSS","M","?","M","?","?","E","R","M","T","M","$","E","M","E","R","BOSS"],"items_purchased_type":["Relic","Card","Card","Relic"],"build_version":"2020-12-22","purchased_purges":2,"victory":false,"max_hp_per_floor":[71,71,71,71,71,71,71,71,71,78,78,78,78,78,78,78,78,78,78,78,78,78,78,78,78,78,78,78,78,78,78,78,78,78,78,78,78,78,78,78,78,78,78,78,78,78,78,78,78,78,78],"relic_stats":{"counters":[28,147],"Mummified Hand":[106],"Bronze Scales":[36],"Pen Nib":[24],"Letter Opener":[25],"obtain_stats":[{"Vajra":40,"Pen Nib":22,"Incense Burner":26,"Runic Capacitor":45,"Letter Opener":46,"Blood Vial":9,"SlaversCollar":0,"Anchor":6,"Mummified Hand":31,"Strawberry":10,"Bronze Scales":48,"Philosopher\u0027s Stone":34,"Cracked Core":0,"Symbiotic Virus":14,"Runic Pyramid":17},{"Vajra":22,"Pen Nib":12,"Incense Burner":13,"Runic Capacitor":24,"Letter Opener":25,"Blood Vial":5,"SlaversCollar":0,"Anchor":5,"Mummified Hand":17,"Strawberry":6,"Bronze Scales":27,"Philosopher\u0027s Stone":18,"Cracked Core":0,"Symbiotic Virus":8,"Runic Pyramid":9},{"Vajra":115,"Pen Nib":54,"Incense Burner":59,"Runic Capacitor":125,"Letter Opener":130,"Blood Vial":24,"SlaversCollar":0,"Anchor":24,"Mummified Hand":83,"Strawberry":29,"Bronze Scales":141,"Philosopher\u0027s Stone":91,"Cracked Core":0,"Symbiotic Virus":35,"Runic Pyramid":41}]},"card_choices":[{"not_picked":["Reinforced Body","Reprogram"],"picked":"Cold Snap","floor":1.0},{"not_picked":["Conserve Battery","Barrage"],"picked":"White Noise","floor":2.0},{"not_picked":["Leap","Hello World"],"picked":"Streamline","floor":3.0},{"not_picked":["Hologram","Redo"],"picked":"Ball Lightning","floor":5.0},{"not_picked":["FTL","Go for the Eyes"],"picked":"Compile Driver","floor":6.0},{"not_picked":["Gash","Streamline"],"picked":"Go for the Eyes","floor":10},{"not_picked":["Amplify","Chill"],"picked":"Doom and Gloom","floor":11},{"not_picked":["Force Field","Barrage","Go for the Eyes"],"picked":"SKIP","floor":13},{"not_picked":["Amplify","Meteor Strike"],"picked":"Echo Form","floor":16},{"not_picked":["Go for the Eyes","Leap"],"picked":"Beam Cell","floor":18},{"not_picked":["Redo","Beam Cell"],"picked":"Sunder","floor":20},{"not_picked":["Cold Snap","Barrage","Melter"],"picked":"SKIP","floor":21},{"not_picked":["Redo","Barrage"],"picked":"Steam+1","floor":24},{"not_picked":["Conserve Battery","Melter"],"picked":"Double Energy","floor":28},{"not_picked":["Sunder","Steam","Consume"],"picked":"SKIP","floor":29},{"not_picked":["Ball Lightning","All For One"],"picked":"Turbo","floor":30},{"not_picked":["BootSequence","Melter"],"picked":"Seek","floor":31},{"not_picked":["Fission","Electrodynamics"],"picked":"Meteor Strike","floor":33},{"not_picked":["Hologram","Turbo"],"picked":"Self Repair+1","floor":35},{"not_picked":["Reprogram","Sweeping Beam","Stack"],"picked":"SKIP","floor":37},{"not_picked":["Ball Lightning","Chaos"],"picked":"Hologram","floor":38},{"not_picked":["Dramatic Entrance","Swift Strike"],"picked":"Apotheosis","floor":39},{"not_picked":["Madness","Swift Strike"],"picked":"Thinking Ahead","floor":39},{"not_picked":["Redo","Sweeping Beam"],"picked":"Biased Cognition","floor":40},{"not_picked":["Cold Snap","Steam"],"picked":"Compile Driver+1","floor":42},{"not_picked":["Self Repair+1","Static Discharge+1","Steam"],"picked":"SKIP","floor":44},{"not_picked":["Self Repair+1","Static Discharge","Ball Lightning"],"picked":"SKIP","floor":46},{"not_picked":["Turbo","Loop+1","Rebound"],"picked":"SKIP","floor":47},{"not_picked":["Turbo","FTL","Go for the Eyes"],"picked":"SKIP","floor":48}],"player_experience":1705950,"relics_obtained":[{"floor":6.0,"key":"Anchor"},{"floor":9.0,"key":"Blood Vial"},{"floor":10,"key":"Strawberry"},{"floor":26,"key":"Incense Burner"},{"floor":31,"key":"Mummified Hand"},{"floor":40,"key":"Vajra"},{"floor":46,"key":"Letter Opener"},{"floor":48,"key":"Bronze Scales"}],"event_choices":[{"damage_healed":23.0,"max_hp_gain":0.0,"max_hp_loss":0.0,"gold_gain":0.0,"event_name":"Big Fish","player_choice":"Banana","floor":4.0,"gold_loss":0.0,"damage_taken":0.0},{"damage_healed":0.0,"max_hp_gain":0.0,"max_hp_loss":0.0,"gold_gain":275.0,"event_name":"Golden Shrine","player_choice":"Desecrate","floor":7.0,"gold_loss":0.0,"damage_taken":0.0,"cards_obtained":["Regret"]},{"damage_healed":0,"gold_gain":0,"player_choice":"Became a vampire (Vial)","damage_taken":0,"max_hp_gain":0,"max_hp_loss":0,"event_name":"Vampires","floor":19,"relics_lost":["Blood Vial"],"gold_loss":0,"cards_obtained":["Bite","Bite","Bite","Bite","Bite"]},{"damage_healed":0,"gold_gain":0,"player_choice":"Obtained Relic","damage_taken":0,"relics_obtained":["Pen Nib"],"max_hp_gain":0,"max_hp_loss":0,"event_name":"Addict","floor":22,"gold_loss":85},{"damage_healed":0,"gold_gain":0,"player_choice":"Simplicity","damage_taken":0,"max_hp_gain":0,"max_hp_loss":0,"event_name":"Back to Basics","floor":25,"gold_loss":0,"cards_upgraded":["Defend_B","Defend_B","Defend_B","Defend_B"]},{"damage_healed":0,"gold_gain":0,"player_choice":"Copied","damage_taken":0,"max_hp_gain":0,"max_hp_loss":0,"event_name":"Duplicator","floor":36,"gold_loss":0,"cards_obtained":["Echo Form"]},{"damage_healed":0,"gold_gain":0,"player_choice":"Memory 3","damage_taken":10,"max_hp_gain":0,"max_hp_loss":0,"event_name":"SensoryStone","floor":39,"gold_loss":0}],"is_beta":false,"boss_relics":[{"not_picked":["Coffee Dripper","Cursed Key"],"picked":"Runic Pyramid"},{"not_picked":["SacredBark","Velvet Choker"],"picked":"Philosopher\u0027s Stone"}],"items_purged_floors":[14,45],"is_endless":false,"potions_floor_spawned":[1,2,10,11,21,24,31,33,35,42,44],"killed_by":"Time Eater","ascension_level":20}}