{"host":"w3q5ijqu8eoknil3","time":1610241640,"event":{"mods":["AchievementEnabler","BaseMod","Block Reminder","Colored Powertips","Curses Come First","Minty Spire (QoL Compilation)","Quick Restart","Relic Stats","StSLib","ojb\u0027s Better Paths Mod","ojb\u0027s Info Mod","slay the spire mod where everything is the same but ironclad has a cowboy hat"],"gold_per_floor":[110,123,123,143,143,143,172,191,191,191,221,146,69,80,80,153,153,153,113,113,13,13,13,13],"floor_reached":23,"playtime":677,"items_purged":["Strike_G","Strike_G"],"score":461,"play_id":"d7cb1ae7-b71c-414e-802c-4bed973e2e5b","local_time":"20210110012040","is_ascension_mode":true,"campfire_choices":[{"data":"Finisher","floor":6,"key":"SMITH"},{"floor":10,"key":"REST"},{"data":"Choke","floor":15,"key":"SMITH"}],"circlet_count":0,"master_deck":["AscendersBane","Strike_G","Strike_G","Strike_G","Defend_G","Defend_G","Defend_G","Defend_G","Defend_G","Survivor","Neutralize","Finisher+1","Catalyst","Dagger Spray","Choke+1","Predator","Noxious Fumes","Blade Dance","Corpse Explosion","Die Die Die","Eviscerate","Choke","Blur","Ghostly","Ghostly","Ghostly"],"relics":["Ring of the Snake","Pocketwatch","GremlinMask","Ornamental Fan","Ice Cream","Prayer Wheel","Ectoplasm"],"acts_visited":["Exordium","TheCity"],"potions_floor_usage":[7,14,16,16,16,19,19,23],"damage_taken":[{"damage":3,"enemies":"Jaw Worm","floor":1,"turns":4},{"damage":0,"enemies":"Small Slimes","floor":2,"turns":2},{"damage":6,"enemies":"Cultist","floor":4,"turns":3},{"damage":28,"enemies":"Gremlin Nob","floor":7,"turns":4},{"damage":3,"enemies":"Red Slaver","floor":8,"turns":3},{"damage":13,"enemies":"Lagavulin","floor":11,"turns":6},{"damage":3,"enemies":"Gremlin Gang","floor":14,"turns":4},{"damage":0,"enemies":"Slime Boss","floor":16,"turns":4},{"damage":13,"enemies":"Chosen","floor":18,"turns":4},{"damage":14,"enemies":"2 Thieves","floor":19,"turns":2},{"damage":25,"enemies":"Book of Stabbing","floor":23,"turns":6}],"seed_played":"-1552078219609504008","potions_obtained":[{"floor":1,"key":"Weak Potion"},{"floor":11,"key":"DistilledChaos"},{"floor":14,"key":"EntropicBrew"},{"floor":16,"key":"FearPotion"},{"floor":18,"key":"Poison Potion"},{"floor":19,"key":"EssenceOfSteel"}],"is_trial":false,"path_per_floor":["M","M","?","M","?","R","E","M","T","R","E","$","$","M","R","B",null,"M","M","?","$","?","E"],"character_chosen":"THE_SILENT","items_purchased":["Noxious Fumes"],"campfire_rested":1,"item_purchase_floors":[13],"current_hp_per_floor":[56,56,56,50,50,50,22,19,19,37,24,24,24,21,21,21,50,37,23,23,23,23,0,0],"gold":13,"neow_bonus":"ONE_RARE_RELIC","is_daily":false,"chose_seed":false,"campfire_upgraded":2,"win_rate":0.0,"timestamp":1610241640,"path_taken":["M","M","?","M","?","R","E","?","T","R","E","?","$","M","R","BOSS","M","?","?","$","?","E"],"items_purchased_type":["Card"],"build_version":"2020-12-22","purchased_purges":2,"victory":false,"max_hp_per_floor":[60,60,60,60,60,60,60,60,60,60,60,60,60,60,60,60,60,60,60,30,30,30,30,30],"relic_stats":{"counters":[11,42],"Ornamental Fan":[56],"Prayer Wheel":3,"Ectoplasm":117,"obtain_stats":[{"Ice Cream":9,"Ornamental Fan":7,"GremlinMask":5,"Prayer Wheel":11,"Ectoplasm":17,"Ring of the Snake":0,"Pocketwatch":0},{"Ice Cream":5,"Ornamental Fan":4,"GremlinMask":3,"Prayer Wheel":6,"Ectoplasm":8,"Ring of the Snake":0,"Pocketwatch":0},{"Ice Cream":16,"Ornamental Fan":13,"GremlinMask":9,"Prayer Wheel":22,"Ectoplasm":30,"Ring of the Snake":0,"Pocketwatch":0}],"Ring of the Snake":[22],"Pocketwatch":[51]},"card_choices":[{"not_picked":["Flechettes","Dodge and Roll"],"picked":"Finisher","floor":1},{"not_picked":["Flying Knee","Riddle With Holes"],"picked":"Catalyst","floor":2},{"not_picked":["Infinite Blades","Bane"],"picked":"Dagger Spray","floor":4},{"not_picked":["Dagger Throw","Grand Finale"],"picked":"Choke","floor":7},{"not_picked":["Dagger Spray","Quick Slash","Tactician"],"picked":"SKIP","floor":8},{"not_picked":["Underhanded Strike","Bane"],"picked":"Predator","floor":11},{"not_picked":["Sucker Punch","Underhanded Strike"],"picked":"Blade Dance","floor":14},{"not_picked":["Bouncing Flask","Dagger Throw"],"picked":"Corpse Explosion","floor":14},{"not_picked":["Burst","Tools of the Trade"],"picked":"Die Die Die","floor":16},{"not_picked":["Sucker Punch+1","Dagger Throw"],"picked":"Eviscerate","floor":18},{"not_picked":["Slice","Cloak And Dagger","Dagger Spray"],"picked":"SKIP","floor":18},{"not_picked":["Quick Slash","Sucker Punch"],"picked":"Choke","floor":19},{"not_picked":["Cloak And Dagger","Predator"],"picked":"Blur","floor":19}],"player_experience":944035,"relics_obtained":[{"floor":7,"key":"Ornamental Fan"},{"floor":9,"key":"Ice Cream"},{"floor":11,"key":"Prayer Wheel"}],"event_choices":[{"damage_healed":0,"gold_gain":0,"player_choice":"Leave","damage_taken":0,"max_hp_gain":0,"max_hp_loss":0,"event_name":"The Cleric","floor":3,"gold_loss":0},{"damage_healed":0,"gold_gain":0,"player_choice":"Trade","damage_taken":0,"relics_obtained":["GremlinMask"],"max_hp_gain":0,"max_hp_loss":0,"event_name":"FaceTrader","floor":5,"gold_loss":0},{"damage_healed":0,"gold_gain":0,"player_choice":"Became a Ghost","damage_taken":0,"max_hp_gain":0,"max_hp_loss":30,"event_name":"Ghosts","floor":20,"gold_loss":0,"cards_obtained":["Ghostly","Ghostly","Ghostly"]},{"damage_healed":0,"gold_gain":50,"player_choice":"Stole From Cult","damage_taken":0,"max_hp_gain":0,"max_hp_loss":0,"event_name":"Nest","floor":22,"gold_loss":0}],"is_beta":false,"boss_relics":[{"not_picked":["HoveringKite","Fusion Hammer"],"picked":"Ectoplasm"}],"items_purged_floors":[12,21],"is_endless":false,"potions_floor_spawned":[1,11,14,16,18,19],"killed_by":"Book of Stabbing","ascension_level":17}}