{"host":"qhd5m7ak4qaao2fj","time":1610308365,"event":{"mods":["AchievementEnabler","BaseMod","Bestiary","Block Reminder","Colored Map","Colored Powertips","DeckTracker","Highlight Path","Minty Spire (QoL Compilation)","Quick Restart","Relic Stats"],"gold_per_floor":[111,111,128,141,158,184,184,195,218,232,242,256,221,65,65,170,170,189,199,199,233,253,253,123,156,181,181,181,195,214,214,214,309,309,320,420,104,104,120,120,154,154,177,5,44,44,44,44],"floor_reached":47,"playtime":6042,"items_purged":["Strike_B","Defend_B"],"score":555,"play_id":"30712faf-f88d-437c-b9fc-fcfb761a05ca","local_time":"20210110205245","is_ascension_mode":true,"campfire_choices":[{"data":"Lockon","floor":7,"key":"SMITH"},{"floor":15,"key":"RECALL"},{"floor":23,"key":"REST"},{"floor":27,"key":"REST"},{"data":"Loop","floor":32,"key":"SMITH"},{"data":"Electrodynamics","floor":40,"key":"SMITH"},{"floor":42,"key":"REST"}],"circlet_count":0,"master_deck":["Defend_B","Defend_B","Zap","Dualcast","Lockon+1","Undo","Conserve Battery","Genetic Algorithm","Redo","Electrodynamics+1","Self Repair","Amplify","Redo","Turbo","Ball Lightning+1","Conserve Battery","Defragment","Redo","Ball Lightning","Defragment","Loop+1","Echo Form","Machine Learning","CurseOfTheBell","Redo+1","Static Discharge","Loop+1","Ball Lightning+1","Loop","Thunder Strike+1"],"relics":["Cracked Core","Dream Catcher","Juzu Bracelet","Philosopher\u0027s Stone","Red Mask","Toy Ornithopter","Lantern","Calling Bell","Blood Vial","Pantograph","Ice Cream","Cables","CeramicFish","Whetstone","Orichalcum"],"acts_visited":["Exordium","TheCity","TheBeyond"],"potions_floor_usage":[16,33],"damage_taken":[{"damage":1,"enemies":"Jaw Worm","floor":1,"turns":3},{"damage":1,"enemies":"Cultist","floor":3,"turns":3},{"damage":1,"enemies":"2 Louse","floor":4,"turns":2},{"damage":4,"enemies":"Blue Slaver","floor":5,"turns":3},{"damage":38,"enemies":"Lagavulin","floor":6,"turns":10},{"damage":2,"enemies":"2 Fungi Beasts","floor":8,"turns":4},{"damage":1,"enemies":"3 Louse","floor":10,"turns":2},{"damage":0,"enemies":"Exordium Wildlife","floor":11,"turns":2},{"damage":16,"enemies":"Gremlin Gang","floor":12,"turns":6},{"damage":22,"enemies":"The Guardian","floor":16,"turns":7},{"damage":29,"enemies":"2 Thieves","floor":18,"turns":4},{"damage":13,"enemies":"Spheric Guardian","floor":19,"turns":5},{"damage":33,"enemies":"Masked Bandits","floor":21,"turns":3},{"damage":8,"enemies":"Snake Plant","floor":22,"turns":4},{"damage":16,"enemies":"Slavers","floor":25,"turns":4},{"damage":6,"enemies":"Cultist and Chosen","floor":29,"turns":4},{"damage":22,"enemies":"Centurion and Healer","floor":30,"turns":4},{"damage":11,"enemies":"Automaton","floor":33,"turns":6},{"damage":17,"enemies":"Orb Walker","floor":35,"turns":4},{"damage":16,"enemies":"3 Shapes","floor":39,"turns":3},{"damage":60,"enemies":"Nemesis","floor":41,"turns":5},{"damage":31,"enemies":"Giant Head","floor":45,"turns":6},{"damage":20,"enemies":"Maw","floor":47,"turns":2}],"seed_played":"4016643989538338224","potions_obtained":[{"floor":5,"key":"ColorlessPotion"},{"floor":8,"key":"FocusPotion"},{"floor":10,"key":"FocusPotion"},{"floor":11,"key":"LiquidMemories"},{"floor":12,"key":"FocusPotion"},{"floor":18,"key":"PotionOfCapacity"},{"floor":35,"key":"Ancient Potion"}],"is_trial":false,"path_per_floor":["M","?","M","M","M","E","R","M","T","M","M","M","?","$","R","B",null,"M","M","?","?","M","R","$","E","T","R","?","M","M","?","R","B",null,"M","?","$","?","M","R","E","R","T","$","E","?","M"],"character_chosen":"DEFECT","items_purchased":["Self Repair","Defragment","Redo","Ball Lightning","Cables","Static Discharge","Loop"],"campfire_rested":3,"item_purchase_floors":[14,24,24,24,37,37,44],"current_hp_per_floor":[81,81,80,79,75,37,37,35,35,34,34,18,38,38,38,23,82,60,54,54,28,27,51,51,35,35,59,59,53,38,38,38,32,82,72,72,72,72,65,65,14,38,38,38,16,16,0,0],"gold":44,"neow_bonus":"TEN_PERCENT_HP_BONUS","is_daily":false,"chose_seed":false,"campfire_upgraded":3,"win_rate":0.0,"timestamp":1610308365,"path_taken":["M","?","M","M","?","E","R","M","T","M","M","M","?","$","R","BOSS","M","M","?","?","M","R","$","E","T","R","?","M","M","?","R","BOSS","M","?","?","?","M","R","E","R","T","$","E","?","M"],"items_purchased_type":["Card","Card","Card","Card","Relic","Card","Card"],"build_version":"2020-12-22","purchased_purges":2,"victory":false,"max_hp_per_floor":[82,82,82,82,82,82,82,82,82,82,82,82,82,82,82,82,82,82,82,82,82,82,82,82,82,82,82,82,82,82,82,82,82,82,82,82,82,82,82,82,82,82,82,82,82,82,82,82],"relic_stats":{"Blood Vial":8,"Dream Catcher":3,"counters":[23,95],"Pantograph":0,"CeramicFish":27,"Juzu Bracelet":3,"Whetstone":["Ball Lightning","Ball Lightning"],"Orichalcum":[12],"obtain_stats":[{"Ice Cream":34,"Lantern":26,"CeramicFish":41,"Juzu Bracelet":6,"Whetstone":43,"Orichalcum":45,"Cables":37,"Calling Bell":34,"Blood Vial":34,"Dream Catcher":2,"Pantograph":34,"Philosopher\u0027s Stone":17,"Red Mask":21,"Cracked Core":0,"Toy Ornithopter":25},{"Ice Cream":18,"Lantern":15,"CeramicFish":21,"Juzu Bracelet":5,"Whetstone":21,"Orichalcum":22,"Cables":19,"Calling Bell":18,"Blood Vial":18,"Dream Catcher":1,"Pantograph":18,"Philosopher\u0027s Stone":10,"Red Mask":13,"Cracked Core":0,"Toy Ornithopter":15},{"Ice Cream":76,"Lantern":62,"CeramicFish":87,"Juzu Bracelet":21,"Whetstone":87,"Orichalcum":93,"Cables":79,"Calling Bell":76,"Blood Vial":76,"Dream Catcher":3,"Pantograph":76,"Philosopher\u0027s Stone":42,"Red Mask":54,"Cracked Core":0,"Toy Ornithopter":62}],"Toy Ornithopter":5,"Cables":[15,15,0,0,0]},"card_choices":[{"not_picked":["Coolheaded","Gash"],"picked":"Lockon","floor":1},{"not_picked":["Glacier","Reprogram"],"picked":"Undo","floor":3},{"not_picked":["Barrage","Blizzard"],"picked":"Conserve Battery","floor":4},{"not_picked":["Cold Snap","Streamline"],"picked":"Genetic Algorithm","floor":5},{"not_picked":["Scrape","Hello World","Compile Driver"],"picked":"SKIP","floor":6},{"not_picked":["Hello World","Stack","Go for the Eyes"],"picked":"SKIP","floor":8},{"not_picked":["Fusion","Blizzard"],"picked":"Redo","floor":10},{"not_picked":["Gash","Stack","Sweeping Beam"],"picked":"SKIP","floor":11},{"not_picked":["Compile Driver","Rebound"],"picked":"Electrodynamics","floor":12},{"not_picked":["Multi-Cast","Rainbow"],"picked":"Amplify","floor":16},{"not_picked":["Beam Cell+1","Turbo","Reprogram+1"],"picked":"SKIP","floor":18},{"not_picked":["Steam Power","Turbo"],"picked":"Redo","floor":19},{"not_picked":["Chill","Compile Driver+1"],"picked":"Conserve Battery","floor":21},{"not_picked":["Turbo","Go for the Eyes","Recycle"],"picked":"SKIP","floor":22},{"not_picked":["Rip and Tear","Doom and Gloom+1"],"picked":"Defragment","floor":25},{"not_picked":["Lockon","Streamline+1"],"picked":"Loop","floor":29},{"not_picked":["BootSequence","Sweeping Beam"],"picked":"Echo Form","floor":30},{"not_picked":["All For One","Core Surge"],"picked":"Machine Learning","floor":33},{"not_picked":["Sweeping Beam","Conserve Battery+1"],"picked":"Redo+1","floor":35},{"not_picked":["Compile Driver+1","Rebound+1","Streamline+1"],"picked":"SKIP","floor":39},{"not_picked":["Chill","Darkness+1"],"picked":"Ball Lightning","floor":41},{"not_picked":["Doom and Gloom","Steam"],"picked":"Thunder Strike","floor":45}],"player_experience":244406,"relics_obtained":[{"floor":2,"key":"Dream Catcher"},{"floor":6,"key":"Juzu Bracelet"},{"floor":21,"key":"Red Mask"},{"floor":25,"key":"Toy Ornithopter"},{"floor":26,"key":"Lantern"},{"floor":34,"key":"Blood Vial"},{"floor":34,"key":"Pantograph"},{"floor":34,"key":"Ice Cream"},{"floor":41,"key":"CeramicFish"},{"floor":43,"key":"Whetstone"},{"floor":45,"key":"Orichalcum"}],"event_choices":[{"damage_healed":0,"gold_gain":0,"player_choice":"Relic","damage_taken":0,"max_hp_gain":0,"max_hp_loss":0,"event_name":"Wheel of Change","floor":2,"gold_loss":0},{"damage_healed":20,"gold_gain":0,"player_choice":"Healed","damage_taken":0,"max_hp_gain":0,"max_hp_loss":0,"event_name":"The Cleric","floor":13,"gold_loss":35},{"damage_healed":0,"gold_gain":0,"cards_transformed":["Strike_B","Strike_B"],"player_choice":"Became Test Subject","damage_taken":0,"max_hp_gain":0,"max_hp_loss":0,"event_name":"Drug Dealer","floor":20,"gold_loss":0,"cards_obtained":["Turbo","Ball Lightning"]},{"damage_healed":0,"gold_gain":0,"player_choice":"Fought Bandits","damage_taken":0,"max_hp_gain":0,"max_hp_loss":0,"event_name":"Masked Bandits","floor":21,"gold_loss":0},{"cards_removed":["Strike_B"],"damage_healed":0,"gold_gain":0,"player_choice":"Elegance","damage_taken":0,"max_hp_gain":0,"max_hp_loss":0,"event_name":"Back to Basics","floor":28,"gold_loss":0},{"cards_removed":["Defend_B"],"damage_healed":0,"gold_gain":0,"player_choice":"Purged","damage_taken":0,"max_hp_gain":0,"max_hp_loss":0,"event_name":"Purifier","floor":31,"gold_loss":0},{"damage_healed":0,"gold_gain":100,"player_choice":"Pray","damage_taken":0,"max_hp_gain":0,"max_hp_loss":0,"event_name":"Golden Shrine","floor":36,"gold_loss":0},{"damage_healed":0,"gold_gain":0,"player_choice":"Copied","damage_taken":0,"max_hp_gain":0,"max_hp_loss":0,"event_name":"Duplicator","floor":38,"gold_loss":0,"cards_obtained":["Loop"]},{"damage_healed":0,"gold_gain":0,"player_choice":"Forge","damage_taken":0,"max_hp_gain":0,"max_hp_loss":0,"event_name":"Accursed Blacksmith","floor":46,"gold_loss":0,"cards_upgraded":["Thunder Strike"]}],"is_beta":false,"boss_relics":[{"not_picked":["Ectoplasm","Black Star"],"picked":"Philosopher\u0027s Stone"},{"not_picked":["Cursed Key","Busted Crown"],"picked":"Calling Bell"}],"items_purged_floors":[14,44],"is_endless":false,"potions_floor_spawned":[5,8,10,11,12,18,22,30,35],"killed_by":"Maw","ascension_level":1}}