{"host":"ha6p5pdchuduffeg","time":1610289425,"event":{"mods":["Act Like it!","BaseMod","Gensokyo","KinomotoSakuraMod(ƒæ÷Æ±æ”£)","Koishi","Marisa£®ÏF”Í°°ƒß¿Ì…≥£©","Minty Spire (QoL Compilation)","Reimu£®≤©¿ˆ¡È√Œ£©","Remilia£®¿Ÿ√◊¿Ú—«£©","Replay The Spire","StSLib","The Servant 0.9.4","Youmu£®ªÍ∆«—˝√Œ£©"],"gold_per_floor":[363,373,79,154,164,164,195,43,43,43,69,69,69,102,102,222,222,246,280,280,131,156,199,212,212,263,294,319,337,337,350,350,476,476,500,500,500,128,149,149,149,149],"floor_reached":41,"playtime":2019,"items_purged":["Writhe"],"score":729,"play_id":"6f86a630-b3b2-49a0-ae1b-a6a50320a380","local_time":"20210110223705","is_ascension_mode":true,"campfire_choices":[{"floor":6.0,"key":"REST"},{"floor":13.0,"key":"REST"},{"data":"Defy","floor":15.0,"key":"SMITH"},{"floor":25.0,"key":"REST"},{"floor":30.0,"key":"REST"},{"floor":32,"key":"REST"},{"data":"LightFlow","floor":40,"key":"SMITH"}],"circlet_count":0,"master_deck":["Strike_S","Strike_S","Strike_S","Strike_S","Defend_S","Defend_S","Defend_S","Defend_S","KidneyShot+1","Exchange+1","Defend_RM","Koishi:HauntingSlash","Spin","Snipe","Defy+1","Injury","KillingDoll","Ricochet+1","Snipe","Defy+1","DualDimension","Ricochet+1","LightFlow+1","CurseOfTheBell"],"relics":["Uniform","Replay:WaspNest","Ancient Tea Set","Regal Pillow","Divine Protection","Golden Idol","Odd Mushroom","Matryoshka","Replay:Grab Bag","ChewingGum","SlaversCollar","RedLine:ReiMu","Red Mask","Lee\u0027s Waffle","Simple Rune","Whetstone","Replay:Baseball","White Beast Statue","Calling Bell","Lantern","Eternal Feather","Pocketwatch","Pen Nib","ClockworkSouvenir"],"acts_visited":["Exordium","TheCity","TheBeyond"],"potions_floor_usage":[33,33],"damage_taken":[{"damage":0.0,"enemies":"Cultist","floor":1.0,"turns":4.0},{"damage":1.0,"enemies":"Small Slimes","floor":2.0,"turns":3.0},{"damage":6.0,"enemies":"2 Louse","floor":5.0,"turns":2.0},{"damage":32.0,"enemies":"Lagavulin","floor":7.0,"turns":7.0},{"damage":0.0,"enemies":"The Mushroom Lair","floor":11.0,"turns":5.0},{"damage":11.0,"enemies":"3 Sentries","floor":14.0,"turns":6.0},{"damage":38.0,"enemies":"Hexaghost","floor":16.0,"turns":9.0},{"damage":0.0,"enemies":"Chosen","floor":18.0,"turns":6.0},{"damage":44.0,"enemies":"Masked Bandits","floor":19.0,"turns":4.0},{"damage":1.0,"enemies":"3 Byrds","floor":22.0,"turns":5.0},{"damage":43.0,"enemies":"Book of Stabbing","floor":23.0,"turns":5.0},{"damage":22.0,"enemies":"Snecko","floor":24.0,"turns":5.0},{"damage":19.0,"enemies":"Slavers","floor":27.0,"turns":4.0},{"damage":23.0,"enemies":"Shelled Parasite and Fungi","floor":28.0,"turns":9.0},{"damage":0.0,"enemies":"Snake Plant","floor":29.0,"turns":4.0},{"damage":0,"enemies":"3 Cultists","floor":31,"turns":4},{"damage":44,"enemies":"Pondfish","floor":33,"turns":10},{"damage":21,"enemies":"3 Shapes","floor":35,"turns":4},{"damage":0,"enemies":"Orb Walker","floor":39,"turns":2},{"damage":78,"enemies":"Maw","floor":41,"turns":10}],"seed_played":"-4092136133365064532","potions_obtained":[{"floor":5.0,"key":"LiquidMemories"},{"floor":19.0,"key":"Weak Potion"},{"floor":22.0,"key":"Reflective Coating"},{"floor":28.0,"key":"SkillPotion"},{"floor":29.0,"key":"LifebloodPotion"},{"floor":31,"key":"Fire Potion"},{"floor":33,"key":"Venom Potion"},{"floor":35,"key":"Adrenaline Potion"}],"is_trial":false,"path_per_floor":["M","M","$","?","M","R","E","$","T","?","?","?","R","E","R","B",null,"M","?","?","$","M","E","M","R","T","E","M","M","R","M","R","B",null,"M","?","?","$","M","R","M"],"character_chosen":"THE_SERVANT","items_purchased":["Replay:WaspNest","Snipe","Regal Pillow","Lee\u0027s Waffle","Pen Nib","ClockworkSouvenir"],"campfire_rested":5,"item_purchase_floors":[3,3,8,21,38,38],"current_hp_per_floor":[65,65,65,54,49,65,35,35,35,35,36,36,65,55,55,20,65,65,21,21,72,71,29,8,44,44,26,5,6,42,43,72,30,72,52,70,63,63,63,72,0,0],"gold":149,"neow_bonus":"TWO_FIFTY_GOLD","is_daily":false,"chose_seed":false,"campfire_upgraded":2,"win_rate":0.0,"timestamp":1610289425,"path_taken":["M","M","$","?","M","R","E","$","T","?","?","?","R","E","R","BOSS","M","?","?","$","M","E","M","R","T","E","M","M","R","M","R","BOSS","M","?","?","$","M","R","?"],"items_purchased_type":["Relic","Card","Relic","Relic","Relic","Relic"],"build_version":"2020-12-22","purchased_purges":1,"victory":false,"max_hp_per_floor":[65,65,65,65,65,65,65,65,65,65,65,65,65,65,65,65,65,65,65,65,72,72,72,72,72,72,72,72,72,72,72,72,72,72,72,72,72,72,72,72,72,72],"card_choices":[{"not_picked":["Comet","Ricochet"],"picked":"Spin","floor":1.0},{"not_picked":["Spin","DoubleEdge","Unruled"],"picked":"SKIP","floor":2.0},{"not_picked":["Spin","DoubleEdge","Unruled"],"picked":"SKIP","floor":2.0},{"not_picked":["ShatteredReality","Starlight","TimeWarp"],"picked":"SKIP","floor":5.0},{"not_picked":["Advance","Starlight"],"picked":"Defy","floor":7.0},{"not_picked":["Rewind","Potential","Embodiment"],"picked":"SKIP","floor":14.0},{"not_picked":["FloweringNight","Dilation"],"picked":"KillingDoll","floor":16.0},{"not_picked":["Revamp","SpecialFormula+1","Collapse"],"picked":"SKIP","floor":18.0},{"not_picked":["Alleviate","DoubleEdge+1"],"picked":"Ricochet+1","floor":19.0},{"not_picked":["Ricochet","TimeWarp+1"],"picked":"Snipe","floor":22.0},{"not_picked":["KillingDoll","Alleviate","Spin"],"picked":"SKIP","floor":23.0},{"not_picked":["FastForward","Potential","Replace"],"picked":"SKIP","floor":24.0},{"not_picked":["Deadline+1","Alleviate+1","Shuttle+1"],"picked":"SKIP","floor":27.0},{"not_picked":["Replace","Dilation"],"picked":"Defy+1","floor":28.0},{"not_picked":["Unruled","Spin"],"picked":"DualDimension","floor":29.0},{"not_picked":["Alleviate+1","Desolation"],"picked":"Ricochet+1","floor":31},{"not_picked":["KillingDoll","TrueSight"],"picked":"LightFlow","floor":33},{"not_picked":["ShatteredReality","Ricochet+1","Unruled+1"],"picked":"SKIP","floor":35},{"not_picked":["WasteNot+1","Revamp","TimeWarp"],"picked":"SKIP","floor":39}],"player_experience":54273,"relics_obtained":[{"floor":7.0,"key":"Ancient Tea Set"},{"floor":9.0,"key":"Divine Protection"},{"floor":11.0,"key":"Odd Mushroom"},{"floor":14.0,"key":"Matryoshka"},{"floor":19.0,"key":"Red Mask"},{"floor":23.0,"key":"Simple Rune"},{"floor":26.0,"key":"Whetstone"},{"floor":26.0,"key":"Replay:Baseball"},{"floor":27.0,"key":"White Beast Statue"},{"floor":34,"key":"Lantern"},{"floor":34,"key":"Eternal Feather"},{"floor":34,"key":"Pocketwatch"}],"event_choices":[{"damage_healed":0.0,"max_hp_gain":0.0,"max_hp_loss":0.0,"gold_gain":75.0,"event_name":"World of Goop","player_choice":"Gather Gold","floor":4.0,"gold_loss":0.0,"damage_taken":11.0},{"damage_healed":0.0,"max_hp_gain":0.0,"max_hp_loss":0.0,"gold_gain":0.0,"event_name":"Golden Idol","player_choice":"Take Wound","floor":10.0,"gold_loss":0.0,"damage_taken":0.0,"relics_obtained":["Golden Idol"],"cards_obtained":["Injury"]},{"damage_healed":0.0,"max_hp_gain":0.0,"max_hp_loss":0.0,"gold_gain":0.0,"event_name":"Mushrooms","player_choice":"Fought Mushrooms","floor":11.0,"gold_loss":0.0,"damage_taken":0.0},{"damage_healed":0.0,"max_hp_gain":0.0,"max_hp_loss":0.0,"gold_gain":0.0,"event_name":"Masked Bandits","player_choice":"Fought Bandits","floor":19.0,"gold_loss":0.0,"damage_taken":0.0},{"damage_healed":0.0,"max_hp_gain":0.0,"max_hp_loss":0.0,"gold_gain":0.0,"event_name":"Ghosts","player_choice":"Ignored","floor":20.0,"gold_loss":0.0,"damage_taken":0.0},{"damage_healed":18,"gold_gain":0,"player_choice":"Writhe","damage_taken":0,"max_hp_gain":0,"max_hp_loss":0,"event_name":"Winding Halls","floor":36,"gold_loss":0,"cards_obtained":["Writhe"]},{"damage_healed":0,"gold_gain":0,"player_choice":"Damaged","damage_taken":7,"max_hp_gain":0,"max_hp_loss":0,"event_name":"Wheel of Change","floor":37,"gold_loss":0}],"is_beta":false,"boss_relics":[{"not_picked":["Busted Crown","SplendidAttire"],"picked":"Replay:Grab Bag"},{"not_picked":["Coffee Dripper","Sozu"],"picked":"ChewingGum"},{"not_picked":["Cursed Key","Philosopher\u0027s Stone"],"picked":"SlaversCollar"},{"not_picked":["Snecko Eye","Astrolabe"],"picked":"RedLine:ReiMu"},{"not_picked":["ReplayTheSpireMod:DimensionalGlitch","Replay:Drink Me"],"picked":"Calling Bell"}],"items_purged_floors":[38],"is_endless":false,"potions_floor_spawned":[5,19,22,28,29,31,33,35,39],"killed_by":"Maw","ascension_level":4}}