{"host":"xwog71r75u8mqwn1","time":1610312293,"event":{"mods":["BaseMod","Evolution","Minty Spire (QoL Compilation)","StSLib"],"gold_per_floor":[114,126,126,143,93,93,126,126,426,426,426,436,68,68,68,173,173,193,65,35,35],"floor_reached":20,"playtime":894,"items_purged":["Defend_R"],"score":255,"play_id":"f3e4d3ed-5afc-45d6-aa93-6d1999dd8844","local_time":"20210110145813","is_ascension_mode":true,"campfire_choices":[{"data":"Armaments","floor":6,"key":"SMITH"},{"data":"Strike_R","floor":8,"key":"PURGE"},{"data":"Thunderclap","floor":10,"key":"SMITH"},{"data":"Strike_R","floor":15,"key":"PURGE"}],"circlet_count":0,"master_deck":["AscendersBane","Strike_R+1","Defend_R+1","Defend_R","Defend_R","Bash","Armaments+1","Cleave","Disarm+1","Thunderclap+1","Disarm","Exhume","Dark Embrace","Cleave","Offering","Body Slam+1","True Grit"],"relics":["Burning Blood","EVO:Axolotl","Peace Pipe","Old Coin","Juzu Bracelet","SacredBark"],"acts_visited":["Exordium","TheCity"],"potions_floor_usage":[16],"damage_taken":[{"damage":10,"enemies":"Small Slimes","floor":1,"turns":4},{"damage":6,"enemies":"Jaw Worm","floor":2,"turns":4},{"damage":0,"enemies":"2 Louse","floor":4,"turns":3},{"damage":26,"enemies":"3 Sentries","floor":7,"turns":10},{"damage":0,"enemies":"Large Slime","floor":12,"turns":5},{"damage":34,"enemies":"Hexaghost","floor":16,"turns":11},{"damage":69,"enemies":"Spheric Guardian","floor":18,"turns":10},{"damage":13,"enemies":"2 Thieves","floor":20,"turns":1}],"seed_played":"-5353169745698908427","potions_obtained":[{"floor":1,"key":"Strength Potion"},{"floor":7,"key":"Ancient Potion"},{"floor":18,"key":"Ancient Potion"}],"is_trial":false,"path_per_floor":["M","M","?","M","?","R","E","R","T","R","?","M","$","?","R","B",null,"M","$","M"],"character_chosen":"IRONCLAD","items_purchased":["Exhume","Dark Embrace","Juzu Bracelet","True Grit"],"campfire_rested":0,"item_purchase_floors":[13,13,13,19],"current_hp_per_floor":[76,76,58,64,64,64,44,44,44,44,44,50,50,50,50,22,72,9,9,0,0],"gold":35,"neow_bonus":"TEN_PERCENT_HP_BONUS","is_daily":false,"chose_seed":false,"campfire_upgraded":2,"win_rate":0.0,"timestamp":1610312293,"path_taken":["M","M","?","M","?","R","E","R","T","R","?","M","$","?","R","BOSS","M","$","M"],"items_purchased_type":["Card","Card","Relic","Card"],"build_version":"2020-12-22","purchased_purges":1,"victory":false,"max_hp_per_floor":[88,88,88,88,88,88,88,88,88,88,88,88,88,88,88,88,88,88,88,88,88],"card_choices":[{"not_picked":["Battle Trance","Havoc"],"picked":"Armaments","floor":1},{"not_picked":["Thunderclap","Armaments"],"picked":"Cleave","floor":2},{"not_picked":["Headbutt","True Grit"],"picked":"Disarm","floor":4},{"not_picked":["Havoc","Heavy Blade"],"picked":"Thunderclap","floor":7},{"not_picked":["Twin Strike","Dark Embrace"],"picked":"Disarm","floor":12},{"not_picked":["Immolate","Bludgeon"],"picked":"Offering","floor":16},{"not_picked":["Sentinel","Anger"],"picked":"Body Slam+1","floor":18}],"player_experience":2424010,"relics_obtained":[{"floor":7,"key":"Peace Pipe"},{"floor":9,"key":"Old Coin"}],"event_choices":[{"damage_healed":0,"gold_gain":0,"player_choice":"Entered Light","damage_taken":18,"max_hp_gain":0,"max_hp_loss":0,"event_name":"Shining Light","floor":3,"gold_loss":0,"cards_upgraded":["Defend_R","Strike_R"]},{"cards_removed":["Strike_R"],"damage_healed":0,"gold_gain":0,"player_choice":"Card Removal","damage_taken":0,"max_hp_gain":0,"max_hp_loss":0,"event_name":"The Cleric","floor":5,"gold_loss":50},{"damage_healed":0,"gold_gain":0,"player_choice":"Grow","damage_taken":0,"max_hp_gain":0,"max_hp_loss":0,"event_name":"Living Wall","floor":11,"gold_loss":0,"cards_upgraded":["Disarm"]},{"damage_healed":0,"gold_gain":0,"cards_transformed":["Strike_R"],"player_choice":"Transformed","damage_taken":0,"max_hp_gain":0,"max_hp_loss":0,"event_name":"Transmorgrifier","floor":14,"gold_loss":0,"cards_obtained":["Cleave"]}],"is_beta":false,"boss_relics":[{"not_picked":["Ectoplasm","Pandora\u0027s Box"],"picked":"SacredBark"}],"items_purged_floors":[19],"is_endless":false,"potions_floor_spawned":[1,7,18],"killed_by":"2 Thieves","ascension_level":10}}