{"host":"2se5dq1do2gp0x9k","time":1610242478,"event":{"mods":["AchievementEnabler","BaseMod","Block Reminder","Colored Map","Colored Powertips","Minty Spire (QoL Compilation)","Relic Stats","StSLib","SuperFastMode"],"gold_per_floor":[113,113,188,203,213,213,231,261,284,284,313,463,388,408,408,486,486,501,166,166,176,189,189,189],"floor_reached":23,"playtime":1276,"items_purged":[],"score":362,"play_id":"da4ff215-d68f-4aa4-9880-d187fcdccf5b","local_time":"20210109173438","is_ascension_mode":true,"campfire_choices":[{"data":"FlyingSleeves","floor":6.0,"key":"SMITH"},{"floor":10.0,"key":"REST"},{"floor":15.0,"key":"REST"}],"circlet_count":0,"master_deck":["AscendersBane","Strike_P","Strike_P","Strike_P","Defend_P","Defend_P","Defend_P","Defend_P","Eruption","Vigilance","FollowUp","FlyingSleeves+1","EmptyMind","Meditate","FlurryOfBlows","Crescendo","DevaForm","Evaluate","ThirdEye","Omniscience","Fasting2","WheelKick","Jack Of All Trades","CutThroughFate","ThirdEye"],"relics":["VioletLotus","Dream Catcher","Blood Vial","Tiny Chest","Cursed Key","Lee\u0027s Waffle"],"acts_visited":["Exordium","TheCity"],"potions_floor_usage":[],"damage_taken":[{"damage":1.0,"enemies":"Small Slimes","floor":1.0,"turns":7.0},{"damage":0.0,"enemies":"2 Louse","floor":4.0,"turns":3.0},{"damage":3.0,"enemies":"Cultist","floor":5.0,"turns":4.0},{"damage":10.0,"enemies":"Large Slime","floor":7.0,"turns":3.0},{"damage":10.0,"enemies":"Gremlin Nob","floor":8.0,"turns":3.0},{"damage":22.0,"enemies":"Lagavulin","floor":11.0,"turns":7.0},{"damage":20.0,"enemies":"Lots of Slimes","floor":14.0,"turns":4.0},{"damage":30.0,"enemies":"The Guardian","floor":16.0,"turns":18.0},{"damage":49.0,"enemies":"3 Byrds","floor":18.0,"turns":10.0},{"damage":17.0,"enemies":"Shell Parasite","floor":21.0,"turns":5.0},{"damage":8.0,"enemies":"Snecko","floor":22.0,"turns":6.0},{"damage":49,"enemies":"Book of Stabbing","floor":23,"turns":5}],"seed_played":"-5639777955890456961","potions_obtained":[{"floor":4.0,"key":"SteroidPotion"},{"floor":7.0,"key":"Dexterity Potion"},{"floor":8.0,"key":"PowerPotion"},{"floor":14.0,"key":"Regen Potion"},{"floor":21.0,"key":"Block Potion"}],"is_trial":false,"path_per_floor":["M","?","?","M","M","R","M","E","T","R","E","?","?","M","R","B",null,"M","$","?","M","M","E"],"character_chosen":"WATCHER","items_purchased":["Lee\u0027s Waffle","Fasting2","WheelKick"],"campfire_rested":2,"item_purchase_floors":[19,19,19],"current_hp_per_floor":[60,53,42,42,39,39,29,19,19,39,19,19,19,1,21,8,53,6,75,63,48,42,0,0],"gold":189,"neow_bonus":"BOSS_RELIC","is_daily":false,"chose_seed":false,"campfire_upgraded":1,"win_rate":0.0,"timestamp":1610242478,"path_taken":["M","?","?","M","M","R","M","E","T","R","E","?","?","M","R","BOSS","M","$","?","M","M","E"],"items_purchased_type":["Relic","Card","Card"],"build_version":"2020-12-22","purchased_purges":0,"victory":false,"max_hp_per_floor":[68,68,68,68,68,68,68,68,68,68,68,68,68,68,68,68,68,68,75,75,75,75,75,75],"relic_stats":{"Blood Vial":14,"Dream Catcher":2,"Lee\u0027s Waffle":69,"counters":[12,75],"Tiny Chest":0,"VioletLotus":[20],"Cursed Key":0,"obtain_stats":[{"Blood Vial":9,"Dream Catcher":8,"Lee\u0027s Waffle":19,"Tiny Chest":11,"VioletLotus":0,"PureWater":0,"Cursed Key":17},{"Blood Vial":5,"Dream Catcher":5,"Lee\u0027s Waffle":9,"Tiny Chest":6,"VioletLotus":0,"PureWater":0,"Cursed Key":8},{"Blood Vial":20,"Dream Catcher":20,"Lee\u0027s Waffle":59,"Tiny Chest":27,"VioletLotus":0,"PureWater":0,"Cursed Key":49}]},"card_choices":[{"not_picked":["EmptyBody","CrushJoints"],"picked":"FollowUp","floor":1.0},{"not_picked":["Collect","Halt"],"picked":"FlyingSleeves","floor":4.0},{"not_picked":["Prostrate","FlurryOfBlows"],"picked":"EmptyMind","floor":5.0},{"not_picked":["SashWhip","Evaluate"],"picked":"Meditate","floor":7.0},{"not_picked":["SashWhip","Protect"],"picked":"FlurryOfBlows","floor":8.0},{"not_picked":["FollowUp","DevaForm"],"picked":"Crescendo","floor":10.0},{"not_picked":["Nirvana","Protect"],"picked":"DevaForm","floor":11.0},{"not_picked":["Prostrate","WindmillStrike"],"picked":"Evaluate","floor":14.0},{"not_picked":["FollowUp","Evaluate"],"picked":"ThirdEye","floor":15.0},{"not_picked":["Blasphemy","Scrawl"],"picked":"Omniscience","floor":16.0},{"not_picked":["PathToVictory","Swivel","Protect"],"picked":"SKIP","floor":18.0},{"not_picked":["Protect+1","BowlingBash"],"picked":"CutThroughFate","floor":21.0},{"not_picked":["Protect+1","EmptyBody"],"picked":"ThirdEye","floor":22.0}],"player_experience":3828234,"relics_obtained":[{"floor":8.0,"key":"Dream Catcher"},{"floor":9.0,"key":"Blood Vial"},{"floor":11.0,"key":"Tiny Chest"}],"event_choices":[{"cards_removed":["Strike_P"],"damage_healed":0.0,"max_hp_gain":0.0,"max_hp_loss":0.0,"gold_gain":0.0,"event_name":"Golden Wing","player_choice":"Card Removal","floor":2.0,"gold_loss":0.0,"damage_taken":7.0},{"damage_healed":0.0,"max_hp_gain":0.0,"max_hp_loss":0.0,"gold_gain":75.0,"event_name":"World of Goop","player_choice":"Gather Gold","floor":3.0,"gold_loss":0.0,"damage_taken":11.0},{"damage_healed":0.0,"max_hp_gain":0.0,"max_hp_loss":0.0,"gold_gain":150.0,"event_name":"Liars Game","player_choice":"AGREE","floor":12.0,"gold_loss":0.0,"damage_taken":0.0,"cards_obtained":["Doubt"]},{"cards_removed":["Doubt"],"damage_healed":0.0,"max_hp_gain":0.0,"max_hp_loss":0.0,"gold_gain":0.0,"event_name":"The Cleric","player_choice":"Card Removal","floor":13.0,"gold_loss":75.0,"damage_taken":0.0},{"damage_healed":0.0,"max_hp_gain":0.0,"max_hp_loss":0.0,"gold_gain":0.0,"event_name":"Knowing Skull","player_choice":"CARD ","floor":20.0,"potions_obtained":[],"gold_loss":0.0,"damage_taken":12.0,"cards_obtained":["Jack Of All Trades"]}],"is_beta":false,"boss_relics":[{"not_picked":["Ectoplasm","Runic Pyramid"],"picked":"Cursed Key"}],"items_purged_floors":[],"is_endless":false,"potions_floor_spawned":[4,7,8,14,21],"killed_by":"Book of Stabbing","ascension_level":16}}