{"host":"qm4rv4rkpk76sbxu","time":1610311273,"event":{"mods":["BaseMod","Bestiary","Block Reminder","DeckTracker","Filter the Spire","Keyboard Shortcuts","Minty Spire (QoL Compilation)","MonsterHotkey","Potion Indicator Mod","Quick Restart","Relic Stats","Slay-I","StSLib","ojb\u0027s Better Paths Mod"],"gold_per_floor":[112,112,137,137,153,196,196,156,180,180,203,224,249,280,280,376,376,395,395,124,149,45,45,85,85,85,100,140,153,177,177,177,272,272,292,307,307,307,328,361,38,69,149,172,172,203,226,249,249,249,249,249],"floor_reached":51,"playtime":3174,"items_purged":[],"score":1464,"play_id":"b6026687-7169-4c3f-af60-bbcfc631b567","local_time":"20210110214113","is_ascension_mode":true,"campfire_choices":[{"data":"Skewer","floor":7.0,"key":"SMITH"},{"data":"All Out Attack","floor":10.0,"key":"SMITH"},{"data":"Cloak And Dagger","floor":15.0,"key":"SMITH"},{"data":"Tactician","floor":23.0,"key":"SMITH"},{"data":"Venomology","floor":25.0,"key":"SMITH"},{"data":"Cloak And Dagger","floor":32.0,"key":"SMITH"},{"data":"Reflex","floor":45.0,"key":"SMITH"},{"floor":49.0,"key":"RECALL"}],"circlet_count":0,"master_deck":["AscendersBane","Strike_G","Strike_G","Strike_G","Strike_G","Defend_G","Defend_G","Defend_G","Defend_G","Defend_G","Neutralize","Skewer+1","Backflip","All Out Attack+1","Dagger Throw","Cloak And Dagger+1","Terror","Venomology+1","Tactician+1","Venomology","Slice+1","Blade Dance","Cloak And Dagger+1","Well Laid Plans+1","Reflex+1","Backflip","Backstab","Die Die Die","Crippling Poison","Endless Agony+1","Poisoned Stab","Deflect+1"],"relics":["Ring of the Snake","NeowsBlessing","Golden Idol","Nunchaku","PreservedInsect","Blood Vial","HoveringKite","Kunai","Toy Ornithopter","Meat on the Bone","Regal Pillow","Coffee Dripper","HornCleat","TungstenRod","FossilizedHelix","Shuriken","Toxic Egg 2"],"acts_visited":["Exordium","TheCity","TheBeyond"],"potions_floor_usage":[51,51],"damage_taken":[{"damage":0.0,"enemies":"2 Louse","floor":1.0,"turns":1.0},{"damage":0.0,"enemies":"Jaw Worm","floor":3.0,"turns":1.0},{"damage":0.0,"enemies":"Cultist","floor":5.0,"turns":1.0},{"damage":27.0,"enemies":"Lagavulin","floor":6.0,"turns":5.0},{"damage":2.0,"enemies":"2 Fungi Beasts","floor":11.0,"turns":4.0},{"damage":4.0,"enemies":"Gremlin Gang","floor":12.0,"turns":4.0},{"damage":3.0,"enemies":"Exordium Wildlife","floor":13.0,"turns":4.0},{"damage":0.0,"enemies":"3 Sentries","floor":14.0,"turns":3.0},{"damage":22.0,"enemies":"Hexaghost","floor":16.0,"turns":11.0},{"damage":3.0,"enemies":"Spheric Guardian","floor":18.0,"turns":3.0},{"damage":16.0,"enemies":"2 Thieves","floor":21.0,"turns":4.0},{"damage":5.0,"enemies":"Gremlin Leader","floor":24.0,"turns":4.0},{"damage":13.0,"enemies":"Snake Plant","floor":27.0,"turns":3.0},{"damage":11.0,"enemies":"Book of Stabbing","floor":28.0,"turns":3.0},{"damage":0.0,"enemies":"3 Cultists","floor":29.0,"turns":4.0},{"damage":18.0,"enemies":"Centurion and Healer","floor":30.0,"turns":7.0},{"damage":47.0,"enemies":"Champ","floor":33.0,"turns":20.0},{"damage":16.0,"enemies":"3 Darklings","floor":35.0,"turns":6.0},{"damage":2.0,"enemies":"Orb Walker","floor":36.0,"turns":3.0},{"damage":24.0,"enemies":"Sphere and 2 Shapes","floor":39.0,"turns":5.0},{"damage":3.0,"enemies":"Reptomancer","floor":40.0,"turns":7.0},{"damage":5.0,"enemies":"Mind Bloom Boss Battle","floor":42.0,"turns":8.0},{"damage":6.0,"enemies":"Giant Head","floor":46.0,"turns":4.0},{"damage":0.0,"enemies":"Spire Growth","floor":47.0,"turns":3.0},{"damage":7.0,"enemies":"Jaw Worm Horde","floor":48.0,"turns":5.0},{"damage":54.0,"enemies":"Donu and Deca","floor":50.0,"turns":12.0},{"damage":55,"enemies":"Time Eater","floor":51,"turns":11}],"seed_played":"3848633370691761935","potions_obtained":[{"floor":1.0,"key":"PowerPotion"},{"floor":3.0,"key":"FearPotion"},{"floor":8.0,"key":"BlessingOfTheForge"},{"floor":8.0,"key":"FearPotion"},{"floor":12.0,"key":"SkillPotion"},{"floor":13.0,"key":"SpeedPotion"},{"floor":16.0,"key":"Energy Potion"},{"floor":18.0,"key":"GamblersBrew"},{"floor":21.0,"key":"ColorlessPotion"},{"floor":33.0,"key":"BlessingOfTheForge"}],"is_trial":false,"path_per_floor":["M","?","M","?","M","E","R","?","T","R","M","M","M","E","R","B",null,"M","?","$","M","$","R","E","R","T","M","E","M","M","?","R","B",null,"M","M","?","?","M","E","$","?","T","T","R","E","M","M","R","B","B"],"character_chosen":"THE_SILENT","items_purchased":["Kunai","Blade Dance","Cloak And Dagger","TungstenRod"],"campfire_rested":0,"item_purchase_floors":[20,22,22,41],"current_hp_per_floor":[59,59,59,59,59,32,32,32,32,32,30,26,23,23,23,3,46,45,45,45,31,31,31,28,28,28,34,35,47,31,31,31,13,48,39,39,39,39,32,36,36,43,43,43,43,54,60,53,53,33,0,0],"gold":249,"neow_bonus":"THREE_ENEMY_KILL","is_daily":false,"chose_seed":false,"campfire_upgraded":7,"win_rate":0.0,"timestamp":1610311273,"path_taken":["M","?","M","?","?","E","R","?","T","R","M","M","?","E","R","BOSS","M","?","?","M","$","R","E","R","T","M","E","M","?","?","R","BOSS","M","M","?","?","M","E","?","?","T","?","R","E","M","M","R","BOSS","BOSS"],"items_purchased_type":["Relic","Card","Card","Relic"],"build_version":"2020-12-22","purchased_purges":0,"victory":false,"max_hp_per_floor":[66,60,60,60,60,60,60,60,60,60,60,60,60,60,60,60,60,60,60,60,60,60,60,60,60,60,60,60,60,60,60,60,60,60,60,60,60,60,60,60,60,60,60,60,60,60,60,60,60,60,60,60],"relic_stats":{"Regal Pillow":0,"counters":[27,146],"Golden Idol":170,"HoveringKite":[47],"PreservedInsect":313,"Blood Vial":36,"Nunchaku":[49],"Shuriken":[36],"Kunai":[108],"obtain_stats":[{"Regal Pillow":28,"NeowsBlessing":0,"Golden Idol":2,"HoveringKite":17,"PreservedInsect":9,"Blood Vial":14,"Nunchaku":6,"HornCleat":40,"Shuriken":43,"Coffee Dripper":34,"Kunai":20,"Toxic Egg 2":46,"Toy Ornithopter":24,"TungstenRod":41,"FossilizedHelix":42,"Ring of the Snake":0,"Meat on the Bone":26},{"Regal Pillow":14,"NeowsBlessing":0,"Golden Idol":1,"HoveringKite":9,"PreservedInsect":4,"Blood Vial":8,"Nunchaku":4,"HornCleat":21,"Shuriken":22,"Coffee Dripper":17,"Kunai":10,"Toxic Egg 2":23,"Toy Ornithopter":12,"TungstenRod":21,"FossilizedHelix":22,"Ring of the Snake":0,"Meat on the Bone":12},{"Regal Pillow":51,"NeowsBlessing":0,"Golden Idol":1,"HoveringKite":34,"PreservedInsect":8,"Blood Vial":23,"Nunchaku":8,"HornCleat":103,"Shuriken":111,"Coffee Dripper":82,"Kunai":37,"Toxic Egg 2":115,"Toy Ornithopter":45,"TungstenRod":103,"FossilizedHelix":111,"Ring of the Snake":0,"Meat on the Bone":45}],"Toy Ornithopter":124,"TungstenRod":17,"Ring of the Snake":[54],"Meat on the Bone":36},"card_choices":[{"not_picked":["Eviscerate","Outmaneuver"],"picked":"Skewer","floor":1.0},{"not_picked":["Dodge and Roll","Catalyst"],"picked":"Backflip","floor":3.0},{"not_picked":["Sucker Punch","Calculated Gamble"],"picked":"All Out Attack","floor":5.0},{"not_picked":["Concentrate","Crippling Poison"],"picked":"Dagger Throw","floor":6.0},{"not_picked":["Bane","Deadly Poison","Quick Slash"],"picked":"SKIP","floor":11.0},{"not_picked":["Corpse Explosion","Choke"],"picked":"Cloak And Dagger","floor":12.0},{"not_picked":["Blade Dance","All Out Attack"],"picked":"Terror","floor":13.0},{"not_picked":["Outmaneuver","Setup","Flechettes"],"picked":"SKIP","floor":14.0},{"not_picked":["Tools of the Trade","Night Terror"],"picked":"Venomology","floor":16.0},{"not_picked":["Bane","Sucker Punch"],"picked":"Tactician","floor":18.0},{"not_picked":["Prepared+1","Backflip"],"picked":"Slice+1","floor":21.0},{"not_picked":["Accuracy","Setup"],"picked":"Well Laid Plans+1","floor":24.0},{"not_picked":["Cloak And Dagger","Endless Agony"],"picked":"Reflex","floor":27.0},{"not_picked":["Accuracy","Caltrops+1","All Out Attack"],"picked":"SKIP","floor":28.0},{"not_picked":["Poisoned Stab","Expertise","Riddle With Holes"],"picked":"SKIP","floor":29.0},{"not_picked":["Bane","Dagger Throw"],"picked":"Backflip","floor":30.0},{"not_picked":["Phantasmal Killer","Storm of Steel"],"picked":"Die Die Die","floor":33.0},{"not_picked":["Dagger Spray","Expertise","Underhanded Strike"],"picked":"SKIP","floor":35.0},{"not_picked":["Outmaneuver","Cloak And Dagger","Choke"],"picked":"SKIP","floor":36.0},{"not_picked":["Poisoned Stab","Skewer+1"],"picked":"Crippling Poison","floor":39.0},{"not_picked":["All Out Attack","Bane"],"picked":"Endless Agony+1","floor":40.0},{"not_picked":["Infinite Blades","Dagger Spray+1"],"picked":"Poisoned Stab","floor":42.0},{"not_picked":["Distraction+1","Sucker Punch","Heel Hook"],"picked":"SKIP","floor":46.0},{"not_picked":["Sucker Punch","Poisoned Stab","All Out Attack"],"picked":"SKIP","floor":47.0},{"not_picked":["PiercingWail+1","Bane"],"picked":"Deflect+1","floor":48.0}],"player_experience":1248747,"relics_obtained":[{"floor":6.0,"key":"Nunchaku"},{"floor":9.0,"key":"PreservedInsect"},{"floor":14.0,"key":"Blood Vial"},{"floor":24.0,"key":"Toy Ornithopter"},{"floor":26.0,"key":"Meat on the Bone"},{"floor":28.0,"key":"Regal Pillow"},{"floor":40.0,"key":"HornCleat"},{"floor":42.0,"key":"FossilizedHelix"},{"floor":43.0,"key":"Shuriken"},{"floor":46.0,"key":"Toxic Egg 2"}],"event_choices":[{"damage_healed":0.0,"max_hp_gain":0.0,"max_hp_loss":6.0,"gold_gain":0.0,"event_name":"Golden Idol","player_choice":"Lose Max HP","floor":2.0,"gold_loss":0.0,"damage_taken":0.0,"relics_obtained":["Golden Idol"]},{"cards_removed":["Strike_G"],"damage_healed":0.0,"max_hp_gain":0.0,"max_hp_loss":0.0,"gold_gain":0.0,"event_name":"Purifier","player_choice":"Purged","floor":4.0,"gold_loss":0.0,"damage_taken":0.0},{"damage_healed":0.0,"max_hp_gain":0.0,"max_hp_loss":0.0,"gold_gain":0.0,"event_name":"The Woman in Blue","player_choice":"Bought 3 Potions","floor":8.0,"gold_loss":0.0,"damage_taken":0.0},{"damage_healed":0.0,"max_hp_gain":0.0,"max_hp_loss":0.0,"gold_gain":0.0,"event_name":"Duplicator","player_choice":"Copied","floor":19.0,"gold_loss":0.0,"damage_taken":0.0,"cards_obtained":["Venomology"]},{"damage_healed":0.0,"max_hp_gain":0.0,"max_hp_loss":0.0,"gold_gain":0.0,"event_name":"The Library","player_choice":"Read","floor":31.0,"gold_loss":0.0,"damage_taken":0.0,"cards_obtained":["Backstab"]},{"cards_removed":["Survivor"],"damage_healed":0.0,"max_hp_gain":0.0,"max_hp_loss":0.0,"gold_gain":0.0,"event_name":"Falling","player_choice":"Removed Skill","floor":37.0,"gold_loss":0.0,"damage_taken":0.0},{"damage_healed":0.0,"max_hp_gain":0.0,"max_hp_loss":0.0,"gold_gain":0.0,"event_name":"Tomb of Lord Red Mask","player_choice":"Ignored","floor":38.0,"gold_loss":0.0,"damage_taken":0.0},{"damage_healed":0.0,"max_hp_gain":0.0,"max_hp_loss":0.0,"gold_gain":0.0,"event_name":"MindBloom","player_choice":"Fight","floor":42.0,"gold_loss":0.0,"damage_taken":0.0}],"is_beta":false,"boss_relics":[{"not_picked":["Empty Cage","Calling Bell"],"picked":"HoveringKite"},{"not_picked":["Snecko Eye","Astrolabe"],"picked":"Coffee Dripper"}],"items_purged_floors":[],"is_endless":false,"potions_floor_spawned":[1,3,12,13,16,18,21,30,33,40,42,47],"killed_by":"Time Eater","ascension_level":20}}