{"host":"t7mx8yfj1no5p62f","time":1610322259,"event":{"mods":["BaseMod","Bestiary","Colored Map","Colored Powertips","Minty Spire (QoL Compilation)","Relic Stats","StSLib"],"gold_per_floor":[18,33,33,44,24,24,38,38,62,78,105,124,124,140,140,213,213,228,242,260,260,273,273,273,273],"floor_reached":24,"playtime":1034,"items_purged":[],"score":408,"play_id":"6e22a41e-0e23-45e4-b5b0-d5d85cc394c8","local_time":"20210110184419","is_ascension_mode":true,"campfire_choices":[{"data":"Carnage","floor":6,"key":"SMITH"},{"data":"Pommel Strike","floor":8,"key":"SMITH"},{"data":"Disarm","floor":13,"key":"SMITH"},{"data":"Berserk","floor":15,"key":"SMITH"},{"data":"True Grit","floor":23,"key":"SMITH"}],"circlet_count":0,"master_deck":["AscendersBane","Defend_R","Defend_R","Defend_R","Bash","True Grit+1","Carnage+1","Feel No Pain","Disarm+1","Pommel Strike+1","Metallicize","Berserk+1","Flame Barrier","Evolve","Feed","Impervious+1","Hemokinesis+1","Demon Form+1","Power Through+1","Battle Trance","Second Wind","Anger","Rage"],"relics":["Burning Blood","Orichalcum","Anchor","Astrolabe"],"acts_visited":["Exordium","TheCity"],"potions_floor_usage":[5,11,18,20],"damage_taken":[{"damage":3,"enemies":"2 Louse","floor":1,"turns":5},{"damage":2,"enemies":"Jaw Worm","floor":2,"turns":5},{"damage":1,"enemies":"Cultist","floor":4,"turns":3},{"damage":6,"enemies":"Exordium Thugs","floor":5,"turns":4},{"damage":12,"enemies":"Large Slime","floor":7,"turns":6},{"damage":1,"enemies":"Exordium Wildlife","floor":10,"turns":3},{"damage":3,"enemies":"Gremlin Nob","floor":11,"turns":3},{"damage":0,"enemies":"Looter","floor":12,"turns":2},{"damage":11,"enemies":"Large Slime","floor":14,"turns":5},{"damage":42,"enemies":"Hexaghost","floor":16,"turns":11},{"damage":24,"enemies":"3 Byrds","floor":18,"turns":7},{"damage":20,"enemies":"Spheric Guardian","floor":19,"turns":6},{"damage":15,"enemies":"Snake Plant","floor":20,"turns":10},{"damage":14,"enemies":"Sentry and Sphere","floor":22,"turns":11},{"damage":44,"enemies":"Gremlin Leader","floor":24,"turns":5}],"seed_played":"-3979592488703057391","potions_obtained":[{"floor":1,"key":"AttackPotion"},{"floor":2,"key":"Block Potion"},{"floor":11,"key":"Dexterity Potion"},{"floor":12,"key":"Energy Potion"},{"floor":19,"key":"Regen Potion"}],"is_trial":false,"path_per_floor":["M","M","?","M","M","R","M","R","T","M","E","M","R","M","R","B",null,"M","M","M","?","M","R","E"],"character_chosen":"IRONCLAD","items_purchased":[],"campfire_rested":0,"item_purchase_floors":[],"current_hp_per_floor":[71,75,75,75,75,75,69,69,69,74,75,75,75,70,70,34,65,50,39,48,48,40,40,0,0],"gold":273,"neow_bonus":"TRANSFORM_TWO_CARDS","is_daily":false,"chose_seed":false,"campfire_upgraded":5,"win_rate":0.0,"timestamp":1610322259,"path_taken":["M","M","?","M","M","R","M","R","T","M","E","M","R","M","R","BOSS","M","M","M","?","M","R","E"],"items_purchased_type":[],"build_version":"2020-12-22","purchased_purges":0,"victory":false,"max_hp_per_floor":[75,75,75,75,75,75,75,75,75,75,75,75,75,75,75,75,75,78,81,84,84,84,84,84,84],"relic_stats":{"counters":[15,86],"Astrolabe":["Impervious","Hemokinesis","Demon Form"],"Orichalcum":[102],"obtain_stats":[{"Anchor":11,"Astrolabe":17,"Orichalcum":9,"Burning Blood":0},{"Anchor":7,"Astrolabe":10,"Orichalcum":5,"Burning Blood":0},{"Anchor":29,"Astrolabe":47,"Orichalcum":23,"Burning Blood":0}],"Burning Blood":71},"card_choices":[{"not_picked":["Blood for Blood","Whirlwind"],"picked":"True Grit","floor":1},{"not_picked":["Clothesline","Searing Blow"],"picked":"Carnage","floor":2},{"not_picked":["Armaments","Flex"],"picked":"Disarm","floor":4},{"not_picked":["Headbutt","Armaments"],"picked":"Pommel Strike","floor":5},{"not_picked":["Shrug It Off","Fire Breathing"],"picked":"Metallicize","floor":7},{"not_picked":["Perfected Strike","Wild Strike"],"picked":"Berserk","floor":10},{"not_picked":["Seeing Red","Cleave","Wild Strike"],"picked":"SKIP","floor":11},{"not_picked":["Anger","Headbutt"],"picked":"Flame Barrier","floor":12},{"not_picked":["Armaments","Sword Boomerang"],"picked":"Evolve","floor":14},{"not_picked":["Limit Break","Demon Form"],"picked":"Feed","floor":16},{"not_picked":["Sword Boomerang","Armaments"],"picked":"Power Through+1","floor":18},{"not_picked":["Warcry","Combust"],"picked":"Battle Trance","floor":19},{"not_picked":["Anger","Thunderclap","Reckless Charge"],"picked":"SKIP","floor":20},{"not_picked":["Wild Strike","Twin Strike"],"picked":"Rage","floor":22}],"player_experience":1712971,"relics_obtained":[{"floor":9,"key":"Orichalcum"},{"floor":11,"key":"Anchor"}],"event_choices":[{"damage_healed":0,"gold_gain":0,"cards_transformed":["Demon Form"],"player_choice":"Change","damage_taken":0,"max_hp_gain":0,"max_hp_loss":0,"event_name":"Living Wall","floor":3,"gold_loss":0,"cards_obtained":["Feel No Pain"]},{"damage_healed":0,"gold_gain":0,"cards_transformed":["Strike_R","Defend_R"],"player_choice":"Became Test Subject","damage_taken":0,"max_hp_gain":0,"max_hp_loss":0,"event_name":"Drug Dealer","floor":21,"gold_loss":0,"cards_obtained":["Second Wind","Anger"]}],"is_beta":false,"boss_relics":[{"not_picked":["Snecko Eye","Philosopher\u0027s Stone"],"picked":"Astrolabe"}],"items_purged_floors":[],"is_endless":false,"potions_floor_spawned":[1,2,11,12,14,16,19],"killed_by":"Gremlin Leader","ascension_level":20}}