{"host":"0fmi5fguj5lvt8pf","time":1610249271,"event":{"mods":["BaseMod","Colored Map","Curses Come First","Downfall","Minty Spire (QoL Compilation)","Permanent Neow","StSLib","Waifu the Spire"],"gold_per_floor":[0,15,115,115,25,60,109,109,109,109,136,136,136,121,133,228,228,228,248,259,359,359,359,359,359,359,459,344,355,368,328,339,339,339,339],"floor_reached":33,"playtime":2163,"items_purged":["Regret","Pride","Slimebound:SlimeBrawl"],"score":274,"play_id":"384e9ce1-0549-4a5e-9423-b537ca189f7d","local_time":"20210109192751","is_ascension_mode":false,"campfire_choices":[{"data":"Slimebound:CorrosiveSpit","floor":1.0,"key":"SMITH"},{"data":"Slimebound:RejuvenatingLick","floor":9.0,"key":"SMITH"},{"floor":13.0,"key":"REST"},{"data":"Slimebound:SamplingLick","floor":18.0,"key":"SMITH"}],"circlet_count":0,"master_deck":["Slimebound:Strike_Slimebound","Slimebound:Defend_Slimebound+1","Slimebound:Defend_Slimebound+1","Slimebound:CorrosiveSpit+1","Slimebound:SlimeSpikes","Slimebound:RejuvenatingLick+1","Slimebound:OozeBath","Slimebound:LeechingTouch","Slimebound:SamplingLick+1","Slimebound:Nibble","Slimebound:PrepareCrush","Slimebound:SlimeSpikes","Slimebound:Grow","Slimebound:Nibble","J.A.X.","Slimebound:PrepareCrush","Slimebound:DuplicatedForm","Slimebound:MassFeed","Slimebound:HungryTackle"],"relics":["Slimebound:AbsorbEndCombat","Juzu Bracelet","Boot","Nunchaku","SlaversCollar","MutagenicStrength","Singing Bowl","Pear"],"acts_visited":["Exordium","TheCity"],"potions_floor_usage":[31,31,33],"damage_taken":[{"damage":5.0,"enemies":"Cultist","floor":2.0,"turns":3.0},{"damage":11.0,"enemies":"downfall:FleeingMerchant","floor":5.0,"turns":4.0},{"damage":33.0,"enemies":"Lagavulin","floor":6.0,"turns":10.0},{"damage":40.0,"enemies":"Gremlin Nob","floor":11.0,"turns":5.0},{"damage":6.0,"enemies":"downfall:FleeingMerchant","floor":14.0,"turns":4.0},{"damage":0.0,"enemies":"2 Louse","floor":15.0,"turns":4.0},{"damage":41.0,"enemies":"downfall:Ironclad","floor":16.0,"turns":13.0},{"damage":10.0,"enemies":"3 Byrds","floor":19.0,"turns":3.0},{"damage":11.0,"enemies":"Shell Parasite","floor":20.0,"turns":5.0},{"damage":23.0,"enemies":"downfall:Augmenter","floor":21.0,"turns":6.0},{"damage":7.0,"enemies":"downfall:FleeingMerchant","floor":28.0,"turns":4.0},{"damage":30,"enemies":"3 Cultists","floor":29,"turns":3},{"damage":40,"enemies":"Snake Plant","floor":30,"turns":4},{"damage":20,"enemies":"downfall:FleeingMerchant","floor":31,"turns":4},{"damage":33,"enemies":"Centurion and Healer","floor":32,"turns":6},{"damage":40,"enemies":"downfall:Defect","floor":33,"turns":7}],"seed_played":"-3556532962295242859","potions_obtained":[{"floor":6.0,"key":"DuplicationPotion"},{"floor":11.0,"key":"FearPotion"},{"floor":15.0,"key":"DuplicationPotion"},{"floor":20.0,"key":"Dexterity Potion"},{"floor":29,"key":"Swift Potion"},{"floor":30,"key":"sneckomod:MuddlingPotion"}],"is_trial":false,"path_per_floor":["R","M","?","?","$","E","T","?","R","?","E","?","R","$","M","B",null,"R","M","M","?","T","?","T","?","?","?","$","M","M","$","M","B"],"character_chosen":"SLIMEBOUND","items_purchased":["Pear"],"campfire_rested":1,"item_purchase_floors":[31],"current_hp_per_floor":[60,60,60,60,59,47,47,47,47,47,23,23,41,49,55,44,60,60,58,57,48,48,48,48,48,48,48,55,46,35,35,25,0,0,0],"gold":339,"neow_bonus":"REMOVE_TWO","is_daily":false,"chose_seed":false,"campfire_upgraded":3,"win_rate":0.0,"timestamp":1610249271,"path_taken":["R","?","?","?","$","E","T","?","R","?","E","?","R","$","M","BOSS","R","M","M","?","?","?","T","?","?","?","?","M","M","$","M","BOSS"],"items_purchased_type":["Relic"],"build_version":"2020-12-22","purchased_purges":3,"victory":false,"max_hp_per_floor":[60,60,60,60,60,60,60,60,60,60,60,60,60,60,60,60,60,60,60,60,60,60,60,60,60,60,60,62,62,62,74,79,79,79,79],"card_choices":[{"not_picked":["Slimebound:Schlurp","Slimebound:SplitAcid"],"picked":"Slimebound:SlimeSpikes","floor":2.0},{"not_picked":["Slimebound:RollThrough","Slimebound:TongueLash"],"picked":"Slimebound:RejuvenatingLick","floor":5.0},{"not_picked":["Slimebound:LevelUp","Slimebound:AcidTongue"],"picked":"Slimebound:OozeBath","floor":6.0},{"not_picked":["Slimebound:BestDefense","Slimebound:PressTheAttack"],"picked":"Slimebound:LeechingTouch","floor":11.0},{"not_picked":["Slimebound:Prepare","Slimebound:Repurpose"],"picked":"Slimebound:SamplingLick","floor":14.0},{"not_picked":["Slimebound:ForwardTackle","Slimebound:LeechingTouch"],"picked":"Slimebound:Nibble","floor":15.0},{"not_picked":["Slimebound:WasteNot","Slimebound:Teamwork"],"picked":"Slimebound:PrepareCrush","floor":16.0},{"not_picked":["Slimebound:SlimeBarrage","Slimebound:PressTheAttack+1","Slimebound:FlameTackle+1"],"picked":"SKIP","floor":19.0},{"not_picked":["Slimebound:SlimeBarrage","Slimebound:PressTheAttack+1","Slimebound:FlameTackle+1"],"picked":"SKIP","floor":19.0},{"not_picked":["Slimebound:SplitLeeching","Slimebound:BestDefense+1"],"picked":"Slimebound:SlimeSpikes","floor":20.0},{"not_picked":["Slimebound:SplitBruiser","Slimebound:LeadByExample"],"picked":"Slimebound:Grow","floor":21.0},{"not_picked":[],"picked":"J.A.X.","floor":21.0},{"not_picked":["Slimebound:PressTheAttack","Slimebound:FlameTackle","Slimebound:SplitAcid"],"picked":"Singing Bowl","floor":28.0},{"not_picked":["Slimebound:RollThrough","Slimebound:SamplingLick+1"],"picked":"Slimebound:MassFeed","floor":29},{"not_picked":["Slimebound:SlimeSpikes+1","Slimebound:GoopSpray"],"picked":"Slimebound:HungryTackle","floor":30},{"not_picked":["Slimebound:ItLooksTasty","Slimebound:RollThrough+1","Slimebound:LeechLife"],"picked":"Singing Bowl","floor":31},{"not_picked":["Slimebound:FirmFortitude","Slimebound:LeechingTouch","Slimebound:ComboTackle"],"picked":"Singing Bowl","floor":32}],"player_experience":1312195,"relics_obtained":[{"floor":6.0,"key":"Juzu Bracelet"},{"floor":7.0,"key":"Boot"},{"floor":11.0,"key":"Nunchaku"},{"floor":21.0,"key":"MutagenicStrength"},{"floor":22.0,"key":"Singing Bowl"}],"event_choices":[{"cards_removed":["Slimebound:Strike_Slimebound"],"damage_healed":0.0,"max_hp_gain":0.0,"max_hp_loss":0.0,"gold_gain":0.0,"event_name":"Back to Basics","player_choice":"Elegance","floor":23.0,"gold_loss":0.0,"damage_taken":0.0},{"damage_healed":0.0,"max_hp_gain":0.0,"max_hp_loss":0.0,"gold_gain":0.0,"event_name":"Duplicator","player_choice":"Copied","floor":25.0,"gold_loss":0.0,"damage_taken":0.0,"cards_obtained":["Slimebound:PrepareCrush"]},{"damage_healed":0.0,"max_hp_gain":0.0,"max_hp_loss":0.0,"gold_gain":0.0,"event_name":"The Library","player_choice":"Read","floor":26.0,"gold_loss":0.0,"damage_taken":0.0,"cards_obtained":["Slimebound:DuplicatedForm"]}],"is_beta":false,"boss_relics":[{"not_picked":["Philosopher\u0027s Stone","downfall:Hecktoplasm"],"picked":"SlaversCollar"}],"items_purged_floors":[5,28,31],"is_endless":false,"potions_floor_spawned":[6,11,15,20,29,30],"killed_by":"downfall:Defect","ascension_level":0}}