{"host":"hfxp6ue4pvwo3fit","time":1610262134,"event":{"mods":["AchievementEnabler","BaseMod","Colored Map","Colored Powertips","Highlight Path","Minty Spire (QoL Compilation)","Relic Stats","StSLib","SuperFastMode"],"gold_per_floor":[117,62,62,62,141,168,180,210,292,302,361,361,361,373,373,450,450,461,461,434,434,434],"floor_reached":21,"playtime":599,"items_purged":[],"score":424,"play_id":"2357a655-fc52-485f-b0e9-442488af75f5","local_time":"20210110010214","is_ascension_mode":true,"campfire_choices":[{"data":"Clothesline","floor":13,"key":"SMITH"},{"data":"Corruption","floor":15,"key":"SMITH"}],"circlet_count":0,"master_deck":["AscendersBane","Strike_R","Strike_R","Strike_R","Strike_R","Strike_R","Defend_R","Defend_R","Defend_R","Defend_R","Bash+1","Clothesline+1","Anger","Corruption+1","Shrug It Off","Feed","Armaments","Shockwave"],"relics":["Burning Blood","NeowsBlessing","PreservedInsect","Regal Pillow","White Beast Statue","Orichalcum","SacredBark"],"acts_visited":["Exordium","TheCity"],"potions_floor_usage":[11,16,16,20,21],"damage_taken":[{"damage":0,"enemies":"2 Louse","floor":1,"turns":1},{"damage":0,"enemies":"Lagavulin","floor":6,"turns":1},{"damage":0,"enemies":"Jaw Worm","floor":7,"turns":1},{"damage":40,"enemies":"3 Sentries","floor":8,"turns":8},{"damage":7,"enemies":"Small Slimes","floor":10,"turns":4},{"damage":0,"enemies":"Gremlin Nob","floor":11,"turns":2},{"damage":15,"enemies":"3 Louse","floor":14,"turns":5},{"damage":24,"enemies":"Slime Boss","floor":16,"turns":11},{"damage":39,"enemies":"Spheric Guardian","floor":18,"turns":6},{"damage":21,"enemies":"2 Thieves","floor":20,"turns":4},{"damage":19,"enemies":"Snake Plant","floor":21,"turns":5}],"seed_played":"-3440214935512279130","potions_obtained":[{"floor":7,"key":"Fire Potion"},{"floor":11,"key":"AttackPotion"},{"floor":14,"key":"CultistPotion"},{"floor":16,"key":"LiquidBronze"},{"floor":18,"key":"DistilledChaos"},{"floor":20,"key":"Strength Potion"}],"is_trial":false,"path_per_floor":["M","$","?","?","?","E","M","E","T","M","?","?","R","M","R","B",null,"M","?","M","M"],"character_chosen":"IRONCLAD","items_purchased":["SteroidPotion"],"campfire_rested":0,"item_purchase_floors":[2],"current_hp_per_floor":[74,74,79,79,79,80,80,46,46,45,51,51,51,42,42,24,66,33,33,18,0,0],"gold":434,"neow_bonus":"THREE_ENEMY_KILL","is_daily":false,"chose_seed":false,"campfire_upgraded":2,"win_rate":0.0,"timestamp":1610262134,"path_taken":["M","$","?","?","?","E","M","E","T","M","?","?","R","M","R","BOSS","M","?","M","M"],"items_purchased_type":["Potion"],"build_version":"2020-12-22","purchased_purges":0,"victory":false,"max_hp_per_floor":[75,75,80,80,80,80,80,80,80,80,80,80,80,80,80,80,80,80,80,80,80,80],"relic_stats":{"Regal Pillow":0,"counters":[11,48],"PreservedInsect":55,"Orichalcum":[96],"obtain_stats":[{"Regal Pillow":8,"NeowsBlessing":0,"SacredBark":17,"PreservedInsect":6,"Orichalcum":11,"Burning Blood":0,"White Beast Statue":9},{"Regal Pillow":4,"NeowsBlessing":0,"SacredBark":8,"PreservedInsect":2,"Orichalcum":6,"Burning Blood":0,"White Beast Statue":4},{"Regal Pillow":11,"NeowsBlessing":0,"SacredBark":33,"PreservedInsect":2,"Orichalcum":17,"Burning Blood":0,"White Beast Statue":11}],"Burning Blood":49},"card_choices":[{"not_picked":["Thunderclap","Headbutt"],"picked":"Clothesline","floor":1},{"not_picked":["Bloodletting","Havoc"],"picked":"Anger","floor":6},{"not_picked":["Wild Strike","Clash","Anger"],"picked":"SKIP","floor":7},{"not_picked":["Twin Strike","Battle Trance"],"picked":"Corruption","floor":8},{"not_picked":["Sword Boomerang","Blood for Blood","Sever Soul"],"picked":"SKIP","floor":10},{"not_picked":["Wild Strike","Body Slam"],"picked":"Shrug It Off","floor":14},{"not_picked":["Brutality","Immolate"],"picked":"Feed","floor":16},{"not_picked":["Perfected Strike+1","Iron Wave"],"picked":"Armaments","floor":18},{"not_picked":["Warcry","Shrug It Off"],"picked":"Shockwave","floor":20}],"player_experience":494792,"relics_obtained":[{"floor":6,"key":"PreservedInsect"},{"floor":8,"key":"Regal Pillow"},{"floor":9,"key":"White Beast Statue"},{"floor":11,"key":"Orichalcum"}],"event_choices":[{"damage_healed":0,"gold_gain":0,"player_choice":"Donut","damage_taken":0,"max_hp_gain":5,"max_hp_loss":0,"event_name":"Big Fish","floor":3,"gold_loss":0},{"damage_healed":0,"gold_gain":0,"player_choice":"Leave","damage_taken":0,"max_hp_gain":0,"max_hp_loss":0,"event_name":"The Cleric","floor":4,"gold_loss":0},{"damage_healed":0,"gold_gain":79,"player_choice":"Gained Gold","damage_taken":0,"max_hp_gain":0,"max_hp_loss":0,"event_name":"Golden Wing","floor":5,"gold_loss":0},{"damage_healed":0,"gold_gain":0,"player_choice":"Searched \u00272\u0027 times","damage_taken":0,"max_hp_gain":0,"max_hp_loss":0,"event_name":"Dead Adventurer","floor":11,"gold_loss":0},{"damage_healed":0,"gold_gain":0,"player_choice":"Grow","damage_taken":0,"max_hp_gain":0,"max_hp_loss":0,"event_name":"Living Wall","floor":12,"gold_loss":0,"cards_upgraded":["Bash"]},{"damage_healed":0,"gold_gain":0,"player_choice":"Ignored","damage_taken":0,"max_hp_gain":0,"max_hp_loss":0,"event_name":"The Mausoleum","floor":19,"gold_loss":0}],"is_beta":false,"boss_relics":[{"not_picked":["Fusion Hammer","Runic Dome"],"picked":"SacredBark"}],"items_purged_floors":[],"is_endless":false,"potions_floor_spawned":[7,10,11,14,16,18,20],"killed_by":"Snake Plant","ascension_level":20}}