{"host":"uzcks4yhskks9i02","time":1610245385,"event":{"mods":["BaseMod","Minty Spire (QoL Compilation)","Quick Restart"],"gold_per_floor":[111,33,33,33,53,53,70,86,86,96,96,96,96,113,113,187,187,207,207,207,26,0,0,0,0],"floor_reached":24,"playtime":719,"items_purged":[],"score":313,"play_id":"17665bd9-d418-4d36-b45f-3ddfd96c14fe","local_time":"20210109192305","is_ascension_mode":true,"campfire_choices":[{"data":"Searing Blow","floor":6.0,"key":"SMITH"},{"data":"Searing Blow+1","floor":11.0,"key":"SMITH"},{"data":"Searing Blow+2","floor":13.0,"key":"SMITH"},{"data":"Searing Blow+3","floor":15.0,"key":"SMITH"},{"data":"Searing Blow+4","floor":23.0,"key":"SMITH"}],"circlet_count":0,"master_deck":["AscendersBane","Strike_R","Strike_R","Strike_R","Strike_R","Defend_R","Defend_R","Defend_R","Defend_R","Bash","Reaper","Iron Wave","Searing Blow+5","Bloodletting","Spot Weakness","Pommel Strike","Whirlwind","Fire Breathing","Demon Form","Iron Wave","Clash","Bloodletting"],"relics":["Burning Blood","Letter Opener","Mark of Pain"],"acts_visited":["Exordium","TheCity"],"potions_floor_usage":[],"damage_taken":[{"damage":1.0,"enemies":"Cultist","floor":1.0,"turns":3.0},{"damage":3.0,"enemies":"2 Louse","floor":5.0,"turns":3.0},{"damage":9.0,"enemies":"Jaw Worm","floor":7.0,"turns":4.0},{"damage":27.0,"enemies":"Large Slime","floor":8.0,"turns":7.0},{"damage":29.0,"enemies":"Exordium Thugs","floor":10.0,"turns":4.0},{"damage":11.0,"enemies":"Blue Slaver","floor":14.0,"turns":4.0},{"damage":49.0,"enemies":"Hexaghost","floor":16.0,"turns":8.0},{"damage":19.0,"enemies":"Shell Parasite","floor":18.0,"turns":3.0},{"damage":39,"enemies":"Book of Stabbing","floor":24,"turns":3}],"seed_played":"291533913053660063","potions_obtained":[{"floor":8.0,"key":"Fire Potion"},{"floor":10.0,"key":"GamblersBrew"},{"floor":16.0,"key":"AttackPotion"}],"is_trial":false,"path_per_floor":["M","$","?","$","M","R","M","M","T","M","R","?","R","M","R","B",null,"M","?","?","$","?","R","E"],"character_chosen":"IRONCLAD","items_purchased":["Searing Blow","Regen Potion","Clash","Bloodletting"],"campfire_rested":0,"item_purchase_floors":[2,21,21,21],"current_hp_per_floor":[73,73,73,73,75,75,72,61,61,48,48,48,48,43,43,10,59,46,32,32,32,32,32,0,0],"gold":0,"neow_bonus":"ONE_RANDOM_RARE_CARD","is_daily":false,"chose_seed":false,"campfire_upgraded":5,"win_rate":0.0,"timestamp":1610245385,"path_taken":["M","?","?","?","M","R","M","M","T","M","R","?","R","?","R","BOSS","M","?","?","$","?","R","E"],"items_purchased_type":["Card","Potion","Card","Card"],"build_version":"2020-12-22","purchased_purges":0,"victory":false,"max_hp_per_floor":[75,75,75,75,75,75,75,75,75,75,75,75,75,75,75,75,75,75,80,80,80,80,80,80,80],"card_choices":[{"not_picked":["Cleave","Flex"],"picked":"Iron Wave","floor":1.0},{"not_picked":["Second Wind","Searing Blow"],"picked":"Bloodletting","floor":5.0},{"not_picked":["Anger","Reckless Charge"],"picked":"Spot Weakness","floor":7.0},{"not_picked":["Feel No Pain","Bloodletting"],"picked":"Pommel Strike","floor":8.0},{"not_picked":["Perfected Strike","Pummel"],"picked":"Whirlwind","floor":10.0},{"not_picked":["Anger","Body Slam"],"picked":"Fire Breathing","floor":14.0},{"not_picked":["Bludgeon","Immolate"],"picked":"Demon Form","floor":16.0},{"not_picked":["Anger","Sentinel"],"picked":"Iron Wave","floor":18.0}],"player_experience":495279,"relics_obtained":[{"floor":9.0,"key":"Letter Opener"}],"event_choices":[{"damage_healed":0.0,"max_hp_gain":0.0,"max_hp_loss":0.0,"gold_gain":0.0,"event_name":"Liars Game","player_choice":"Ignored","floor":3.0,"gold_loss":0.0,"damage_taken":0.0},{"cards_removed":["Strike_R"],"damage_healed":0.0,"max_hp_gain":0.0,"max_hp_loss":0.0,"gold_gain":0.0,"event_name":"Purifier","player_choice":"Purged","floor":12.0,"gold_loss":0.0,"damage_taken":0.0},{"damage_healed":0.0,"max_hp_gain":5.0,"max_hp_loss":0.0,"gold_gain":0.0,"event_name":"Forgotten Altar","player_choice":"Shed Blood","floor":19.0,"gold_loss":0.0,"damage_taken":19.0},{"damage_healed":0.0,"max_hp_gain":0.0,"max_hp_loss":0.0,"gold_gain":0.0,"event_name":"Vampires","player_choice":"Ignored","floor":20.0,"gold_loss":0.0,"damage_taken":0.0},{"damage_healed":0.0,"max_hp_gain":0.0,"max_hp_loss":0.0,"gold_gain":0.0,"event_name":"Masked Bandits","player_choice":"Paid Fearfully","floor":22.0,"gold_loss":26.0,"damage_taken":0.0}],"is_beta":false,"boss_relics":[{"not_picked":["Runic Pyramid","Cursed Key"],"picked":"Mark of Pain"}],"items_purged_floors":[],"is_endless":false,"potions_floor_spawned":[8,10,14,16],"killed_by":"Book of Stabbing","ascension_level":14}}