{"host":"jak4ncvfzor9mys0","time":1610257276,"event":{"mods":["2.2 Compatiblity","AchievementEnabler","BaseMod","Better Altar","Better Match","Better Note","Better Sensory Stone","Better Skull","Better Third Choice","BetterRewards","Block Reminder","Colored Map","Colored Powertips","Energized Spire","Gold Saver","Hubris","Infinite Spire","Key Reminder","Minty Spire (QoL Compilation)","Rare Cards Sparkle","Red Circlet Mod","Relic Sorter","Relic Stats","Replay The Spire","Retaliation","Spicy Shops","StSLib","SuperFastMode","The Blue Laboratory"],"gold_per_floor":[4087,4102,4053,4069,4080,4105,3545,3561,3584,2955,2967,2932,2334,2345,2345,2450,2450,2462,2064,2064,2083,2102,2102,2127,2127,2127,2127,2158,1668,1668,1685,1685,1786,1786,1828,1875,1922,1473,1548,1548,1584,1605,1605],"floor_reached":42,"playtime":1831,"items_purged":["Strike_P","Strike_P","Defend_P","Defend_P","Languid","Decay"],"score":615,"play_id":"784029a4-f2a7-42cb-9d3f-6902187cd2b2","local_time":"20210109214116","is_ascension_mode":false,"campfire_choices":[{"data":"Eruption","floor":15,"key":"SMITH"},{"data":"DeceiveReality","floor":23,"key":"SMITH"},{"data":"Vigilance","floor":25,"key":"SMITH"},{"data":"EmptyBody","floor":32,"key":"SMITH"},{"floor":40,"key":"REST"}],"circlet_count":0,"master_deck":["Strike_P","Defend_P","Eruption+1","Vigilance+1","BattleHymn","Consecrate","FlyingSleeves","Protect","MasterReality","DeceiveReality+1","FearNoEvil","CarveReality","Judgement","EmptyBody+1","WindmillStrike","Clumsy","Halt"],"relics":["PureWater","hubris:CrystalStatue","infinitespire:EmpoweringShard","TheAbacus","Boot","infinitespire:CheckeredPen","PreservedInsect","HandDrill","Bronze Scales","Simple Rune","Empty Cage","hubris:SlimyHat","Ornamental Fan","Ginger","Smiling Mask","Mummified Hand","Oddly Smooth Stone","Replay:Baseball","Replay:Ancient Bell","Replay:Bandana","Singing Bowl","Lizard Tail","ClockworkSouvenir","Omamori"],"acts_visited":["Exordium","TheCity","TheBeyond"],"potions_floor_usage":[6,24,24,42],"damage_taken":[{"damage":0,"enemies":"Cultist","floor":1,"turns":3},{"damage":0,"enemies":"Small Slimes","floor":2,"turns":1},{"damage":2,"enemies":"2 Louse","floor":4,"turns":3},{"damage":2,"enemies":"Blue Slaver","floor":5,"turns":4},{"damage":11,"enemies":"Gremlin Nob","floor":6,"turns":3},{"damage":1,"enemies":"3 Louse","floor":8,"turns":3},{"damage":0,"enemies":"Large Slime","floor":11,"turns":3},{"damage":10,"enemies":"Lots of Slimes","floor":14,"turns":3},{"damage":3,"enemies":"The Guardian","floor":16,"turns":7},{"damage":2,"enemies":"Chosen","floor":18,"turns":3},{"damage":4,"enemies":"2 Thieves","floor":21,"turns":2},{"damage":3,"enemies":"Snecko","floor":22,"turns":4},{"damage":7,"enemies":"Replay:Snechameleon","floor":24,"turns":3},{"damage":0,"enemies":"Gremlin Leader","floor":28,"turns":3},{"damage":2,"enemies":"Cultist and Chosen","floor":31,"turns":4},{"damage":27,"enemies":"hubris:MusketHawk","floor":33,"turns":6},{"damage":3,"enemies":"3 Shapes","floor":35,"turns":2},{"damage":0,"enemies":"3 Darklings","floor":36,"turns":4},{"damage":39,"enemies":"Maw","floor":37,"turns":6},{"damage":0,"enemies":"Sphere and 2 Shapes","floor":41,"turns":2},{"damage":103,"enemies":"Nightmare","floor":42,"turns":6}],"seed_played":"-5951961561681974599","potions_obtained":[{"floor":4,"key":"blueLaboratory:PressurePotion"},{"floor":5,"key":"blueLaboratory:MidnightOil"},{"floor":6,"key":"blueLaboratory:SavagePotion"},{"floor":21,"key":"Adrenaline Potion"},{"floor":30,"key":"Reflective Coating"},{"floor":30,"key":"Elixir"}],"is_trial":false,"path_per_floor":["M","M","?","M","M","E","$","M","T","$","M","?","$","M","R","B",null,"M","$","?","M","M","R","E","R","T","?","E","$","?","M","R","B",null,"M","M","M","$","?","R","M","NM"],"character_chosen":"WATCHER","items_purchased":["BattleHymn","Consecrate","Protect","infinitespire:EmpoweringShard","TheAbacus","infinitespire:CheckeredPen","PreservedInsect","MasterReality","HandDrill","Bronze Scales","Simple Rune","DeceiveReality","FearNoEvil","hubris:SlimyHat","Ornamental Fan","Oddly Smooth Stone","Replay:Baseball","EmptyBody","WindmillStrike","ClockworkSouvenir","Halt","Omamori"],"campfire_rested":1,"item_purchase_floors":[0,0,7,7,7,10,10,10,13,13,13,13,13,19,19,29,29,29,29,38,38,38],"current_hp_per_floor":[72,72,72,70,68,57,57,56,56,56,56,72,72,62,62,59,72,70,70,70,66,63,63,56,56,56,60,60,60,60,58,58,31,72,71,73,36,36,36,59,61,0,0],"gold":1605,"neow_bonus":"","is_daily":false,"chose_seed":false,"campfire_upgraded":4,"win_rate":0.0,"timestamp":1610257276,"path_taken":["M","M","?","M","M","E","$","M","T","$","M","?","$","M","R","BOSS","M","$","?","M","M","R","E","R","T","?","E","$","?","M","R","BOSS","M","?","M","$","?","R","M","NM"],"items_purchased_type":["Card","Card","Card","Relic","Relic","Relic","Relic","Card","Relic","Relic","Relic","Card","Card","Relic","Relic","Relic","Relic","Card","Card","Relic","Card","Relic"],"build_version":"2020-12-22","purchased_purges":6,"victory":false,"max_hp_per_floor":[72,72,72,72,72,72,72,72,72,72,72,72,72,72,72,72,72,72,72,72,72,72,72,72,72,72,72,72,72,72,72,72,72,72,74,76,78,78,78,78,80,80,80],"relic_stats":{"Singing Bowl":26,"counters":[108,446],"PreservedInsect":1693,"Ginger":[16],"Boot":[34],"Smiling Mask":375,"Lizard Tail":40,"TheAbacus":[114],"Ornamental Fan":[1036],"Mummified Hand":[79],"Bronze Scales":[668],"HandDrill":[8],"obtain_stats":[{"Tiny House":17,"hubris:CrystalStatue":6,"Vajra":3,"Ginger":24,"Boot":9,"Blood Vial":40,"Replay:Ringing Soul":19,"Lizard Tail":19,"Centennial Puzzle":41,"HandDrill":2,"Toxic Egg 2":26,"Replay:Wax Seal":10,"hubris:Teleporter":40,"Oddly Smooth Stone":12,"Pen Nib":26,"Replay:Ancient Bell":34,"infinitespire:Magic Flask":12,"Replay:Baseball":14,"Bottled Flame":9,"infinitespire:Lychee Nut":28,"Shuriken":14,"infinitespire:Broken Mirror":9,"Bronze Scales":13,"Simple Rune":13,"Black Star":34,"infinitespire:EmpoweringShard":43,"Kintsugi":34,"hubris:Reverence":9,"Regal Pillow":0,"Snecko Heart":17,"Singing Bowl":34,"Incense Burner":12,"hubris:SlimyHat":14,"TeardropLocket":0,"Empty Cage":17,"Smiling Mask":26,"ClockworkSouvenir":3,"energizedSpire:BlackCloud":17,"Replay:Bandana":34,"hubris:Icosahedron":12,"TheAbacus":7,"Mummified Hand":3,"InkBottle":7,"Golden Idol":2,"Quantum Egg":24,"PreservedInsect":10,"Omamori":38,"infinitespire:Lucky Rock":9,"infinitespire:CheckeredPen":10,"hubris:Towel":2,"Orichalcum":42,"Mercury Hourglass":9,"Peace Pipe":7,"Pondfish Scales":5,"Busted Crown":17,"Ornamental Fan":19,"HolyWater":17,"infinitespire:Satchel":9,"Coffee Dripper":17,"Durian":30,"Bag of Marbles":26,"Art of War":12,"Membership Card":0,"PureWater":0,"hubris:Potato":13,"hubris:BottledRain":3},{"Tiny House":86,"hubris:CrystalStatue":92,"Vajra":38,"Ginger":100,"Boot":93,"Blood Vial":54,"Replay:Ringing Soul":6,"Lizard Tail":34,"Centennial Puzzle":54,"HandDrill":27,"Toxic Egg 2":8,"Replay:Wax Seal":16,"hubris:Teleporter":54,"Oddly Smooth Stone":41,"Pen Nib":47,"Replay:Ancient Bell":103,"infinitespire:Magic Flask":76,"Replay:Baseball":43,"Bottled Flame":83,"infinitespire:Lychee Nut":8,"Shuriken":32,"infinitespire:Broken Mirror":74,"Bronze Scales":94,"Simple Rune":94,"Black Star":50,"infinitespire:EmpoweringShard":54,"Kintsugi":11,"hubris:Reverence":3,"Regal Pillow":37,"Snecko Heart":62,"Singing Bowl":103,"Incense Burner":4,"hubris:SlimyHat":19,"TeardropLocket":12,"Empty Cage":96,"Smiling Mask":100,"ClockworkSouvenir":14,"energizedSpire:BlackCloud":33,"Replay:Bandana":103,"hubris:Icosahedron":61,"TheAbacus":92,"Mummified Hand":14,"InkBottle":16,"Golden Idol":58,"Quantum Egg":47,"PreservedInsect":93,"Omamori":106,"infinitespire:Lucky Rock":60,"infinitespire:CheckeredPen":93,"hubris:Towel":38,"Orichalcum":54,"Mercury Hourglass":16,"Peace Pipe":82,"Pondfish Scales":81,"Busted Crown":44,"Ornamental Fan":97,"HolyWater":20,"infinitespire:Satchel":40,"Coffee Dripper":5,"Durian":48,"Bag of Marbles":68,"Art of War":84,"Membership Card":12,"PureWater":0,"hubris:Potato":61,"hubris:BottledRain":14},{"Tiny House":364,"hubris:CrystalStatue":385,"Vajra":164,"Ginger":413,"Boot":388,"Blood Vial":240,"Replay:Ringing Soul":26,"Lizard Tail":144,"Centennial Puzzle":240,"HandDrill":118,"Toxic Egg 2":36,"Replay:Wax Seal":80,"hubris:Teleporter":240,"Oddly Smooth Stone":173,"Pen Nib":208,"Replay:Ancient Bell":426,"infinitespire:Magic Flask":319,"Replay:Baseball":182,"Bottled Flame":342,"infinitespire:Lychee Nut":36,"Shuriken":130,"infinitespire:Broken Mirror":311,"Bronze Scales":391,"Simple Rune":391,"Black Star":220,"infinitespire:EmpoweringShard":240,"Kintsugi":62,"hubris:Reverence":8,"Regal Pillow":160,"Snecko Heart":271,"Singing Bowl":426,"Incense Burner":11,"hubris:SlimyHat":89,"TeardropLocket":66,"Empty Cage":401,"Smiling Mask":413,"ClockworkSouvenir":72,"energizedSpire:BlackCloud":141,"Replay:Bandana":426,"hubris:Icosahedron":265,"TheAbacus":385,"Mummified Hand":72,"InkBottle":80,"Golden Idol":260,"Quantum Egg":208,"PreservedInsect":388,"Omamori":438,"infinitespire:Lucky Rock":263,"infinitespire:CheckeredPen":388,"hubris:Towel":164,"Orichalcum":240,"Mercury Hourglass":80,"Peace Pipe":339,"Pondfish Scales":336,"Busted Crown":189,"Ornamental Fan":404,"HolyWater":100,"infinitespire:Satchel":170,"Coffee Dripper":21,"Durian":211,"Bag of Marbles":292,"Art of War":351,"Membership Card":66,"PureWater":0,"hubris:Potato":265,"hubris:BottledRain":72}]},"card_choices":[{"not_picked":["CutThroughFate","ClearTheMind","Vengeance"],"picked":"SKIP","floor":1},{"not_picked":["Tantrum","ClearTheMind","LikeWater"],"picked":"SKIP","floor":2},{"not_picked":["Adaptation","PathToVictory"],"picked":"FlyingSleeves","floor":4},{"not_picked":["Sanctity","ThirdEye","FollowUp"],"picked":"SKIP","floor":5},{"not_picked":["SashWhip","Pray","PathToVictory"],"picked":"SKIP","floor":6},{"not_picked":["ClearTheMind","SpiritShield","JustLucky"],"picked":"SKIP","floor":8},{"not_picked":["ClearTheMind","Halt","EmptyMind"],"picked":"SKIP","floor":11},{"not_picked":["Halt","CrushJoints","FollowUp"],"picked":"SKIP","floor":14},{"not_picked":["Halt","ClearTheMind"],"picked":"CarveReality","floor":18},{"not_picked":["PathToVictory","Conclude","Replay:DivineShield"],"picked":"SKIP","floor":21},{"not_picked":["JustLucky","Protect","Consecrate"],"picked":"SKIP","floor":22},{"not_picked":["ThirdEye","Omniscience"],"picked":"Judgement","floor":24},{"not_picked":["Replay:Battleflow","CrushJoints","WreathOfFlame"],"picked":"SKIP","floor":28},{"not_picked":["FearNoEvil","SashWhip","Halt"],"picked":"SKIP","floor":31},{"not_picked":["Overencumbered","Normality"],"picked":"Decay","floor":34},{"not_picked":["Injury","hubris:Envy"],"picked":"Clumsy","floor":34},{"not_picked":["ReplayTheSpireMod:Doomed","hubris:Compulsion"],"picked":"Languid","floor":34},{"not_picked":["WaveOfTheHand+1","SandsOfTime+1","CrushJoints+1"],"picked":"Singing Bowl","floor":35},{"not_picked":["Replay:ManipulateFuture+1","TalkToTheHand+1","ThirdEye"],"picked":"Singing Bowl","floor":36},{"not_picked":["Replay:Vibes+1","EmptyFist+1","Swivel+1"],"picked":"Singing Bowl","floor":37},{"not_picked":["ForeignInfluence+1","Nirvana+1","MentalFortress"],"picked":"Singing Bowl","floor":41}],"player_experience":2737711,"relics_obtained":[{"floor":6,"key":"hubris:CrystalStatue"},{"floor":9,"key":"Boot"},{"floor":24,"key":"Ginger"},{"floor":26,"key":"Smiling Mask"},{"floor":28,"key":"Mummified Hand"}],"event_choices":[{"damage_healed":0,"gold_gain":0,"player_choice":"Left","damage_taken":0,"max_hp_gain":0,"max_hp_loss":0,"event_name":"betterThird:BetterGoop","floor":3,"gold_loss":49},{"damage_healed":18,"gold_gain":0,"player_choice":"Healed","damage_taken":0,"max_hp_gain":0,"max_hp_loss":0,"event_name":"The Cleric","floor":12,"gold_loss":35},{"damage_healed":0,"gold_gain":0,"player_choice":"Leave","damage_taken":0,"max_hp_gain":0,"max_hp_loss":0,"event_name":"FaceTrader","floor":20,"gold_loss":0},{"damage_healed":4,"gold_gain":0,"player_choice":"LEAVE ","damage_taken":0,"relics_obtained":[],"max_hp_gain":0,"max_hp_loss":0,"event_name":"betterSkull:BetterSkull","floor":27,"gold_loss":0,"cards_upgraded":[]},{"damage_healed":0,"gold_gain":0,"player_choice":"Got Potions","damage_taken":0,"max_hp_gain":0,"max_hp_loss":0,"event_name":"Lab","floor":30,"gold_loss":0}],"is_beta":false,"boss_relics":[{"not_picked":["hubris:TerracottaHorce","infinitespire:Cupcake"],"picked":"Empty Cage"},{"not_picked":["energizedSpire:SpiderWeb","energizedSpire:CrystalSphere"],"picked":"Replay:Ancient Bell"},{"not_picked":["ReplayTheSpireMod:TigerMarble","Replay:Mystery Machine"],"picked":"Replay:Bandana"},{"not_picked":["The Courier","infinitespire:Eraser"],"picked":"Singing Bowl"},{"not_picked":["Du-Vu Doll","Replay:Arrowhead"],"picked":"Lizard Tail"}],"items_purged_floors":[0,7,10,29,38,38],"is_endless":false,"potions_floor_spawned":[4,5,6,21,31,33,36,37],"killed_by":"Nightmare","ascension_level":0}}