{"host":"skzt5oiq3jmvln28","time":1610271755,"event":{"mods":["AchievementEnabler","Act Like it!","BaseMod","Gensokyo","GifTheSpireLib","Marisa????????","Minty Spire (QoL Compilation)","StSLib"],"gold_per_floor":[119,119,135,89,103,103,114,124,124,48,48,48,48,65,65,164,164,184,203,223,21,34,34,34,34],"floor_reached":24,"playtime":2060,"items_purged":[],"score":190,"play_id":"0e567ab9-46a6-4edf-a9ac-31e5dd8cafa4","local_time":"20210110014235","is_ascension_mode":false,"campfire_choices":[{"data":"FinalSpark","floor":6,"key":"SMITH"},{"floor":13,"key":"REST"},{"data":"UltimateShortwave","floor":15,"key":"SMITH"},{"floor":23,"key":"REST"}],"circlet_count":0,"master_deck":["Strike_MRS","Strike_MRS","Strike_MRS","Defend_MRS","Defend_MRS","Defend_MRS","Defend_MRS","MasterSpark","UpSweep","UltimateShortwave+1","LuminesStrike","FinalSpark+1","GrandCross","DoubleSpark","GalacticHalo","DeepEcoloBomb","SuperPerseids","RefractionSpark","BinaryStars","DC","AsteroidBelt","MilkyWay","Gensokyo:TrainingManual","Acceleration","StarlightTyphoon","SprinkleStarSeal","MillisecondPulsars"],"relics":["MiniHakkero","AmplifyWand","Orrery"],"acts_visited":["Gensokyo:Gensokyo","Gensokyo:Gensokyoer"],"potions_floor_usage":[16,22],"damage_taken":[{"damage":0,"enemies":"Gensokyo:3_Fairies","floor":1,"turns":4},{"damage":10,"enemies":"Gensokyo:Gryphon","floor":3,"turns":3},{"damage":8,"enemies":"Gensokyo:2_Kodama","floor":5,"turns":3},{"damage":12,"enemies":"Gensokyo:Gryphon_and_Rabbit","floor":7,"turns":4},{"damage":2,"enemies":"Gensokyo:Kitsune","floor":8,"turns":3},{"damage":0,"enemies":"Gensokyo:LivingMonolith","floor":14,"turns":3},{"damage":24,"enemies":"Gensokyo:Reimu","floor":16,"turns":7},{"damage":29,"enemies":"Gensokyo:3_Dogs","floor":18,"turns":6},{"damage":6,"enemies":"Gensokyo:AngelMirror","floor":19,"turns":2},{"damage":9,"enemies":"Gensokyo:Chomper_and_Gloop","floor":20,"turns":6},{"damage":30,"enemies":"Gensokyo:Slime_Group","floor":22,"turns":5},{"damage":24,"enemies":"Gensokyo:Mirror_and_Dog","floor":24,"turns":4}],"seed_played":"1956956377665332956","potions_obtained":[{"floor":7,"key":"ShroomBrew"},{"floor":8,"key":"Strength Potion"},{"floor":18,"key":"Swift Potion"}],"is_trial":false,"path_per_floor":["M","?","M","$","M","R","M","M","T","$","?","COS","R","M","R","B",null,"M","M","M","COS","M","R","M"],"character_chosen":"MARISA","items_purchased":["DoubleSpark","RefractionSpark"],"campfire_rested":2,"item_purchase_floors":[4,10],"current_hp_per_floor":[75,75,65,65,57,57,45,43,43,43,43,43,65,65,65,41,75,46,40,31,31,1,23,0,0],"gold":34,"neow_bonus":"ONE_RANDOM_RARE_CARD","is_daily":false,"chose_seed":false,"campfire_upgraded":2,"win_rate":0.0,"timestamp":1610271755,"path_taken":["M","?","M","$","?","R","M","M","T","$","?","COS","R","M","R","BOSS","M","M","M","COS","M","R","?"],"items_purchased_type":["Card","Card"],"build_version":"2020-12-22","purchased_purges":0,"victory":false,"max_hp_per_floor":[75,75,75,75,75,75,75,75,75,75,75,75,75,75,75,75,75,75,75,75,75,75,75,75,75],"card_choices":[{"not_picked":["MysteriousBeam","IllusionStar"],"picked":"LuminesStrike","floor":1},{"not_picked":["OortCloud","NonDirectionalLaser"],"picked":"GrandCross","floor":3},{"not_picked":["UnstableBomb","GravityBeat"],"picked":"GalacticHalo","floor":5},{"not_picked":["MagicAbsorber","Occultation"],"picked":"DeepEcoloBomb","floor":7},{"not_picked":["6A","MilkyWay"],"picked":"SuperPerseids","floor":8},{"not_picked":["WitchLeyline","Robbery","BigCrunch"],"picked":"SKIP","floor":14},{"not_picked":["SatelliteIllusion","FinalSpark"],"picked":"BinaryStars","floor":16},{"not_picked":["UnstableBomb","PulseMagic+1"],"picked":"DC","floor":18},{"not_picked":["6A","GasGiant"],"picked":"AsteroidBelt","floor":19},{"not_picked":["UnstableBomb","GravityBeat"],"picked":"MilkyWay","floor":20},{"not_picked":["GravityBeat","PowerUp"],"picked":"Acceleration","floor":21},{"not_picked":["JA","GalacticHalo"],"picked":"StarlightTyphoon","floor":21},{"not_picked":["GalacticHalo","6A"],"picked":"SprinkleStarSeal","floor":21},{"not_picked":["ShootingEcho+1","6A"],"picked":"MillisecondPulsars","floor":22}],"player_experience":21093,"relics_obtained":[{"floor":9,"key":"AmplifyWand"}],"event_choices":[],"is_beta":false,"boss_relics":[{"not_picked":["Runic Pyramid","Fusion Hammer","Empty Cage"]}],"items_purged_floors":[],"is_endless":false,"potions_floor_spawned":[7,8,18],"killed_by":"Gensokyo:Mirror_and_Dog","ascension_level":0}}