{"host":"hszimsrtxxc2k25w","time":1610307290,"event":{"mods":["AchievementEnabler","BaseMod","Colored Map","DeckTracker","Minty Spire (QoL Compilation)","Rare Cards Sparkle","SuperFastMode"],"gold_per_floor":[109,109,34,48,48,73,73,73,120,130,86,86,115,130,130,130,130],"floor_reached":16,"playtime":212,"items_purged":[],"score":266,"play_id":"346cf067-8a1c-40db-a7af-4d5a26cd2e2a","local_time":"20210111043450","is_ascension_mode":true,"campfire_choices":[{"data":"Demon Form","floor":7,"key":"SMITH"},{"data":"Carnage","floor":12,"key":"SMITH"},{"floor":15,"key":"REST"}],"circlet_count":0,"master_deck":["AscendersBane","Strike_R","Strike_R","Strike_R","Defend_R","Defend_R","Defend_R","Defend_R","Bash","Disarm","Demon Form+1","Hemokinesis","Carnage+1","Fire Breathing"],"relics":["Burning Blood","NeowsBlessing","Strawberry","Oddly Smooth Stone","Calipers"],"acts_visited":["Exordium"],"potions_floor_usage":[],"damage_taken":[{"damage":0,"enemies":"Jaw Worm","floor":1,"turns":1},{"damage":0,"enemies":"2 Louse","floor":4,"turns":1},{"damage":0,"enemies":"Gremlin Nob","floor":6,"turns":1},{"damage":4,"enemies":"Small Slimes","floor":10,"turns":4},{"damage":34,"enemies":"3 Sentries","floor":13,"turns":7},{"damage":30,"enemies":"Exordium Thugs","floor":14,"turns":4},{"damage":60,"enemies":"Hexaghost","floor":16,"turns":7}],"seed_played":"7325143563606191711","potions_obtained":[{"floor":6,"key":"Dexterity Potion"},{"floor":10,"key":"Fire Potion"}],"is_trial":false,"path_per_floor":["M","?","?","M","$","E","R","?","T","M","$","R","E","M","R","B"],"character_chosen":"IRONCLAD","items_purchased":["Carnage"],"campfire_rested":1,"item_purchase_floors":[11],"current_hp_per_floor":[74,79,79,80,80,87,87,80,80,82,82,82,54,30,56,0,0],"gold":130,"neow_bonus":"THREE_ENEMY_KILL","is_daily":false,"chose_seed":false,"campfire_upgraded":2,"win_rate":0.0,"timestamp":1610307290,"path_taken":["M","?","?","M","$","E","R","?","T","M","?","R","E","M","R","BOSS"],"items_purchased_type":["Card"],"build_version":"2020-12-22","purchased_purges":0,"victory":false,"max_hp_per_floor":[75,80,80,80,80,87,87,87,87,87,87,87,87,87,87,87,87],"card_choices":[{"not_picked":["Flex","Iron Wave","Pummel"],"picked":"SKIP","floor":1},{"not_picked":["Infernal Blade","Spot Weakness"],"picked":"Disarm","floor":4},{"not_picked":["Intimidate","Disarm"],"picked":"Demon Form","floor":6},{"not_picked":["Searing Blow","Reckless Charge"],"picked":"Hemokinesis","floor":10},{"not_picked":["Havoc","Searing Blow"],"picked":"Fire Breathing","floor":13},{"not_picked":["Sentinel","Entrench","Headbutt"],"picked":"SKIP","floor":14}],"player_experience":617159,"relics_obtained":[{"floor":6,"key":"Strawberry"},{"floor":9,"key":"Oddly Smooth Stone"},{"floor":13,"key":"Calipers"}],"event_choices":[{"damage_healed":0,"gold_gain":0,"player_choice":"Donut","damage_taken":0,"max_hp_gain":5,"max_hp_loss":0,"event_name":"Big Fish","floor":2,"gold_loss":0},{"cards_removed":["Strike_R"],"damage_healed":0,"gold_gain":0,"player_choice":"Card Removal","damage_taken":0,"max_hp_gain":0,"max_hp_loss":0,"event_name":"The Cleric","floor":3,"gold_loss":75},{"cards_removed":["Strike_R"],"damage_healed":0,"gold_gain":0,"player_choice":"Card Removal","damage_taken":7,"max_hp_gain":0,"max_hp_loss":0,"event_name":"Golden Wing","floor":8,"gold_loss":0}],"is_beta":false,"boss_relics":[],"items_purged_floors":[],"is_endless":false,"potions_floor_spawned":[6,10,14],"killed_by":"Hexaghost","ascension_level":20}}