{"host":"nsxzlb359hv0da5z","time":1610256990,"event":{"mods":["BaseMod","Bestiary","Colored Map","Minty Spire (QoL Compilation)","Permanent Neow","Relic Stats","Slay the Relics Exporter","ojb\u0027s Info Mod"],"gold_per_floor":[116,116,129,145,159,187,187,221,221,221,221,248,248,277,277,353,353,353,353,353,353,313,313,313,313,313],"floor_reached":25,"playtime":2419,"items_purged":[],"score":458,"play_id":"180b24ea-08c6-4f42-8246-70593f63b63f","local_time":"20210109213630","is_ascension_mode":true,"campfire_choices":[{"data":"Glass Knife","floor":7,"key":"SMITH"},{"data":"Poisoned Stab","floor":10,"key":"SMITH"},{"floor":13,"key":"REST"},{"data":"Dagger Throw","floor":15,"key":"SMITH"},{"data":"Well Laid Plans","floor":23,"key":"SMITH"}],"circlet_count":0,"master_deck":["AscendersBane","Strike_G","Strike_G","Strike_G","Strike_G","Strike_G","Defend_G","Defend_G","Defend_G","Defend_G","Defend_G","Survivor+1","Neutralize+1","Poisoned Stab+1","Masterful Stab","Predator+1","PiercingWail","Glass Knife+1","Infinite Blades","Dagger Throw+1","Tools of the Trade","Ghostly","Ghostly","Ghostly","Well Laid Plans+1","Dodge and Roll","Underhanded Strike"],"relics":["Ring of the Snake","Ornamental Fan","Pear","CaptainsWheel","StoneCalendar","Regal Pillow","Ectoplasm"],"acts_visited":["Exordium","TheCity"],"potions_floor_usage":[6,8,14,22,22],"damage_taken":[{"damage":0,"enemies":"2 Louse","floor":1,"turns":4},{"damage":3,"enemies":"Jaw Worm","floor":3,"turns":5},{"damage":0,"enemies":"Small Slimes","floor":4,"turns":4},{"damage":2,"enemies":"2 Fungi Beasts","floor":5,"turns":3},{"damage":6,"enemies":"Gremlin Nob","floor":6,"turns":3},{"damage":18,"enemies":"Lagavulin","floor":8,"turns":5},{"damage":1,"enemies":"Gremlin Nob","floor":12,"turns":3},{"damage":1,"enemies":"3 Sentries","floor":14,"turns":4},{"damage":23,"enemies":"Hexaghost","floor":16,"turns":8},{"damage":0,"enemies":"Chosen","floor":18,"turns":3},{"damage":0,"enemies":"2 Thieves","floor":22,"turns":3},{"damage":5,"enemies":"Shelled Parasite and Fungi","floor":24,"turns":7},{"damage":34,"enemies":"Book of Stabbing","floor":25,"turns":5}],"seed_played":"3370904003891614414","potions_obtained":[{"floor":1,"key":"SmokeBomb"},{"floor":5,"key":"Fire Potion"},{"floor":6,"key":"PowerPotion"},{"floor":12,"key":"AttackPotion"},{"floor":14,"key":"Fire Potion"},{"floor":18,"key":"ColorlessPotion"}],"is_trial":false,"path_per_floor":["M","?","M","M","M","E","R","E","T","R","?","E","R","E","R","B",null,"M","?","?","?","M","R","M","E"],"character_chosen":"THE_SILENT","items_purchased":[],"campfire_rested":1,"item_purchase_floors":[],"current_hp_per_floor":[59,59,56,56,54,48,48,40,40,40,17,16,38,37,37,14,61,61,38,38,38,38,38,33,0,0],"gold":313,"neow_bonus":"UPGRADE_CARD","is_daily":false,"chose_seed":false,"campfire_upgraded":4,"win_rate":0.0,"timestamp":1610256990,"path_taken":["M","?","M","M","M","E","R","E","T","R","?","E","R","E","R","BOSS","M","?","?","?","?","R","M","E"],"items_purchased_type":[],"build_version":"2020-12-22","purchased_purges":0,"victory":false,"max_hp_per_floor":[66,66,66,66,66,66,66,76,76,76,76,76,76,76,76,76,76,76,38,38,38,38,38,38,38,38],"relic_stats":{"Regal Pillow":0,"counters":[13,57],"Ornamental Fan":[76],"StoneCalendar":[52],"Ectoplasm":87,"obtain_stats":[{"CaptainsWheel":9,"Regal Pillow":14,"Pear":8,"Ornamental Fan":6,"StoneCalendar":12,"Ectoplasm":17,"Ring of the Snake":0},{"CaptainsWheel":6,"Regal Pillow":8,"Pear":6,"Ornamental Fan":5,"StoneCalendar":7,"Ectoplasm":9,"Ring of the Snake":0},{"CaptainsWheel":24,"Regal Pillow":31,"Pear":24,"Ornamental Fan":19,"StoneCalendar":27,"Ectoplasm":39,"Ring of the Snake":0}],"Ring of the Snake":[26]},"card_choices":[{"not_picked":["Tactician","Deadly Poison"],"picked":"Poisoned Stab","floor":1},{"not_picked":["Deflect","Acrobatics"],"picked":"Masterful Stab","floor":3},{"not_picked":["Quick Slash","Escape Plan"],"picked":"Predator","floor":4},{"not_picked":["Deflect","Underhanded Strike"],"picked":"PiercingWail","floor":5},{"not_picked":["Bane","Flying Knee"],"picked":"Glass Knife","floor":6},{"not_picked":["Sucker Punch","Flying Knee","Prepared"],"picked":"SKIP","floor":8},{"not_picked":["Heel Hook","Blur"],"picked":"Infinite Blades","floor":12},{"not_picked":["Unload","PiercingWail"],"picked":"Dagger Throw","floor":14},{"not_picked":["Envenom","Doppelganger"],"picked":"Tools of the Trade","floor":16},{"not_picked":["Slice","Dagger Throw","Setup"],"picked":"SKIP","floor":18},{"not_picked":["Dash","Quick Slash"],"picked":"Dodge and Roll","floor":22},{"not_picked":["Sucker Punch","Flying Knee"],"picked":"Underhanded Strike","floor":24}],"player_experience":1957559,"relics_obtained":[{"floor":6,"key":"Ornamental Fan"},{"floor":8,"key":"Pear"},{"floor":9,"key":"CaptainsWheel"},{"floor":12,"key":"StoneCalendar"},{"floor":14,"key":"Regal Pillow"}],"event_choices":[{"damage_healed":0,"gold_gain":0,"player_choice":"Ignored","damage_taken":0,"max_hp_gain":0,"max_hp_loss":0,"event_name":"Golden Wing","floor":2,"gold_loss":0},{"damage_healed":0,"gold_gain":0,"player_choice":"Entered Light","damage_taken":23,"max_hp_gain":0,"max_hp_loss":0,"event_name":"Shining Light","floor":11,"gold_loss":0,"cards_upgraded":["Predator","Survivor"]},{"damage_healed":0,"gold_gain":0,"player_choice":"Became a Ghost","damage_taken":0,"max_hp_gain":0,"max_hp_loss":38,"event_name":"Ghosts","floor":19,"gold_loss":0,"cards_obtained":["Ghostly","Ghostly","Ghostly"]},{"damage_healed":0,"gold_gain":0,"player_choice":"Ignored","damage_taken":0,"max_hp_gain":0,"max_hp_loss":0,"event_name":"The Mausoleum","floor":20,"gold_loss":0},{"damage_healed":0,"gold_gain":0,"player_choice":"Read","damage_taken":0,"max_hp_gain":0,"max_hp_loss":0,"event_name":"The Library","floor":21,"gold_loss":0,"cards_obtained":["Well Laid Plans"]}],"is_beta":false,"boss_relics":[{"not_picked":["Calling Bell","Astrolabe"],"picked":"Ectoplasm"}],"items_purged_floors":[],"is_endless":false,"potions_floor_spawned":[1,5,6,12,14,18],"killed_by":"Book of Stabbing","ascension_level":20}}