{"host":"sc0o2qwpf9j16a4i","time":1610277174,"event":{"mods":["AchievementEnabler","BaseMod","BetterRewards","Block Reminder","Colored Map","Colored Powertips","Custom Start","Highlight Path","Minty Spire (QoL Compilation)","Relic Stats"],"gold_per_floor":[114,2,2,17,33,33,68,68,68,98,114,148,223,233,233,305,305,318,4,19,19,19,19,51,51,51,51,51],"floor_reached":27,"playtime":969,"items_purged":["Strike_B"],"score":698,"play_id":"9dffb95e-1468-4a6e-9ad6-6085b168d3e1","local_time":"20210110131254","is_ascension_mode":true,"campfire_choices":[{"data":"Barrage","floor":6,"key":"SMITH"},{"floor":8,"key":"REST"},{"data":"White Noise","floor":15,"key":"SMITH"},{"data":"Fission","floor":23,"key":"SMITH"},{"floor":25,"key":"REST"}],"circlet_count":0,"master_deck":["AscendersBane","Strike_B","Strike_B","Strike_B","Defend_B","Defend_B","Defend_B","Defend_B","Zap","Dualcast","Cold Snap","Reinforced Body","Leap","Capacitor","Barrage+1","Lockon","Glacier","White Noise+1","Ball Lightning","Rebound","Capacitor+1","Fission+1","Defragment+1","Coolheaded","RitualDagger"],"relics":["Cracked Core","Pen Nib","Mummified Hand","Blue Candle","Frozen Egg 2","Toy Ornithopter","Blood Vial","Snecko Eye","Cables","Potion Belt","WingedGreaves"],"acts_visited":["Exordium","TheCity"],"potions_floor_usage":[7,10,10,24],"damage_taken":[{"damage":0,"enemies":"Cultist","floor":1,"turns":4},{"damage":5,"enemies":"Jaw Worm","floor":4,"turns":5},{"damage":1,"enemies":"2 Louse","floor":5,"turns":2},{"damage":18,"enemies":"Lagavulin","floor":7,"turns":5},{"damage":1,"enemies":"3 Sentries","floor":10,"turns":5},{"damage":5,"enemies":"Red Slaver","floor":11,"turns":4},{"damage":2,"enemies":"Lagavulin","floor":12,"turns":6},{"damage":6,"enemies":"Gremlin Gang","floor":14,"turns":6},{"damage":19,"enemies":"Hexaghost","floor":16,"turns":13},{"damage":0,"enemies":"Spheric Guardian","floor":18,"turns":4},{"damage":15,"enemies":"3 Byrds","floor":20,"turns":5},{"damage":49,"enemies":"Gremlin Leader","floor":24,"turns":7},{"damage":35,"enemies":"3 Cultists","floor":27,"turns":4}],"seed_played":"-1715442503306775642","potions_obtained":[{"floor":1,"key":"DistilledChaos"},{"floor":4,"key":"EntropicBrew"},{"floor":10,"key":"SpeedPotion"},{"floor":11,"key":"PotionOfCapacity"},{"floor":24,"key":"Block Potion"}],"is_trial":false,"path_per_floor":["M","$","?","M","M","R","E","R","T","E","M","E","?","M","R","B",null,"M","$","M","?","?","R","E","R","T","M"],"character_chosen":"DEFECT","items_purchased":["Cold Snap","Pen Nib","Mummified Hand","Reinforced Body","Capacitor","Cables","Coolheaded"],"campfire_rested":2,"item_purchase_floors":[0,0,0,0,2,19,19],"current_hp_per_floor":[43,43,48,43,42,42,24,46,46,59,54,52,41,37,37,20,62,64,64,51,45,45,45,3,25,25,0,0],"gold":51,"neow_bonus":"","is_daily":false,"chose_seed":false,"campfire_upgraded":3,"win_rate":0.0,"timestamp":1610277174,"path_taken":["M","$","?","M","M","R","E","R","T","E","M","E","?","M","R","BOSS","M","$","M","?","?","R","E","R","T","M"],"items_purchased_type":["Card","Relic","Relic","Card","Card","Relic","Card"],"build_version":"2020-12-22","purchased_purges":1,"victory":false,"max_hp_per_floor":[71,71,76,76,76,76,76,76,76,76,76,76,76,76,76,76,76,76,76,76,76,76,76,76,76,76,76,76],"relic_stats":{"Blood Vial":31,"counters":[97,466],"Mummified Hand":[47],"Blue Candle":[0],"Snecko Eye":[250,297,260,267],"Pen Nib":[9],"obtain_stats":[{"Calipers":38,"Gremlin Horn":19,"CeramicFish":27,"Runic Capacitor":54,"Ginger":0,"Blood Vial":12,"Centennial Puzzle":36,"HornCleat":25,"Sundial":13,"Strawberry":31,"MealTicket":10,"Happy Flower":54,"Blue Candle":7,"Oddly Smooth Stone":12,"Velvet Choker":17,"Eternal Feather":0,"Pen Nib":0,"War Paint":9,"Akabeko":26,"Cables":23,"WarpedTongs":5,"OrangePellets":11,"SlaversCollar":17,"Snecko Eye":17,"Molten Egg 2":0,"Black Star":34,"Symbiotic Virus":45,"Lantern":19,"Mango":12,"Bag of Preparation":0,"Ancient Tea Set":0,"Smiling Mask":8,"Cursed Key":17,"ClockworkSouvenir":12,"Emotion Chip":55,"Matryoshka":0,"Shovel":14,"Mummified Hand":0,"Tiny Chest":0,"WingedGreaves":26,"Cracked Core":0,"InkBottle":10,"Potion Belt":24,"Golden Idol":3,"PreservedInsect":3,"Omamori":0,"Frozen Egg 2":0,"MawBank":7,"Anchor":9,"DataDisk":14,"FossilizedHelix":13,"Toy Ornithopter":55},{"Calipers":35,"Gremlin Horn":24,"CeramicFish":28,"Runic Capacitor":42,"Ginger":44,"Blood Vial":91,"Centennial Puzzle":33,"HornCleat":27,"Sundial":21,"Strawberry":56,"MealTicket":49,"Happy Flower":42,"Blue Candle":88,"Oddly Smooth Stone":12,"Velvet Choker":79,"Eternal Feather":16,"Pen Nib":61,"War Paint":5,"Akabeko":27,"Cables":26,"WarpedTongs":72,"OrangePellets":6,"SlaversCollar":51,"Snecko Eye":15,"Molten Egg 2":70,"Black Star":32,"Symbiotic Virus":38,"Lantern":68,"Mango":76,"Bag of Preparation":44,"Ancient Tea Set":44,"Smiling Mask":48,"Cursed Key":67,"ClockworkSouvenir":49,"Emotion Chip":43,"Matryoshka":61,"Shovel":66,"Mummified Hand":61,"Tiny Chest":44,"WingedGreaves":96,"Cracked Core":0,"InkBottle":6,"Potion Belt":54,"Golden Idol":2,"PreservedInsect":72,"Omamori":44,"Frozen Egg 2":61,"MawBank":10,"Anchor":21,"DataDisk":22,"FossilizedHelix":13,"Toy Ornithopter":43},{"Calipers":162,"Gremlin Horn":115,"CeramicFish":132,"Runic Capacitor":212,"Ginger":219,"Blood Vial":427,"Centennial Puzzle":156,"HornCleat":129,"Sundial":95,"Strawberry":276,"MealTicket":241,"Happy Flower":212,"Blue Candle":412,"Oddly Smooth Stone":48,"Velvet Choker":381,"Eternal Feather":77,"Pen Nib":321,"War Paint":17,"Akabeko":129,"Cables":123,"WarpedTongs":355,"OrangePellets":24,"SlaversCollar":250,"Snecko Eye":74,"Molten Egg 2":350,"Black Star":152,"Symbiotic Virus":179,"Lantern":345,"Mango":367,"Bag of Preparation":219,"Ancient Tea Set":219,"Smiling Mask":235,"Cursed Key":341,"ClockworkSouvenir":241,"Emotion Chip":216,"Matryoshka":321,"Shovel":337,"Mummified Hand":321,"Tiny Chest":219,"WingedGreaves":462,"Cracked Core":0,"InkBottle":24,"Potion Belt":267,"Golden Idol":6,"PreservedInsect":355,"Omamori":219,"Frozen Egg 2":321,"MawBank":41,"Anchor":95,"DataDisk":102,"FossilizedHelix":58,"Toy Ornithopter":216}],"Toy Ornithopter":5,"Cables":[16,11,5,0,0]},"card_choices":[{"not_picked":["Hologram","Aggregate"],"picked":"Leap","floor":1},{"not_picked":["Steam","Beam Cell"],"picked":"Barrage","floor":4},{"not_picked":["Streamline","Redo"],"picked":"Lockon","floor":5},{"not_picked":["Hologram","Blizzard"],"picked":"Glacier","floor":7},{"not_picked":["Hologram","Coolheaded"],"picked":"White Noise","floor":10},{"not_picked":["Capacitor+1","Hyperbeam"],"picked":"Ball Lightning","floor":11},{"not_picked":["Sunder","Rip and Tear"],"picked":"Rebound","floor":12},{"not_picked":["Leap","Reinforced Body"],"picked":"Capacitor+1","floor":14},{"not_picked":["Rainbow","Hyperbeam"],"picked":"Fission","floor":16},{"not_picked":["Streamline","Rebound"],"picked":"Defragment+1","floor":18},{"not_picked":["Gash+1","BootSequence","Scrape"],"picked":"SKIP","floor":20},{"not_picked":["Go for the Eyes","Scrape","Gash"],"picked":"SKIP","floor":24}],"player_experience":582504,"relics_obtained":[{"floor":7,"key":"Blue Candle"},{"floor":9,"key":"Frozen Egg 2"},{"floor":10,"key":"Toy Ornithopter"},{"floor":12,"key":"Blood Vial"},{"floor":24,"key":"Potion Belt"},{"floor":26,"key":"WingedGreaves"}],"event_choices":[{"damage_healed":0,"gold_gain":0,"player_choice":"Donut","damage_taken":0,"max_hp_gain":5,"max_hp_loss":0,"event_name":"Big Fish","floor":3,"gold_loss":0},{"damage_healed":0,"gold_gain":75,"player_choice":"Gather Gold","damage_taken":11,"max_hp_gain":0,"max_hp_loss":0,"event_name":"World of Goop","floor":13,"gold_loss":0},{"damage_healed":0,"gold_gain":0,"player_choice":"Joined the Cult","damage_taken":6,"max_hp_gain":0,"max_hp_loss":0,"event_name":"Nest","floor":21,"gold_loss":0,"cards_obtained":["RitualDagger"]},{"damage_healed":0,"gold_gain":0,"player_choice":"Got Potions","damage_taken":0,"max_hp_gain":0,"max_hp_loss":0,"event_name":"Lab","floor":22,"gold_loss":0}],"is_beta":false,"boss_relics":[{"not_picked":["Runic Pyramid","Philosopher\u0027s Stone"],"picked":"Snecko Eye"}],"items_purged_floors":[2],"is_endless":false,"potions_floor_spawned":[1,4,10,11,16,24],"killed_by":"3 Cultists","ascension_level":20}}