{"host":"nsxzlb359hv0da5z","time":1610248378,"event":{"mods":["BaseMod","Bestiary","Colored Map","Minty Spire (QoL Compilation)","Permanent Neow","Relic Stats","Slay the Relics Exporter","ojb\u0027s Info Mod"],"gold_per_floor":[362,362,372,384,200,227,227,227,227,253,253,39,114,131,131,208,208,220,220,13,23,43,43,59,59,59,59,59,69,104,4,4,81,81,96,108,128,141,141,141,83,100,100,127,127,181,181,181,181],"floor_reached":48,"playtime":6048,"items_purged":["Strike_B","Strike_B"],"score":1076,"play_id":"84269646-fb57-48c0-8522-afd83d3871b1","local_time":"20210109191258","is_ascension_mode":true,"campfire_choices":[{"data":"Lockon","floor":7,"key":"SMITH"},{"floor":11,"key":"REST"},{"floor":15,"key":"REST"},{"data":"Buffer","floor":23,"key":"SMITH"},{"floor":25,"key":"DIG"},{"floor":28,"key":"DIG"},{"floor":32,"key":"REST"},{"data":"Defragment","floor":40,"key":"SMITH"},{"floor":45,"key":"RECALL"}],"circlet_count":0,"master_deck":["AscendersBane","Strike_B","Defend_B","Defend_B","Defend_B","Defend_B","Zap","Dualcast","Lockon+1","Chill","Rebound","Steam Power","Compile Driver","Buffer+1","Ball Lightning","Electrodynamics","Beam Cell+1","Auto Shields","Darkness","Stack+1","Glacier","Genetic Algorithm","BootSequence","Defragment+1","Core Surge","Ball Lightning+1","Capacitor","Chaos+1","Turbo","White Noise"],"relics":["Cracked Core","GremlinMask","Shovel","Turnip","Centennial Puzzle","Bag of Preparation","Nuclear Battery","Incense Burner","Omamori","Thread and Needle","SlaversCollar","Pear","Peace Pipe","Dead Branch"],"acts_visited":["Exordium","TheCity","TheBeyond"],"potions_floor_usage":[6,6,16,18,37,37,42,42,46,48,48],"damage_taken":[{"damage":7,"enemies":"Small Slimes","floor":1,"turns":4},{"damage":6,"enemies":"Cultist","floor":3,"turns":3},{"damage":2,"enemies":"Jaw Worm","floor":4,"turns":3},{"damage":10,"enemies":"3 Sentries","floor":6,"turns":9},{"damage":37,"enemies":"Gremlin Nob","floor":10,"turns":4},{"damage":6,"enemies":"Exordium Thugs","floor":14,"turns":4},{"damage":10,"enemies":"The Guardian","floor":16,"turns":10},{"damage":6,"enemies":"2 Thieves","floor":18,"turns":2},{"damage":6,"enemies":"3 Byrds","floor":21,"turns":2},{"damage":26,"enemies":"Shelled Parasite and Fungi","floor":22,"turns":5},{"damage":0,"enemies":"Centurion and Healer","floor":24,"turns":6},{"damage":8,"enemies":"Snake Plant","floor":29,"turns":4},{"damage":25,"enemies":"Gremlin Leader","floor":30,"turns":8},{"damage":0,"enemies":"Collector","floor":33,"turns":10},{"damage":0,"enemies":"3 Shapes","floor":35,"turns":6},{"damage":2,"enemies":"Orb Walker","floor":36,"turns":5},{"damage":16,"enemies":"Maw","floor":37,"turns":9},{"damage":14,"enemies":"Writhing Mass","floor":38,"turns":8},{"damage":11,"enemies":"Jaw Worm Horde","floor":42,"turns":6},{"damage":8,"enemies":"Nemesis","floor":44,"turns":7},{"damage":5,"enemies":"2 Orb Walkers","floor":46,"turns":6},{"damage":54,"enemies":"Reptomancer","floor":48,"turns":4}],"seed_played":"-4641116088773764062","potions_obtained":[{"floor":4,"key":"Explosive Potion"},{"floor":14,"key":"LiquidMemories"},{"floor":19,"key":"FairyPotion"},{"floor":19,"key":"EntropicBrew"},{"floor":30,"key":"Weak Potion"},{"floor":38,"key":"GamblersBrew"},{"floor":42,"key":"BlessingOfTheForge"},{"floor":44,"key":"BlessingOfTheForge"},{"floor":46,"key":"Fruit Juice"}],"is_trial":false,"path_per_floor":["M","?","M","M","$","E","R","?","T","E","R","$","?","M","R","B",null,"M","?","$","M","M","R","M","R","T","?","R","M","E","$","R","B",null,"M","M","M","M","?","R","$","M","T","E","R","?","?","E"],"character_chosen":"DEFECT","items_purchased":["Rebound","Steam Power","FocusPotion","Bag of Preparation","FocusPotion","Auto Shields","Darkness","Turbo"],"campfire_rested":3,"item_purchase_floors":[5,5,5,12,12,20,20,41],"current_hp_per_floor":[57,57,51,49,49,39,39,39,39,2,21,21,10,4,23,13,51,45,45,45,39,13,13,13,13,13,13,13,5,3,3,22,22,54,54,52,36,22,52,52,52,41,51,43,43,38,38,0,0],"gold":181,"neow_bonus":"TWO_FIFTY_GOLD","is_daily":false,"chose_seed":false,"campfire_upgraded":3,"win_rate":0.0,"timestamp":1610248378,"path_taken":["M","?","M","?","$","E","R","?","T","E","R","?","?","M","R","BOSS","M","?","$","M","M","R","?","R","T","?","R","M","E","$","R","BOSS","M","?","M","M","?","R","$","M","T","E","R","?","?","E"],"items_purchased_type":["Card","Card","Potion","Relic","Potion","Card","Card","Card"],"build_version":"2020-12-22","purchased_purges":2,"victory":false,"max_hp_per_floor":[64,64,64,64,64,64,64,64,64,64,64,64,64,64,64,64,64,64,64,64,64,64,64,64,64,64,64,64,64,64,64,64,64,64,64,64,64,64,52,52,52,52,62,62,62,62,62,67,67],"relic_stats":{"Peace Pipe":0,"Centennial Puzzle":[42],"Shovel":2,"counters":[22,125],"Dead Branch":[6],"Turnip":[22],"Bag of Preparation":[34],"obtain_stats":[{"Pear":43,"Dead Branch":46,"GremlinMask":2,"Thread and Needle":30,"Bag of Preparation":12,"Incense Burner":25,"Omamori":28,"Nuclear Battery":17,"Peace Pipe":44,"SlaversCollar":34,"Centennial Puzzle":10,"Shovel":6,"Turnip":9,"Cracked Core":0},{"Pear":19,"Dead Branch":21,"GremlinMask":1,"Thread and Needle":13,"Bag of Preparation":5,"Incense Burner":11,"Omamori":11,"Nuclear Battery":7,"Peace Pipe":20,"SlaversCollar":14,"Centennial Puzzle":5,"Shovel":4,"Turnip":4,"Cracked Core":0},{"Pear":108,"Dead Branch":121,"GremlinMask":4,"Thread and Needle":64,"Bag of Preparation":23,"Incense Burner":52,"Omamori":52,"Nuclear Battery":37,"Peace Pipe":115,"SlaversCollar":74,"Centennial Puzzle":23,"Shovel":19,"Turnip":19,"Cracked Core":0}]},"card_choices":[{"not_picked":["Compile Driver","Hologram"],"picked":"Lockon","floor":1},{"not_picked":["Barrage","Stack"],"picked":"Chill","floor":3},{"not_picked":["Stack","White Noise","Rebound"],"picked":"SKIP","floor":4},{"not_picked":["Stack","White Noise","Rebound"],"picked":"SKIP","floor":4},{"not_picked":["Leap","Tempest"],"picked":"Compile Driver","floor":6},{"not_picked":["Streamline","Skim"],"picked":"Buffer","floor":10},{"not_picked":["Barrage","Reinforced Body"],"picked":"Ball Lightning","floor":14},{"not_picked":["Fission","Echo Form"],"picked":"Electrodynamics","floor":16},{"not_picked":["Ball Lightning","Redo"],"picked":"Beam Cell+1","floor":18},{"not_picked":["Coolheaded","Streamline"],"picked":"Stack+1","floor":21},{"not_picked":["Doom and Gloom","Hyperbeam"],"picked":"Glacier","floor":22},{"not_picked":["Stack","Sweeping Beam"],"picked":"Genetic Algorithm","floor":24},{"not_picked":["Go for the Eyes","Force Field"],"picked":"BootSequence","floor":29},{"not_picked":["Hologram","Double Energy"],"picked":"Defragment","floor":30},{"not_picked":["All For One","Hyperbeam"],"picked":"Core Surge","floor":33},{"not_picked":["Hologram","Gash"],"picked":"Ball Lightning+1","floor":35},{"not_picked":["Go for the Eyes+1","Steam Power+1"],"picked":"Capacitor","floor":36},{"not_picked":["Conserve Battery","Leap"],"picked":"Chaos+1","floor":37},{"not_picked":["Sweeping Beam","Ball Lightning","Beam Cell+1"],"picked":"SKIP","floor":42},{"not_picked":["Hello World","Fusion+1","Streamline"],"picked":"SKIP","floor":44},{"not_picked":["All For One","Ball Lightning"],"picked":"White Noise","floor":46}],"player_experience":1945789,"relics_obtained":[{"floor":6,"key":"Shovel"},{"floor":9,"key":"Turnip"},{"floor":10,"key":"Centennial Puzzle"},{"floor":25,"key":"Incense Burner"},{"floor":28,"key":"Omamori"},{"floor":30,"key":"Thread and Needle"},{"floor":43,"key":"Pear"},{"floor":44,"key":"Peace Pipe"},{"floor":46,"key":"Dead Branch"}],"event_choices":[{"damage_healed":0,"gold_gain":0,"player_choice":"Trade","damage_taken":0,"relics_obtained":["GremlinMask"],"max_hp_gain":0,"max_hp_loss":0,"event_name":"FaceTrader","floor":2,"gold_loss":0},{"damage_healed":0,"gold_gain":0,"player_choice":"Ignored","damage_taken":0,"max_hp_gain":0,"max_hp_loss":0,"event_name":"Liars Game","floor":8,"gold_loss":0},{"damage_healed":0,"gold_gain":75,"player_choice":"Gather Gold","damage_taken":11,"max_hp_gain":0,"max_hp_loss":0,"event_name":"World of Goop","floor":13,"gold_loss":0},{"damage_healed":0,"gold_gain":0,"player_choice":"Got Potions","damage_taken":0,"max_hp_gain":0,"max_hp_loss":0,"event_name":"Lab","floor":19,"gold_loss":0},{"cards_removed":["Strike_B"],"damage_healed":0,"gold_gain":0,"player_choice":"Purged","damage_taken":0,"max_hp_gain":0,"max_hp_loss":0,"event_name":"Purifier","floor":27,"gold_loss":0},{"damage_healed":52,"gold_gain":0,"player_choice":"Heal","damage_taken":0,"max_hp_gain":0,"max_hp_loss":12,"event_name":"The Moai Head","floor":39,"gold_loss":0},{"damage_healed":0,"gold_gain":0,"player_choice":"Fight","damage_taken":0,"max_hp_gain":0,"max_hp_loss":0,"event_name":"Mysterious Sphere","floor":46,"gold_loss":0},{"damage_healed":0,"gold_gain":0,"player_choice":"Ignored","damage_taken":0,"max_hp_gain":0,"max_hp_loss":0,"event_name":"Tomb of Lord Red Mask","floor":47,"gold_loss":0}],"is_beta":false,"boss_relics":[{"not_picked":["Sozu","Inserter"],"picked":"Nuclear Battery"},{"not_picked":["Tiny House","SacredBark"],"picked":"SlaversCollar"}],"items_purged_floors":[20,31],"is_endless":false,"potions_floor_spawned":[4,14,21,22,29,30,38,42,44,46],"killed_by":"Reptomancer","ascension_level":20}}