{"host":"uv231blk40vjdojr","time":1610309318,"event":{"mods":["AchievementEnabler","BaseMod","Bestiary","Minty Spire (QoL Compilation)","Relic Stats"],"gold_per_floor":[113,113,113,134,150,186,186,220,220,0,75,27,51,75,75,203,203,218,237,39,53,76,76,109,109,109,34,34,55,55,55,55,55,55],"floor_reached":33,"playtime":1112,"items_purged":["Strike_R"],"score":300,"play_id":"ce63329d-c1bf-4856-9dc7-e4ad4eb936c0","local_time":"20210110210838","is_ascension_mode":false,"campfire_choices":[{"floor":15.0,"key":"REST"},{"data":"Armaments","floor":23.0,"key":"SMITH"},{"floor":25.0,"key":"REST"},{"data":"Armaments","floor":30,"key":"SMITH"},{"data":"Flame Barrier","floor":32,"key":"SMITH"}],"circlet_count":0,"master_deck":["Defend_R","Defend_R","Defend_R","Bash","Rampage","Defend_P","Blood for Blood","Dropkick","Battle Trance","Corruption","Cleave+1","Shrug It Off","Armaments+1","Flame Barrier+1","Dark Embrace+1","Bite","Bite","Bite","Bite","Bite","Armaments+1"],"relics":["Burning Blood","NeowsBlessing","Golden Idol","Happy Flower","Question Card","Anchor","TheAbacus","Cursed Key","ClockworkSouvenir","MealTicket"],"acts_visited":["Exordium","TheCity"],"potions_floor_usage":[33,33],"damage_taken":[{"damage":0.0,"enemies":"2 Louse","floor":1.0,"turns":1.0},{"damage":0.0,"enemies":"Small Slimes","floor":4.0,"turns":1.0},{"damage":0.0,"enemies":"Cultist","floor":5.0,"turns":1.0},{"damage":29.0,"enemies":"Lagavulin","floor":6.0,"turns":4.0},{"damage":38.0,"enemies":"3 Sentries","floor":8.0,"turns":9.0},{"damage":0.0,"enemies":"Exordium Wildlife","floor":13.0,"turns":5.0},{"damage":4.0,"enemies":"2 Fungi Beasts","floor":14.0,"turns":3.0},{"damage":26.0,"enemies":"Slime Boss","floor":16.0,"turns":7.0},{"damage":10.0,"enemies":"2 Thieves","floor":18.0,"turns":4.0},{"damage":8.0,"enemies":"Spheric Guardian","floor":19.0,"turns":4.0},{"damage":16.0,"enemies":"Snake Plant","floor":21.0,"turns":4.0},{"damage":15.0,"enemies":"3 Cultists","floor":22.0,"turns":7.0},{"damage":23.0,"enemies":"Book of Stabbing","floor":24.0,"turns":6.0},{"damage":9,"enemies":"Centurion and Healer","floor":29,"turns":5},{"damage":69,"enemies":"Automaton","floor":33,"turns":6}],"seed_played":"-3336171132828613061","potions_obtained":[{"floor":1.0,"key":"PowerPotion"},{"floor":6.0,"key":"Energy Potion"},{"floor":8.0,"key":"Fruit Juice"},{"floor":16.0,"key":"SkillPotion"},{"floor":22.0,"key":"FearPotion"},{"floor":24.0,"key":"Weak Potion"}],"is_trial":false,"path_per_floor":["M","?","?","M","M","E","?","E","T","$","?","$","M","M","R","B",null,"M","M","$","M","M","R","E","R","T","?","?","M","R","?","R","B"],"character_chosen":"IRONCLAD","items_purchased":["TheAbacus","PowerPotion","Armaments","ClockworkSouvenir"],"campfire_rested":2,"item_purchase_floors":[10,12,20,20],"current_hp_per_floor":[80,74,74,74,74,51,51,24,24,24,13,13,19,21,44,24,79,75,73,73,63,54,54,37,60,60,60,55,55,55,46,46,0,0],"gold":55,"neow_bonus":"THREE_ENEMY_KILL","is_daily":false,"chose_seed":false,"campfire_upgraded":3,"win_rate":0.0,"timestamp":1610309318,"path_taken":["M","?","?","M","?","E","?","E","T","$","?","$","?","M","R","BOSS","M","M","$","M","M","R","E","R","T","?","?","M","R","?","R","BOSS"],"items_purchased_type":["Relic","Potion","Card","Relic"],"build_version":"2020-12-22","purchased_purges":1,"victory":false,"max_hp_per_floor":[80,74,74,74,74,74,74,79,79,79,79,79,79,79,79,79,79,79,79,79,79,79,79,79,79,79,79,55,55,55,60,60,60,60],"relic_stats":{"TheAbacus":[108],"Happy Flower":[20],"counters":[15,67],"Golden Idol":83,"MealTicket":0,"Question Card":9,"Cursed Key":0,"obtain_stats":[{"Anchor":9,"TheAbacus":10,"NeowsBlessing":0,"Happy Flower":6,"Golden Idol":2,"MealTicket":24,"Question Card":8,"Cursed Key":17,"Burning Blood":0,"ClockworkSouvenir":20},{"Anchor":5,"TheAbacus":5,"NeowsBlessing":0,"Happy Flower":4,"Golden Idol":1,"MealTicket":13,"Question Card":5,"Cursed Key":8,"Burning Blood":0,"ClockworkSouvenir":10},{"Anchor":16,"TheAbacus":16,"NeowsBlessing":0,"Happy Flower":7,"Golden Idol":1,"MealTicket":56,"Question Card":16,"Cursed Key":31,"Burning Blood":0,"ClockworkSouvenir":39}],"Burning Blood":62},"card_choices":[{"not_picked":["Burning Pact","Body Slam"],"picked":"Rampage","floor":1.0},{"not_picked":["Armaments","Shockwave"],"picked":"Blood for Blood","floor":4.0},{"not_picked":["Heavy Blade","Hemokinesis"],"picked":"Dropkick","floor":5.0},{"not_picked":["True Grit","Thunderclap"],"picked":"Battle Trance","floor":6.0},{"not_picked":["Battle Trance","Thunderclap","Juggernaut"],"picked":"SKIP","floor":8.0},{"not_picked":["Flex","Headbutt","Hemokinesis","Dual Wield"],"picked":"SKIP","floor":13.0},{"not_picked":["Pommel Strike","Flex","Shrug It Off","Clothesline"],"picked":"SKIP","floor":14.0},{"not_picked":["Limit Break","Reaper","Offering"],"picked":"Corruption","floor":16.0},{"not_picked":["Hemokinesis","Clash+1","Flex"],"picked":"Cleave+1","floor":18.0},{"not_picked":["Anger","Warcry","Rage"],"picked":"Shrug It Off","floor":19.0},{"not_picked":["Anger","Twin Strike+1","True Grit"],"picked":"Flame Barrier","floor":21.0},{"not_picked":["Twin Strike","Shrug It Off","Cleave","Warcry"],"picked":"SKIP","floor":22.0},{"not_picked":["Berserk","Heavy Blade+1","Disarm"],"picked":"Dark Embrace+1","floor":24.0},{"not_picked":["Thunderclap","Pommel Strike+1","Rampage+1"],"picked":"Armaments","floor":29}],"player_experience":651778,"relics_obtained":[{"floor":6.0,"key":"Happy Flower"},{"floor":8.0,"key":"Question Card"},{"floor":9.0,"key":"Anchor"},{"floor":24.0,"key":"MealTicket"}],"event_choices":[{"damage_healed":0.0,"max_hp_gain":0.0,"max_hp_loss":6.0,"gold_gain":0.0,"event_name":"Golden Idol","player_choice":"Lose Max HP","floor":2.0,"gold_loss":0.0,"damage_taken":0.0,"relics_obtained":["Golden Idol"]},{"cards_removed":["Defend_R"],"damage_healed":0.0,"max_hp_gain":0.0,"max_hp_loss":0.0,"gold_gain":0.0,"event_name":"NoteForYourself","player_choice":"Took Card","floor":3.0,"gold_loss":0.0,"damage_taken":0.0,"cards_obtained":["Defend_P"]},{"damage_healed":0.0,"max_hp_gain":0.0,"max_hp_loss":0.0,"gold_gain":0.0,"event_name":"Liars Game","player_choice":"Ignored","floor":7.0,"gold_loss":0.0,"damage_taken":0.0},{"damage_healed":0.0,"max_hp_gain":0.0,"max_hp_loss":0.0,"gold_gain":75.0,"event_name":"World of Goop","player_choice":"Gather Gold","floor":11.0,"gold_loss":0.0,"damage_taken":11.0},{"cards_removed":["Strike_R"],"damage_healed":0,"gold_gain":0,"player_choice":"Gave Gold","damage_taken":0,"max_hp_gain":0,"max_hp_loss":0,"event_name":"Beggar","floor":27,"gold_loss":75},{"damage_healed":0,"gold_gain":0,"player_choice":"Became a vampire","damage_taken":0,"max_hp_gain":0,"max_hp_loss":24,"event_name":"Vampires","floor":28,"gold_loss":0,"cards_obtained":["Bite","Bite","Bite","Bite","Bite"]},{"damage_healed":0,"gold_gain":0,"player_choice":"Shed Blood","damage_taken":14,"max_hp_gain":5,"max_hp_loss":0,"event_name":"Forgotten Altar","floor":31,"gold_loss":0}],"is_beta":false,"boss_relics":[{"not_picked":["Sozu","Runic Cube"],"picked":"Cursed Key"}],"items_purged_floors":[10],"is_endless":false,"potions_floor_spawned":[1,6,8,16,22,24],"killed_by":"Automaton","ascension_level":0}}