{"host":"foq4mrde4mssg7vt","time":1610275023,"event":{"mods":["AchievementEnabler","BaseMod","Colored Map","Colored Powertips","Highlight Path","Minty Spire (QoL Compilation)","Relic Stats","everything is the same but u backflip on backflip"],"gold_per_floor":[118,128,147,158,158,158,173,173,173,173,59,74,24,49,49,120,120,134,134,59,78,91,91,126,140,164,175,192,203,203,46,46,125,125,136,204,215,215,215,241,241,241,315,315,330,363,64,78,78,78,78,78,31,63,63],"floor_reached":56,"playtime":2450,"items_purged":["Strike_R"],"score":2013,"play_id":"851cc049-d617-4762-a993-b1f74991c646","local_time":"20210110183703","is_ascension_mode":true,"campfire_choices":[{"data":"Armaments","floor":6.0,"key":"SMITH"},{"floor":8.0,"key":"REST"},{"data":"Whirlwind","floor":10.0,"key":"SMITH"},{"floor":15.0,"key":"REST"},{"data":"Fiend Fire","floor":23.0,"key":"SMITH"},{"data":"True Grit","floor":30.0,"key":"SMITH"},{"data":"Searing Blow","floor":32.0,"key":"SMITH"},{"data":"Limit Break","floor":42.0,"key":"SMITH"},{"floor":44.0,"key":"RECALL"},{"data":"Searing Blow+1","floor":49.0,"key":"SMITH"},{"data":"Rampage","floor":52.0,"key":"SMITH"}],"circlet_count":0,"master_deck":["AscendersBane","Bash","Whirlwind+1","Armaments+1","Pummel","Fiend Fire+1","Shrug It Off","Sentinel","Reaper","Reaper","Disarm","Uppercut","Rampage+1","Inflame","True Grit+1","Searing Blow+2","Limit Break+1","Power Through","Limit Break","Second Wind","Sword Boomerang","Dual Wield","Twin Strike","Uppercut","Shrug It Off+1","Impervious+1","Warcry+1","Exhume+1"],"relics":["Runic Pyramid","Gremlin Horn","Ornamental Fan","Art of War","Coffee Dripper","Red Skull","Lantern","Pandora\u0027s Box","Bottled Lightning","PreservedInsect","Toxic Egg 2","ClockworkSouvenir","Nunchaku"],"acts_visited":["Exordium","TheCity","TheBeyond","TheEnding"],"potions_floor_usage":[55,55],"damage_taken":[{"damage":1.0,"enemies":"Cultist","floor":1.0,"turns":3.0},{"damage":8.0,"enemies":"Small Slimes","floor":2.0,"turns":4.0},{"damage":1.0,"enemies":"Jaw Worm","floor":3.0,"turns":6.0},{"damage":24.0,"enemies":"Gremlin Gang","floor":4.0,"turns":15.0},{"damage":11.0,"enemies":"Red Slaver","floor":7.0,"turns":4.0},{"damage":9.0,"enemies":"3 Louse","floor":12.0,"turns":2.0},{"damage":0.0,"enemies":"Lagavulin","floor":14.0,"turns":4.0},{"damage":0.0,"enemies":"Slime Boss","floor":16.0,"turns":5.0},{"damage":5.0,"enemies":"3 Byrds","floor":18.0,"turns":4.0},{"damage":30.0,"enemies":"2 Thieves","floor":21.0,"turns":4.0},{"damage":0.0,"enemies":"Centurion and Healer","floor":22.0,"turns":6.0},{"damage":30.0,"enemies":"Gremlin Leader","floor":24.0,"turns":5.0},{"damage":7.0,"enemies":"Chosen and Byrds","floor":25.0,"turns":3.0},{"damage":0.0,"enemies":"3 Cultists","floor":27.0,"turns":2.0},{"damage":4.0,"enemies":"Snecko","floor":28.0,"turns":4.0},{"damage":15.0,"enemies":"Centurion and Healer","floor":29.0,"turns":6.0},{"damage":81.0,"enemies":"Automaton","floor":33.0,"turns":10.0},{"damage":51.0,"enemies":"3 Darklings","floor":35.0,"turns":5.0},{"damage":0.0,"enemies":"Orb Walker","floor":37.0,"turns":2.0},{"damage":34.0,"enemies":"Reptomancer","floor":40.0,"turns":3.0},{"damage":96.0,"enemies":"Jaw Worm Horde","floor":45.0,"turns":5.0},{"damage":8.0,"enemies":"Nemesis","floor":46.0,"turns":5.0},{"damage":22.0,"enemies":"Transient","floor":48.0,"turns":5.0},{"damage":109.0,"enemies":"Donu and Deca","floor":50.0,"turns":8.0},{"damage":103.0,"enemies":"Shield and Spear","floor":54.0,"turns":7.0},{"damage":124,"enemies":"The Heart","floor":55,"turns":10}],"seed_played":"2890252779833844065","potions_obtained":[{"floor":1.0,"key":"EssenceOfSteel"},{"floor":4.0,"key":"ColorlessPotion"},{"floor":7.0,"key":"CultistPotion"},{"floor":22.0,"key":"Fruit Juice"},{"floor":24.0,"key":"LiquidMemories"},{"floor":35.0,"key":"PowerPotion"},{"floor":40.0,"key":"HeartOfIron"},{"floor":46.0,"key":"AttackPotion"},{"floor":54.0,"key":"Fire Potion"}],"is_trial":false,"path_per_floor":["M","M","M","M","?","R","M","R","T","R","$","M","?","E","R","B",null,"M","?","$","M","M","R","E","M","T","M","M","M","R","$","R","B",null,"M","T","M","?","?","E","?","R","T","R","M","E","$","M","R","B",null,"R","$","E","B",null],"character_chosen":"IRONCLAD","items_purchased":["Fiend Fire","Shrug It Off","Disarm","Searing Blow","Impervious+1","ClockworkSouvenir","Warcry+1"],"campfire_rested":2,"item_purchase_floors":[11,11,20,31,47,47,53],"current_hp_per_floor":[67,59,58,34,23,23,12,34,34,34,34,25,25,25,47,47,68,63,63,63,59,72,72,75,75,75,75,75,72,72,72,72,27,63,80,80,80,80,80,80,90,90,90,90,71,73,73,58,58,90,90,90,90,38,12],"gold":63,"neow_bonus":"BOSS_RELIC","is_daily":false,"chose_seed":false,"campfire_upgraded":8,"win_rate":0.0,"timestamp":1610275023,"path_taken":["M","M","M","M","?","R","M","R","T","R","$","M","?","E","R","BOSS","M","?","$","M","?","R","E","M","T","?","M","M","R","$","R","BOSS","M","?","M","?","?","E","?","R","T","R","M","E","$","?","R","BOSS","R","$","E","BOSS"],"items_purchased_type":["Card","Card","Card","Card","Card","Relic","Card"],"build_version":"2020-12-22","purchased_purges":1,"victory":true,"max_hp_per_floor":[75,75,75,75,75,75,75,75,75,75,75,75,75,75,75,75,75,75,75,75,75,75,75,75,75,75,75,75,75,75,75,75,75,75,80,80,80,80,80,80,90,90,90,90,90,90,90,90,90,90,90,90,90,90,90],"relic_stats":{"Nunchaku":[1],"Gremlin Horn":[18,18],"counters":[26,137],"Ornamental Fan":[76],"Pandora\u0027s Box":["Power Through","Limit Break","Bludgeon","Second Wind","Sword Boomerang","Dual Wield","Twin Strike","Uppercut"],"PreservedInsect":127,"Art of War":[11],"obtain_stats":[{"Lantern":26,"Gremlin Horn":5,"PreservedInsect":40,"Burning Blood":0,"ClockworkSouvenir":47,"Nunchaku":54,"Ornamental Fan":9,"Pandora\u0027s Box":34,"Art of War":14,"Coffee Dripper":17,"Bottled Lightning":36,"Toxic Egg 2":46,"Red Skull":24,"Runic Pyramid":0},{"Lantern":13,"Gremlin Horn":4,"PreservedInsect":20,"Burning Blood":0,"ClockworkSouvenir":22,"Nunchaku":25,"Ornamental Fan":5,"Pandora\u0027s Box":17,"Art of War":7,"Coffee Dripper":8,"Bottled Lightning":18,"Toxic Egg 2":22,"Red Skull":12,"Runic Pyramid":0},{"Lantern":65,"Gremlin Horn":28,"PreservedInsect":97,"Burning Blood":0,"ClockworkSouvenir":107,"Nunchaku":127,"Ornamental Fan":32,"Pandora\u0027s Box":87,"Art of War":38,"Coffee Dripper":43,"Bottled Lightning":92,"Toxic Egg 2":107,"Red Skull":62,"Runic Pyramid":0}]},"card_choices":[{"not_picked":["Headbutt","Sword Boomerang"],"picked":"Whirlwind","floor":1.0},{"not_picked":["Twin Strike","Havoc"],"picked":"Armaments","floor":2.0},{"not_picked":["Second Wind","Dark Embrace"],"picked":"Shockwave","floor":3.0},{"not_picked":["Entrench","Perfected Strike"],"picked":"Pummel","floor":4.0},{"not_picked":["Armaments","Second Wind","Clothesline"],"picked":"SKIP","floor":7.0},{"not_picked":["Anger","Body Slam","Pommel Strike"],"picked":"SKIP","floor":12.0},{"not_picked":["Infernal Blade","Thunderclap"],"picked":"Sentinel","floor":14.0},{"not_picked":["Juggernaut","Offering"],"picked":"Reaper","floor":16.0},{"not_picked":["Anger","Sentinel","Heavy Blade"],"picked":"SKIP","floor":18.0},{"not_picked":["Shrug It Off","Ghostly Armor","Hemokinesis"],"picked":"SKIP","floor":21.0},{"not_picked":["Disarm","Twin Strike"],"picked":"Uppercut","floor":22.0},{"not_picked":["Shrug It Off","Heavy Blade"],"picked":"Rampage","floor":24.0},{"not_picked":["Armaments+1","Sword Boomerang","Clash"],"picked":"SKIP","floor":25.0},{"not_picked":["Sword Boomerang","Hemokinesis"],"picked":"Inflame","floor":27.0},{"not_picked":["Intimidate+1","Thunderclap","Combust"],"picked":"SKIP","floor":28.0},{"not_picked":["Thunderclap","Immolate"],"picked":"True Grit","floor":29.0},{"not_picked":["Barricade","Immolate"],"picked":"Limit Break","floor":33.0},{"not_picked":["Rage","True Grit"],"picked":"Shrug It Off+1","floor":35.0},{"not_picked":["Entrench+1","Battle Trance+1","Flex"],"picked":"SKIP","floor":37.0},{"not_picked":["Body Slam","Clash","Armaments+1"],"picked":"SKIP","floor":40.0},{"not_picked":["Iron Wave","Whirlwind","Thunderclap"],"picked":"SKIP","floor":45.0},{"not_picked":["Sentinel+1","Sword Boomerang","Cleave+1"],"picked":"SKIP","floor":46.0},{"not_picked":["Ghostly Armor+1","Flex+1","Shrug It Off+1"],"picked":"SKIP","floor":48.0},{"not_picked":["Rampage","Warcry+1"],"picked":"Exhume+1","floor":54.0}],"player_experience":438579,"relics_obtained":[{"floor":9.0,"key":"Ornamental Fan"},{"floor":14.0,"key":"Art of War"},{"floor":24.0,"key":"Red Skull"},{"floor":26.0,"key":"Lantern"},{"floor":36.0,"key":"Bottled Lightning"},{"floor":40.0,"key":"PreservedInsect"},{"floor":46.0,"key":"Toxic Egg 2"},{"floor":54.0,"key":"Nunchaku"}],"event_choices":[{"damage_healed":0.0,"max_hp_gain":0.0,"max_hp_loss":0.0,"gold_gain":0.0,"event_name":"Scrap Ooze","player_choice":"Success","floor":5.0,"gold_loss":0.0,"damage_taken":11.0,"relics_obtained":["Gremlin Horn"]},{"damage_healed":0.0,"max_hp_gain":0.0,"max_hp_loss":0.0,"gold_gain":0.0,"event_name":"World of Goop","player_choice":"Left Gold","floor":13.0,"gold_loss":50.0,"damage_taken":0.0},{"damage_healed":0.0,"max_hp_gain":0.0,"max_hp_loss":0.0,"gold_gain":0.0,"event_name":"Duplicator","player_choice":"Copied","floor":19.0,"gold_loss":0.0,"damage_taken":0.0,"cards_obtained":["Reaper"]},{"damage_healed":0.0,"max_hp_gain":0.0,"max_hp_loss":0.0,"gold_gain":0.0,"event_name":"Tomb of Lord Red Mask","player_choice":"Ignored","floor":38.0,"gold_loss":0.0,"damage_taken":0.0},{"cards_removed":["Shockwave"],"damage_healed":0.0,"max_hp_gain":0.0,"max_hp_loss":0.0,"gold_gain":0.0,"event_name":"Falling","player_choice":"Removed Skill","floor":39.0,"gold_loss":0.0,"damage_taken":0.0},{"cards_removed":["Bludgeon"],"damage_healed":0.0,"max_hp_gain":10.0,"max_hp_loss":0.0,"gold_gain":0.0,"event_name":"Bonfire Elementals","player_choice":"Offered Rare","floor":41.0,"gold_loss":0.0,"damage_taken":0.0}],"is_beta":false,"boss_relics":[{"not_picked":["Ectoplasm","Runic Cube"],"picked":"Coffee Dripper"},{"not_picked":["Velvet Choker","Snecko Eye"],"picked":"Pandora\u0027s Box"}],"items_purged_floors":[31],"is_endless":false,"potions_floor_spawned":[1,4,7,14,18,22,24,29,35,40,46,48,54],"ascension_level":15}}