{"host":"40gggw0x72bpm5se","time":1610322835,"event":{"mods":["Act Like it!","Aspiration","BaseMod","Better Vampires","Colored Map","Conspire","Friendly Minions","Gensokyo","GungeonMod","Hallownest","Infinite Spire","Library of Ruina","Library of Ruina Extra","Lobotomy","LobotomyExtend","Minty Spire (QoL Compilation)","Quarter Circle Forward PUNCH!","Quick Restart","Reimu£¨²©ÀöÁéÃÎ£©","Relic Stats","Replay The Spire","RumiaBox-Â¶Ã×æ«µÄÉñÃØºÐ×Ó","Shop Mod","Spicy Shops","StSLib","The Alterego","UnlockEverythingMod","Waifu the Spire","[IsaacMod]ÒÔÈö¼âËþ","vexMod","¡¾¹¦ÄÜMod¡¿»ìãçÖ®»·ÐÞ¸´²¹¶¡","¡¾ÒÅÎï¿¨ÅÆ¡¿REMEMod"],"gold_per_floor":[14,14,26,26,126,154,174,25,25,0,0,16,16,-48,-48,54,54,68,79,97,22,22,22],"floor_reached":22,"playtime":1030,"items_purged":[],"score":261,"play_id":"09132215-561d-47bc-8729-51c82cbf3d2e","local_time":"20210111075355","is_ascension_mode":false,"campfire_choices":[{"floor":13.0,"key":"RECALL"},{"data":"alterego_mod:Birthday","floor":15.0,"key":"SMITH"}],"circlet_count":0,"master_deck":["alterego_mod:Strike","alterego_mod:Strike","alterego_mod:Strike","alterego_mod:Defend","alterego_mod:Defend","alterego_mod:Defend","alterego_mod:Impale","alterego_mod:BigMeatyClaws","alterego_mod:BrynhildrsRune","DoctorFetus","REME_HeartOfCthun","alterego_mod:BustOut","alterego_mod:IndependentAction","alterego_mod:Rip","alterego_mod:SakuraPetals","alterego_mod:IdEs","alterego_mod:Birthday+1","alterego_mod:Support","alterego_mod:AlterEgo","alterego_mod:STier","alterego_mod:Birthday","alterego_mod:Stockings+1"],"relics":["alterego_mod:MasochisticConstitution","HushsDoor","REME_ComplimentaryCards","YumHeart","Thread and Needle","LetterFromLob","Pet Ghost","infinitespire:Lucky Rock","Omamori","Hallownest:DreamNailRelic","LetterFromLob","aspiration:RandomNobGenerator","Baka2"],"acts_visited":["Hallownest:Greenpath","TheCity"],"potions_floor_usage":[22],"damage_taken":[{"damage":0.0,"enemies":"Hallownest:monsterHuskGuard","floor":1.0,"turns":5.0},{"damage":0.0,"enemies":"Hallownest:2_Baldur","floor":3.0,"turns":2.0},{"damage":5.0,"enemies":"Hallownest:eliteVengeflyKing","floor":6.0,"turns":6.0},{"damage":0.0,"enemies":"Hallownest:2_Tiktiks_and_1_Crawlid","floor":7.0,"turns":2.0},{"damage":0.0,"enemies":"Hallownest:Guard_and_Warrior","floor":12.0,"turns":4.0},{"damage":0.0,"enemies":"Hallownest:MossCreep_and_Mosskin","floor":14.0,"turns":5.0},{"damage":39.0,"enemies":"Hallownest:BossHornet","floor":16.0,"turns":9.0},{"damage":23.0,"enemies":"3 Byrds","floor":18.0,"turns":3.0},{"damage":2.0,"enemies":"Spheric Guardian","floor":19.0,"turns":3.0},{"damage":41.0,"enemies":"3 Cultists","floor":20.0,"turns":3.0},{"damage":42,"enemies":"Snecko","floor":22,"turns":4}],"seed_played":"-8192746399345055819","potions_obtained":[{"floor":6.0,"key":"LiquidBronze"},{"floor":7.0,"key":"LiquidMemories"},{"floor":12.0,"key":"EssenceOfSteel"},{"floor":16.0,"key":"Adrenaline Potion"},{"floor":18.0,"key":"GrandPatriotsElixir:ReiMu"}],"is_trial":false,"path_per_floor":["M","?","M","?","?","E","M","$","T","?","?","M","R","M","R","B",null,"M","M","M","?","M"],"character_chosen":"The_Alterego","items_purchased":["infinitespire:Lucky Rock"],"campfire_rested":0,"item_purchase_floors":[8],"current_hp_per_floor":[70,70,70,80,80,76,83,83,83,83,83,83,83,92,92,67,102,80,82,74,74,50,50],"gold":22,"neow_bonus":"ONE_RARE_RELIC","is_daily":false,"chose_seed":false,"campfire_upgraded":1,"win_rate":0.0,"timestamp":1610322835,"path_taken":["M","?","?","?","?","E","M","?","T","?","?","M","R","M","R","BOSS","M","M","?","?","?"],"items_purchased_type":["Relic"],"build_version":"2020-12-22","purchased_purges":0,"victory":false,"max_hp_per_floor":[70,70,100,100,100,101,101,101,101,101,101,101,101,101,101,102,102,103,104,105,105,105,105],"relic_stats":{"counters":[11,46],"obtain_stats":[{"KeepersGift":0,"alterego_mod:MasochisticConstitution":0,"Thread and Needle":0,"DemoMod:GlassGuonStoneRelic":3,"Baka":1,"Omamori":9,"Hallownest:DreamNailRelic":11,"aspiration:RandomNobGenerator":17,"infinitespire:Lucky Rock":8,"Pet Ghost":6,"YumHeart":0,"Baka2":20,"LetterFromLob":1,"HushsDoor":0,"REME_ComplimentaryCards":0},{"KeepersGift":0,"alterego_mod:MasochisticConstitution":0,"Thread and Needle":0,"DemoMod:GlassGuonStoneRelic":2,"Baka":1,"Omamori":4,"Hallownest:DreamNailRelic":4,"aspiration:RandomNobGenerator":7,"infinitespire:Lucky Rock":4,"Pet Ghost":3,"YumHeart":0,"Baka2":10,"LetterFromLob":1,"HushsDoor":0,"REME_ComplimentaryCards":0},{"KeepersGift":0,"alterego_mod:MasochisticConstitution":0,"Thread and Needle":0,"DemoMod:GlassGuonStoneRelic":7,"Baka":5,"Omamori":15,"Hallownest:DreamNailRelic":15,"aspiration:RandomNobGenerator":33,"infinitespire:Lucky Rock":15,"Pet Ghost":13,"YumHeart":0,"Baka2":42,"LetterFromLob":5,"HushsDoor":0,"REME_ComplimentaryCards":0}]},"card_choices":[{"not_picked":[],"picked":"DoctorFetus","floor":0.0},{"not_picked":["alterego_mod:BiFurious","alterego_mod:VirginLaserPalladion"],"picked":"alterego_mod:BustOut","floor":1.0},{"not_picked":["alterego_mod:BiFurious","alterego_mod:Pet"],"picked":"alterego_mod:IndependentAction","floor":3.0},{"not_picked":["alterego_mod:Pet","alterego_mod:Cushion"],"picked":"alterego_mod:Rip","floor":5.0},{"not_picked":["alterego_mod:Clap","alterego_mod:Crossover"],"picked":"alterego_mod:SakuraPetals","floor":6.0},{"not_picked":["alterego_mod:DestructionOfProperty","alterego_mod:GoddessCore"],"picked":"alterego_mod:IdEs","floor":7.0},{"not_picked":["alterego_mod:Table","alterego_mod:TrashNCrash"],"picked":"alterego_mod:Birthday","floor":12.0},{"not_picked":["alterego_mod:Lingerie","alterego_mod:Complex"],"picked":"alterego_mod:Support","floor":14.0},{"not_picked":["alterego_mod:Venus","alterego_mod:Rake"],"picked":"alterego_mod:AlterEgo","floor":16.0},{"not_picked":["alterego_mod:Pet+1","alterego_mod:Collar"],"picked":"alterego_mod:STier","floor":18.0},{"not_picked":["alterego_mod:SakuraLabyrinth","alterego_mod:MagicResistance+1"],"picked":"alterego_mod:Birthday","floor":19.0},{"not_picked":["alterego_mod:Cycle","alterego_mod:BeGentle"],"picked":"alterego_mod:Stockings+1","floor":20.0}],"player_experience":29459,"relics_obtained":[{"floor":1.0,"key":"Baka"},{"floor":1.0,"key":"LetterFromLob"},{"floor":6.0,"key":"Pet Ghost"},{"floor":9.0,"key":"Omamori"},{"floor":14.0,"key":"LetterFromLob"},{"floor":20.0,"key":"Baka2"}],"event_choices":[{"cards_removed":["alterego_mod:Strike"],"damage_healed":0.0,"max_hp_gain":0.0,"max_hp_loss":0.0,"gold_gain":0.0,"event_name":"Beggar","player_choice":"Gave Gold","floor":21.0,"gold_loss":75.0,"damage_taken":0.0}],"is_beta":false,"boss_relics":[{"not_picked":["Ectoplasm","REME_LowDesire"],"picked":"aspiration:RandomNobGenerator"},{"not_picked":[]}],"items_purged_floors":[],"is_endless":false,"potions_floor_spawned":[6,7,12,16,18],"killed_by":"Snecko","ascension_level":0}}