{"host":"0vlubjftylzdr3ny","time":1610306474,"event":{"mods":["Always Whale","BaseMod","GifTheSpireLib","Minty Spire (QoL Compilation)","Relic Filter","StSLib","Stuff the Spire"],"gold_per_floor":[119,119,134,114,39,70,70,83,83,83,102,102,2,14,14,118,118,135,155,80,94,94,94,129,4,31,44,56,91,107,125,125,223,223,241,261,273,288,17,46,46,0,78,78,103,103,103,114,114,114],"floor_reached":51,"playtime":2797,"items_purged":["Strike_G","Defend_G","StuffTheSpire:GnomedCurse"],"score":774,"play_id":"63962d81-45a1-4e8d-ba64-4d48b4f2cdb7","local_time":"20210110202114","is_ascension_mode":false,"campfire_choices":[{"data":"Neutralize","floor":7,"key":"SMITH"},{"data":"Noxious Fumes","floor":10,"key":"SMITH"},{"data":"Dodge and Roll","floor":12,"key":"SMITH"},{"data":"Predator","floor":15,"key":"SMITH"},{"data":"Choke","floor":23,"key":"SMITH"},{"data":"Survivor","floor":32,"key":"SMITH"},{"data":"Malaise","floor":41,"key":"SMITH"},{"data":"After Image","floor":44,"key":"SMITH"},{"data":"StuffTheSpire:BumpUp","floor":46,"key":"SMITH"},{"data":"Adrenaline","floor":49,"key":"SMITH"}],"circlet_count":0,"master_deck":["Strike_G","Defend_G+1","Defend_G+1","Survivor+1","Neutralize+1","Predator+1","Choke+1","Noxious Fumes+1","Dodge and Roll+1","After Image+1","Backstab","Clumsy","Adrenaline+1","Blur+1","Masterful Stab","Cloak And Dagger+1","Malaise+1","StuffTheSpire:BumpUp+1","Backflip+1","StuffTheSpire:BumpUp+1","Shame","Secret Weapon"],"relics":["Ring of the Snake","Toy Ornithopter","Bottled Tornado","Cursed Key","Potion Belt","Bag of Preparation","War Paint","White Beast Statue","Empty Cage","Kunai","Anchor","Red Mask","Bottled Flame","StuffTheSpire:Barrel"],"acts_visited":["Exordium","TheCity","TheBeyond"],"potions_floor_usage":[6,16,33,33,33,37,38,40,50,50,50,50],"damage_taken":[{"damage":0,"enemies":"Small Slimes","floor":1,"turns":3},{"damage":3,"enemies":"Jaw Worm","floor":3,"turns":3},{"damage":42,"enemies":"3 Sentries","floor":6,"turns":14},{"damage":0,"enemies":"Cultist","floor":8,"turns":3},{"damage":0,"enemies":"Blue Slaver","floor":11,"turns":4},{"damage":0,"enemies":"Exordium Wildlife","floor":14,"turns":4},{"damage":16,"enemies":"Slime Boss","floor":16,"turns":9},{"damage":2,"enemies":"Shell Parasite","floor":18,"turns":6},{"damage":0,"enemies":"Spheric Guardian","floor":19,"turns":5},{"damage":0,"enemies":"Snecko","floor":21,"turns":4},{"damage":0,"enemies":"Book of Stabbing","floor":24,"turns":6},{"damage":0,"enemies":"Cultist and Chosen","floor":27,"turns":5},{"damage":7,"enemies":"Snake Plant","floor":28,"turns":5},{"damage":8,"enemies":"Gremlin Leader","floor":29,"turns":6},{"damage":0,"enemies":"Sentry and Sphere","floor":30,"turns":5},{"damage":0,"enemies":"Cultist and Chosen","floor":31,"turns":6},{"damage":2,"enemies":"Automaton","floor":33,"turns":9},{"damage":0,"enemies":"3 Shapes","floor":35,"turns":5},{"damage":0,"enemies":"Orb Walker","floor":36,"turns":3},{"damage":0,"enemies":"Transient","floor":37,"turns":5},{"damage":0,"enemies":"4 Shapes","floor":38,"turns":4},{"damage":0,"enemies":"Reptomancer","floor":40,"turns":7},{"damage":5,"enemies":"Giant Head","floor":45,"turns":10},{"damage":0,"enemies":"Writhing Mass","floor":48,"turns":6},{"damage":21,"enemies":"Donu and Deca","floor":50,"turns":9}],"seed_played":"-8953866397201235690","potions_obtained":[{"floor":4,"key":"Fruit Juice"},{"floor":6,"key":"Poison Potion"},{"floor":8,"key":"Dexterity Potion"},{"floor":16,"key":"Regen Potion"},{"floor":19,"key":"LiquidMemories"},{"floor":27,"key":"BlessingOfTheForge"},{"floor":30,"key":"Strength Potion"},{"floor":33,"key":"Explosive Potion"},{"floor":35,"key":"AttackPotion"},{"floor":36,"key":"Explosive Potion"},{"floor":37,"key":"Poison Potion"},{"floor":38,"key":"Block Potion"},{"floor":40,"key":"Explosive Potion"},{"floor":45,"key":"Block Potion"}],"is_trial":false,"path_per_floor":["M","?","M","?","$","E","R","M","T","R","M","R","$","M","R","B",null,"M","M","?","M","T","R","E","$","T","M","M","E","M","M","R","B",null,"M","M","M","M","$","E","R","?","T","R","E","R","?","M","R","B",null],"character_chosen":"THE_SILENT","items_purchased":["Kunai","StuffTheSpire:BumpUp"],"campfire_rested":0,"item_purchase_floors":[39,39],"current_hp_per_floor":[70,70,67,67,67,30,30,30,30,30,30,30,30,30,30,19,75,73,73,73,73,73,73,73,73,73,73,66,58,58,58,58,71,75,75,75,75,75,75,75,75,75,75,75,70,70,70,70,70,54],"gold":114,"neow_bonus":"REMOVE_CARD","is_daily":false,"chose_seed":false,"campfire_upgraded":10,"win_rate":0.0,"timestamp":1610306474,"path_taken":["M","?","M","?","$","E","R","M","T","R","M","R","$","M","R","BOSS","M","?","?","M","?","R","E","?","T","M","M","E","?","M","R","BOSS","M","?","M","M","$","E","R","?","T","R","E","R","?","M","R","BOSS"],"items_purchased_type":["Relic","Card"],"build_version":"2020-12-22","purchased_purges":3,"victory":true,"max_hp_per_floor":[70,70,70,70,70,75,75,75,75,75,75,75,75,75,75,75,75,75,75,75,75,75,75,75,75,75,75,75,75,75,75,75,75,75,75,75,75,75,75,75,75,75,75,75,75,75,75,75,75,75],"card_choices":[{"not_picked":["Deflect","StuffTheSpire:BumpUp"],"picked":"Predator","floor":1},{"not_picked":["Poisoned Stab","Distraction","Dash"],"picked":"SKIP","floor":3},{"not_picked":["Reflex","Deadly Poison"],"picked":"Noxious Fumes","floor":6},{"not_picked":["Bane","Dodge and Roll","Heel Hook"],"picked":"SKIP","floor":8},{"not_picked":["Quick Slash","Finisher"],"picked":"Dodge and Roll","floor":11},{"not_picked":["Skewer","Bane","Backflip"],"picked":"SKIP","floor":14},{"not_picked":["Malaise","Corpse Explosion"],"picked":"After Image","floor":16},{"not_picked":["Dodge and Roll","Acrobatics","Underhanded Strike"],"picked":"SKIP","floor":18},{"not_picked":["Eviscerate","Deadly Poison","Blade Dance"],"picked":"SKIP","floor":19},{"not_picked":["StuffTheSpire:Incursion","Outmaneuver","Underhanded Strike"],"picked":"SKIP","floor":21},{"not_picked":["PiercingWail+1","Backflip"],"picked":"Backstab","floor":24},{"not_picked":["Skewer+1","StuffTheSpire:Incursion"],"picked":"Adrenaline","floor":27},{"not_picked":["Finisher","Choke","Eviscerate"],"picked":"SKIP","floor":28},{"not_picked":["Noxious Fumes+1","Dagger Throw"],"picked":"Blur+1","floor":29},{"not_picked":["Flying Knee+1","Bouncing Flask+1"],"picked":"Masterful Stab","floor":30},{"not_picked":["Infinite Blades","StuffTheSpire:Sprint+1"],"picked":"Cloak And Dagger+1","floor":31},{"not_picked":["Night Terror","Die Die Die"],"picked":"Malaise","floor":33},{"not_picked":["Acrobatics+1","StuffTheSpire:ClusterCrunch+1","Sucker Punch"],"picked":"SKIP","floor":35},{"not_picked":["Underhanded Strike+1","Sucker Punch"],"picked":"StuffTheSpire:BumpUp+1","floor":36},{"not_picked":["StuffTheSpire:Python","StuffTheSpire:Injection"],"picked":"Backflip+1","floor":37},{"not_picked":["Deflect","Underhanded Strike+1","Bane"],"picked":"SKIP","floor":38},{"not_picked":["Deadly Poison","Slice+1","Bane"],"picked":"SKIP","floor":40},{"not_picked":["StuffTheSpire:Injection","Unload","StuffTheSpire:FinalStruggle"],"picked":"SKIP","floor":45},{"not_picked":["Good Instincts","StuffTheSpire:PlasmaPulse"],"picked":"Secret Weapon","floor":47},{"not_picked":["Outmaneuver","Backflip","Slice"],"picked":"SKIP","floor":48}],"player_experience":805520,"relics_obtained":[{"floor":6,"key":"Toy Ornithopter"},{"floor":9,"key":"Bottled Tornado"},{"floor":22,"key":"Potion Belt"},{"floor":24,"key":"Bag of Preparation"},{"floor":26,"key":"War Paint"},{"floor":29,"key":"White Beast Statue"},{"floor":40,"key":"Anchor"},{"floor":43,"key":"Bottled Flame"},{"floor":45,"key":"StuffTheSpire:Barrel"}],"event_choices":[{"damage_healed":0,"gold_gain":0,"cards_transformed":["Strike_G"],"player_choice":"Change","damage_taken":0,"max_hp_gain":0,"max_hp_loss":0,"event_name":"Living Wall","floor":2,"gold_loss":0,"cards_obtained":["Choke"]},{"damage_healed":0,"gold_gain":0,"player_choice":"Bought 1 Potion","damage_taken":0,"max_hp_gain":0,"max_hp_loss":0,"event_name":"The Woman in Blue","floor":4,"gold_loss":0},{"cards_removed":["Defend_G"],"damage_healed":0,"gold_gain":0,"player_choice":"Gave Gold","damage_taken":0,"max_hp_gain":0,"max_hp_loss":0,"event_name":"Beggar","floor":20,"gold_loss":75},{"damage_healed":0,"gold_gain":0,"player_choice":"Paid","damage_taken":0,"relics_obtained":["Red Mask"],"max_hp_gain":0,"max_hp_loss":0,"event_name":"Tomb of Lord Red Mask","floor":42,"gold_loss":46},{"damage_healed":0,"gold_gain":0,"player_choice":"Memory 1","damage_taken":0,"max_hp_gain":0,"max_hp_loss":0,"event_name":"SensoryStone","floor":47,"gold_loss":0}],"is_beta":false,"boss_relics":[{"not_picked":["WristBlade","Astrolabe"],"picked":"Cursed Key"},{"not_picked":["Black Star","Velvet Choker"],"picked":"Empty Cage"}],"items_purged_floors":[5,13,25],"is_endless":false,"potions_floor_spawned":[6,8,16,19,21,27,30,31,33,35,36,37,38,40,45,48],"ascension_level":0}}