{"host":"874fb0d5vod5mibr","time":1610279653,"event":{"mods":["BaseMod","Colored Map","Downfall","Duelist Mod","KinomotoSakuraMod(ƒæ÷Æ±æ”£)","KomeijiMod","Lobotomy","Marisa£®ÏF”Í°°ƒß¿Ì…≥£©","Minty Spire (QoL Compilation)","Reimu£®≤©¿ˆ¡È√Œ£©","Remilia£®¿Ÿ√◊¿Ú—«£©","Replay The Spire","StSLib","The Administrix","The Bug Knight","The Construct","The Cursed","The Runesmith","The Servant 0.9.4","Waifu the Spire","WarShipGirlsR/’ΩΩ¢…Ÿ≈ÆR mod","Youmu£®ªÍ∆«—˝√Œ£©","Yuyuko","[IsaacMod]“‘»ˆº‚À˛","vexMod"],"gold_per_floor":[110,123,48,63,113,113,136,149,176,176,208,21,54,54,54,155,155,169,169,185,195,195,195],"floor_reached":22,"playtime":1952,"items_purged":["Defend_G"],"score":194,"play_id":"5382c5f4-26f4-4528-bf19-d919aeb5b818","local_time":"20210110195413","is_ascension_mode":false,"campfire_choices":[{"floor":6,"key":"REST"},{"floor":10,"key":"RECALL"},{"floor":15,"key":"DIG"}],"circlet_count":0,"master_deck":["Strike_G","Strike_G","Strike_G","Defend_G+1","Defend_G+1","Defend_G","Neutralize","EpicFetus","Distraction","Flying Knee","Terror","Blade Dance","Die Die Die","Master of Strategy","Iron Wave","Envenom","Deflect+1","Skewer+1","Well Laid Plans+1","Metamorphosis","expansioncontent:AwakenDeath","Poison Darts","Pride","Malaise","Backstab"],"relics":["HushsDoor","construct:ClawGrip","PokeGo","Lantern","Replay:Bottled Steam","Simple Rune","Snake Skull","Vampiric Spirits","Potion Belt","Astrolabe","GuppysTail","GreatHeart"],"acts_visited":["Exordium","TheCity"],"potions_floor_usage":[8,16,20,21],"damage_taken":[{"damage":0,"enemies":"Cultist","floor":1,"turns":4},{"damage":5,"enemies":"2 Louse","floor":2,"turns":2},{"damage":1,"enemies":"Jaw Worm","floor":4,"turns":3},{"damage":49,"enemies":"Hiden Room Battle","floor":5,"turns":6},{"damage":5,"enemies":"Lots of Slimes","floor":8,"turns":3},{"damage":5,"enemies":"Lagavulin","floor":11,"turns":4},{"damage":1,"enemies":"3 Sentries","floor":13,"turns":3},{"damage":13,"enemies":"Hexaghost","floor":16,"turns":9},{"damage":21,"enemies":"Shell Parasite","floor":18,"turns":5},{"damage":4,"enemies":"Snake Plant","floor":20,"turns":4},{"damage":22,"enemies":"3 Cultists","floor":21,"turns":4},{"damage":10,"enemies":"Cultist and Chosen","floor":22,"turns":1}],"seed_played":"-5746947904981815804","potions_obtained":[{"floor":1,"key":"SpeedPotion"},{"floor":5,"key":"Toxic Potion"},{"floor":16,"key":"Languid Potion"},{"floor":20,"key":"Milkshake"}],"is_trial":false,"path_per_floor":["M","M","$","M","?","R","T","M","T","R","E","$","E","?","R_BF","B",null,"M","?","M","M","M"],"character_chosen":"THE_SILENT","items_purchased":["Master of Strategy","GuppysTail","Metamorphosis","expansioncontent:AwakenDeath","Poison Darts"],"campfire_rested":1,"item_purchase_floors":[12,17,17,17,17],"current_hp_per_floor":[70,65,65,64,15,36,36,31,31,31,26,26,25,25,25,17,51,30,30,26,6,0,0],"gold":195,"neow_bonus":"BOSS_RELIC","is_daily":false,"chose_seed":false,"campfire_upgraded":0,"win_rate":0.0,"timestamp":1610279653,"path_taken":["M","?","?","M","?","R","?","?","T","R","E","?","E","?","R_BF","BOSS","M","?","M","M","M"],"items_purchased_type":["Card","Relic","Card","Card","Card"],"build_version":"2020-12-22","purchased_purges":1,"victory":false,"max_hp_per_floor":[70,70,70,70,70,70,70,70,70,70,70,70,70,70,70,70,51,51,51,51,51,51,51],"card_choices":[{"not_picked":[],"picked":"EpicFetus","floor":0},{"not_picked":["Flying Knee","Slice"],"picked":"Distraction","floor":1},{"not_picked":["Underhanded Strike","Outmaneuver"],"picked":"Flying Knee","floor":2},{"not_picked":["Sucker Punch","Wraith Form v2"],"picked":"Bomb","floor":4},{"not_picked":["Dagger Spray","Poisoned Stab"],"picked":"Terror","floor":5},{"not_picked":["Deadly Poison","Fluid Movement"],"picked":"Blade Dance","floor":8},{"not_picked":["Venomology","Sneak Up"],"picked":"Die Die Die","floor":11},{"not_picked":["Dagger Spray","Heel Hook","Dodge and Roll"],"picked":"SKIP","floor":13},{"not_picked":["Doppelganger","Glass Knife"],"picked":"Envenom","floor":16},{"not_picked":["ReplayTheSpireMod:Scrap Shanks","Hidden Blade","Quick Slash+1"],"picked":"SKIP","floor":18},{"not_picked":["Hidden Blade","Dagger Throw"],"picked":"Malaise","floor":20},{"not_picked":["PiercingWail","Tactician+1"],"picked":"Backstab","floor":21}],"player_experience":27580,"relics_obtained":[{"floor":5,"key":"Lantern"},{"floor":5,"key":"Replay:Bottled Steam"},{"floor":7,"key":"Simple Rune"},{"floor":11,"key":"Snake Skull"},{"floor":13,"key":"Vampiric Spirits"},{"floor":15,"key":"Potion Belt"}],"event_choices":[{"damage_healed":0,"gold_gain":0,"player_choice":"Fight","damage_taken":0,"max_hp_gain":0,"max_hp_loss":0,"event_name":"HidenRoomEvent","floor":5,"gold_loss":0},{"cards_removed":["Survivor"],"damage_healed":0,"gold_gain":0,"player_choice":"Took Card","damage_taken":0,"max_hp_gain":0,"max_hp_loss":0,"event_name":"NoteForYourself","floor":14,"gold_loss":0,"cards_obtained":["Iron Wave"]}],"is_beta":false,"boss_relics":[{"not_picked":["vexMod:BigBerry","Empty Cage"],"picked":"Astrolabe"},{"not_picked":[]}],"items_purged_floors":[3],"is_endless":false,"potions_floor_spawned":[1,5,16,20],"killed_by":"Cultist and Chosen","ascension_level":0}}