{"host":"w3x3n9s6mrz4xpf0","time":1610285733,"event":{"mods":["BaseMod","Minty Spire (QoL Compilation)","StSLib","SuperFastMode"],"gold_per_floor":[116,126,126,126,126,126,161,161,161,200,200,263,263,296,296,386,386,286,299,116,130,130,168,168,199,199,220,238,256,281,322,322,413,413,413,413],"floor_reached":35,"playtime":1693,"items_purged":["Strike_G"],"score":1037,"play_id":"2e7174a3-e420-4b0a-a46b-87447c1cc0bc","local_time":"20210110223533","is_ascension_mode":true,"campfire_choices":[{"data":"Neutralize","floor":6.0,"key":"SMITH"},{"floor":11.0,"key":"REST"},{"data":"Finisher","floor":15,"key":"SMITH"},{"data":"Venomology","floor":24,"key":"SMITH"},{"data":"Footwork","floor":32,"key":"SMITH"}],"circlet_count":0,"master_deck":["AscendersBane","Strike_G","Strike_G","Strike_G","Defend_G","Defend_G","Defend_G","Defend_G+1","Defend_G","Survivor+1","Neutralize+1","Blade Dance","Well Laid Plans+1","Finisher+1","Footwork+1","Venomology+1","Flash of Steel","Acrobatics","Cloak And Dagger+1","Phantasmal Killer"],"relics":["Black Star","TungstenRod","Golden Idol","Juzu Bracelet","Pantograph","Art of War","Oddly Smooth Stone","MealTicket","PreservedInsect","Tiny Chest","Singing Bowl","Coffee Dripper","Ancient Tea Set","Pen Nib","Regal Pillow","War Paint","Tingsha","Thread and Needle","Cursed Key"],"acts_visited":["Exordium","TheCity","TheBeyond"],"potions_floor_usage":[16,18,18,19,21,21,23,23,25,28,28,29,29,29,30,31,33,33],"damage_taken":[{"damage":4.0,"enemies":"Small Slimes","floor":1.0,"turns":6.0},{"damage":2.0,"enemies":"Jaw Worm","floor":2.0,"turns":6.0},{"damage":22.0,"enemies":"Gremlin Nob","floor":7.0,"turns":4.0},{"damage":13.0,"enemies":"3 Sentries","floor":10.0,"turns":4.0},{"damage":0.0,"enemies":"Gremlin Nob","floor":12.0,"turns":1.0},{"damage":19.0,"enemies":"Lagavulin","floor":14.0,"turns":5.0},{"damage":0,"enemies":"The Guardian","floor":16,"turns":15},{"damage":12,"enemies":"2 Thieves","floor":18,"turns":5},{"damage":14,"enemies":"Chosen","floor":19,"turns":7},{"damage":31,"enemies":"Shelled Parasite and Fungi","floor":21,"turns":5},{"damage":15,"enemies":"Gremlin Leader","floor":23,"turns":8},{"damage":31,"enemies":"Slavers","floor":25,"turns":7},{"damage":0,"enemies":"Centurion and Healer","floor":27,"turns":7},{"damage":3,"enemies":"Chosen and Byrds","floor":28,"turns":6},{"damage":1,"enemies":"Shelled Parasite and Fungi","floor":29,"turns":6},{"damage":2,"enemies":"Cultist and Chosen","floor":30,"turns":7},{"damage":17,"enemies":"Book of Stabbing","floor":31,"turns":3},{"damage":8,"enemies":"Automaton","floor":33,"turns":14},{"damage":0,"enemies":"3 Darklings","floor":35,"turns":2}],"seed_played":"163039227482364501","potions_obtained":[{"floor":10.0,"key":"SpeedPotion"},{"floor":12.0,"key":"LiquidMemories"},{"floor":16,"key":"Weak Potion"},{"floor":21,"key":"FearPotion"},{"floor":25,"key":"SteroidPotion"},{"floor":28,"key":"BlessingOfTheForge"},{"floor":31,"key":"Explosive Potion"},{"floor":33,"key":"ColorlessPotion"}],"is_trial":false,"path_per_floor":["M","M","?","?","?","R","E","?","T","E","R","?","?","E","R","B",null,"M","M","$","M","?","E","R","E","T","M","M","M","M","E","R","B",null,"M"],"character_chosen":"THE_SILENT","items_purchased":["Flash of Steel"],"campfire_rested":1,"item_purchase_floors":[20],"current_hp_per_floor":[55,53,42,42,42,42,20,14,14,1,19,19,24,7,7,32,58,48,36,51,22,22,9,9,8,8,10,9,10,25,8,8,25,70,70,70],"gold":413,"neow_bonus":"BOSS_RELIC","is_daily":false,"chose_seed":false,"campfire_upgraded":4,"win_rate":0.0,"timestamp":1610285733,"path_taken":["M","M","?","?","?","R","E","?","T","E","R","?","?","E","R","BOSS","M","M","$","M","?","E","R","E","T","M","M","M","M","E","R","BOSS","M"],"items_purchased_type":["Card"],"build_version":"2020-12-22","purchased_purges":1,"victory":false,"max_hp_per_floor":[66,66,66,66,60,60,60,60,60,60,60,60,65,67,67,67,67,69,71,71,73,73,75,75,77,77,79,81,83,85,85,85,85,85,85,85],"card_choices":[{"not_picked":["Poisoned Stab","Backflip"],"picked":"Blade Dance","floor":1.0},{"not_picked":["Skewer","Riddle With Holes"],"picked":"Well Laid Plans","floor":2.0},{"not_picked":["Slice","Predator"],"picked":"Finisher","floor":7.0},{"not_picked":["Acrobatics","Dodge and Roll","Underhanded Strike"],"picked":"SKIP","floor":10.0},{"not_picked":["Blade Dance","Acrobatics"],"picked":"Footwork","floor":12.0},{"not_picked":["Deflect","Doppelganger","Slice"],"picked":"Singing Bowl","floor":14.0},{"not_picked":["Glass Knife","Malaise"],"picked":"Venomology","floor":16},{"not_picked":["Eviscerate","All Out Attack","Catalyst"],"picked":"Singing Bowl","floor":18},{"not_picked":["Dagger Spray","Bane","Caltrops"],"picked":"Singing Bowl","floor":19},{"not_picked":["Deflect+1","Endless Agony","Dagger Spray"],"picked":"Singing Bowl","floor":21},{"not_picked":["Masterful Stab","Distraction","Outmaneuver"],"picked":"Singing Bowl","floor":23},{"not_picked":["Bane","Deadly Poison","Flechettes"],"picked":"Singing Bowl","floor":25},{"not_picked":["Sucker Punch+1","Expertise","Setup"],"picked":"Singing Bowl","floor":27},{"not_picked":["Expertise","Infinite Blades","Prepared"],"picked":"Singing Bowl","floor":28},{"not_picked":["Dagger Throw","Doppelganger","All Out Attack"],"picked":"Singing Bowl","floor":29},{"not_picked":["PiercingWail","Concentrate","Bane+1"],"picked":"Singing Bowl","floor":30},{"not_picked":["Deflect","Setup"],"picked":"Cloak And Dagger+1","floor":31},{"not_picked":["Adrenaline","Storm of Steel"],"picked":"Phantasmal Killer","floor":33}],"player_experience":134433,"relics_obtained":[{"floor":7.0,"key":"Juzu Bracelet"},{"floor":7.0,"key":"Pantograph"},{"floor":9.0,"key":"Art of War"},{"floor":10.0,"key":"Oddly Smooth Stone"},{"floor":10.0,"key":"MealTicket"},{"floor":12.0,"key":"PreservedInsect"},{"floor":14.0,"key":"Tiny Chest"},{"floor":14.0,"key":"Singing Bowl"},{"floor":23,"key":"Ancient Tea Set"},{"floor":23,"key":"Pen Nib"},{"floor":25,"key":"Regal Pillow"},{"floor":25,"key":"War Paint"},{"floor":31,"key":"Tingsha"},{"floor":31,"key":"Thread and Needle"}],"event_choices":[{"damage_healed":0.0,"max_hp_gain":0.0,"max_hp_loss":0.0,"gold_gain":0.0,"event_name":"Scrap Ooze","player_choice":"Success","floor":3.0,"gold_loss":0.0,"damage_taken":11.0,"relics_obtained":["TungstenRod"]},{"damage_healed":0.0,"max_hp_gain":0.0,"max_hp_loss":0.0,"gold_gain":0.0,"event_name":"Living Wall","player_choice":"Grow","floor":4.0,"gold_loss":0.0,"damage_taken":0.0,"cards_upgraded":["Well Laid Plans"]},{"damage_healed":0.0,"max_hp_gain":0.0,"max_hp_loss":6.0,"gold_gain":0.0,"event_name":"Golden Idol","player_choice":"Lose Max HP","floor":5.0,"gold_loss":0.0,"damage_taken":0.0,"relics_obtained":["Golden Idol"]},{"cards_removed":["Strike_G"],"damage_healed":0.0,"max_hp_gain":0.0,"max_hp_loss":0.0,"gold_gain":0.0,"event_name":"Golden Wing","player_choice":"Card Removal","floor":8.0,"gold_loss":0.0,"damage_taken":7.0},{"damage_healed":0.0,"max_hp_gain":0.0,"max_hp_loss":0.0,"gold_gain":30.0,"event_name":"Dead Adventurer","player_choice":"Searched \u00272\u0027 times","floor":12.0,"gold_loss":0.0,"damage_taken":0.0},{"damage_healed":0.0,"max_hp_gain":5.0,"max_hp_loss":0.0,"gold_gain":0.0,"event_name":"Big Fish","player_choice":"Donut","floor":13.0,"gold_loss":0.0,"damage_taken":0.0},{"damage_healed":0,"gold_gain":0,"player_choice":"Read","damage_taken":0,"max_hp_gain":0,"max_hp_loss":0,"event_name":"The Library","floor":22,"gold_loss":0,"cards_obtained":["Acrobatics"]}],"is_beta":false,"boss_relics":[{"not_picked":["Velvet Choker","WristBlade"],"picked":"Coffee Dripper"},{"not_picked":["Snecko Eye","Runic Pyramid"],"picked":"Cursed Key"}],"items_purged_floors":[20],"is_endless":false,"potions_floor_spawned":[10,12,16,21,25,28,31,33],"killed_by":"3 Darklings","ascension_level":20}}