{"host":"qkbnayyek6fga752","time":1610249739,"event":{"mods":["2.2 Compatiblity","Arknights The Spire","Aspiration","Astrologer","BaseMod","Beaked The Cultist","Better Altar","Better Match","Better Note","Better Sensory Stone","Better Skull","Better Third Choice","CCEM","CapriCore","ChefMod","Clockwork Mod","Conspire","Ekko","Energized Spire","Evolution","Glutton Mod","Hermit","Hubris","Humility","Jedi Mod","Koishi","Mad Scientist","Marisa????????","Minty Spire (QoL Compilation)","Quarter Circle Forward PUNCH!","Random Character Mod","Replay The Spire","Robot Space Explorer","SIMod","Spicy Shops","StSLib","The Administrix","The Alterego","The Blackbeard","The Blue Laboratory","The Bug Knight","The Construct","The Cursed","The Death Knight","The Disciple","The Druid","The Exalted","The Forsaken","The Gatherer","The Hayseed","The Hierophant","The Immortal","The Juggle","The Marked","The Necromancer","The Problem Sleuth","The Runesmith","The Sage","The Senshi","The Vixen","TheArtist","TheLocksmith","TheSwordswoman","TheVacant","TheVelvet","TheWitcher","Trackpad","Yuri Mod","thorton","vexMod"],"gold_per_floor":[112,195,195,195,215,250,250,277,301,333,14,41,73,102,102,203,203,220,72,72,26,26,54,89,119,119,153,188,221,240,274,274,372,372,384,106,106,70,45,73,104,139,162,197,227,257,287,321,321,321],"floor_reached":51,"playtime":4395,"items_purged":["TheSimpletonMod:Nettles"],"score":1380,"play_id":"c39f667a-1760-4480-953a-ea0908129e95","local_time":"20210109223539","daily_mods":["SealedDeck","Heirloom","Flight","DeadlyEvents","Elite Swarm"],"is_ascension_mode":false,"campfire_choices":[{"data":"TheSimpletonMod:RootDown","floor":7,"key":"SMITH"},{"data":"conspire:Banana","floor":15,"key":"SMITH"},{"data":"Envenom","floor":32,"key":"SMITH"},{"floor":49,"key":"DIG"}],"circlet_count":0,"master_deck":["TheSimpletonMod:Sunchoke","TheSimpletonMod:Swelter+1","TheSimpletonMod:Swelter+1","TheSimpletonMod:SpiceUp","TheSimpletonMod:Swelter","TheSimpletonMod:SpiceUp","TheSimpletonMod:RootDown+1","TheSimpletonMod:Corn","TheSimpletonMod:Potatoes","TheSimpletonMod:SpiceUp","TheSimpletonMod:DoubleBarrel","TheSimpletonMod:DoubleBarrel","TheSimpletonMod:VolatileFumes","TheSimpletonMod:LandGrant","TheSimpletonMod:ResearchGrant","conspire:Banana+1","TheSimpletonMod:Potatoes","TheSimpletonMod:BirdFeeder","TheSimpletonMod:ResistantStrain","TheSimpletonMod:Asparagus","TheSimpletonMod:BirdFeeder","jedi:pocketpoison","Acrobatics","TheSimpletonMod:Potatoes","TheSimpletonMod:DoubleBarrel","TheSimpletonMod:Sunchoke","TheSimpletonMod:Swelter+1","TheSimpletonMod:Swelter+1","TheSimpletonMod:SpiceUp","TheSimpletonMod:Swelter","TheSimpletonMod:SpiceUp","TheSimpletonMod:RootDown+1","TheSimpletonMod:Corn","TheSimpletonMod:Potatoes","TheSimpletonMod:SpiceUp","TheSimpletonMod:DoubleBarrel","TheSimpletonMod:DoubleBarrel","TheSimpletonMod:VolatileFumes","TheSimpletonMod:LandGrant","TheSimpletonMod:ResearchGrant","conspire:Banana+1","TheSimpletonMod:Potatoes","TheSimpletonMod:BirdFeeder","TheSimpletonMod:ResistantStrain","TheSimpletonMod:Asparagus","TheSimpletonMod:BirdFeeder","jedi:pocketpoison","Acrobatics","TheSimpletonMod:Potatoes","TheSimpletonMod:DoubleBarrel","Envenom+1","A Thousand Cuts","TheSimpletonMod:VolatileFumes","TheSimpletonMod:CrackOfDawn","TheSimpletonMod:FanTheFlames","TheSimpletonMod:ResistantStrain","TheSimpletonMod:Polyculture+1","jedi:brewingpoison","A Thousand Cuts","TheSimpletonMod:OnionBloom+1","jedi:collectorvenom+1","Escape Plan+1","TheSimpletonMod:Swelter+1","TheSimpletonMod:Swelter+1","TheSimpletonMod:CropDiversity","TheSimpletonMod:Fecundity","Malaise"],"relics":["TheSimpletonMod:SpudOfTheInnocent","TheSimpletonMod:NightSoil","TheSimpletonMod:TheHarvester","EVO:Axolotl","CaptainsWheel","TheSimpletonMod:WoodChipper","hubris:HerbalPaste","hubris:CrystalStatue","Regal Pillow","CCEMRelics:PorcelainBowl","Pen Nib","ReplayTheSpireMod:CursedCoin","TheSimpletonMod:PlanterBox","conspire:Flyswatter","Meat on the Bone","trackpad:CultistFigurine","aspiration:SilentSkillbook","CCEMRelics:JestersCrown","Oddly Smooth Stone","aspiration:VileToxins","qcfpunch:Unceasing_Flame","HollowMod:StagPassRelic","Girya","yuri:PortableGlitches","construct:BoolHorns","Thread and Needle","Runesmith:UraniumAnvil","trackpad:BiPhaseBiplane","trackpad:DisasterInABottle","aspiration:HummingbirdHeart","qcfpunch:Red_Headband","vexMod:BarristanHead","TheSimpletonMod:PicklingJar","Shovel","The Courier","Dream Catcher","qcfpunch:Duffel_Bag","Gremlin Food"],"acts_visited":["Exordium","TheCity","TheBeyond"],"potions_floor_usage":[5,8,10,10,14,28,33,33,50],"damage_taken":[{"damage":4,"enemies":"Jaw Worm","floor":1,"turns":3},{"damage":3,"enemies":"Small Slimes","floor":5,"turns":2},{"damage":1,"enemies":"Lagavulin","floor":6,"turns":4},{"damage":0,"enemies":"Gremlin Nob","floor":8,"turns":2},{"damage":9,"enemies":"3 Sentries","floor":10,"turns":6},{"damage":1,"enemies":"Gremlin Nob","floor":12,"turns":3},{"damage":41,"enemies":"3 Sentries","floor":13,"turns":7},{"damage":0,"enemies":"Replay:BlueRogue","floor":14,"turns":3},{"damage":29,"enemies":"The Guardian","floor":16,"turns":6},{"damage":5,"enemies":"3 Byrds","floor":18,"turns":5},{"damage":3,"enemies":"conspire:Head Lice","floor":23,"turns":6},{"damage":1,"enemies":"Book of Stabbing","floor":24,"turns":5},{"damage":5,"enemies":"conspire:SneckoGhost","floor":25,"turns":5},{"damage":21,"enemies":"Slavers","floor":27,"turns":5},{"damage":10,"enemies":"Gremlin Leader","floor":28,"turns":4},{"damage":0,"enemies":"conspire:Head Lice","floor":29,"turns":4},{"damage":0,"enemies":"Chosen","floor":30,"turns":3},{"damage":18,"enemies":"Slavers","floor":31,"turns":3},{"damage":54,"enemies":"Champ","floor":33,"turns":9},{"damage":5,"enemies":"Orb Walker","floor":35,"turns":3},{"damage":23,"enemies":"Nemesis","floor":40,"turns":5},{"damage":20,"enemies":"beaked:SuperParasite","floor":41,"turns":9},{"damage":28,"enemies":"Giant Head","floor":42,"turns":8},{"damage":0,"enemies":"Reptomancer","floor":44,"turns":5},{"damage":0,"enemies":"HollowMod:StalkingDevout","floor":45,"turns":4},{"damage":2,"enemies":"Giant Head","floor":46,"turns":7},{"damage":9,"enemies":"HollowMod:StalkingDevout","floor":47,"turns":5},{"damage":2,"enemies":"Giant Head","floor":48,"turns":7},{"damage":17,"enemies":"Replay:Hell Engine","floor":50,"turns":8}],"seed_played":"3184988555365666180","potions_obtained":[{"floor":1,"key":"Swift Potion"},{"floor":2,"key":"AttackPotion"},{"floor":2,"key":"EssenceOfSteel"},{"floor":8,"key":"blueLaboratory:LouseDecoction"},{"floor":10,"key":"SteroidPotion"},{"floor":25,"key":"blueLaboratory:PhilterOfMotion"},{"floor":27,"key":"blueLaboratory:BottledHope"},{"floor":28,"key":"Fire Potion"},{"floor":30,"key":"blueLaboratory:FrostheartPotion"},{"floor":33,"key":"Elixir"},{"floor":35,"key":"Fire Potion"},{"floor":44,"key":"EntropicBrew"},{"floor":46,"key":"blueLaboratory:FrostheartPotion"},{"floor":47,"key":"Block Potion"}],"is_trial":true,"path_per_floor":["M","?","?","$","M","E","R","E","T","E","$","E","E","E","R","B",null,"M","$","?","$","?","E","E","E","T","E","E","E","M","E","R","B",null,"M","$","?","$","?","E","E","E","T","E","E","E","E","E","R","B",null],"character_chosen":"THE_SIMPLETON","items_purchased":["hubris:HerbalPaste","ReplayTheSpireMod:CursedCoin","conspire:Banana","TheSimpletonMod:Potatoes","TheSimpletonMod:PlanterBox","CCEMRelics:JestersCrown","Acrobatics","TheSimpletonMod:Potatoes","TheSimpletonMod:DoubleBarrel","jedi:collectorvenom","trackpad:BiPhaseBiplane","Escape Plan","TheSimpletonMod:Swelter"],"campfire_rested":0,"item_purchase_floors":[4,11,11,11,11,19,19,19,21,36,36,36,38],"current_hp_per_floor":[72,53,38,28,28,33,33,36,36,33,33,38,16,46,46,41,81,83,83,83,83,83,86,90,95,95,93,97,97,97,85,85,62,101,99,99,99,99,99,87,109,96,96,114,116,120,125,126,126,116],"gold":321,"neow_bonus":"","is_daily":false,"chose_seed":false,"campfire_upgraded":3,"win_rate":0.0,"timestamp":1610249739,"path_taken":["M","?","?","?","?","E","R","E","T","E","$","E","E","E","R","BOSS","M","$","?","?","?","E","E","E","T","E","E","E","?","E","R","BOSS","M","$","?","$","?","E","E","E","T","E","E","E","E","?","R","BOSS"],"items_purchased_type":["Relic","Relic","Card","Card","Relic","Relic","Card","Card","Card","Card","Relic","Card","Card"],"build_version":"2020-12-22","purchased_purges":1,"victory":true,"max_hp_per_floor":[76,76,76,76,76,76,76,76,76,76,76,77,78,79,79,81,81,83,83,83,83,83,87,91,95,95,97,97,97,97,97,97,101,101,101,101,101,101,101,101,109,112,112,114,116,120,126,127,127,133],"card_choices":[{"not_picked":["TheSimpletonMod:CullingStrike","TheSimpletonMod:Fertilaser"],"picked":"TheSimpletonMod:SpiceUp","floor":1},{"not_picked":["TheSimpletonMod:ResearchGrant","TheSimpletonMod:ToughenUp"],"picked":"TheSimpletonMod:DoubleBarrel","floor":2},{"not_picked":["TheSimpletonMod:CullingStrike","TheSimpletonMod:Swelter"],"picked":"TheSimpletonMod:DoubleBarrel","floor":5},{"not_picked":["TheSimpletonMod:CrackOfDawn","TheSimpletonMod:BuzzBomb"],"picked":"TheSimpletonMod:VolatileFumes","floor":6},{"not_picked":["TheSimpletonMod:Asparagus","TheSimpletonMod:CropDiversity"],"picked":"TheSimpletonMod:LandGrant","floor":8},{"not_picked":["TheSimpletonMod:Photosynthesis","TheSimpletonMod:HitTheSack"],"picked":"TheSimpletonMod:ResearchGrant","floor":10},{"not_picked":["TheSimpletonMod:ErosionControl","TheSimpletonMod:BuzzBomb"],"picked":"TheSimpletonMod:BirdFeeder","floor":12},{"not_picked":["TheSimpletonMod:TakeHeart","TheSimpletonMod:DesperatePlunge"],"picked":"TheSimpletonMod:ResistantStrain","floor":13},{"not_picked":["TheSimpletonMod:ErosionControl","TheSimpletonMod:DoubleDigging"],"picked":"TheSimpletonMod:Asparagus","floor":14},{"not_picked":["TheSimpletonMod:ErosionControl","TheSimpletonMod:Barnstorm"],"picked":"TheSimpletonMod:BirdFeeder","floor":16},{"not_picked":["PiercingWail","Calculated Gamble","Prepared+1"],"picked":"jedi:pocketpoison","floor":18},{"not_picked":["TheSimpletonMod:Barnstorm","Malaise","Phantasmal Killer"],"picked":"Envenom","floor":23},{"not_picked":["TheSimpletonMod:BuzzBomb","TheSimpletonMod:TakeHeart","Glass Knife"],"picked":"A Thousand Cuts","floor":24},{"not_picked":["TheSimpletonMod:BirdFeeder","Grand Finale","TheSimpletonMod:FanTheFlames"],"picked":"TheSimpletonMod:VolatileFumes","floor":25},{"not_picked":["TheSimpletonMod:ResearchGrant","Poison Darts","jedi:studypoison"],"picked":"TheSimpletonMod:CrackOfDawn","floor":27},{"not_picked":["TheSimpletonMod:Biorefinement","Atom Bomb","Venomology"],"picked":"TheSimpletonMod:FanTheFlames","floor":28},{"not_picked":["jedi:studyshivs","TheSimpletonMod:ResearchGrant","Malaise"],"picked":"TheSimpletonMod:ResistantStrain","floor":29},{"not_picked":["Poisoned Stab+1","TheSimpletonMod:SaladShooter","Flying Knee"],"picked":"TheSimpletonMod:Polyculture+1","floor":30},{"not_picked":["Glass Knife","Burst","Storm of Steel"],"picked":"jedi:brewingpoison","floor":31},{"not_picked":["Atom Bomb","TheSimpletonMod:ErosionControl","Unload"],"picked":"A Thousand Cuts","floor":33},{"not_picked":["PiercingWail+1","Acrobatics","TheSimpletonMod:DoubleBarrel+1"],"picked":"TheSimpletonMod:OnionBloom+1","floor":35},{"not_picked":["TheSimpletonMod:BirdFeeder","jedi:studypoison","Die Die Die"],"picked":"TheSimpletonMod:CropDiversity","floor":40},{"not_picked":["Phantasmal Killer","TheSimpletonMod:DesperatePlunge","jedi:studypoison"],"picked":"jedi:collectorvenom+1","floor":41},{"not_picked":["ReplayTheSpireMod:Necrosis","Envenom","aspiration:Lunge"],"picked":"jedi:collectorvenom+1","floor":42},{"not_picked":["jedi:collectorvenom+1","TheSimpletonMod:Photosynthesis","TheSimpletonMod:DoubleDigging"],"picked":"TheSimpletonMod:Fecundity","floor":44},{"not_picked":["TheSimpletonMod:Fecundity","TheSimpletonMod:Surplus","TheSimpletonMod:BuzzBomb"],"picked":"jedi:collectorvenom+1","floor":45},{"not_picked":["TheSimpletonMod:HitTheSack","Grand Finale","aspiration:Lunge"],"picked":"Malaise","floor":46},{"not_picked":["Malaise","TheSimpletonMod:SaltTheEarth","Wraith Form v2"],"picked":"jedi:collectorvenom+1","floor":47},{"not_picked":["Glass Knife","Doppelganger","Corpse Explosion"],"picked":"jedi:collectorvenom+1","floor":48}],"player_experience":351400,"relics_obtained":[{"floor":2,"key":"TheSimpletonMod:WoodChipper"},{"floor":6,"key":"hubris:CrystalStatue"},{"floor":8,"key":"Regal Pillow"},{"floor":9,"key":"CCEMRelics:PorcelainBowl"},{"floor":10,"key":"Pen Nib"},{"floor":12,"key":"conspire:Flyswatter"},{"floor":13,"key":"Meat on the Bone"},{"floor":14,"key":"trackpad:CultistFigurine"},{"floor":23,"key":"Oddly Smooth Stone"},{"floor":24,"key":"aspiration:VileToxins"},{"floor":25,"key":"qcfpunch:Unceasing_Flame"},{"floor":26,"key":"HollowMod:StagPassRelic"},{"floor":27,"key":"Girya"},{"floor":28,"key":"yuri:PortableGlitches"},{"floor":29,"key":"construct:BoolHorns"},{"floor":31,"key":"Thread and Needle"},{"floor":40,"key":"trackpad:DisasterInABottle"},{"floor":41,"key":"aspiration:HummingbirdHeart"},{"floor":42,"key":"qcfpunch:Red_Headband"},{"floor":43,"key":"vexMod:BarristanHead"},{"floor":44,"key":"TheSimpletonMod:PicklingJar"},{"floor":45,"key":"Shovel"},{"floor":46,"key":"The Courier"},{"floor":47,"key":"Dream Catcher"},{"floor":48,"key":"qcfpunch:Duffel_Bag"},{"floor":49,"key":"Gremlin Food"}],"event_choices":[{"damage_healed":53,"gold_gain":0,"player_choice":"Upgrade","damage_taken":15,"max_hp_gain":0,"max_hp_loss":76,"event_name":"betterThird:BetterShining","floor":3,"gold_loss":0,"cards_upgraded":["TheSimpletonMod:Swelter","TheSimpletonMod:Swelter"]},{"cards_removed":["TheSimpletonMod:SlashAndBurn"],"damage_healed":0,"gold_gain":0,"player_choice":"Purged","damage_taken":0,"max_hp_gain":0,"max_hp_loss":0,"event_name":"Purifier","floor":20,"gold_loss":0}],"is_beta":false,"boss_relics":[{"not_picked":["hubris:BlackHole","Busted Crown"],"picked":"aspiration:SilentSkillbook"},{"not_picked":["Velvet Choker","Bromod:ArcaneBarrier"],"picked":"Runesmith:UraniumAnvil"}],"items_purged_floors":[11],"is_endless":false,"potions_floor_spawned":[1,8,10,25,27,28,30,33,35,44,46,47],"ascension_level":0}}