{"host":"ci7ivtocgfxh0ueo","time":1610280444,"event":{"mods":["BaseMod","GifTheSpireLib","Minty Spire (QoL Compilation)","StSLib"],"gold_per_floor":[111,34,34,34,34,34,67,67,142,142,25,38,72,93,93,192,192,216,216,216,216,216,216,252,285,285,301,315,315,315,55,55,130,130,145,145,170,35,35,35,79,79,79,79,79,79,79,301,301,301,301],"floor_reached":50,"playtime":1007,"items_purged":["Pain"],"score":960,"play_id":"420d7c2b-ee31-470b-8dbe-28387718c584","local_time":"20210110200724","is_ascension_mode":true,"campfire_choices":[{"data":"Eruption","floor":6,"key":"SMITH"},{"data":"ForeignInfluence","floor":8,"key":"SMITH"},{"data":"Vigilance","floor":10,"key":"SMITH"},{"floor":15,"key":"REST"},{"data":"Scrawl","floor":23,"key":"SMITH"},{"data":"ClearTheMind","floor":29,"key":"SMITH"},{"data":"Mayhem","floor":32,"key":"SMITH"},{"data":"DevaForm","floor":40,"key":"SMITH"},{"floor":42,"key":"REST"},{"data":"Devotion","floor":44,"key":"SMITH"},{"data":"Devotion","floor":46,"key":"SMITH"},{"data":"FearNoEvil","floor":49,"key":"SMITH"}],"circlet_count":0,"master_deck":["AscendersBane","Eruption+1","Vigilance+1","ForeignInfluence+1","SignatureMove","FlurryOfBlows","ClearTheMind+1","Crescendo","Scrawl+1","Vengeance","EmptyFist","FearNoEvil+1","Mayhem+1","DevaForm+1","Halt","Devotion+1","Wish+1","Devotion+1","EmptyFist","CarveReality","EmptyFist","Crescendo+1"],"relics":["PureWater","NeowsBlessing","Vajra","Bloody Idol","Bird Faced Urn","Kunai","Juzu Bracelet","VioletLotus","WarpedTongs","Red Mask","Blood Vial","Pandora\u0027s Box","TungstenRod","Toy Ornithopter"],"acts_visited":["Exordium","TheCity","TheBeyond"],"potions_floor_usage":[16,25,25,33,33,50,50],"damage_taken":[{"damage":0,"enemies":"Small Slimes","floor":1,"turns":1},{"damage":0,"enemies":"Gremlin Nob","floor":7,"turns":1},{"damage":0,"enemies":"Jaw Worm","floor":12,"turns":1},{"damage":0,"enemies":"Cultist","floor":13,"turns":3},{"damage":0,"enemies":"Blue Slaver","floor":14,"turns":2},{"damage":0,"enemies":"Slime Boss","floor":16,"turns":4},{"damage":0,"enemies":"Chosen","floor":18,"turns":3},{"damage":26,"enemies":"3 Byrds","floor":24,"turns":4},{"damage":20,"enemies":"Masked Bandits","floor":25,"turns":4},{"damage":0,"enemies":"Cultist and Chosen","floor":27,"turns":2},{"damage":0,"enemies":"Snecko","floor":28,"turns":2},{"damage":52,"enemies":"Automaton","floor":33,"turns":5},{"damage":22,"enemies":"3 Darklings","floor":35,"turns":3},{"damage":48,"enemies":"Mind Bloom Boss Battle","floor":37,"turns":7},{"damage":24,"enemies":"3 Shapes","floor":41,"turns":4},{"damage":86,"enemies":"Awakened One","floor":50,"turns":3}],"seed_played":"-3538687623563734800","potions_obtained":[{"floor":7,"key":"Dexterity Potion"},{"floor":12,"key":"SpeedPotion"},{"floor":16,"key":"Ancient Potion"},{"floor":27,"key":"SneckoOil"},{"floor":30,"key":"PowerPotion"}],"is_trial":false,"path_per_floor":["M","$","?","$","?","R","E","R","T","R","?","M","M","M","R","B",null,"M","?","?","?","?","R","M","?","T","M","M","R","?","$","R","B",null,"M","?","?","$","?","R","M","R","T","R","$","R","?","?","R","B"],"character_chosen":"WATCHER","items_purchased":["ForeignInfluence","Mayhem","Regen Potion","BottledMiracle"],"campfire_rested":2,"item_purchase_floors":[2,31,38,38],"current_hp_per_floor":[61,61,50,50,27,27,27,27,27,27,27,27,27,27,47,47,63,63,63,63,63,68,68,52,37,37,44,51,51,51,51,51,10,54,43,43,10,10,56,56,44,56,56,56,56,56,56,56,56,0,0],"gold":301,"neow_bonus":"THREE_ENEMY_KILL","is_daily":false,"chose_seed":false,"campfire_upgraded":10,"win_rate":0.0,"timestamp":1610280444,"path_taken":["M","$","?","$","?","R","E","R","T","R","?","M","M","M","R","BOSS","M","?","?","?","?","R","M","?","T","M","M","R","?","$","R","BOSS","M","?","?","$","?","R","M","R","T","R","$","R","?","?","R","BOSS"],"items_purchased_type":["Card","Card","Potion","Potion"],"build_version":"2020-12-22","purchased_purges":1,"victory":false,"max_hp_per_floor":[68,68,68,68,68,68,68,68,68,68,68,68,68,68,68,68,68,68,68,68,68,68,68,68,68,68,68,68,68,68,68,68,68,68,68,68,68,68,56,56,56,56,56,56,56,56,56,56,56,56,56],"card_choices":[{"not_picked":["SashWhip","CrushJoints","Halt"],"picked":"SKIP","floor":1},{"not_picked":["Wish","Collect"],"picked":"SignatureMove","floor":7},{"not_picked":["WreathOfFlame","Meditate"],"picked":"FlurryOfBlows","floor":12},{"not_picked":["LikeWater","JustLucky"],"picked":"ClearTheMind","floor":13},{"not_picked":["Protect","Study"],"picked":"Crescendo","floor":14},{"not_picked":["ConjureBlade","Brilliance"],"picked":"Scrawl","floor":16},{"not_picked":["JustLucky","Conclude"],"picked":"Vengeance","floor":18},{"not_picked":["ThirdEye+1","Evaluate","InnerPeace"],"picked":"SKIP","floor":24},{"not_picked":["FlyingSleeves","InnerPeace"],"picked":"EmptyFist","floor":27},{"not_picked":["WreathOfFlame+1","TalkToTheHand"],"picked":"FearNoEvil","floor":28},{"not_picked":["Devotion","Establishment"],"picked":"DevaForm","floor":33},{"not_picked":["Consecrate","WreathOfFlame"],"picked":"Crescendo+1","floor":35},{"not_picked":["WindmillStrike+1","FollowUp","CrushJoints"],"picked":"SKIP","floor":41}],"player_experience":1340365,"relics_obtained":[{"floor":7,"key":"Bird Faced Urn"},{"floor":9,"key":"Kunai"},{"floor":25,"key":"Red Mask"},{"floor":26,"key":"Blood Vial"},{"floor":37,"key":"TungstenRod"},{"floor":43,"key":"Toy Ornithopter"}],"event_choices":[{"damage_healed":0,"gold_gain":0,"player_choice":"Success","damage_taken":11,"relics_obtained":["Vajra"],"max_hp_gain":0,"max_hp_loss":0,"event_name":"Scrap Ooze","floor":3,"gold_loss":0},{"damage_healed":0,"gold_gain":0,"player_choice":"Take Damage","damage_taken":23,"relics_obtained":["Golden Idol"],"max_hp_gain":0,"max_hp_loss":0,"event_name":"Golden Idol","floor":5,"gold_loss":0},{"damage_healed":0,"gold_gain":0,"player_choice":"Paid Gold","damage_taken":0,"relics_obtained":["Juzu Bracelet"],"max_hp_gain":0,"max_hp_loss":0,"event_name":"WeMeetAgain","floor":11,"gold_loss":117},{"damage_healed":0,"gold_gain":0,"player_choice":"Gave Idol","damage_taken":0,"relics_obtained":["Bloody Idol"],"max_hp_gain":0,"max_hp_loss":0,"event_name":"Forgotten Altar","floor":19,"relics_lost":["Golden Idol"],"gold_loss":0},{"damage_healed":0,"gold_gain":0,"player_choice":"Simplicity","damage_taken":0,"max_hp_gain":0,"max_hp_loss":0,"event_name":"Back to Basics","floor":20,"gold_loss":0,"cards_upgraded":["Strike_P","Strike_P","Strike_P","Strike_P","Defend_P","Defend_P","Defend_P","Defend_P"]},{"damage_healed":0,"gold_gain":0,"player_choice":"Rummage","damage_taken":0,"relics_obtained":["WarpedTongs"],"max_hp_gain":0,"max_hp_loss":0,"event_name":"Accursed Blacksmith","floor":21,"gold_loss":0,"cards_obtained":["Pain"]},{"damage_healed":14,"gold_gain":0,"player_choice":"Heal","damage_taken":0,"max_hp_gain":0,"max_hp_loss":0,"event_name":"The Library","floor":22,"gold_loss":0},{"damage_healed":0,"gold_gain":0,"player_choice":"Fought Bandits","damage_taken":0,"max_hp_gain":0,"max_hp_loss":0,"event_name":"Masked Bandits","floor":25,"gold_loss":0},{"damage_healed":0,"gold_gain":0,"player_choice":"Got Potions","damage_taken":0,"max_hp_gain":0,"max_hp_loss":0,"event_name":"Lab","floor":30,"gold_loss":0},{"cards_removed":["ReachHeaven"],"damage_healed":0,"gold_gain":0,"player_choice":"Removed Attack","damage_taken":0,"max_hp_gain":0,"max_hp_loss":0,"event_name":"Falling","floor":36,"gold_loss":0},{"damage_healed":0,"gold_gain":0,"player_choice":"Fight","damage_taken":0,"max_hp_gain":0,"max_hp_loss":0,"event_name":"MindBloom","floor":37,"gold_loss":0},{"damage_healed":56,"gold_gain":0,"player_choice":"Heal","damage_taken":0,"max_hp_gain":0,"max_hp_loss":12,"event_name":"The Moai Head","floor":39,"gold_loss":0},{"damage_healed":0,"gold_gain":0,"player_choice":"Upgraded","damage_taken":0,"max_hp_gain":0,"max_hp_loss":0,"event_name":"Upgrade Shrine","floor":47,"gold_loss":0,"cards_upgraded":["Wish"]},{"damage_healed":0,"gold_gain":222,"player_choice":"Wore Mask","damage_taken":0,"max_hp_gain":0,"max_hp_loss":0,"event_name":"Tomb of Lord Red Mask","floor":48,"gold_loss":0}],"is_beta":false,"boss_relics":[{"not_picked":["Philosopher\u0027s Stone","Busted Crown"],"picked":"VioletLotus"},{"not_picked":["Velvet Choker","Fusion Hammer"],"picked":"Pandora\u0027s Box"}],"items_purged_floors":[31],"is_endless":false,"potions_floor_spawned":[7,12,16,18,27],"killed_by":"Awakened One","ascension_level":18}}