{"host":"hxqmxu97ax4h93y4","time":1610311180,"event":{"mods":["BaseMod","Downfall","Hermit","Marisa????????","Minty Spire (QoL Compilation)","Random Character Button","StSLib","The Cursed","The Necromancer","The Runesmith"],"gold_per_floor":[119,129,148,162,87,87,87,115,115,115,125,141,141,41,41,136,136,155,172,183,31,45,45,45,45,45,58,58,58,71,71,71],"floor_reached":31,"playtime":1403,"items_purged":["Strike_B","Strike_B","Strike_B"],"score":239,"play_id":"c73089c3-b49f-4ea7-b3f5-f18d2f464c70","local_time":"20210110123940","is_ascension_mode":false,"campfire_choices":[{"data":"Lockon","floor":6,"key":"SMITH"},{"data":"Hello World","floor":10,"key":"SMITH"},{"data":"Rip and Tear","floor":13,"key":"SMITH"},{"floor":15,"key":"REST"},{"floor":23,"key":"REST"},{"data":"Streamline","floor":25,"key":"SMITH"},{"data":"Auto Shields","floor":28,"key":"SMITH"}],"circlet_count":0,"master_deck":["Strike_B","Defend_B+1","Defend_B","Defend_B+1","Defend_B","Zap","Dualcast","Auto Shields","Conserve Battery+1","Rebound","Lockon+1","Hello World+1","Streamline+1","Rip and Tear+1","Echo Form","Rebound+1","Redo","Auto Shields+1","Stack","Fusion+1","Steam+1"],"relics":["Cracked Core","NeowsBlessing","War Paint","Ancient Tea Set","Busted Crown","Meat on the Bone"],"acts_visited":["Exordium","TheCity"],"potions_floor_usage":[4,8,16,22,27],"damage_taken":[{"damage":0,"enemies":"Jaw Worm","floor":1,"turns":1},{"damage":0,"enemies":"Cultist","floor":2,"turns":1},{"damage":0,"enemies":"2 Louse","floor":3,"turns":1},{"damage":7,"enemies":"Large Slime","floor":4,"turns":7},{"damage":12,"enemies":"3 Sentries","floor":8,"turns":10},{"damage":3,"enemies":"3 Louse","floor":11,"turns":3},{"damage":0,"enemies":"Looter","floor":12,"turns":3},{"damage":8,"enemies":"Slime Boss","floor":16,"turns":6},{"damage":4,"enemies":"Spheric Guardian","floor":18,"turns":5},{"damage":18,"enemies":"Shell Parasite","floor":19,"turns":6},{"damage":3,"enemies":"Centurion and Healer","floor":20,"turns":8},{"damage":9,"enemies":"Shelled Parasite and Fungi","floor":22,"turns":6},{"damage":3,"enemies":"Snake Plant","floor":27,"turns":4},{"damage":18,"enemies":"3 Cultists","floor":30,"turns":6},{"damage":42,"enemies":"Shelled Parasite and Fungi","floor":31,"turns":5}],"seed_played":"1421433218298864652","potions_obtained":[{"floor":1,"key":"AttackPotion"},{"floor":3,"key":"Ancient Potion"},{"floor":8,"key":"champ:CounterPotion"},{"floor":12,"key":"GamblersBrew"},{"floor":22,"key":"hexamod:EctoCoolerPotion"}],"is_trial":false,"path_per_floor":["M","M","M","M","$","R","?","E","T","R","M","M","R","$","R","B",null,"M","M","M","$","M","R","$","R","T","M","R","$","M","M"],"character_chosen":"DEFECT","items_purchased":["Stack"],"campfire_rested":2,"item_purchase_floors":[21],"current_hp_per_floor":[75,75,75,68,68,68,68,56,56,56,53,53,53,53,75,67,75,71,53,50,50,41,63,63,63,63,60,60,60,42,0,0],"gold":71,"neow_bonus":"THREE_ENEMY_KILL","is_daily":false,"chose_seed":false,"campfire_upgraded":5,"win_rate":0.0,"timestamp":1610311180,"path_taken":["M","M","M","M","$","R","?","E","T","R","M","M","R","$","R","BOSS","M","M","M","$","M","R","$","R","T","?","R","$","M","M"],"items_purchased_type":["Card"],"build_version":"2020-12-22","purchased_purges":3,"victory":false,"max_hp_per_floor":[75,75,75,75,75,75,75,75,75,75,75,75,75,75,75,75,75,75,75,75,75,75,75,75,75,75,75,75,75,75,75,75],"card_choices":[{"not_picked":["Force Field","Hologram"],"picked":"Auto Shields","floor":1},{"not_picked":["Coolheaded","Lockon"],"picked":"Conserve Battery","floor":2},{"not_picked":["Go for the Eyes","Hologram"],"picked":"Rebound","floor":3},{"not_picked":["Melter","Rebound"],"picked":"Lockon","floor":4},{"not_picked":["Ball Lightning","Leap"],"picked":"Hello World","floor":8},{"not_picked":["Blizzard","Capacitor"],"picked":"Streamline","floor":11},{"not_picked":["Barrage","Compile Driver"],"picked":"Rip and Tear","floor":12},{"not_picked":["Amplify","Buffer"],"picked":"Echo Form","floor":16},{"not_picked":[],"picked":"Rebound+1","floor":18},{"not_picked":[],"picked":"Redo","floor":19},{"not_picked":[],"picked":"Auto Shields","floor":20},{"not_picked":[],"picked":"Fusion+1","floor":22},{"not_picked":["Compile Driver"],"picked":"SKIP","floor":27},{"not_picked":[],"picked":"Steam+1","floor":30}],"player_experience":40053,"relics_obtained":[{"floor":8,"key":"War Paint"},{"floor":9,"key":"Ancient Tea Set"},{"floor":26,"key":"Meat on the Bone"}],"event_choices":[{"damage_healed":0,"gold_gain":0,"player_choice":"Upgraded","damage_taken":0,"max_hp_gain":0,"max_hp_loss":0,"event_name":"Upgrade Shrine","floor":7,"gold_loss":0,"cards_upgraded":["Conserve Battery"]}],"is_beta":false,"boss_relics":[{"not_picked":["Cursed Key","Coffee Dripper"],"picked":"Busted Crown"}],"items_purged_floors":[5,14,21],"is_endless":false,"potions_floor_spawned":[1,3,8,12,22],"killed_by":"Shelled Parasite and Fungi","ascension_level":0}}