{"host":"q8niu1x2pgv94o1d","time":1610284093,"event":{"mods":["AchievementEnabler","BaseMod","Colored Map","Colored Powertips","Minty Spire (QoL Compilation)","StSLib"],"gold_per_floor":[112,112,112,135,135,135,150,150,150,183,183,221,105,119,119,239,239,263,363,383,383,407,407,407],"floor_reached":23,"playtime":1418,"items_purged":["Strike_R"],"score":201,"play_id":"f9c79152-227a-4a84-b680-f4761e26a4e1","local_time":"20210110140813","is_ascension_mode":true,"campfire_choices":[{"data":"Armaments","floor":6.0,"key":"SMITH"},{"data":"Cleave","floor":8.0,"key":"SMITH"},{"floor":11.0,"key":"DIG"},{"floor":15.0,"key":"DIG"}],"circlet_count":0,"master_deck":["Strike_R","Strike_R+1","Strike_R","Strike_R","Defend_R","Defend_R","Defend_R+1","Bash","Corruption","Armaments+1","Twin Strike","Intimidate","Cleave+1","Warcry","Feel No Pain","Fire Breathing","Headbutt","Feed","Infernal Blade+1","Shrug It Off"],"relics":["Burning Blood","Golden Idol","Shovel","MealTicket","Pocketwatch","Odd Mushroom","Nunchaku","Coffee Dripper"],"acts_visited":["Exordium","TheCity"],"potions_floor_usage":[21],"damage_taken":[{"damage":6.0,"enemies":"Cultist","floor":1.0,"turns":4.0},{"damage":3.0,"enemies":"Small Slimes","floor":4.0,"turns":3.0},{"damage":4.0,"enemies":"2 Louse","floor":7.0,"turns":2.0},{"damage":28.0,"enemies":"Lagavulin","floor":10.0,"turns":7.0},{"damage":4.0,"enemies":"The Mushroom Lair","floor":12.0,"turns":3.0},{"damage":8.0,"enemies":"Exordium Wildlife","floor":14.0,"turns":4.0},{"damage":30.0,"enemies":"Slime Boss","floor":16.0,"turns":5.0},{"damage":10.0,"enemies":"Chosen","floor":18.0,"turns":4.0},{"damage":17.0,"enemies":"2 Thieves","floor":20.0,"turns":4.0},{"damage":0,"enemies":"Snake Plant","floor":21,"turns":1},{"damage":15,"enemies":"Centurion and Healer","floor":22,"turns":6},{"damage":69,"enemies":"Book of Stabbing","floor":23,"turns":5}],"seed_played":"5143951815273385655","potions_obtained":[{"floor":7.0,"key":"SmokeBomb"},{"floor":10.0,"key":"BlessingOfTheForge"},{"floor":14.0,"key":"PowerPotion"},{"floor":18.0,"key":"SmokeBomb"}],"is_trial":false,"path_per_floor":["M","?","?","M","?","R","M","R","T","E","R","?","$","M","R","B",null,"M","?","M","M","M","E"],"character_chosen":"IRONCLAD","items_purchased":["Fire Breathing"],"campfire_rested":0,"item_purchase_floors":[13],"current_hp_per_floor":[80,64,64,67,67,67,69,69,69,47,47,49,64,62,62,38,74,73,73,66,72,66,0,0],"gold":407,"neow_bonus":"ONE_RANDOM_RARE_CARD","is_daily":false,"chose_seed":false,"campfire_upgraded":2,"win_rate":0.0,"timestamp":1610284093,"path_taken":["M","?","?","M","?","R","?","R","T","E","R","?","?","M","R","BOSS","M","?","M","?","M","E"],"items_purchased_type":["Card"],"build_version":"2020-12-22","purchased_purges":1,"victory":false,"max_hp_per_floor":[80,80,74,74,74,74,74,74,74,74,74,74,74,74,74,74,74,77,77,81,81,84,84,84],"card_choices":[{"not_picked":["Pummel","Warcry"],"picked":"Armaments","floor":1.0},{"not_picked":["Evolve","Metallicize"],"picked":"Twin Strike","floor":4.0},{"not_picked":["Headbutt","Hemokinesis"],"picked":"Cleave","floor":7.0},{"not_picked":["Searing Blow","Thunderclap"],"picked":"Warcry","floor":10.0},{"not_picked":["Ghostly Armor","Clothesline"],"picked":"Feel No Pain","floor":12.0},{"not_picked":["Anger","Entrench"],"picked":"Headbutt","floor":14.0},{"not_picked":["Corruption","Berserk"],"picked":"Feed","floor":16.0},{"not_picked":["Cleave","Pummel"],"picked":"Infernal Blade+1","floor":18.0},{"not_picked":["Hemokinesis","Infernal Blade","True Grit"],"picked":"SKIP","floor":20.0},{"not_picked":["Battle Trance","Flex"],"picked":"Shrug It Off","floor":22}],"player_experience":1784012,"relics_obtained":[{"floor":9.0,"key":"Shovel"},{"floor":10.0,"key":"MealTicket"},{"floor":11.0,"key":"Pocketwatch"},{"floor":12.0,"key":"Odd Mushroom"},{"floor":15.0,"key":"Nunchaku"}],"event_choices":[{"damage_healed":0.0,"max_hp_gain":0.0,"max_hp_loss":0.0,"gold_gain":0.0,"event_name":"Shining Light","player_choice":"Entered Light","floor":2.0,"gold_loss":0.0,"damage_taken":16.0,"cards_upgraded":["Defend_R","Strike_R"]},{"damage_healed":0.0,"max_hp_gain":0.0,"max_hp_loss":6.0,"gold_gain":0.0,"event_name":"Golden Idol","player_choice":"Lose Max HP","floor":3.0,"gold_loss":0.0,"damage_taken":0.0,"relics_obtained":["Golden Idol"]},{"damage_healed":0.0,"max_hp_gain":0.0,"max_hp_loss":0.0,"gold_gain":0.0,"cards_transformed":["Defend_R"],"event_name":"Living Wall","player_choice":"Change","floor":5.0,"gold_loss":0.0,"damage_taken":0.0,"cards_obtained":["Intimidate"]},{"damage_healed":0.0,"max_hp_gain":0.0,"max_hp_loss":0.0,"gold_gain":0.0,"event_name":"Mushrooms","player_choice":"Fought Mushrooms","floor":12.0,"gold_loss":0.0,"damage_taken":0.0},{"damage_healed":0.0,"max_hp_gain":0.0,"max_hp_loss":0.0,"gold_gain":100.0,"event_name":"Golden Shrine","player_choice":"Pray","floor":19.0,"gold_loss":0.0,"damage_taken":0.0}],"is_beta":false,"boss_relics":[{"not_picked":["Busted Crown","Pandora\u0027s Box"],"picked":"Coffee Dripper"}],"items_purged_floors":[13],"is_endless":false,"potions_floor_spawned":[7,10,14,18,21],"killed_by":"Book of Stabbing","ascension_level":1}}