{"host":"dfyfjscm69glluav","time":1610256917,"event":{"mods":["BaseMod","Marisa£¨Ùöéë¡¡Øª×âÞÞ£©","Minty Spire (QoL Compilation)","Replay The Spire","StSLib","The Cursed","The Hierophant","The Runesmith"],"gold_per_floor":[112,112,127,9293,9306,9306,9306,9306,9330,9357,9377,9377,9377,9395,9395,9395,9395],"floor_reached":16,"playtime":553,"items_purged":["Defend_B"],"score":100,"play_id":"d7c9b1c7-5eeb-4894-b89a-f018154174cc","local_time":"20210110143517","is_ascension_mode":false,"campfire_choices":[{"data":"Zap","floor":6,"key":"SMITH"},{"data":"Chaos","floor":8,"key":"SMITH"},{"floor":12,"key":"REST"},{"data":"Reprogram","floor":15,"key":"SMITH"}],"circlet_count":0,"master_deck":["Strike_B","Strike_B","Strike_B","Defend_B","Defend_B+1","Defend_B+1","Zap+1","Dualcast","Panic Button","Sweeping Beam","FIFO Queue+1","Turbo","Thunder Strike","Chaos+1","Storm","Reprogram+1","Regret","Consume"],"relics":["Cracked Core","ReplayTheSpireMod:Lightbulb","Quantum Egg","BargainBundle","Molten Egg 2","Blood Vial","Simple Rune","Happy Flower"],"acts_visited":["Exordium"],"potions_floor_usage":[],"damage_taken":[{"damage":5,"enemies":"2 Louse","floor":1,"turns":3},{"damage":1,"enemies":"Jaw Worm","floor":3,"turns":4},{"damage":15,"enemies":"Cultist","floor":5,"turns":4},{"damage":48,"enemies":"3 Sentries","floor":10,"turns":7},{"damage":18,"enemies":"Exordium Thugs","floor":11,"turns":5},{"damage":13,"enemies":"Lots of Slimes","floor":14,"turns":4},{"damage":32,"enemies":"The Guardian","floor":16,"turns":2}],"seed_played":"-5034553934493451132","potions_obtained":[{"floor":1,"key":"PotionOfCapacity"},{"floor":3,"key":"Milkshake"},{"floor":10,"key":"FairyPotion"},{"floor":11,"key":"Elixir"}],"is_trial":false,"path_per_floor":["M","?","M","$","M","R","T","R","T","E","M","R","?","M","R","B"],"character_chosen":"DEFECT","items_purchased":["FIFO Queue+1","ReplayTheSpireMod:Lightbulb","Quantum Egg","BargainBundle","Turbo","Thunder Strike","SpeedPotion"],"campfire_rested":1,"item_purchase_floors":[4,4,4,4,4,4,4],"current_hp_per_floor":[77,70,69,69,54,54,54,54,54,8,16,40,40,29,29,0,0],"gold":9395,"neow_bonus":"TEN_PERCENT_HP_BONUS","is_daily":false,"chose_seed":false,"campfire_upgraded":3,"win_rate":0.0,"timestamp":1610256917,"path_taken":["M","?","M","$","M","R","?","R","T","E","M","R","?","M","R","BOSS"],"items_purchased_type":["Card","Relic","Relic","Relic","Card","Card","Potion"],"build_version":"2020-12-22","purchased_purges":1,"victory":false,"max_hp_per_floor":[82,82,82,82,82,82,82,82,82,82,82,82,82,82,82,82,82],"card_choices":[{"not_picked":["Glacier","Compile Driver"],"picked":"Panic Button","floor":1},{"not_picked":["Self Repair","Genetic Algorithm"],"picked":"Sweeping Beam","floor":3},{"not_picked":["Hello World","Coolheaded"],"picked":"Chaos","floor":5},{"not_picked":["ReplaySolidLightProjector","Meteor Strike+1"],"picked":"Storm","floor":10},{"not_picked":["Beam Cell+1","Rip and Tear+1"],"picked":"Reprogram","floor":11},{"not_picked":["Panic Button","Streamline+1"],"picked":"Consume","floor":14}],"player_experience":155419,"relics_obtained":[{"floor":7,"key":"Molten Egg 2"},{"floor":9,"key":"Blood Vial"},{"floor":10,"key":"Simple Rune"}],"event_choices":[{"cards_removed":["Strike_B"],"damage_healed":0,"gold_gain":0,"player_choice":"Card Removal","damage_taken":7,"max_hp_gain":0,"max_hp_loss":0,"event_name":"Golden Wing","floor":2,"gold_loss":0},{"damage_healed":0,"gold_gain":0,"player_choice":"Box","damage_taken":0,"relics_obtained":["Happy Flower"],"max_hp_gain":0,"max_hp_loss":0,"event_name":"Big Fish","floor":13,"gold_loss":0,"cards_obtained":["Regret"]}],"is_beta":false,"boss_relics":[],"items_purged_floors":[4],"is_endless":false,"potions_floor_spawned":[1,3,10,11],"killed_by":"The Guardian","ascension_level":0}}