{"host":"Krakhan","time":1610297064,"event":{"mods":["AchievementEnabler","BaseMod","Colored Map","Colored Powertips","Faster Ascension Climbing","Highlight Path","Minty Spire (QoL Compilation)","Rare Cards Sparkle","Relic Stats","StSLib"],"gold_per_floor":[116,130,130,130,153,188,26,26,94,117,117,160,160,176,176,274,274,290,309,309,171,189,189,228,228,228,246,277,300,325,369,369,369,369],"floor_reached":33,"playtime":2354,"items_purged":[],"score":784,"play_id":"7fbf8cac-cb58-473c-a79f-b02bed3b66cb","local_time":"20210110114424","is_ascension_mode":true,"campfire_choices":[{"data":"Bash","floor":8,"key":"SMITH"},{"data":"Whirlwind","floor":11,"key":"SMITH"},{"data":"True Grit","floor":13,"key":"SMITH"},{"data":"Hemokinesis","floor":15,"key":"SMITH"},{"data":"Immolate","floor":23,"key":"SMITH"},{"floor":32,"key":"REST"}],"circlet_count":0,"master_deck":["AscendersBane","Strike_R+1","Strike_R","Strike_R","Strike_R+1","Strike_R","Defend_R","Defend_R","Defend_R","Defend_R","Bash+1","Injury","Hemokinesis","Twin Strike","True Grit","Hemokinesis+1","Whirlwind+1","True Grit+1","Fire Breathing","Immolate+1","Dual Wield","Shockwave","Shrug It Off","Feel No Pain","Rupture","Rupture+1","Havoc+1"],"relics":["Burning Blood","Bird Faced Urn","Golden Idol","Bag of Preparation","Anchor","Mercury Hourglass","Centennial Puzzle","Snecko Eye","Art of War","Incense Burner","Molten Egg 2","Toxic Egg 2","Red Skull"],"acts_visited":["Exordium","TheCity"],"potions_floor_usage":[6,18,28,31],"damage_taken":[{"damage":7,"enemies":"2 Louse","floor":1,"turns":4},{"damage":14,"enemies":"Jaw Worm","floor":2,"turns":2},{"damage":5,"enemies":"Small Slimes","floor":5,"turns":3},{"damage":6,"enemies":"Gremlin Nob","floor":6,"turns":3},{"damage":12,"enemies":"Exordium Thugs","floor":10,"turns":3},{"damage":2,"enemies":"3 Sentries","floor":12,"turns":4},{"damage":13,"enemies":"Exordium Wildlife","floor":14,"turns":3},{"damage":4,"enemies":"Slime Boss","floor":16,"turns":4},{"damage":2,"enemies":"Shell Parasite","floor":18,"turns":2},{"damage":2,"enemies":"3 Byrds","floor":19,"turns":3},{"damage":2,"enemies":"3 Cultists","floor":22,"turns":2},{"damage":13,"enemies":"Book of Stabbing","floor":24,"turns":4},{"damage":35,"enemies":"Shelled Parasite and Fungi","floor":27,"turns":4},{"damage":25,"enemies":"Gremlin Leader","floor":28,"turns":5},{"damage":10,"enemies":"Centurion and Healer","floor":29,"turns":3},{"damage":10,"enemies":"3 Cultists","floor":30,"turns":4},{"damage":17,"enemies":"Book of Stabbing","floor":31,"turns":4},{"damage":36,"enemies":"Champ","floor":33,"turns":5}],"seed_played":"2677613964732876176","potions_obtained":[{"floor":1,"key":"Strength Potion"},{"floor":2,"key":"Fruit Juice"},{"floor":16,"key":"BlessingOfTheForge"},{"floor":22,"key":"LiquidMemories"},{"floor":29,"key":"ElixirPotion"},{"floor":30,"key":"LiquidBronze"}],"is_trial":false,"path_per_floor":["M","M","?","?","M","E","$","R","T","M","R","E","R","M","R","B",null,"M","M","?","?","M","R","E","T","T","M","E","M","M","E","R","B"],"character_chosen":"IRONCLAD","items_purchased":["Anchor"],"campfire_rested":1,"item_purchase_floors":[7],"current_hp_per_floor":[67,59,59,39,40,40,40,40,40,34,34,38,38,31,31,35,60,64,68,68,68,68,68,63,63,63,34,17,15,13,10,30,0,0],"gold":369,"neow_bonus":"ONE_RARE_RELIC","is_daily":false,"chose_seed":false,"campfire_upgraded":5,"win_rate":0.0,"timestamp":1610297064,"path_taken":["M","M","?","?","M","E","$","R","T","M","R","E","R","M","R","BOSS","M","M","?","?","?","R","E","?","T","M","E","M","M","E","R","BOSS"],"items_purchased_type":["Relic"],"build_version":"2020-12-18","purchased_purges":0,"victory":false,"max_hp_per_floor":[75,75,68,68,68,68,68,68,68,68,68,68,68,68,68,68,68,68,68,68,68,68,68,68,68,68,68,68,68,68,68,68,68,68],"relic_stats":{"Centennial Puzzle":[36],"counters":[18,61],"Golden Idol":97,"Bird Faced Urn":[24],"Snecko Eye":[69,60,67,68],"Bag of Preparation":[28],"Art of War":[0],"obtain_stats":[{"Golden Idol":3,"Bag of Preparation":6,"Incense Burner":24,"Burning Blood":0,"Mercury Hourglass":9,"Anchor":7,"Centennial Puzzle":12,"Bird Faced Urn":0,"Snecko Eye":17,"Molten Egg 2":25,"Art of War":21,"Toxic Egg 2":28,"Red Skull":31},{"Golden Idol":2,"Bag of Preparation":4,"Incense Burner":12,"Burning Blood":0,"Mercury Hourglass":4,"Anchor":4,"Centennial Puzzle":6,"Bird Faced Urn":0,"Snecko Eye":8,"Molten Egg 2":12,"Art of War":10,"Toxic Egg 2":14,"Red Skull":17},{"Golden Idol":6,"Bag of Preparation":12,"Incense Burner":36,"Burning Blood":0,"Mercury Hourglass":12,"Anchor":12,"Centennial Puzzle":18,"Bird Faced Urn":0,"Snecko Eye":25,"Molten Egg 2":36,"Art of War":30,"Toxic Egg 2":45,"Red Skull":56}],"Burning Blood":98,"Mercury Hourglass":[207]},"card_choices":[{"not_picked":["Power Through","Thunderclap"],"picked":"Hemokinesis","floor":1},{"not_picked":["Seeing Red","Havoc"],"picked":"Twin Strike","floor":2},{"not_picked":["Heavy Blade","Headbutt"],"picked":"True Grit","floor":5},{"not_picked":["Headbutt","Clash"],"picked":"Hemokinesis","floor":6},{"not_picked":["Heavy Blade","Thunderclap"],"picked":"Whirlwind","floor":10},{"not_picked":["Bloodletting","Anger"],"picked":"True Grit","floor":12},{"not_picked":["Brutality","Infernal Blade"],"picked":"Fire Breathing","floor":14},{"not_picked":["Barricade","Juggernaut"],"picked":"Immolate","floor":16},{"not_picked":["Pommel Strike","Infernal Blade"],"picked":"Dual Wield","floor":18},{"not_picked":["Inflame","Iron Wave"],"picked":"Shockwave","floor":19},{"not_picked":["Clothesline","Inflame","Battle Trance"],"picked":"SKIP","floor":22},{"not_picked":["Twin Strike","Second Wind"],"picked":"Shrug It Off","floor":24},{"not_picked":["Iron Wave+1","Sword Boomerang+1"],"picked":"Feel No Pain","floor":27},{"not_picked":["Pommel Strike+1","Sword Boomerang+1"],"picked":"Rupture","floor":28},{"not_picked":["True Grit+1","Flex+1"],"picked":"Rupture+1","floor":29},{"not_picked":["Whirlwind+1","Havoc+1","Iron Wave+1"],"picked":"SKIP","floor":30},{"not_picked":["Whirlwind+1","Havoc+1","Iron Wave+1"],"picked":"SKIP","floor":30},{"not_picked":["Wild Strike+1","Cleave+1"],"picked":"Havoc+1","floor":31}],"player_experience":1290305,"relics_obtained":[{"floor":6,"key":"Bag of Preparation"},{"floor":9,"key":"Mercury Hourglass"},{"floor":12,"key":"Centennial Puzzle"},{"floor":24,"key":"Incense Burner"},{"floor":25,"key":"Molten Egg 2"},{"floor":28,"key":"Toxic Egg 2"},{"floor":31,"key":"Red Skull"}],"event_choices":[{"damage_healed":0,"gold_gain":0,"player_choice":"Lose Max HP","damage_taken":0,"relics_obtained":["Golden Idol"],"max_hp_gain":0,"max_hp_loss":7,"event_name":"Golden Idol","floor":3,"gold_loss":0},{"damage_healed":0,"gold_gain":0,"player_choice":"Entered Light","damage_taken":20,"max_hp_gain":0,"max_hp_loss":0,"event_name":"Shining Light","floor":4,"gold_loss":0,"cards_upgraded":["Strike_R","Strike_R"]},{"damage_healed":0,"gold_gain":0,"player_choice":"Ignored","damage_taken":0,"max_hp_gain":0,"max_hp_loss":0,"event_name":"Ghosts","floor":20,"gold_loss":0},{"damage_healed":0,"gold_gain":0,"player_choice":"Paid Gold","damage_taken":0,"relics_obtained":["Art of War"],"max_hp_gain":0,"max_hp_loss":0,"event_name":"WeMeetAgain","floor":21,"gold_loss":138}],"is_beta":true,"boss_relics":[{"not_picked":["Sozu","Pandora\u0027s Box"],"picked":"Snecko Eye"}],"items_purged_floors":[],"is_endless":false,"potions_floor_spawned":[1,2,16,22,24,27,29,30],"killed_by":"Champ","ascension_level":20}}