{"host":"uxq2rly8rxtwffuf","time":1610294826,"event":{"mods":["BaseMod","Koishi","Minty Spire (QoL Compilation)","StSLib","The Servant 0.9.4"],"gold_per_floor":[114,8,8,27,27,57,22,22,49,49,66,66,92,110,110,185,185,202,42,92,6,26,26,26,26,53,53,53],"floor_reached":27,"playtime":892,"items_purged":[],"score":423,"play_id":"a723b38d-f0a5-471f-94b0-818a5641c494","local_time":"20210110190706","is_ascension_mode":true,"campfire_choices":[{"data":"LightFlow","floor":8,"key":"SMITH"},{"data":"Bandage Up","floor":10,"key":"SMITH"},{"floor":15,"key":"RECALL"},{"floor":23,"key":"REST"},{"data":"Sunlight","floor":25,"key":"SMITH"}],"circlet_count":0,"master_deck":["AscendersBane","Strike_S","Strike_S","Strike_S","Strike_S","Defend_S","Defend_S","Defend_S","Defend_S","KidneyShot","Exchange","LightFlow+1","Advance","Bandage Up+1","BottledTime","Potential","Reset","Alleviate","StarChef","Sunlight+1","Spin","Defy"],"relics":["Uniform","Bag of Marbles","Bottled Lightning","Lantern","Smiling Mask","Ice Cream","Busted Crown","Membership Card","ClockworkSouvenir"],"acts_visited":["Exordium","TheCity"],"potions_floor_usage":[16,18],"damage_taken":[{"damage":7,"enemies":"Jaw Worm","floor":1,"turns":4},{"damage":0,"enemies":"Cultist","floor":4,"turns":3},{"damage":20,"enemies":"Lagavulin","floor":6,"turns":5},{"damage":0,"enemies":"2 Louse","floor":11,"turns":3},{"damage":8,"enemies":"Gremlin Nob","floor":13,"turns":3},{"damage":7,"enemies":"Large Slime","floor":14,"turns":3},{"damage":25,"enemies":"The Guardian","floor":16,"turns":7},{"damage":11,"enemies":"Spheric Guardian","floor":18,"turns":3},{"damage":17,"enemies":"3 Byrds","floor":22,"turns":4},{"damage":63,"enemies":"Book of Stabbing","floor":27,"turns":5}],"seed_played":"2997718266650502635","potions_obtained":[{"floor":11,"key":"BlessingOfTheForge"},{"floor":13,"key":"PowerPotion"},{"floor":18,"key":"Energy Potion"}],"is_trial":false,"path_per_floor":["M","$","?","M","$","E","?","R","T","R","M","?","E","M","R","B",null,"M","$","?","$","M","R","?","R","T","E"],"character_chosen":"THE_SERVANT","items_purchased":["Bandage Up","Membership Card","ClockworkSouvenir"],"campfire_rested":1,"item_purchase_floors":[2,19,21],"current_hp_per_floor":[47,47,47,51,51,35,50,50,50,50,56,51,49,48,48,29,52,47,47,47,47,36,54,54,54,54,0,0],"gold":53,"neow_bonus":"ONE_RANDOM_RARE_CARD","is_daily":false,"chose_seed":false,"campfire_upgraded":3,"win_rate":0.0,"timestamp":1610294826,"path_taken":["M","$","?","?","$","E","?","R","T","R","M","?","E","M","R","BOSS","M","$","?","$","M","R","?","R","T","E"],"items_purchased_type":["Card","Relic","Relic"],"build_version":"2020-12-22","purchased_purges":0,"victory":false,"max_hp_per_floor":[60,60,60,60,60,60,60,60,60,60,60,60,60,60,60,60,60,60,60,60,60,60,60,60,60,60,60,60],"card_choices":[{"not_picked":["Spin","Rearm"],"picked":"Advance","floor":1},{"not_picked":["Desolation","DoubleEdge"],"picked":"BottledTime","floor":4},{"not_picked":["Ricochet","Rearm"],"picked":"Potential","floor":6},{"not_picked":["FanOfKnives","GearUp"],"picked":"Reset","floor":11},{"not_picked":["Unruled","Revamp"],"picked":"Alleviate","floor":13},{"not_picked":["ReturningBlade","Advance"],"picked":"StarChef","floor":14},{"not_picked":["MurderousAura","Solidify"],"picked":"Sunlight","floor":16},{"not_picked":[],"picked":"Spin","floor":18},{"not_picked":[],"picked":"Defy","floor":22}],"player_experience":1379099,"relics_obtained":[{"floor":3,"key":"Bag of Marbles"},{"floor":6,"key":"Bottled Lightning"},{"floor":9,"key":"Lantern"},{"floor":13,"key":"Ice Cream"}],"event_choices":[{"damage_healed":0,"gold_gain":0,"player_choice":"Relic","damage_taken":0,"max_hp_gain":0,"max_hp_loss":0,"event_name":"Wheel of Change","floor":3,"gold_loss":0},{"damage_healed":15,"gold_gain":0,"player_choice":"Healed","damage_taken":0,"max_hp_gain":0,"max_hp_loss":0,"event_name":"The Cleric","floor":7,"gold_loss":35},{"damage_healed":0,"gold_gain":0,"player_choice":"Success","damage_taken":5,"relics_obtained":["Smiling Mask"],"max_hp_gain":0,"max_hp_loss":0,"event_name":"Scrap Ooze","floor":12,"gold_loss":0},{"damage_healed":0,"gold_gain":50,"player_choice":"Stole From Cult","damage_taken":0,"max_hp_gain":0,"max_hp_loss":0,"event_name":"Nest","floor":20,"gold_loss":0},{"damage_healed":0,"gold_gain":0,"player_choice":"Ignored","damage_taken":0,"max_hp_gain":0,"max_hp_loss":0,"event_name":"Vampires","floor":24,"gold_loss":0}],"is_beta":false,"boss_relics":[{"not_picked":["Cursed Key","Ectoplasm"],"picked":"Busted Crown"}],"items_purged_floors":[],"is_endless":false,"potions_floor_spawned":[11,13,14,18],"killed_by":"Book of Stabbing","ascension_level":19}}