{"host":"ha6p5pdchuduffeg","time":1610270266,"event":{"mods":["Act Like it!","BaseMod","Gensokyo","KinomotoSakuraMod(ƒæ÷Æ±æ”£)","Koishi","Marisa£®ÏF”Í°°ƒß¿Ì…≥£©","Minty Spire (QoL Compilation)","Reimu£®≤©¿ˆ¡È√Œ£©","Remilia£®¿Ÿ√◊¿Ú—«£©","Replay The Spire","StSLib","The Servant 0.9.4","Youmu£®ªÍ∆«—˝√Œ£©"],"gold_per_floor":[115,190,190,43,43,77,29,29,52,83,96,96,126,69,69,168,168,181,121,131,131,57,57,67,78,78,78,98,98,153,153,153,153,153],"floor_reached":33,"playtime":877,"items_purged":[],"score":371,"play_id":"35ecf83f-259b-4099-996b-85f593a7b4f8","local_time":"20210110171746","is_ascension_mode":true,"campfire_choices":[{"floor":8.0,"key":"REST"},{"floor":15.0,"key":"REST"},{"floor":23.0,"key":"REST"},{"floor":27.0,"key":"REST"},{"floor":29.0,"key":"REST"},{"floor":32.0,"key":"REST"}],"circlet_count":0,"master_deck":["Strike_S+1","Strike_S+1","Strike_S+1","Defend_S+1","Defend_S","Defend_S+1","Defend_S+1","KidneyShot","Exchange+1","Ricochet+1","ShatteredReality+1","DualDimension+1","FanOfKnives+1","KillingDoll+1","Spin+1"],"relics":["SplendidAttire","NeowsBlessing","Pen Nib","Omamori","Replay:Baseball","Replay:Mystery Machine","Molten Egg 2","Gremlin Food","ReplayTheSpireMod:Lightbulb","Replay:Grab Bag","Fusion Hammer","Philosopher\u0027s Stone","Replay:Bottled Eggs","Replay:Wax Seal","Orichalcum"],"acts_visited":["Exordium","TheCity"],"potions_floor_usage":[33],"damage_taken":[{"damage":0.0,"enemies":"Jaw Worm","floor":1.0,"turns":1.0},{"damage":0.0,"enemies":"Lagavulin","floor":6.0,"turns":1.0},{"damage":0.0,"enemies":"Gremlin Nob","floor":10.0,"turns":1.0},{"damage":0.0,"enemies":"Small Slimes","floor":11.0,"turns":2.0},{"damage":23.0,"enemies":"Lagavulin","floor":13.0,"turns":6.0},{"damage":48.0,"enemies":"The Guardian","floor":16.0,"turns":16.0},{"damage":7.0,"enemies":"Chosen","floor":18.0,"turns":4.0},{"damage":5.0,"enemies":"Spheric Guardian","floor":20.0,"turns":3.0},{"damage":0.0,"enemies":"Chosen and Byrds","floor":24.0,"turns":4.0},{"damage":0.0,"enemies":"3 Cultists","floor":25.0,"turns":2.0},{"damage":27.0,"enemies":"Snake Plant","floor":28.0,"turns":4.0},{"damage":64,"enemies":"Champ","floor":33,"turns":10}],"seed_played":"4962799017049382759","potions_obtained":[{"floor":10.0,"key":"Swift Potion"},{"floor":16.0,"key":"DuplicationPotion"},{"floor":24.0,"key":"GamblersBrew"},{"floor":25.0,"key":"Fire Potion"}],"is_trial":false,"path_per_floor":["M","?","?","$","?","E","$","R","T","E","M","?","E","$","R","B",null,"M","?","M","?","$","R","M","M","T","R","M","R","?","?","R","B"],"character_chosen":"THE_SERVANT","items_purchased":["Omamori","Ricochet","DualDimension+1","KillingDoll+1"],"campfire_rested":6,"item_purchase_floors":[4,7,14,22],"current_hp_per_floor":[65,54,36,36,36,36,36,55,55,55,55,55,32,32,51,3,65,58,58,53,53,53,65,65,65,65,65,38,57,31,31,50,0,0],"gold":153,"neow_bonus":"THREE_ENEMY_KILL","is_daily":false,"chose_seed":false,"campfire_upgraded":0,"win_rate":0.0,"timestamp":1610270266,"path_taken":["M","?","?","$","?","E","?","R","T","E","?","?","E","$","R","BOSS","M","?","M","?","$","R","?","M","T","R","M","R","?","?","R","BOSS"],"items_purchased_type":["Relic","Card","Card","Card"],"build_version":"2020-12-22","purchased_purges":0,"victory":false,"max_hp_per_floor":[65,65,65,65,65,65,65,65,65,65,65,65,65,65,65,65,65,65,65,65,65,65,65,65,65,65,65,65,65,65,65,65,65,65],"card_choices":[{"not_picked":["DoubleEdge","Deadline","Revamp"],"picked":"SKIP","floor":1.0},{"not_picked":["SurpressingFire","Potential","DoubleEdge"],"picked":"SKIP","floor":6.0},{"not_picked":["FastForward","Starlight+1"],"picked":"ShatteredReality+1","floor":10.0},{"not_picked":["Hightail","InstantArmor","TimeWarp+1"],"picked":"SKIP","floor":11.0},{"not_picked":["Initiator+1","Misdirection","Shuttle"],"picked":"SKIP","floor":13.0},{"not_picked":["Advance","FastForward","Rewind"],"picked":"SKIP","floor":18.0},{"not_picked":["InstantArmor","Revamp+1"],"picked":"FanOfKnives+1","floor":20.0},{"not_picked":["Replace","Sabotage+1","FastForward+1"],"picked":"SKIP","floor":24.0},{"not_picked":["Deadline","Shuttle","BottledTime+1"],"picked":"SKIP","floor":25.0},{"not_picked":["MoonPhase","Alleviate","FloweringNight"],"picked":"SKIP","floor":28.0},{"not_picked":["FastForward+1","Replace+1"],"picked":"Spin+1","floor":30.0}],"player_experience":52035,"relics_obtained":[{"floor":6.0,"key":"Replay:Baseball"},{"floor":9.0,"key":"Replay:Mystery Machine"},{"floor":10.0,"key":"Molten Egg 2"},{"floor":13.0,"key":"ReplayTheSpireMod:Lightbulb"},{"floor":26.0,"key":"Replay:Bottled Eggs"},{"floor":30.0,"key":"Replay:Wax Seal"}],"event_choices":[{"damage_healed":0.0,"max_hp_gain":0.0,"max_hp_loss":0.0,"gold_gain":75.0,"event_name":"World of Goop","player_choice":"Gather Gold","floor":2.0,"gold_loss":0.0,"damage_taken":11.0},{"damage_healed":0.0,"max_hp_gain":0.0,"max_hp_loss":0.0,"gold_gain":0.0,"event_name":"Scrap Ooze","player_choice":"Success","floor":3.0,"gold_loss":0.0,"damage_taken":18.0,"relics_obtained":["Pen Nib"]},{"damage_healed":0.0,"max_hp_gain":0.0,"max_hp_loss":0.0,"gold_gain":0.0,"event_name":"Shining Light","player_choice":"Ignored","floor":5.0,"gold_loss":0.0,"damage_taken":0.0},{"damage_healed":0.0,"max_hp_gain":0.0,"max_hp_loss":0.0,"gold_gain":0.0,"event_name":"WeMeetAgain","player_choice":"Gave Potion","floor":12.0,"gold_loss":0.0,"damage_taken":0.0,"relics_obtained":["Gremlin Food"]},{"cards_removed":["Strike_S"],"damage_healed":0.0,"max_hp_gain":0.0,"max_hp_loss":0.0,"gold_gain":0.0,"event_name":"Bonfire Elementals","player_choice":"Offered Basic","floor":21.0,"gold_loss":0.0,"damage_taken":0.0}],"is_beta":false,"boss_relics":[{"not_picked":["Sozu","Honey Jar"],"picked":"Replay:Grab Bag"},{"not_picked":["ChewingGum","Cursed Key"],"picked":"Fusion Hammer"},{"not_picked":["Velvet Choker","SlaversCollar"],"picked":"Philosopher\u0027s Stone"},{"not_picked":["Kintsugi","StoneMask"],"picked":"SplendidAttire"}],"items_purged_floors":[],"is_endless":false,"potions_floor_spawned":[10,16,24,25,28],"killed_by":"Champ","ascension_level":4}}