{"host":"ta9mufxydm4vkknf","time":1610289293,"event":{"mods":["AchievementEnabler","BaseMod","Minty Spire (QoL Compilation)","Quick Restart"],"gold_per_floor":[112,131,131,81,94,126,126,126,126],"floor_reached":8,"playtime":256,"items_purged":[],"score":67,"play_id":"b0de1b09-5085-4bcf-8c47-58dc4efbb618","local_time":"20210110153453","is_ascension_mode":true,"campfire_choices":[{"data":"Consume","floor":7,"key":"SMITH"}],"circlet_count":0,"master_deck":["Strike_B","Strike_B","Strike_B","Defend_B","Defend_B","Defend_B","Zap","Dualcast","Conserve Battery","Barrage","Loop","Consume+1"],"relics":["Cursed Key","White Beast Statue"],"acts_visited":["Exordium"],"potions_floor_usage":[6],"damage_taken":[{"damage":5,"enemies":"Cultist","floor":1,"turns":4},{"damage":8,"enemies":"Small Slimes","floor":2,"turns":3},{"damage":0,"enemies":"Jaw Worm","floor":5,"turns":3},{"damage":18,"enemies":"Lagavulin","floor":6,"turns":7},{"damage":42,"enemies":"Gremlin Nob","floor":8,"turns":4}],"seed_played":"-2854125179404443583","potions_obtained":[{"floor":1,"key":"BlessingOfTheForge"},{"floor":6,"key":"SteroidPotion"}],"is_trial":false,"path_per_floor":["M","M","?","?","M","E","R","E"],"character_chosen":"DEFECT","items_purchased":[],"campfire_rested":0,"item_purchase_floors":[],"current_hp_per_floor":[70,62,55,55,55,37,37,0,0],"gold":126,"neow_bonus":"BOSS_RELIC","is_daily":false,"chose_seed":false,"campfire_upgraded":1,"win_rate":0.0,"timestamp":1610289293,"path_taken":["M","?","?","?","M","E","R","E"],"items_purchased_type":[],"build_version":"2020-12-22","purchased_purges":0,"victory":false,"max_hp_per_floor":[75,75,75,75,75,75,75,75,75],"card_choices":[{"not_picked":["Double Energy","Go for the Eyes"],"picked":"Conserve Battery","floor":1},{"not_picked":["Turbo","Chaos"],"picked":"Barrage","floor":2},{"not_picked":["Blizzard","Conserve Battery"],"picked":"Loop","floor":5},{"not_picked":["Reprogram","Hologram"],"picked":"Consume","floor":6}],"player_experience":265955,"relics_obtained":[{"floor":6,"key":"White Beast Statue"}],"event_choices":[{"cards_removed":["Defend_B"],"damage_healed":0,"gold_gain":0,"player_choice":"Card Removal","damage_taken":7,"max_hp_gain":0,"max_hp_loss":0,"event_name":"Golden Wing","floor":3,"gold_loss":0},{"cards_removed":["Strike_B"],"damage_healed":0,"gold_gain":0,"player_choice":"Card Removal","damage_taken":0,"max_hp_gain":0,"max_hp_loss":0,"event_name":"The Cleric","floor":4,"gold_loss":50}],"is_beta":false,"boss_relics":[],"items_purged_floors":[],"is_endless":false,"potions_floor_spawned":[1,6],"killed_by":"Gremlin Nob","ascension_level":4}}