{"host":"qhhcmep1unj6mpf7","time":1610256261,"event":{"mods":["2.2 Compatiblity","AchievementEnabler","BaseMod","Colored Map","DeckTracker","Highlight Path","Keyboard Shortcuts","Minty Spire (QoL Compilation)","Permanent Neow","Quick Restart","Random Character Button","StSLib","SuperFastMode","everything is the same but u backflip on backflip"],"gold_per_floor":[16,27,45,45,45,80,95,95,120,120,145,145,70,84,84,84,84],"floor_reached":16,"playtime":540,"items_purged":["Strike_R"],"score":173,"play_id":"70de4cae-9aa2-4380-94f6-f4b24f73cd0c","local_time":"20210110142421","is_ascension_mode":true,"campfire_choices":[{"data":"Berserk","floor":8,"key":"SMITH"},{"data":"Shrug It Off","floor":10,"key":"SMITH"},{"data":"Feel No Pain","floor":12,"key":"SMITH"},{"data":"Inflame","floor":15,"key":"SMITH"}],"circlet_count":0,"master_deck":["AscendersBane","Strike_R","Strike_R","Strike_R","Strike_R","Defend_R","Defend_R","Defend_R","Defend_R","Bash","Shrug It Off+1","Inflame+1","Reaper","Berserk+1","Feel No Pain+1"],"relics":["Burning Blood","Ice Cream","Golden Idol","Tiny Chest"],"acts_visited":["Exordium"],"potions_floor_usage":[16,16],"damage_taken":[{"damage":1.0,"enemies":"Cultist","floor":1.0,"turns":4.0},{"damage":9.0,"enemies":"Jaw Worm","floor":2.0,"turns":6.0},{"damage":4.0,"enemies":"Small Slimes","floor":3.0,"turns":4.0},{"damage":42,"enemies":"Lagavulin","floor":6,"turns":8},{"damage":21,"enemies":"2 Fungi Beasts","floor":7,"turns":4},{"damage":25,"enemies":"Lots of Slimes","floor":11,"turns":6},{"damage":12,"enemies":"Large Slime","floor":14,"turns":5},{"damage":43,"enemies":"The Guardian","floor":16,"turns":13}],"seed_played":"1764629215912055535","potions_obtained":[{"floor":2.0,"key":"ElixirPotion"},{"floor":7,"key":"Swift Potion"},{"floor":14,"key":"Regen Potion"}],"is_trial":false,"path_per_floor":["M","M","M","$","?","E","M","R","T","R","M","R","$","M","R","B"],"character_chosen":"IRONCLAD","items_purchased":[],"campfire_rested":0,"item_purchase_floors":[],"current_hp_per_floor":[73,70,72,72,54,27,24,24,24,24,17,17,17,17,17,0,0],"gold":84,"neow_bonus":"ONE_RARE_RELIC","is_daily":false,"chose_seed":false,"campfire_upgraded":4,"win_rate":0.0,"timestamp":1610256261,"path_taken":["M","M","M","?","?","E","M","R","T","R","M","R","$","M","R","BOSS"],"items_purchased_type":[],"build_version":"2020-12-22","purchased_purges":1,"victory":false,"max_hp_per_floor":[75,75,75,75,75,75,75,75,75,75,75,75,75,75,75,75,75],"card_choices":[{"not_picked":["Anger","True Grit"],"picked":"Shrug It Off","floor":1.0},{"not_picked":["Clothesline","Anger"],"picked":"Inflame","floor":2.0},{"not_picked":["Cleave","Searing Blow"],"picked":"Reaper","floor":3.0},{"not_picked":["Thunderclap","Ghostly Armor"],"picked":"Berserk","floor":6},{"not_picked":["Dual Wield","Cleave","Reckless Charge"],"picked":"SKIP","floor":7},{"not_picked":["Dual Wield","Cleave","Reckless Charge"],"picked":"SKIP","floor":7},{"not_picked":["Pommel Strike","Iron Wave"],"picked":"Feel No Pain","floor":11},{"not_picked":["Heavy Blade","Perfected Strike","Armaments"],"picked":"SKIP","floor":14}],"player_experience":341760,"relics_obtained":[{"floor":6,"key":"Tiny Chest"}],"event_choices":[{"damage_healed":0.0,"max_hp_gain":0.0,"max_hp_loss":0.0,"gold_gain":0.0,"event_name":"Golden Idol","player_choice":"Take Damage","floor":5.0,"gold_loss":0.0,"damage_taken":18.0,"relics_obtained":["Golden Idol"]}],"is_beta":false,"boss_relics":[],"items_purged_floors":[13],"is_endless":false,"potions_floor_spawned":[2,7,11,14],"killed_by":"The Guardian","ascension_level":14}}