{"host":"qc8h4lvnd2c314ki","time":1610253973,"event":{"mods":["AchievementEnabler","Act Like it!","BaseMod","Better Note","Better Third Choice","Curses Come First","Dota2Spire","Evolution","Friendly Minions","GifTheSpireLib","Highlight Path","Minty Spire (QoL Compilation)","Prisma Mod","Random Character Button","Robot Space Explorer","Spicy Shops","StSLib","The Blue Laboratory","The Marked","¡¾ÒÅÎï¿¨ÅÆ¡¿REMEMod"],"gold_per_floor":[113,127,144,69,83,83,114,114,114,114,133,133,133,146,146,244,244,298,321,79,4,20,20,20,20,46,72,72,72,72,87,87,184,184,196,213,213,223,223,223,257,257,257,271,320,66,66,66,66,86,86,86,11,59,59,59],"floor_reached":55,"playtime":5663,"items_purged":["PrismaMod:IllyaCommonAttack","PrismaMod:IllyaCommonAttack","Writhe","PrismaMod:IllyaCommonAttack"],"score":665,"play_id":"501e8c82-c314-403a-a44c-6aabe636d118","local_time":"20210110124613","is_ascension_mode":false,"campfire_choices":[{"floor":6.0,"key":"RECALL"},{"data":"RobotSpaceExplorer:Multitool","floor":8.0,"key":"SMITH"},{"data":"PrismaMod:IllyaUncommonDefend","floor":12.0,"key":"SMITH"},{"data":"Wish","floor":15.0,"key":"SMITH"},{"data":"REME_MawOfCthun","floor":23.0,"key":"SMITH"},{"data":"PrismaMod:IllyaCheapAttack","floor":28.0,"key":"SMITH"},{"data":"PrismaMod:IllyaDetonatingBlow","floor":30.0,"key":"SMITH"},{"data":"PrismaMod:IllyaBlindPoisonToss","floor":32.0,"key":"SMITH"},{"data":"PrismaMod:IllyaAlice","floor":40.0,"key":"SMITH"},{"data":"PrismaMod:IllyaUncommonAttack","floor":42.0,"key":"SMITH"},{"data":"PrismaMod:IllyaCarnivalAttack","floor":47.0,"key":"SMITH"},{"data":"REME_ProfessionalPlagiarism","floor":49.0,"key":"SMITH"},{"data":"Madness","floor":52,"key":"SMITH"}],"circlet_count":0,"master_deck":["PrismaMod:IllyaCommonDefend","PrismaMod:IllyaCommonAttack","PrismaMod:IllyaCommonDefend","PrismaMod:IllyaCommonAttack","PrismaMod:IllyaCommonDefend","PrismaMod:IllyaUncommonAttack+1","PrismaMod:IllyaUncommonDefend+1","RobotSpaceExplorer:Multitool+1","PrismaMod:IllyaAlice+1","PrismaMod:IllyaCheapAttack+1","PrismaMod:IllyaDevil","PrismaMod:IllyaBlindPoisonToss+1","PrismaMod:IllyaDetonatingBlow+1","Wish+1","PrismaMod:IllyaInstallLancer","REME_MawOfCthun+1","PrismaMod:IllyaPoisonBlock+1","PrismaMod:IllyaUncommonAOEAttack+1","PrismaMod:IllyaFriendMaker+1","PrismaMod:IllyaCarnivalAttack+1","Flash of Steel+1","PrismaMod:IllyaHassanGift+1","Wish+1","Parasite","Madness+1","Madness","PrismaMod:IllyaUberPoisonBlock+1","PrismaMod:IllyaUberChannel+1","REME_ProfessionalPlagiarism+1","REME_EyeOfCthun"],"relics":["PrismaMod:PrismaRuby","EVO:Axolotl","REME_ComplimentaryCards","PrismaMod:AliceRelic","Blood Vial","REME_LowDesire","MawBank","Happy Flower","Juzu Bracelet","Nilry\u0027s Codex","Dota2Spire:UrnOfShadows","Calipers","Dota2Spire:MaskOfMadness","Dota2Spire:RefresherOrb","FossilizedHelix","InkBottle","Membership Card","TheAbacus","Vajra"],"acts_visited":["Exordium","TheCity","TheBeyond","TheEnding"],"potions_floor_usage":[54,55],"damage_taken":[{"damage":7.0,"enemies":"Cultist","floor":1.0,"turns":6.0},{"damage":7.0,"enemies":"Jaw Worm","floor":2.0,"turns":6.0},{"damage":4.0,"enemies":"2 Louse","floor":3.0,"turns":3.0},{"damage":6.0,"enemies":"Lots of Slimes","floor":5.0,"turns":8.0},{"damage":2.0,"enemies":"Lagavulin","floor":7.0,"turns":10.0},{"damage":0.0,"enemies":"Large Slime","floor":11.0,"turns":4.0},{"damage":0.0,"enemies":"Looter","floor":14.0,"turns":4.0},{"damage":15.0,"enemies":"The Guardian","floor":16.0,"turns":14.0},{"damage":10.0,"enemies":"Shell Parasite","floor":18.0,"turns":6.0},{"damage":1.0,"enemies":"Chosen","floor":19.0,"turns":6.0},{"damage":12.0,"enemies":"Sentry and Sphere","floor":22.0,"turns":7.0},{"damage":11.0,"enemies":"Book of Stabbing","floor":27.0,"turns":6.0},{"damage":15.0,"enemies":"Snake Plant","floor":31.0,"turns":5.0},{"damage":10.0,"enemies":"Champ","floor":33.0,"turns":14.0},{"damage":10.0,"enemies":"Orb Walker","floor":35.0,"turns":4.0},{"damage":18.0,"enemies":"3 Darklings","floor":36.0,"turns":6.0},{"damage":9.0,"enemies":"Writhing Mass","floor":38.0,"turns":7.0},{"damage":5.0,"enemies":"Nemesis","floor":41.0,"turns":9.0},{"damage":19.0,"enemies":"Sphere and 2 Shapes","floor":44.0,"turns":5.0},{"damage":1.0,"enemies":"Transient","floor":45.0,"turns":5.0},{"damage":33,"enemies":"Awakened One","floor":50,"turns":19},{"damage":28,"enemies":"Shield and Spear","floor":54,"turns":8},{"damage":77,"enemies":"The Heart","floor":55,"turns":3}],"seed_played":"-6492024870619297604","potions_obtained":[{"floor":1.0,"key":"Swift Potion"},{"floor":11.0,"key":"blueLaboratory:BottleOfRum"},{"floor":14.0,"key":"Dota2Spire:HealingSalve"},{"floor":41.0,"key":"Regen Potion"}],"is_trial":false,"path_per_floor":["M","M","M","$","M","R","E","R","T","?","M","R","?","M","R","B",null,"M","M","$","?","M","R","$","?","T","E","R","?","R","M","R","B",null,"M","M","?","M","?","R","E","R","T","M","M","$","R","?","R","B",null,"R","$","E","B"],"character_chosen":"ILLYA","items_purchased":["Juzu Bracelet","Membership Card","TheAbacus"],"campfire_rested":0,"item_purchase_floors":[20,46,46],"current_hp_per_floor":[75,73,69,69,63,63,61,61,61,54,56,56,56,58,58,45,82,72,78,78,78,68,68,68,52,52,49,49,49,49,39,39,53,84,82,69,69,62,51,51,58,58,58,41,52,52,52,52,52,41,84,84,84,61,0,0],"gold":59,"neow_bonus":"TEN_PERCENT_HP_BONUS","is_daily":false,"chose_seed":false,"campfire_upgraded":12,"win_rate":0.0,"timestamp":1610253973,"path_taken":["M","?","M","$","M","R","E","R","T","?","M","R","?","M","R","BOSS","M","M","$","?","M","R","$","?","T","E","R","?","R","M","R","BOSS","BOSS","M","M","?","M","?","R","E","R","T","M","M","$","R","?","R","BOSS","R","$","E","BOSS"],"items_purchased_type":["Relic","Relic","Relic"],"build_version":"2020-12-22","purchased_purges":4,"victory":false,"max_hp_per_floor":[82,82,82,82,82,82,82,82,82,82,82,82,82,82,82,82,82,82,82,82,82,82,82,82,82,82,82,82,82,82,82,82,84,84,84,84,84,84,84,84,84,84,84,84,84,84,84,84,84,84,84,84,84,84,84,84],"card_choices":[{"not_picked":["PrismaMod:IllyaCheapChannelDefend","PrismaMod:IllyaBoysLove"],"picked":"PrismaMod:IllyaAlice","floor":1.0},{"not_picked":["PrismaMod:IllyaSaphire","PrismaMod:IllyaGrailKun"],"picked":"PrismaMod:IllyaCheapAttack","floor":2.0},{"not_picked":["PrismaMod:IllyaZwei","PrismaMod:IllyaCommonEvoke"],"picked":"PrismaMod:IllyaDevil","floor":3.0},{"not_picked":["PrismaMod:IllyaStunPoison","PrismaMod:IllyaDevil","PrismaMod:IllyaRussianRoulette"],"picked":"SKIP","floor":5.0},{"not_picked":["PrismaMod:IllyaAOECommonAttack","PrismaMod:IllyaCheapChannelAttack"],"picked":"PrismaMod:IllyaBlindPoisonToss","floor":7.0},{"not_picked":["PrismaMod:IllyaRubysPotion","PrismaMod:IllyaUncommonEvoke"],"picked":"PrismaMod:IllyaDetonatingBlow","floor":11.0},{"not_picked":["PrismaMod:IllyaPartialInstallAssassin","PrismaMod:IllyaZwei","PrismaMod:IllyaGrailKun"],"picked":"SKIP","floor":14.0},{"not_picked":["PrismaMod:IllyaInstallAssassin","PrismaMod:IllyaCarnivalAttack"],"picked":"PrismaMod:IllyaInstallLancer","floor":16.0},{"not_picked":["PrismaMod:IllyaPoisonBlock","PrismaMod:IllyaGrail","PrismaMod:IllyaBlindPoisonToss"],"picked":"REME_MawOfCthun","floor":18.0},{"not_picked":["PrismaMod:IllyaRubysPotion","PrismaMod:IllyaBride","Secret Technique"],"picked":"PrismaMod:IllyaPoisonBlock+1","floor":19.0},{"not_picked":["PrismaMod:IllyaMinorReinForce","PrismaMod:IllyaHassanGift+1","Dark Shackles+1"],"picked":"PrismaMod:IllyaUncommonAOEAttack+1","floor":22.0},{"not_picked":["PrismaMod:IllyaDetonatingBlow+1","PrismaMod:IllyaUncommonAOEAttack","PrismaMod:IllyaRubysPotion","Mind Blast"],"picked":"SKIP","floor":27.0},{"not_picked":["PrismaMod:IllyaSaphire","PrismaMod:IllyaHassanGift","The Bomb"],"picked":"PrismaMod:IllyaFriendMaker+1","floor":31.0},{"not_picked":["PrismaMod:IllyaUberDefendChannel","PrismaMod:IllyaUberPoisonChannel","REME_ProfessionalPlagiarism"],"picked":"PrismaMod:IllyaCarnivalAttack","floor":33.0},{"not_picked":["PrismaMod:IllyaAssassinRevenge","PrismaMod:IllyaRussianRoulette","PrismaMod:IllyaUncommonDefend+1"],"picked":"Flash of Steel+1","floor":35.0},{"not_picked":["PrismaMod:IllyaPartialInstallAssassin","PrismaMod:IllyaPoisonBomb","REME_ShortnessOfBreath"],"picked":"PrismaMod:IllyaHassanGift+1","floor":36.0},{"not_picked":["PrismaMod:IllyaUberChannel","PrismaMod:IllyaUpgradeOrbs","PrismaMod:IllyaRapidFire+1","REME_BuildACard"],"picked":"SKIP","floor":38.0},{"not_picked":["PrismaMod:IllyaGrailKun","PrismaMod:IllyaBoysLove","Forethought+1"],"picked":"PrismaMod:IllyaUberPoisonBlock+1","floor":41.0},{"not_picked":["PrismaMod:IllyaGrailKun","PrismaMod:IllyaUberPoisonBlock","PrismaMod:IllyaCheapChannelDefend+1","REME_BattleFury"],"picked":"SKIP","floor":44.0},{"not_picked":["PrismaMod:IllyaUncommonDefend+1","PrismaMod:IllyaBride+1","Blind+1"],"picked":"PrismaMod:IllyaUberChannel+1","floor":45.0},{"not_picked":["Mind Blast","Madness"],"picked":"REME_ProfessionalPlagiarism","floor":48.0},{"not_picked":["PrismaMod:IllyaPoisonTippedWeapons","PrismaMod:IllyaUberChannel","PrismaMod:IllyaCommandSeal"],"picked":"REME_EyeOfCthun","floor":54}],"player_experience":504710,"relics_obtained":[{"floor":7.0,"key":"Blood Vial"},{"floor":17.0,"key":"MawBank"},{"floor":17.0,"key":"Happy Flower"},{"floor":25.0,"key":"Nilry\u0027s Codex"},{"floor":26.0,"key":"Dota2Spire:UrnOfShadows"},{"floor":27.0,"key":"Calipers"},{"floor":41.0,"key":"FossilizedHelix"},{"floor":43.0,"key":"InkBottle"},{"floor":54,"key":"Vajra"}],"event_choices":[{"cards_removed":["PrismaMod:IllyaCommonDefend"],"damage_healed":0.0,"max_hp_gain":0.0,"max_hp_loss":0.0,"gold_gain":0.0,"event_name":"Golden Wing","player_choice":"Card Removal","floor":10.0,"gold_loss":0.0,"damage_taken":7.0},{"cards_removed":["RobotSpaceExplorer:Multitool"],"damage_healed":0.0,"max_hp_gain":0.0,"max_hp_loss":0.0,"gold_gain":0.0,"event_name":"betterNote:BetterNote","player_choice":"Take \u0026 Give","floor":13.0,"gold_loss":0.0,"damage_taken":0.0,"cards_obtained":["Wish"]},{"cards_removed":["PrismaMod:IllyaCommonDefend"],"damage_healed":0.0,"max_hp_gain":0.0,"max_hp_loss":0.0,"gold_gain":0.0,"event_name":"Beggar","player_choice":"Gave Gold","floor":21.0,"gold_loss":75.0,"damage_taken":0.0},{"damage_healed":0.0,"max_hp_gain":0.0,"max_hp_loss":0.0,"gold_gain":0.0,"event_name":"Cursed Tome","player_choice":"Obtained Book","floor":25.0,"gold_loss":0.0,"damage_taken":16.0},{"damage_healed":0.0,"max_hp_gain":0.0,"max_hp_loss":0.0,"gold_gain":0.0,"event_name":"The Mausoleum","player_choice":"Opened","floor":29.0,"gold_loss":0.0,"damage_taken":0.0,"relics_obtained":["Dota2Spire:MaskOfMadness"],"cards_obtained":["Writhe"]},{"damage_healed":0.0,"max_hp_gain":0.0,"max_hp_loss":0.0,"gold_gain":0.0,"event_name":"Duplicator","player_choice":"Copied","floor":37.0,"gold_loss":0.0,"damage_taken":0.0,"cards_obtained":["Wish"]},{"damage_healed":0.0,"max_hp_gain":0.0,"max_hp_loss":0.0,"gold_gain":0.0,"event_name":"Winding Halls","player_choice":"Embrace Madness","floor":39.0,"gold_loss":0.0,"damage_taken":11.0,"cards_obtained":["Madness","Madness"]},{"damage_healed":0.0,"max_hp_gain":0.0,"max_hp_loss":0.0,"gold_gain":0.0,"event_name":"SensoryStone","player_choice":"Memory 1","floor":48.0,"gold_loss":0.0,"damage_taken":0.0}],"is_beta":false,"boss_relics":[{"not_picked":["Snecko Eye","Ectoplasm"],"picked":"REME_LowDesire"},{"not_picked":["REME_ChargedStone","SacredBark"],"picked":"Dota2Spire:RefresherOrb"}],"items_purged_floors":[4,20,46,53],"is_endless":false,"potions_floor_spawned":[1,11,14,18,27,36,38,41],"killed_by":"The Heart","ascension_level":0}}