{"host":"yvlk1m4foro8gl4v","time":1610284491,"event":{"mods":["AchievementEnabler","Act Like it!","BaseMod","Minty Spire (QoL Compilation)","Relic Stats","StSLib","The Servant 0.9.4","Uncapped"],"gold_per_floor":[117,117,117,292,307,338,338,376,449,524,538,538,559,578,578,668,668,682,290,290,72,72,72,72,72,98,112,146,166,166,187,187,187,187],"floor_reached":33,"playtime":1548,"items_purged":["Doubt"],"score":492,"play_id":"0de27599-1338-4091-82ac-a7532599708d","local_time":"20210110131451","is_ascension_mode":true,"campfire_choices":[{"data":"Poisoned Stab","floor":7,"key":"SMITH"},{"floor":12,"key":"REST"},{"data":"Cloak And Dagger","floor":15,"key":"SMITH"},{"data":"Envenom","floor":23,"key":"SMITH"},{"floor":25,"key":"REST"},{"data":"Cloak And Dagger","floor":30,"key":"SMITH"},{"floor":32,"key":"REST"}],"circlet_count":0,"master_deck":["AscendersBane","Strike_G","Strike_G+1","Strike_G+1","Strike_G","Strike_G","Defend_G","Defend_G+1","Defend_G+1","Defend_G","Defend_G","Survivor","Neutralize","Poisoned Stab+1","Cloak And Dagger+1","After Image","Infinite Blades","Cloak And Dagger+1","Envenom+1","PiercingWail","Accuracy","Accuracy","Blade Dance+1"],"relics":["Ring of the Snake","NeowsBlessing","Golden Idol","Tiny Chest","HornCleat","Ninja Scroll","Runic Pyramid","Ornamental Fan","Nilry\u0027s Codex","Sling","The Courier","War Paint","Toxic Egg 2"],"acts_visited":["Exordium","TheCity"],"potions_floor_usage":[16,33],"damage_taken":[{"damage":0,"enemies":"2 Louse","floor":1,"turns":1},{"damage":0,"enemies":"Jaw Worm","floor":5,"turns":1},{"damage":0,"enemies":"Lagavulin","floor":6,"turns":1},{"damage":25,"enemies":"3 Sentries","floor":8,"turns":10},{"damage":0,"enemies":"Small Slimes","floor":11,"turns":5},{"damage":1,"enemies":"2 Fungi Beasts","floor":13,"turns":3},{"damage":2,"enemies":"Blue Slaver","floor":14,"turns":3},{"damage":16,"enemies":"Hexaghost","floor":16,"turns":14},{"damage":8,"enemies":"Chosen","floor":18,"turns":4},{"damage":0,"enemies":"3 Byrds","floor":27,"turns":6},{"damage":16,"enemies":"Book of Stabbing","floor":28,"turns":5},{"damage":0,"enemies":"Snake Plant","floor":29,"turns":4},{"damage":20,"enemies":"Snecko","floor":31,"turns":6},{"damage":47,"enemies":"Collector","floor":33,"turns":5}],"seed_played":"7542827975494916518","potions_obtained":[{"floor":6,"key":"PowerPotion"},{"floor":8,"key":"AttackPotion"},{"floor":16,"key":"Fire Potion"}],"is_trial":false,"path_per_floor":["M","?","?","?","M","E","R","E","T","?","M","R","M","M","R","B",null,"M","$","?","$","T","R","?","R","T","M","E","M","R","M","R","B"],"character_chosen":"THE_SILENT","items_purchased":["Accuracy","Ornamental Fan","Sling","Accuracy"],"campfire_rested":3,"item_purchase_floors":[19,19,21,21],"current_hp_per_floor":[63,63,50,50,50,50,50,25,25,14,14,33,32,30,30,14,52,44,44,28,28,28,28,28,47,47,47,31,31,31,11,30,0,0],"gold":187,"neow_bonus":"THREE_ENEMY_KILL","is_daily":false,"chose_seed":false,"campfire_upgraded":4,"win_rate":0.0,"timestamp":1610284491,"path_taken":["M","?","?","?","M","E","R","E","T","?","M","R","?","M","R","BOSS","M","$","?","$","?","R","?","R","T","M","E","M","R","M","R","BOSS"],"items_purchased_type":["Card","Relic","Relic","Card"],"build_version":"2020-12-22","purchased_purges":1,"victory":false,"max_hp_per_floor":[70,65,65,65,65,65,65,65,65,65,65,65,65,65,65,65,65,65,65,65,65,65,65,65,65,65,65,65,65,65,65,65,65,65],"relic_stats":{"counters":[14,68],"Golden Idol":67,"Ornamental Fan":[88],"Tiny Chest":1,"War Paint":["Defend_G","Defend_G"],"obtain_stats":[{"NeowsBlessing":0,"Golden Idol":2,"Nilry\u0027s Codex":20,"The Courier":22,"War Paint":26,"Sling":21,"HornCleat":8,"Ninja Scroll":9,"Ornamental Fan":19,"Tiny Chest":6,"Toxic Egg 2":28,"Ring of the Snake":0,"Runic Pyramid":17},{"NeowsBlessing":0,"Golden Idol":1,"Nilry\u0027s Codex":9,"The Courier":9,"War Paint":9,"Sling":9,"HornCleat":4,"Ninja Scroll":4,"Ornamental Fan":9,"Tiny Chest":3,"Toxic Egg 2":11,"Ring of the Snake":0,"Runic Pyramid":8},{"NeowsBlessing":0,"Golden Idol":1,"Nilry\u0027s Codex":42,"The Courier":42,"War Paint":42,"Sling":42,"HornCleat":13,"Ninja Scroll":13,"Ornamental Fan":42,"Tiny Chest":3,"Toxic Egg 2":53,"Ring of the Snake":0,"Runic Pyramid":38}],"Ring of the Snake":[28]},"card_choices":[{"not_picked":["Heel Hook","Flying Knee"],"picked":"Poisoned Stab","floor":1},{"not_picked":["Escape Plan","Deflect","Flying Knee"],"picked":"SKIP","floor":5},{"not_picked":["Reflex","Accuracy"],"picked":"Cloak And Dagger","floor":6},{"not_picked":["Dash","Wraith Form v2"],"picked":"After Image","floor":8},{"not_picked":["Dagger Throw","Underhanded Strike","Quick Slash"],"picked":"SKIP","floor":11},{"not_picked":["Concentrate","Dagger Throw"],"picked":"Infinite Blades","floor":13},{"not_picked":["Choke","Blur"],"picked":"Cloak And Dagger","floor":14},{"not_picked":["Grand Finale","Corpse Explosion"],"picked":"Envenom","floor":16},{"not_picked":["Dash","Predator"],"picked":"PiercingWail","floor":18},{"not_picked":["Accuracy","Dagger Spray"],"picked":"Blade Dance+1","floor":27},{"not_picked":["Escape Plan+1","Reflex+1","Blade Dance+1"],"picked":"SKIP","floor":28},{"not_picked":["All Out Attack","Endless Agony","Poisoned Stab"],"picked":"SKIP","floor":29},{"not_picked":["Outmaneuver+1","Slice","Sucker Punch"],"picked":"SKIP","floor":31}],"player_experience":736003,"relics_obtained":[{"floor":6,"key":"Tiny Chest"},{"floor":8,"key":"HornCleat"},{"floor":9,"key":"Ninja Scroll"},{"floor":20,"key":"Nilry\u0027s Codex"},{"floor":22,"key":"The Courier"},{"floor":26,"key":"War Paint"},{"floor":28,"key":"Toxic Egg 2"}],"event_choices":[{"damage_healed":0,"gold_gain":0,"player_choice":"Lose Max HP","damage_taken":0,"relics_obtained":["Golden Idol"],"max_hp_gain":0,"max_hp_loss":5,"event_name":"Golden Idol","floor":2,"gold_loss":0},{"damage_healed":0,"gold_gain":0,"player_choice":"Entered Light","damage_taken":13,"max_hp_gain":0,"max_hp_loss":0,"event_name":"Shining Light","floor":3,"gold_loss":0,"cards_upgraded":["Strike_G","Strike_G"]},{"damage_healed":0,"gold_gain":175,"player_choice":"AGREE","damage_taken":0,"max_hp_gain":0,"max_hp_loss":0,"event_name":"Liars Game","floor":4,"gold_loss":0,"cards_obtained":["Doubt"]},{"damage_healed":0,"gold_gain":75,"player_choice":"Gather Gold","damage_taken":11,"max_hp_gain":0,"max_hp_loss":0,"event_name":"World of Goop","floor":10,"gold_loss":0},{"damage_healed":0,"gold_gain":0,"player_choice":"Obtained Book","damage_taken":16,"max_hp_gain":0,"max_hp_loss":0,"event_name":"Cursed Tome","floor":20,"gold_loss":0},{"damage_healed":0,"gold_gain":0,"player_choice":"Bought 0 Potions","damage_taken":0,"max_hp_gain":0,"max_hp_loss":0,"event_name":"The Woman in Blue","floor":24,"gold_loss":0}],"is_beta":false,"boss_relics":[{"not_picked":["Runic Dome","Astrolabe"],"picked":"Runic Pyramid"}],"items_purged_floors":[19],"is_endless":false,"potions_floor_spawned":[6,8,13,16,27,28,29],"killed_by":"Collector","ascension_level":13}}