{"host":"640uue19m79c7wbt","time":1610248217,"event":{"mods":["BaseMod","Colored Map","Googly Eyes","Highlight Path","Minty Spire (QoL Compilation)","Quick Restart","StSLib"],"gold_per_floor":[118,293,22,34,34,66,141,175,202,202,202,202],"floor_reached":11,"playtime":207,"items_purged":[],"score":151,"play_id":"5a4bca4e-78e8-462b-9260-dba59591ff04","local_time":"20210109221017","is_ascension_mode":true,"campfire_choices":[{"floor":10,"key":"REST"}],"circlet_count":0,"master_deck":["Strike_G","Strike_G","Strike_G","Strike_G","Strike_G","Defend_G","Defend_G","Defend_G","Defend_G","Defend_G","Survivor","Neutralize","Slice","Doubt","Accuracy","Dagger Throw","Underhanded Strike","Tactician","Acrobatics"],"relics":["Ring of the Snake","NeowsBlessing","Snake Skull","Darkstone Periapt","Mummified Hand","Smiling Mask","PreservedInsect"],"acts_visited":["Exordium"],"potions_floor_usage":[],"damage_taken":[{"damage":0,"enemies":"2 Louse","floor":1,"turns":1},{"damage":0,"enemies":"Jaw Worm","floor":4,"turns":1},{"damage":0,"enemies":"Gremlin Nob","floor":6,"turns":1},{"damage":50,"enemies":"3 Sentries","floor":8,"turns":11},{"damage":15,"enemies":"Lagavulin","floor":11,"turns":3}],"seed_played":"3721187418041112029","potions_obtained":[{"floor":6,"key":"DuplicationPotion"}],"is_trial":false,"path_per_floor":["M","?","$","M","T","E","?","E","T","R","E"],"character_chosen":"THE_SILENT","items_purchased":["Snake Skull","Accuracy","Dagger Throw"],"campfire_rested":1,"item_purchase_floors":[3,3,3],"current_hp_per_floor":[63,63,63,63,63,63,52,2,2,23,8,8],"gold":202,"neow_bonus":"THREE_ENEMY_KILL","is_daily":false,"chose_seed":false,"campfire_upgraded":0,"win_rate":0.0,"timestamp":1610248217,"path_taken":["M","?","$","M","?","E","?","E","T","R","E"],"items_purchased_type":["Relic","Card","Card"],"build_version":"2020-12-22","purchased_purges":0,"victory":false,"max_hp_per_floor":[70,70,70,70,70,70,70,70,70,70,70,70],"card_choices":[{"not_picked":["Outmaneuver","Expertise"],"picked":"Slice","floor":1},{"not_picked":["Masterful Stab","Bane"],"picked":"Underhanded Strike","floor":4},{"not_picked":["Flechettes","Poisoned Stab"],"picked":"Tactician","floor":6},{"not_picked":["Bouncing Flask","Underhanded Strike"],"picked":"Acrobatics","floor":8}],"player_experience":576948,"relics_obtained":[{"floor":5,"key":"Darkstone Periapt"},{"floor":6,"key":"Mummified Hand"},{"floor":8,"key":"Smiling Mask"},{"floor":9,"key":"PreservedInsect"}],"event_choices":[{"damage_healed":0,"gold_gain":175,"player_choice":"AGREE","damage_taken":0,"max_hp_gain":0,"max_hp_loss":0,"event_name":"Liars Game","floor":2,"gold_loss":0,"cards_obtained":["Doubt"]},{"damage_healed":0,"gold_gain":75,"player_choice":"Gather Gold","damage_taken":11,"max_hp_gain":0,"max_hp_loss":0,"event_name":"World of Goop","floor":7,"gold_loss":0}],"is_beta":false,"boss_relics":[],"items_purged_floors":[],"is_endless":false,"potions_floor_spawned":[6],"killed_by":"Lagavulin","ascension_level":9}}