{"host":"dhyczjm99amxd3qx","time":1610251673,"event":{"mods":["BaseMod","Colored Map","Googly Eyes","Highlight Path","Minty Spire (QoL Compilation)","Quick Restart","StSLib"],"gold_per_floor":[115,115,126,72,147,147,161,195,195,207,232,251,261,293,293,293,293],"floor_reached":16,"playtime":692,"items_purged":[],"score":206,"play_id":"6580e85b-1d8f-4bda-9565-50df5fdf3124","local_time":"20210109230753","is_ascension_mode":true,"campfire_choices":[{"data":"Iron Wave","floor":6.0,"key":"SMITH"},{"floor":15.0,"key":"REST"}],"circlet_count":0,"master_deck":["Strike_R","Strike_R","Strike_R","Strike_R","Strike_R","Defend_R","Defend_R","Defend_R","Defend_R","Bash+1","Seeing Red","Iron Wave+1","Pommel Strike","Immolate","Thunderclap"],"relics":["Burning Blood","Bottled Flame","Calipers","Kunai","Question Card"],"acts_visited":["Exordium"],"potions_floor_usage":[16],"damage_taken":[{"damage":5.0,"enemies":"Small Slimes","floor":1.0,"turns":4.0},{"damage":1.0,"enemies":"Cultist","floor":3.0,"turns":3.0},{"damage":4.0,"enemies":"2 Louse","floor":7.0,"turns":3.0},{"damage":13.0,"enemies":"Gremlin Nob","floor":8.0,"turns":4.0},{"damage":14.0,"enemies":"Lots of Slimes","floor":10.0,"turns":5.0},{"damage":0.0,"enemies":"3 Sentries","floor":11.0,"turns":2.0},{"damage":19.0,"enemies":"Exordium Wildlife","floor":12.0,"turns":4.0},{"damage":4.0,"enemies":"Looter","floor":13.0,"turns":2.0},{"damage":32.0,"enemies":"Gremlin Nob","floor":14.0,"turns":4.0},{"damage":54,"enemies":"Slime Boss","floor":16,"turns":8}],"seed_played":"-2854880168473677267","potions_obtained":[{"floor":1.0,"key":"SkillPotion"},{"floor":8.0,"key":"Weak Potion"},{"floor":10.0,"key":"LiquidMemories"},{"floor":14.0,"key":"Fire Potion"}],"is_trial":false,"path_per_floor":["M","?","M","$","?","R","M","E","T","M","E","M","M","E","R","B"],"character_chosen":"IRONCLAD","items_purchased":["Iron Wave"],"campfire_rested":1,"item_purchase_floors":[4],"current_hp_per_floor":[73,73,78,78,67,67,69,62,62,54,60,47,49,23,47,0,0],"gold":293,"neow_bonus":"UPGRADE_CARD","is_daily":false,"chose_seed":false,"campfire_upgraded":1,"win_rate":0.0,"timestamp":1610251673,"path_taken":["M","?","?","$","?","R","M","E","T","M","E","M","M","E","R","BOSS"],"items_purchased_type":["Card"],"build_version":"2020-12-22","purchased_purges":0,"victory":false,"max_hp_per_floor":[80,80,80,80,80,80,80,80,80,80,80,80,80,80,80,80,80],"card_choices":[{"not_picked":["Dark Embrace","Infernal Blade","Cleave"],"picked":"SKIP","floor":1.0},{"not_picked":["Armaments","Sever Soul"],"picked":"Seeing Red","floor":3.0},{"not_picked":["Pummel","Wild Strike"],"picked":"Pommel Strike","floor":7.0},{"not_picked":["Cleave","Headbutt","Power Through"],"picked":"SKIP","floor":8.0},{"not_picked":["Wild Strike","Thunderclap"],"picked":"Immolate","floor":10.0},{"not_picked":["Ghostly Armor","Shrug It Off"],"picked":"Thunderclap","floor":11.0},{"not_picked":["Clash","Blood for Blood","Warcry"],"picked":"SKIP","floor":12.0},{"not_picked":["Rupture","Hemokinesis","Heavy Blade"],"picked":"SKIP","floor":13.0},{"not_picked":["Rupture","Wild Strike","Perfected Strike"],"picked":"SKIP","floor":14.0}],"player_experience":324280,"relics_obtained":[{"floor":8.0,"key":"Bottled Flame"},{"floor":9.0,"key":"Calipers"},{"floor":11.0,"key":"Kunai"},{"floor":14.0,"key":"Question Card"}],"event_choices":[{"damage_healed":0.0,"max_hp_gain":0.0,"max_hp_loss":0.0,"gold_gain":0.0,"event_name":"Transmorgrifier","player_choice":"Ignored","floor":2.0,"gold_loss":0.0,"damage_taken":0.0},{"damage_healed":0.0,"max_hp_gain":0.0,"max_hp_loss":0.0,"gold_gain":75.0,"event_name":"World of Goop","player_choice":"Gather Gold","floor":5.0,"gold_loss":0.0,"damage_taken":11.0}],"is_beta":false,"boss_relics":[],"items_purged_floors":[],"is_endless":false,"potions_floor_spawned":[1,8,10,14],"killed_by":"Slime Boss","ascension_level":8}}