{"host":"yptvp0rjza9g9li7","time":1610286839,"event":{"mods":["AchievementEnabler","BaseMod","Colored Map","Colored Powertips","DeckTracker","Minty Spire (QoL Compilation)","SuperFastMode"],"gold_per_floor":[113,133,144,319,336,366,366,316,316,316,327,345,49,66,66,161,161,171,171,247,264,69,99,99,99,99],"floor_reached":25,"playtime":1119,"items_purged":["Strike_R","Defend_R"],"score":223,"play_id":"cf6b0a23-d20e-4801-ac48-b37309adbe69","local_time":"20210110225359","is_ascension_mode":false,"campfire_choices":[{"data":"Dropkick","floor":7.0,"key":"SMITH"},{"floor":10.0,"key":"REST"},{"data":"Havoc","floor":15.0,"key":"SMITH"},{"data":"Blood for Blood","floor":24,"key":"SMITH"}],"circlet_count":0,"master_deck":["Strike_R","Strike_R","Defend_R","Defend_R","Bash","Havoc+1","Dropkick+1","Shrug It Off","Sentinel","Shrug It Off","Doubt","Flex","Headbutt","Havoc","Evolve","Blood for Blood+1","Feed","Reckless Charge+1","Deep Breath","Barricade+1"],"relics":["Burning Blood","Meat on the Bone","Pear","Happy Flower","SlaversCollar","Question Card","Frozen Egg 2"],"acts_visited":["Exordium","TheCity"],"potions_floor_usage":[23],"damage_taken":[{"damage":5.0,"enemies":"Small Slimes","floor":1.0,"turns":4.0},{"damage":5.0,"enemies":"2 Louse","floor":2.0,"turns":3.0},{"damage":1.0,"enemies":"Jaw Worm","floor":3.0,"turns":3.0},{"damage":19.0,"enemies":"Exordium Wildlife","floor":5.0,"turns":6.0},{"damage":51.0,"enemies":"Gremlin Nob","floor":6.0,"turns":6.0},{"damage":8.0,"enemies":"Red Slaver","floor":11.0,"turns":3.0},{"damage":25.0,"enemies":"Lots of Slimes","floor":12.0,"turns":5.0},{"damage":11.0,"enemies":"3 Louse","floor":14.0,"turns":6.0},{"damage":58.0,"enemies":"Slime Boss","floor":16.0,"turns":15.0},{"damage":28.0,"enemies":"Shell Parasite","floor":18.0,"turns":8.0},{"damage":16.0,"enemies":"Spheric Guardian","floor":21.0,"turns":4.0},{"damage":22,"enemies":"Gremlin Leader","floor":23,"turns":7},{"damage":50,"enemies":"Centurion and Healer","floor":25,"turns":7}],"seed_played":"-6970915264980673596","potions_obtained":[{"floor":2.0,"key":"ElixirPotion"},{"floor":3.0,"key":"BloodPotion"},{"floor":6.0,"key":"ElixirPotion"},{"floor":14.0,"key":"Weak Potion"},{"floor":21.0,"key":"Explosive Potion"},{"floor":23,"key":"Swift Potion"}],"is_trial":false,"path_per_floor":["M","M","M","?","M","E","R","?","T","R","M","M","$","M","R","B",null,"M","?","T","M","$","E","R","M"],"character_chosen":"IRONCLAD","items_purchased":["Evolve","Happy Flower","Deep Breath"],"campfire_rested":1,"item_purchase_floors":[13,13,22],"current_hp_per_floor":[72,72,72,72,59,14,14,14,24,48,58,51,51,58,58,34,82,63,63,63,53,53,49,49,0,0],"gold":99,"neow_bonus":"TRANSFORM_TWO_CARDS","is_daily":false,"chose_seed":false,"campfire_upgraded":3,"win_rate":0.0,"timestamp":1610286839,"path_taken":["M","M","M","?","M","E","R","?","T","R","M","M","$","M","R","BOSS","M","?","?","?","$","E","R","M"],"items_purchased_type":["Card","Relic","Card"],"build_version":"2020-12-22","purchased_purges":2,"victory":false,"max_hp_per_floor":[72,72,72,72,72,72,72,72,82,82,82,82,82,82,82,82,82,85,85,85,85,85,85,85,85,85],"card_choices":[{"not_picked":["Twin Strike","Pommel Strike"],"picked":"Shrug It Off","floor":1.0},{"not_picked":["Heavy Blade","Armaments"],"picked":"Sentinel","floor":2.0},{"not_picked":["Heavy Blade","Perfected Strike"],"picked":"Shrug It Off","floor":3.0},{"not_picked":["Brutality","Anger"],"picked":"Flex","floor":5.0},{"not_picked":["Heavy Blade","Armaments"],"picked":"Headbutt","floor":6.0},{"not_picked":["Flex","Shrug It Off","Searing Blow"],"picked":"SKIP","floor":11.0},{"not_picked":["Clothesline","Headbutt"],"picked":"Havoc","floor":12.0},{"not_picked":["Havoc","Rampage"],"picked":"Blood for Blood","floor":14.0},{"not_picked":["Reaper","Impervious"],"picked":"Feed","floor":16.0},{"not_picked":["Body Slam","Shrug It Off","Clothesline"],"picked":"SKIP","floor":18.0},{"not_picked":["Hemokinesis","Headbutt","Fire Breathing"],"picked":"Reckless Charge+1","floor":21.0},{"not_picked":["True Grit","Perfected Strike","Sentinel+1"],"picked":"Barricade+1","floor":23}],"player_experience":196198,"relics_obtained":[{"floor":6.0,"key":"Meat on the Bone"},{"floor":9.0,"key":"Pear"},{"floor":20.0,"key":"Question Card"},{"floor":23,"key":"Frozen Egg 2"}],"event_choices":[{"damage_healed":0.0,"max_hp_gain":0.0,"max_hp_loss":0.0,"gold_gain":175.0,"event_name":"Liars Game","player_choice":"AGREE","floor":4.0,"gold_loss":0.0,"damage_taken":0.0,"cards_obtained":["Doubt"]},{"cards_removed":["Strike_R"],"damage_healed":0.0,"max_hp_gain":0.0,"max_hp_loss":0.0,"gold_gain":0.0,"event_name":"The Cleric","player_choice":"Card Removal","floor":8.0,"gold_loss":50.0,"damage_taken":0.0},{"damage_healed":0.0,"max_hp_gain":0.0,"max_hp_loss":0.0,"gold_gain":0.0,"event_name":"Vampires","player_choice":"Ignored","floor":19.0,"gold_loss":0.0,"damage_taken":0.0}],"is_beta":false,"boss_relics":[{"not_picked":["Fusion Hammer","Black Blood"],"picked":"SlaversCollar"}],"items_purged_floors":[13,22],"is_endless":false,"potions_floor_spawned":[2,3,6,14,21,23],"killed_by":"Centurion and Healer","ascension_level":0}}