{"host":"skvwuvqqk8x6jusd","time":1610313913,"event":{"mods":["AchievementEnabler","BaseMod","Colored Map","Colored Powertips","Highlight Path","Minty Spire (QoL Compilation)","Relic Stats","Slay-I"],"gold_per_floor":[17,17,63,74,86,17,17,17,72,82,102,102,112,122,122,219,219,230,256,256,273,283,309,20,33,33,33,33,47,58,68,68,167,167,179,179,198,216,297,297,329,329,354,354,370,370,370,388,388,388],"floor_reached":51,"playtime":1113,"items_purged":[],"score":968,"play_id":"902e1f0b-a833-4d61-b818-699b1ba9e0f1","local_time":"20210110212513","is_ascension_mode":false,"campfire_choices":[{"data":"Whirlwind","floor":8,"key":"SMITH"},{"data":"Whirlwind","floor":15,"key":"SMITH"},{"data":"Spot Weakness","floor":27,"key":"SMITH"},{"data":"Flex","floor":32,"key":"SMITH"},{"data":"Offering","floor":40,"key":"SMITH"},{"data":"Battle Trance","floor":42,"key":"SMITH"},{"data":"Clash","floor":44,"key":"SMITH"},{"data":"Clash","floor":49,"key":"SMITH"}],"circlet_count":0,"master_deck":["Strike_R","Strike_R","Strike_R","Strike_R","Strike_R","Defend_R","Defend_R","Bash+1","Battle Trance+1","Spot Weakness+1","Whirlwind+1","Spot Weakness+1","Flex+1","Clash+1","Whirlwind+1","Rampage","Clash+1","Anger+1","Offering+1","CurseOfTheBell"],"relics":["Burning Blood","Toy Ornithopter","Oddly Smooth Stone","Paper Frog","Busted Crown","Red Mask","Pear","Pen Nib","Boot","Brimstone","Meat on the Bone","Calling Bell","Anchor","Frozen Egg 2","CaptainsWheel","Molten Egg 2","Blue Candle","Red Skull"],"acts_visited":["Exordium","TheCity","TheBeyond"],"potions_floor_usage":[13,16,16,23,33,41,48,50,50],"damage_taken":[{"damage":13,"enemies":"Jaw Worm","floor":1,"turns":3},{"damage":6,"enemies":"Cultist","floor":4,"turns":3},{"damage":11,"enemies":"Small Slimes","floor":5,"turns":3},{"damage":0,"enemies":"3 Louse","floor":10,"turns":1},{"damage":10,"enemies":"Looter","floor":11,"turns":2},{"damage":0,"enemies":"Lots of Slimes","floor":13,"turns":1},{"damage":0,"enemies":"2 Fungi Beasts","floor":14,"turns":2},{"damage":56,"enemies":"Hexaghost","floor":16,"turns":7},{"damage":4,"enemies":"Shell Parasite","floor":18,"turns":2},{"damage":10,"enemies":"Masked Bandits","floor":19,"turns":2},{"damage":10,"enemies":"Spheric Guardian","floor":21,"turns":3},{"damage":9,"enemies":"Centurion and Healer","floor":22,"turns":3},{"damage":21,"enemies":"Book of Stabbing","floor":23,"turns":3},{"damage":2,"enemies":"Chosen and Byrds","floor":25,"turns":3},{"damage":0,"enemies":"Sentry and Sphere","floor":29,"turns":1},{"damage":8,"enemies":"Cultist and Chosen","floor":30,"turns":2},{"damage":0,"enemies":"Snecko","floor":31,"turns":2},{"damage":0,"enemies":"Champ","floor":33,"turns":5},{"damage":10,"enemies":"3 Darklings","floor":35,"turns":3},{"damage":9,"enemies":"3 Shapes","floor":37,"turns":2},{"damage":14,"enemies":"Sphere and 2 Shapes","floor":38,"turns":1},{"damage":6,"enemies":"Reptomancer","floor":41,"turns":3},{"damage":9,"enemies":"4 Shapes","floor":45,"turns":3},{"damage":7,"enemies":"Spire Growth","floor":48,"turns":2},{"damage":73,"enemies":"Awakened One","floor":50,"turns":6}],"seed_played":"9182964092946870199","potions_obtained":[{"floor":1,"key":"EssenceOfSteel"},{"floor":5,"key":"GamblersBrew"},{"floor":11,"key":"Explosive Potion"},{"floor":13,"key":"Regen Potion"},{"floor":18,"key":"LiquidMemories"},{"floor":23,"key":"Block Potion"},{"floor":30,"key":"Explosive Potion"},{"floor":33,"key":"DistilledChaos"},{"floor":35,"key":"EssenceOfSteel"},{"floor":41,"key":"Fire Potion"}],"is_trial":false,"path_per_floor":["M","?","T","M","M","$","$","R","T","M","M","?","M","M","R","B",null,"M","?","?","M","M","E","$","M","T","R","?","M","M","M","R","B",null,"M","?","M","M","T","R","E","R","T","R","M","?","?","M","R","B",null],"character_chosen":"IRONCLAD","items_purchased":["Spot Weakness","Boot","Brimstone"],"campfire_rested":0,"item_purchase_floors":[6,24,24],"current_hp_per_floor":[73,73,73,73,68,68,68,68,68,74,70,70,80,80,80,49,80,80,76,86,82,79,69,69,73,73,73,73,79,77,83,83,90,90,86,86,83,75,75,75,80,80,80,80,77,77,77,81,81,35],"gold":388,"neow_bonus":"REMOVE_TWO","is_daily":false,"chose_seed":false,"campfire_upgraded":8,"win_rate":0.0,"timestamp":1610313913,"path_taken":["M","?","?","M","?","?","$","R","T","M","M","?","M","M","R","BOSS","M","?","?","M","?","E","$","M","T","R","?","M","M","?","R","BOSS","M","?","M","M","?","R","E","R","T","R","M","?","?","M","R","BOSS"],"items_purchased_type":["Card","Relic","Relic"],"build_version":"2020-12-22","purchased_purges":0,"victory":true,"max_hp_per_floor":[80,80,80,80,80,80,80,80,80,80,80,80,80,80,80,80,80,80,80,90,90,90,90,90,90,90,90,90,90,90,90,90,90,90,90,90,90,90,90,90,90,90,90,90,90,90,85,85,85,85],"relic_stats":{"Busted Crown":34,"counters":[25,68],"Blue Candle":[2],"Pen Nib":[7],"Boot":[0],"obtain_stats":[{"Pear":20,"Blue Candle":41,"Oddly Smooth Stone":9,"Pen Nib":23,"Frozen Egg 2":34,"Boot":24,"Burning Blood":0,"Calling Bell":34,"Anchor":34,"CaptainsWheel":34,"Busted Crown":17,"Brimstone":24,"Molten Egg 2":39,"Red Mask":19,"Toy Ornithopter":3,"Red Skull":43,"Paper Frog":12,"Meat on the Bone":26},{"Pear":10,"Blue Candle":22,"Oddly Smooth Stone":3,"Pen Nib":13,"Frozen Egg 2":18,"Boot":13,"Burning Blood":0,"Calling Bell":18,"Anchor":18,"CaptainsWheel":18,"Busted Crown":8,"Brimstone":13,"Molten Egg 2":21,"Red Mask":10,"Toy Ornithopter":1,"Red Skull":22,"Paper Frog":5,"Meat on the Bone":14},{"Pear":26,"Blue Candle":57,"Oddly Smooth Stone":9,"Pen Nib":35,"Frozen Egg 2":48,"Boot":35,"Burning Blood":0,"Calling Bell":48,"Anchor":48,"CaptainsWheel":48,"Busted Crown":22,"Brimstone":35,"Molten Egg 2":54,"Red Mask":26,"Toy Ornithopter":3,"Red Skull":57,"Paper Frog":12,"Meat on the Bone":38}],"Burning Blood":137,"Toy Ornithopter":39,"Meat on the Bone":12},"card_choices":[{"not_picked":["Seeing Red","Dark Embrace"],"picked":"Battle Trance","floor":1},{"not_picked":["Rage","Iron Wave"],"picked":"Spot Weakness","floor":4},{"not_picked":["Havoc","Clothesline"],"picked":"Whirlwind","floor":5},{"not_picked":["Heavy Blade","Iron Wave"],"picked":"Flex","floor":10},{"not_picked":["Anger","Flex"],"picked":"Clash","floor":11},{"not_picked":["Twin Strike","Power Through"],"picked":"Whirlwind","floor":13},{"not_picked":["Uppercut","Thunderclap","Shrug It Off"],"picked":"SKIP","floor":14},{"not_picked":[],"picked":"Rampage","floor":18},{"not_picked":[],"picked":"Clash","floor":19},{"not_picked":[],"picked":"Anger+1","floor":21},{"not_picked":["Warcry"],"picked":"SKIP","floor":22},{"not_picked":["Clothesline+1"],"picked":"SKIP","floor":23},{"not_picked":["Wild Strike"],"picked":"SKIP","floor":25},{"not_picked":["Ghostly Armor"],"picked":"SKIP","floor":29},{"not_picked":["Pommel Strike"],"picked":"SKIP","floor":30},{"not_picked":["Dark Embrace"],"picked":"SKIP","floor":31},{"not_picked":[],"picked":"Offering","floor":33},{"not_picked":["Combust+1"],"picked":"SKIP","floor":35},{"not_picked":["Sever Soul+1"],"picked":"SKIP","floor":37},{"not_picked":["Feel No Pain+1"],"picked":"SKIP","floor":38},{"not_picked":["Fire Breathing+1"],"picked":"SKIP","floor":41},{"not_picked":["Thunderclap+1"],"picked":"SKIP","floor":45},{"not_picked":["Combust+1"],"picked":"SKIP","floor":48}],"player_experience":611494,"relics_obtained":[{"floor":3,"key":"Toy Ornithopter"},{"floor":9,"key":"Oddly Smooth Stone"},{"floor":19,"key":"Red Mask"},{"floor":23,"key":"Pen Nib"},{"floor":26,"key":"Meat on the Bone"},{"floor":34,"key":"Anchor"},{"floor":34,"key":"Frozen Egg 2"},{"floor":34,"key":"CaptainsWheel"},{"floor":39,"key":"Molten Egg 2"},{"floor":41,"key":"Blue Candle"},{"floor":43,"key":"Red Skull"}],"event_choices":[{"damage_healed":0,"gold_gain":0,"player_choice":"Grow","damage_taken":0,"max_hp_gain":0,"max_hp_loss":0,"event_name":"Living Wall","floor":2,"gold_loss":0,"cards_upgraded":["Bash"]},{"damage_healed":0,"gold_gain":0,"player_choice":"Searched \u00271\u0027 times","damage_taken":0,"relics_obtained":["Paper Frog"],"max_hp_gain":0,"max_hp_loss":0,"event_name":"Dead Adventurer","floor":12,"gold_loss":0},{"damage_healed":0,"gold_gain":0,"player_choice":"Fought Bandits","damage_taken":0,"max_hp_gain":0,"max_hp_loss":0,"event_name":"Masked Bandits","floor":19,"gold_loss":0},{"damage_healed":0,"gold_gain":0,"player_choice":"Gave Potion","damage_taken":0,"relics_obtained":["Pear"],"max_hp_gain":0,"max_hp_loss":0,"event_name":"WeMeetAgain","floor":20,"gold_loss":0},{"damage_healed":0,"gold_gain":0,"player_choice":"Forge","damage_taken":0,"max_hp_gain":0,"max_hp_loss":0,"event_name":"Accursed Blacksmith","floor":28,"gold_loss":0,"cards_upgraded":["Spot Weakness"]},{"damage_healed":0,"gold_gain":0,"player_choice":"Ignored","damage_taken":0,"max_hp_gain":0,"max_hp_loss":0,"event_name":"Tomb of Lord Red Mask","floor":36,"gold_loss":0},{"damage_healed":0,"gold_gain":0,"player_choice":"Ignored","damage_taken":0,"max_hp_gain":0,"max_hp_loss":0,"event_name":"Mysterious Sphere","floor":46,"gold_loss":0},{"damage_healed":0,"gold_gain":0,"player_choice":"Max HP","damage_taken":0,"max_hp_gain":0,"max_hp_loss":5,"event_name":"Winding Halls","floor":47,"gold_loss":0}],"is_beta":false,"boss_relics":[{"not_picked":["Black Star","Snecko Eye"],"picked":"Busted Crown"},{"not_picked":["Sozu","Velvet Choker"],"picked":"Calling Bell"}],"items_purged_floors":[],"is_endless":false,"potions_floor_spawned":[1,5,11,13,18,23,30,33,35,37,41],"ascension_level":0}}