{"host":"q9718omregw4er46","time":1610279122,"event":{"mods":["BaseMod","Bestiary","Colored Powertips","Minty Spire (QoL Compilation)","Quick Restart","Relic Stats"],"gold_per_floor":[119,119,119,133,147,147,12,29,29,29,29],"floor_reached":10,"playtime":271,"items_purged":[],"score":116,"play_id":"a1001fdf-1f70-495c-a2a3-d97e5a811382","local_time":"20210110164522","is_ascension_mode":true,"campfire_choices":[{"data":"Capacitor","floor":6,"key":"SMITH"}],"circlet_count":0,"master_deck":["AscendersBane","Strike_B","Strike_B","Strike_B","Defend_B","Defend_B","Defend_B","Defend_B","Zap","Dualcast","Ball Lightning","Stack","Capacitor+1","Skim","Self Repair","Hologram","Static Discharge"],"relics":["Snecko Eye"],"acts_visited":["Exordium"],"potions_floor_usage":[8],"damage_taken":[{"damage":0.0,"enemies":"Cultist","floor":1.0,"turns":3.0},{"damage":3,"enemies":"2 Louse","floor":4,"turns":2},{"damage":0,"enemies":"Small Slimes","floor":5,"turns":3},{"damage":50,"enemies":"Gremlin Gang","floor":8,"turns":5},{"damage":21,"enemies":"Lagavulin","floor":10,"turns":5}],"seed_played":"1565395196975183546","potions_obtained":[{"floor":1.0,"key":"DistilledChaos"},{"floor":4,"key":"Explosive Potion"}],"is_trial":false,"path_per_floor":["M","$","?","M","M","R","$","M","T","E"],"character_chosen":"DEFECT","items_purchased":["Self Repair","Hologram"],"campfire_rested":0,"item_purchase_floors":[7,7],"current_hp_per_floor":[64,64,64,61,61,61,61,18,18,0,0],"gold":29,"neow_bonus":"BOSS_RELIC","is_daily":false,"chose_seed":true,"campfire_upgraded":1,"win_rate":0.0,"timestamp":1610279122,"path_taken":["M","?","?","M","M","R","$","M","T","E"],"items_purchased_type":["Card","Card"],"build_version":"2020-12-22","purchased_purges":0,"victory":false,"max_hp_per_floor":[71,71,71,71,71,71,71,71,71,71,71],"relic_stats":{"counters":[5,18],"Snecko Eye":[31,32,35,32],"obtain_stats":[{"Snecko Eye":0,"Cracked Core":0},{"Snecko Eye":0,"Cracked Core":0},{"Snecko Eye":0,"Cracked Core":0}]},"card_choices":[{"not_picked":["Recycle","Leap"],"picked":"Ball Lightning","floor":1.0},{"not_picked":["Turbo","BootSequence"],"picked":"Capacitor","floor":4},{"not_picked":["Steam","Reprogram"],"picked":"Skim","floor":5},{"not_picked":["Darkness","Leap"],"picked":"Static Discharge","floor":8}],"player_experience":1197075,"relics_obtained":[],"event_choices":[{"damage_healed":0,"gold_gain":0,"cards_transformed":["Strike_B"],"player_choice":"Change","damage_taken":0,"max_hp_gain":0,"max_hp_loss":0,"event_name":"Living Wall","floor":3,"gold_loss":0,"cards_obtained":["Stack"]}],"is_beta":false,"boss_relics":[],"items_purged_floors":[],"is_endless":false,"potions_floor_spawned":[1,4],"killed_by":"Lagavulin","ascension_level":20}}