{"host":"mvz90ilxx8epviq1","time":1610255707,"event":{"mods":["2.2 Compatiblity","AchievementEnabler","Act Like it!","Bartender","BaseMod","Better Note","Better Third Choice","Better Vampires","Clockwork Mod","Colored Map","Colored Powertips","Downfall","Gensokyo","Hallownest","Hermit","Hubris","Koishi","Marisa????????","Minty Spire (QoL Compilation)","Replay The Spire","SIMod","Shop Mod","Spicy Shops","StSLib","Td1madao Mod","The Alterego","The Blackbeard","The Bug Knight","The Construct","The Cursed","The Mystic","The Senshi","The Servant 0.9.4","The Wild Card","slay the spire mod where everything is the same but ironclad has a cowboy hat"],"gold_per_floor":[110,110,0,0,10,10,29,56,56,66,82,82,82,46,46,144,144,161,121,133,183,183,210,210,210,210,230,230,246,261,291,291,391,391,409,409,600,611,627,660,660,660,683,22,34,68,88,99,99,99,99,99,10,36,36],"floor_reached":56,"playtime":9236,"items_purged":["ReplayTheSpireMod:Restless Dread","hubris:Despair"],"score":1297,"play_id":"c7b38dbe-63ef-4007-afe3-99191deed4ba","local_time":"20210110001507","is_ascension_mode":false,"campfire_choices":[{"data":"FriendOfNature","floor":6.0,"key":"SMITH"},{"data":"GemstoneDetection","floor":15.0,"key":"SMITH"},{"data":"MessyAndOrderly","floor":25,"key":"SMITH"},{"data":"LadiesDemeanor","floor":32,"key":"SMITH"},{"data":"Enlightenment","floor":41,"key":"SMITH"},{"floor":49,"key":"RECALL"},{"data":"Midas Touch","floor":52,"key":"SMITH"}],"circlet_count":0,"master_deck":["Strike_AJ","Strike_TS+1","Strike_RR","Defend_PP","Defend_FS","Defend_AJ","ConcertedEfforts","HarmonyShield","Overwhelming+1","Dear_Princess","Yay","Enlightenment+1","FriendOfNature+1","CleanLibrary","PartyAlone","Magic","Laughter","TasteRainbow+1","GemstoneDetection+1","Winterwrapup","ThunderCloud+1","ThunderCloud","ThunderCloud","MessyAndOrderly+1","LadiesDemeanor+1","Perfectionism","Batlization","ReinventMyself+1","DynamicVision","PartyAlone","Perfectionism+1","Batlization+1","CleanLibrary+1","FarmExpert","Smile","FriendOfNature+1","HarmonyForm+1","CowboySkills+1","Boundary+1","BigDeal+1","ThunderCloud+1","AppleFeast+1","Anxiousness+1","TasteRainbow+1","PinkiePromise+1","Midas Touch+1","TenInstruments+1","BigDeal+1","Honesty+1","Laughter+1","Lasso+1","Lasso","AllByMyself+1","Dear_Princess+1"],"relics":["The_element_of_harmony","Quantum Egg","Omamori","HornCleat","Cursed Key","Anchor","Frozen Egg 2","Bottled Lightning","Lizard Tail","Philosopher\u0027s Stone","hubris:Spice","Ancient Tea Set","Blue Candle"],"acts_visited":["Exordium","TheCity","TheBeyond","TheEnding"],"potions_floor_usage":[30,33,33,40,48,50,50,54,55,55],"damage_taken":[{"damage":0.0,"enemies":"2 Louse","floor":1.0,"turns":3.0},{"damage":18.0,"enemies":"Jaw Worm","floor":5.0,"turns":7.0},{"damage":4.0,"enemies":"Small Slimes","floor":7.0,"turns":5.0},{"damage":53.0,"enemies":"Gremlin Nob","floor":8.0,"turns":7.0},{"damage":0.0,"enemies":"3 Louse","floor":10.0,"turns":3.0},{"damage":2.0,"enemies":"Large Slime","floor":11.0,"turns":2.0},{"damage":30.0,"enemies":"Fading Forest","floor":16.0,"turns":11.0},{"damage":10.0,"enemies":"Chosen","floor":18.0,"turns":4.0},{"damage":8.0,"enemies":"Centurion and Healer","floor":20.0,"turns":6.0},{"damage":34,"enemies":"Slavers","floor":23,"turns":4},{"damage":10,"enemies":"Snecko","floor":27,"turns":6},{"damage":5,"enemies":"Shelled Parasite and Fungi","floor":29,"turns":6},{"damage":6,"enemies":"3 Cultists","floor":30,"turns":4},{"damage":14,"enemies":"HollowMod:Nosk","floor":31,"turns":8},{"damage":54,"enemies":"Automaton","floor":33,"turns":9},{"damage":2,"enemies":"3 Shapes","floor":35,"turns":4},{"damage":4,"enemies":"3 Darklings","floor":38,"turns":5},{"damage":0,"enemies":"Sphere and 2 Shapes","floor":39,"turns":2},{"damage":35,"enemies":"Giant Head","floor":40,"turns":12},{"damage":11,"enemies":"Writhing Mass","floor":45,"turns":7},{"damage":5,"enemies":"HollowMod:StalkingDevout","floor":46,"turns":10},{"damage":18,"enemies":"4 Shapes","floor":47,"turns":3},{"damage":13,"enemies":"Jaw Worm Horde","floor":48,"turns":5},{"damage":39,"enemies":"Time Eater","floor":50,"turns":12},{"damage":65,"enemies":"Shield and Spear","floor":54,"turns":7},{"damage":38,"enemies":"The Heart","floor":55,"turns":8}],"seed_played":"5851236380900962683","potions_obtained":[{"floor":1.0,"key":"Elixir"},{"floor":8.0,"key":"SteroidPotion"},{"floor":11.0,"key":"Milkshake"},{"floor":16.0,"key":"Slimebound:ThreeZeroPotion"},{"floor":18.0,"key":"SkillPotion"},{"floor":27,"key":"SteroidPotion"},{"floor":31,"key":"champ:CounterPotion"},{"floor":33,"key":"SmokeBomb"},{"floor":35,"key":"Weak Potion"},{"floor":39,"key":"FearPotion"},{"floor":45,"key":"EssenceOfSteel"},{"floor":47,"key":"Energy Potion"},{"floor":48,"key":"Strength Potion"},{"floor":54,"key":"construct:ShiftPotion"}],"is_trial":false,"path_per_floor":["M","?","?","?","M","R","M","E","T","M","M","?","T","$","R","B",null,"M","?","M","?","?","E","T","R","T","M","?","M","M","E","R","B",null,"M","?","?","M","M","E","R","?","T","$","M","E","M","M","R","B",null,"R","$","E","B",null],"character_chosen":"TWI_CLASS","items_purchased":["ThunderCloud","Midas Touch","hubris:Spice","Lasso","Elixir"],"campfire_rested":0,"item_purchase_floors":[14,44,44,53,53],"current_hp_per_floor":[82,85,91,91,73,73,85,47,47,57,65,65,65,65,65,61,91,86,86,88,88,88,64,64,64,64,60,60,61,71,73,73,30,91,89,89,89,87,90,64,64,64,64,72,92,107,93,95,95,72,107,107,107,56,43],"gold":36,"neow_bonus":"ONE_RANDOM_RARE_CARD","is_daily":false,"chose_seed":false,"campfire_upgraded":6,"win_rate":0.0,"timestamp":1610255707,"path_taken":["M","?","?","?","M","R","M","E","T","M","M","?","?","$","R","BOSS","M","?","M","?","?","E","?","R","T","M","?","?","M","E","R","BOSS","M","?","?","M","M","E","R","?","T","$","M","E","M","M","R","BOSS","R","$","E","BOSS"],"items_purchased_type":["Card","Card","Relic","Card","Potion"],"build_version":"2020-12-22","purchased_purges":2,"victory":true,"max_hp_per_floor":[82,85,91,91,91,91,91,91,91,91,91,91,91,91,91,91,91,91,91,91,91,91,91,91,91,91,91,91,91,91,91,91,91,91,91,91,91,91,91,99,99,99,99,107,107,107,107,107,107,107,107,107,107,107,107],"card_choices":[{"not_picked":["ServeMeal"],"picked":"Dear_Princess","floor":1.0},{"not_picked":["DynamicVision"],"picked":"Yay","floor":1.0},{"not_picked":["RunningOfTheLeaves"],"picked":"FriendOfNature","floor":5.0},{"not_picked":["Mischief"],"picked":"CleanLibrary","floor":5.0},{"not_picked":["BatchProduction"],"picked":"PartyAlone","floor":7.0},{"not_picked":["PartyTime"],"picked":"Magic","floor":7.0},{"not_picked":["SwiftKick"],"picked":"Laughter","floor":8.0},{"not_picked":["PartyTime"],"picked":"TasteRainbow","floor":8.0},{"not_picked":["RunningOfTheLeaves"],"picked":"GemstoneDetection","floor":10.0},{"not_picked":["ISayNo","Smile"],"picked":"SKIP","floor":10.0},{"not_picked":["KillingWithKindness"],"picked":"Winterwrapup","floor":11.0},{"not_picked":["CleanLibrary"],"picked":"ThunderCloud","floor":11.0},{"not_picked":["CowboySkills"],"picked":"MessyAndOrderly","floor":16.0},{"not_picked":["SonicRainbow"],"picked":"LadiesDemeanor","floor":16.0},{"not_picked":["Mischief"],"picked":"Perfectionism","floor":18.0},{"not_picked":["KillingWithKindness"],"picked":"Batlization","floor":18.0},{"not_picked":["HideCarefully"],"picked":"ReinventMyself+1","floor":20.0},{"not_picked":["CleanLibrary","TenInstruments"],"picked":"SKIP","floor":20.0},{"not_picked":["AppleFever"],"picked":"DynamicVision","floor":23},{"not_picked":["ReinventMyself+1"],"picked":"PartyAlone","floor":23},{"not_picked":["GemstoneDetection"],"picked":"Perfectionism+1","floor":27},{"not_picked":["RashStunts+1"],"picked":"Batlization+1","floor":27},{"not_picked":["Dear_Princess+1"],"picked":"CleanLibrary+1","floor":29},{"not_picked":["FriendOfNature","PartyAlone"],"picked":"SKIP","floor":29},{"not_picked":["BigDeal"],"picked":"FarmExpert","floor":30},{"not_picked":["Yay"],"picked":"Smile","floor":30},{"not_picked":["Return_To_Past+1"],"picked":"FriendOfNature+1","floor":31},{"not_picked":["ThunderCloud","GemstoneDetection"],"picked":"SKIP","floor":31},{"not_picked":["SonicRainbow"],"picked":"HarmonyForm+1","floor":33},{"not_picked":["SonicRainbow"],"picked":"CowboySkills+1","floor":33},{"not_picked":["Return_To_Past"],"picked":"Boundary+1","floor":35},{"not_picked":["RunningOfTheLeaves","FollowTherRainbow"],"picked":"SKIP","floor":35},{"not_picked":["HideCarefully"],"picked":"BigDeal+1","floor":37},{"not_picked":["HideCarefully"],"picked":"ThunderCloud+1","floor":38},{"not_picked":["RushToSky+1"],"picked":"AppleFeast+1","floor":38},{"not_picked":["RunningOfTheLeaves"],"picked":"Anxiousness+1","floor":39},{"not_picked":["Smile+1"],"picked":"TasteRainbow+1","floor":39},{"not_picked":["Lasso"],"picked":"PinkiePromise+1","floor":40},{"not_picked":["Winterwrapup+1","AppleFever+1"],"picked":"SKIP","floor":40},{"not_picked":["Batlization+1"],"picked":"TenInstruments+1","floor":45},{"not_picked":["AppleFeast+1","FriendOfNature"],"picked":"SKIP","floor":45},{"not_picked":["DynamicVision+1"],"picked":"BigDeal+1","floor":46},{"not_picked":["ReinventMyself+1"],"picked":"Honesty+1","floor":46},{"not_picked":["Smile","Yay+1"],"picked":"SKIP","floor":47},{"not_picked":["FollowTherRainbow","Winterwrapup+1"],"picked":"SKIP","floor":47},{"not_picked":["FarmExpert+1"],"picked":"Laughter+1","floor":48},{"not_picked":["AllByMyself"],"picked":"Lasso+1","floor":48},{"not_picked":["ThrowingApples+1"],"picked":"AllByMyself+1","floor":54},{"not_picked":["Mischief"],"picked":"Dear_Princess+1","floor":54}],"player_experience":506405,"relics_obtained":[{"floor":8.0,"key":"Quantum Egg"},{"floor":9.0,"key":"Omamori"},{"floor":13.0,"key":"HornCleat"},{"floor":23,"key":"Anchor"},{"floor":24,"key":"Frozen Egg 2"},{"floor":26,"key":"Bottled Lightning"},{"floor":31,"key":"Lizard Tail"},{"floor":40,"key":"hubris:Spice"},{"floor":46,"key":"Ancient Tea Set"},{"floor":54,"key":"Blue Candle"}],"event_choices":[{"damage_healed":0.0,"max_hp_gain":0.0,"max_hp_loss":0.0,"gold_gain":0.0,"event_name":"betterThird:BetterSerpent","player_choice":"RENOUNCE","floor":3.0,"gold_loss":110.0,"damage_taken":110.0,"cards_obtained":["Enlightenment"]},{"damage_healed":0.0,"max_hp_gain":0.0,"max_hp_loss":0.0,"gold_gain":0.0,"event_name":"Living Wall","player_choice":"Grow","floor":12.0,"gold_loss":0.0,"damage_taken":0.0,"cards_upgraded":["ThunderCloud"]},{"damage_healed":0.0,"max_hp_gain":0.0,"max_hp_loss":0.0,"gold_gain":0.0,"event_name":"Designer","player_choice":"Upgraded Two","floor":19.0,"gold_loss":40.0,"damage_taken":0.0,"cards_upgraded":["Strike_TS","TasteRainbow"]},{"damage_healed":0,"gold_gain":100,"player_choice":"Bet on Murderer","damage_taken":0,"max_hp_gain":0,"max_hp_loss":0,"event_name":"The Joust","floor":21,"gold_loss":50},{"cards_removed":["HarmonyShield"],"damage_healed":0,"gold_gain":0,"player_choice":"Give","damage_taken":0,"max_hp_gain":0,"max_hp_loss":0,"event_name":"betterNote:BetterNote","floor":22,"gold_loss":0,"cards_obtained":["Strike_Bartender"]},{"cards_removed":["Defend_TS"],"damage_healed":0,"gold_gain":0,"player_choice":"Purged","damage_taken":0,"max_hp_gain":0,"max_hp_loss":0,"event_name":"Purifier","floor":28,"gold_loss":0},{"cards_removed":["Strike_RD"],"damage_healed":0,"gold_gain":0,"player_choice":"Removed Attack","damage_taken":0,"max_hp_gain":0,"max_hp_loss":0,"event_name":"Falling","floor":36,"gold_loss":0},{"damage_healed":0,"gold_gain":0,"player_choice":"Ignored","damage_taken":0,"max_hp_gain":0,"max_hp_loss":0,"event_name":"betterThird:BetterPortal","floor":42,"gold_loss":0}],"is_beta":false,"boss_relics":[{"not_picked":["Ectoplasm","Tiny House"],"picked":"Cursed Key"},{"not_picked":["SlaversCollar","hubris:Backtick"],"picked":"Philosopher\u0027s Stone"}],"items_purged_floors":[44,44],"is_endless":false,"potions_floor_spawned":[1,8,11,16,18,27,31,33,35,39,45,47,48,54],"ascension_level":0}}