{"host":"7gewg82ormp6yt4e","time":1610270327,"event":{"mods":["BaseMod","Block Reminder","Colored Map","Colored Powertips","DeckTracker","Highlight Path","Minty Spire (QoL Compilation)","Relic Stats","StSLib","ojb\u0027s Info Mod"],"gold_per_floor":[368,368,368,61,76,76,104,104,104,104,166,166,179,138,138,214,214,231,293,268,368,388,388,388],"floor_reached":23,"playtime":857,"items_purged":[],"score":378,"play_id":"1795b9c4-cd9c-4b61-9beb-b0286da1cd42","local_time":"20210110181847","is_ascension_mode":true,"campfire_choices":[{"floor":6,"key":"REST"},{"data":"Defragment","floor":8,"key":"SMITH"},{"data":"Doom and Gloom","floor":10,"key":"SMITH"},{"data":"Darkness","floor":12,"key":"SMITH"},{"data":"Defragment","floor":15,"key":"SMITH"}],"circlet_count":0,"master_deck":["AscendersBane","Strike_B","Strike_B","Strike_B","Defend_B","Defend_B+1","Defend_B","Defend_B","Zap+1","Dualcast","Coolheaded","Defragment+1","Doom and Gloom+1","Coolheaded","Darkness+1","Echo Form","Defragment+1","Core Surge","Conserve Battery+1"],"relics":["Cracked Core","SsserpentHead","Happy Flower","Ginger","Eternal Feather","Snecko Eye"],"acts_visited":["Exordium","TheCity"],"potions_floor_usage":[7],"damage_taken":[{"damage":11,"enemies":"2 Louse","floor":1,"turns":2},{"damage":0,"enemies":"Jaw Worm","floor":5,"turns":3},{"damage":16,"enemies":"3 Sentries","floor":7,"turns":4},{"damage":0,"enemies":"Cultist","floor":11,"turns":3},{"damage":7,"enemies":"Gremlin Gang","floor":13,"turns":2},{"damage":31,"enemies":"Hexaghost","floor":16,"turns":6},{"damage":19,"enemies":"3 Byrds","floor":18,"turns":4},{"damage":6,"enemies":"Spheric Guardian","floor":19,"turns":5},{"damage":18,"enemies":"Snake Plant","floor":22,"turns":5},{"damage":16,"enemies":"Book of Stabbing","floor":23,"turns":5}],"seed_played":"3443325789162456384","potions_obtained":[{"floor":5,"key":"Ancient Potion"}],"is_trial":false,"path_per_floor":["M","?","?","$","M","R","E","R","T","R","M","R","M","$","R","B",null,"M","M","?","?","M","E"],"character_chosen":"DEFECT","items_purchased":["Defragment","Happy Flower","PowerPotion","Defragment"],"campfire_rested":1,"item_purchase_floors":[4,4,4,14],"current_hp_per_floor":[35,14,14,14,14,35,19,19,19,28,28,37,30,30,39,8,55,36,30,30,30,12,0,0],"gold":388,"neow_bonus":"TWO_FIFTY_GOLD","is_daily":false,"chose_seed":false,"campfire_upgraded":4,"win_rate":0.0,"timestamp":1610270327,"path_taken":["M","?","?","$","M","R","E","R","T","R","?","R","M","$","R","BOSS","M","?","?","?","M","E"],"items_purchased_type":["Card","Relic","Potion","Card"],"build_version":"2020-12-22","purchased_purges":0,"victory":false,"max_hp_per_floor":[71,71,71,71,71,71,71,71,71,71,71,71,71,71,71,71,71,71,71,71,71,71,71,71],"relic_stats":{"SsserpentHead":200,"Happy Flower":[12],"counters":[10,39],"Snecko Eye":[27,31,41,40],"Eternal Feather":27,"Ginger":[2],"obtain_stats":[{"SsserpentHead":3,"Happy Flower":4,"Snecko Eye":17,"Eternal Feather":9,"Ginger":7,"Cracked Core":0},{"SsserpentHead":1,"Happy Flower":1,"Snecko Eye":6,"Eternal Feather":3,"Ginger":3,"Cracked Core":0},{"SsserpentHead":2,"Happy Flower":2,"Snecko Eye":20,"Eternal Feather":9,"Ginger":9,"Cracked Core":0}]},"card_choices":[{"not_picked":["Hologram","Aggregate"],"picked":"Coolheaded","floor":1},{"not_picked":["Coolheaded","Streamline"],"picked":"Doom and Gloom","floor":5},{"not_picked":["Lockon","Conserve Battery"],"picked":"Coolheaded","floor":7},{"not_picked":["Gash","Hologram"],"picked":"Darkness","floor":11},{"not_picked":["Cold Snap","Sweeping Beam"],"picked":"Echo Form","floor":13},{"not_picked":["Machine Learning","Seek"],"picked":"Core Surge","floor":16},{"not_picked":["Sweeping Beam+1","Rebound","Leap"],"picked":"SKIP","floor":18},{"not_picked":["Leap","Turbo"],"picked":"Conserve Battery+1","floor":19},{"not_picked":["FTL","Tempest","Steam+1"],"picked":"SKIP","floor":22}],"player_experience":2516516,"relics_obtained":[{"floor":7,"key":"Ginger"},{"floor":9,"key":"Eternal Feather"}],"event_choices":[{"damage_healed":0,"gold_gain":0,"player_choice":"Entered Light","damage_taken":21,"max_hp_gain":0,"max_hp_loss":0,"event_name":"Shining Light","floor":2,"gold_loss":0,"cards_upgraded":["Zap","Defend_B"]},{"damage_healed":0,"gold_gain":0,"player_choice":"Trade","damage_taken":0,"relics_obtained":["SsserpentHead"],"max_hp_gain":0,"max_hp_loss":0,"event_name":"FaceTrader","floor":3,"gold_loss":0},{"cards_removed":["Strike_B"],"damage_healed":0,"gold_gain":0,"player_choice":"Gave Gold","damage_taken":0,"max_hp_gain":0,"max_hp_loss":0,"event_name":"Beggar","floor":20,"gold_loss":75},{"damage_healed":0,"gold_gain":50,"player_choice":"Stole From Cult","damage_taken":0,"max_hp_gain":0,"max_hp_loss":0,"event_name":"Nest","floor":21,"gold_loss":0}],"is_beta":false,"boss_relics":[{"not_picked":["Busted Crown","Calling Bell"],"picked":"Snecko Eye"}],"items_purged_floors":[],"is_endless":false,"potions_floor_spawned":[5],"killed_by":"Book of Stabbing","ascension_level":20}}