{"host":"z42sc0n2dozsmk72","time":1610284363,"event":{"mods":["AchievementEnabler","BaseMod","Better Third Choice","Colored Map","Curses Come First","Googly Eyes","Highlight Path","Minty Spire (QoL Compilation)","Permanent Neow","Quick Restart","Relic Stats","Shop Mod","StSLib","egg","slay the spire mod where everything is the same but ironclad has a cowboy hat"],"gold_per_floor":[111,125,140,215,234,234,159,191,191,226,280,27,27,46,46,145,145,155,155,143,163,163,163,195,70,70,70,90,125,137,154,154,259,259,274,274,294,294,309,343,358,385,412,424,424,439,472,487,487,487,487,487,130,161,161],"floor_reached":56,"playtime":5375,"items_purged":["Strike_R","Strike_R","Defend_R","Defend_R"],"score":1342,"play_id":"2757384d-75b3-454d-9b71-ac47e05ec96b","local_time":"20210111021243","is_ascension_mode":true,"campfire_choices":[{"data":"Armaments","floor":6.0,"key":"SMITH"},{"data":"Clothesline","floor":13.0,"key":"SMITH"},{"floor":15.0,"key":"RECALL"},{"data":"Demon Form","floor":23.0,"key":"SMITH"},{"data":"Shrug It Off","floor":27.0,"key":"SMITH"},{"data":"Dark Embrace","floor":32.0,"key":"SMITH"},{"data":"Berserk","floor":45.0,"key":"SMITH"},{"data":"Impervious","floor":49.0,"key":"SMITH"},{"data":"Barricade","floor":52.0,"key":"SMITH"}],"circlet_count":0,"master_deck":["Defend_R","Defend_R","Bash","Clothesline+1","Armaments+1","Shrug It Off+1","Impervious+1","True Grit+1","Demon Form+1","Bite","Bite","Bite","Bite","Bite","Dark Embrace+1","Berserk+1","Shockwave+1","Barricade+1","Madness","Entrench","Uppercut+1","True Grit+1","Evolve+1","Body Slam","Body Slam+1"],"relics":["Burning Blood","Mango","Singing Bowl","Kunai","Mercury Hourglass","Art of War","Oddly Smooth Stone","Velvet Choker","Nilry\u0027s Codex","MealTicket","Mummified Hand","White Beast Statue","Mark of Pain","Centennial Puzzle","HornCleat","Pocketwatch","ClockworkSouvenir","Blood Vial"],"acts_visited":["Exordium","TheCity","TheBeyond","TheEnding"],"potions_floor_usage":[55,55,55],"damage_taken":[{"damage":6.0,"enemies":"Jaw Worm","floor":1.0,"turns":4.0},{"damage":5.0,"enemies":"Cultist","floor":2.0,"turns":4.0},{"damage":3.0,"enemies":"2 Louse","floor":3.0,"turns":3.0},{"damage":3.0,"enemies":"2 Fungi Beasts","floor":5.0,"turns":4.0},{"damage":15.0,"enemies":"3 Sentries","floor":8.0,"turns":13.0},{"damage":26.0,"enemies":"Lagavulin","floor":10.0,"turns":10.0},{"damage":4.0,"enemies":"Looter","floor":14.0,"turns":3.0},{"damage":36.0,"enemies":"Slime Boss","floor":16.0,"turns":15.0},{"damage":0.0,"enemies":"3 Byrds","floor":18.0,"turns":5.0},{"damage":14.0,"enemies":"2 Thieves","floor":20.0,"turns":4.0},{"damage":0.0,"enemies":"Snake Plant","floor":21.0,"turns":7.0},{"damage":37.0,"enemies":"Gremlin Leader","floor":24.0,"turns":7.0},{"damage":8.0,"enemies":"Centurion and Healer","floor":28.0,"turns":6.0},{"damage":41.0,"enemies":"Slavers","floor":29.0,"turns":5.0},{"damage":5.0,"enemies":"Shelled Parasite and Fungi","floor":30.0,"turns":6.0},{"damage":20.0,"enemies":"Snake Plant","floor":31.0,"turns":5.0},{"damage":51.0,"enemies":"Collector","floor":33.0,"turns":9.0},{"damage":23.0,"enemies":"3 Shapes","floor":35.0,"turns":3.0},{"damage":0.0,"enemies":"Orb Walker","floor":37.0,"turns":5.0},{"damage":8.0,"enemies":"Spire Growth","floor":39.0,"turns":8.0},{"damage":76.0,"enemies":"Reptomancer","floor":40.0,"turns":8.0},{"damage":11.0,"enemies":"Maw","floor":41.0,"turns":7.0},{"damage":0.0,"enemies":"Giant Head","floor":42.0,"turns":10.0},{"damage":2.0,"enemies":"Writhing Mass","floor":44.0,"turns":7.0},{"damage":0.0,"enemies":"3 Darklings","floor":46.0,"turns":7.0},{"damage":2.0,"enemies":"Reptomancer","floor":47.0,"turns":7.0},{"damage":0.0,"enemies":"4 Shapes","floor":48.0,"turns":5.0},{"damage":46.0,"enemies":"Donu and Deca","floor":50.0,"turns":6.0},{"damage":74,"enemies":"Shield and Spear","floor":54,"turns":7},{"damage":26,"enemies":"The Heart","floor":55,"turns":8}],"seed_played":"5598723052126782581","potions_obtained":[{"floor":2.0,"key":"Energy Potion"},{"floor":5.0,"key":"Strength Potion"},{"floor":16.0,"key":"Fire Potion"},{"floor":24.0,"key":"SmokeBomb"},{"floor":28.0,"key":"BloodPotion"},{"floor":29.0,"key":"BloodPotion"},{"floor":30.0,"key":"Strength Potion"},{"floor":35.0,"key":"SkillPotion"},{"floor":39.0,"key":"Ancient Potion"},{"floor":42.0,"key":"LiquidBronze"},{"floor":44.0,"key":"Strength Potion"},{"floor":47.0,"key":"Energy Potion"}],"is_trial":false,"path_per_floor":["M","M","M","?","M","R","$","E","T","E","T","$","R","M","R","B",null,"M","?","M","M","?","R","E","$","T","R","M","E","M","M","R","B",null,"M","?","M","?","M","E","M","E","T","M","R","M","E","M","R","B",null,"R","$","E","B",null],"character_chosen":"IRONCLAD","items_purchased":["Oddly Smooth Stone","ClockworkSouvenir","Dexterity Potion"],"campfire_rested":0,"item_purchase_floors":[12,53,53],"current_hp_per_floor":[86,86,86,78,81,81,81,74,74,54,54,54,54,58,58,28,90,92,76,68,74,64,64,49,64,64,64,68,44,68,59,59,46,68,70,61,70,70,72,24,37,72,72,74,74,76,76,76,76,46,76,76,76,30,27],"gold":161,"neow_bonus":"ONE_RARE_RELIC","is_daily":false,"chose_seed":false,"campfire_upgraded":8,"win_rate":0.0,"timestamp":1610284363,"path_taken":["M","M","M","?","M","R","?","E","T","E","?","$","R","?","R","BOSS","M","?","M","M","?","R","E","$","T","R","M","E","M","M","R","BOSS","M","?","M","?","M","E","?","E","T","M","R","M","E","M","R","BOSS","R","$","E","BOSS"],"items_purchased_type":["Relic","Relic","Potion"],"build_version":"2020-12-22","purchased_purges":4,"victory":true,"max_hp_per_floor":[86,86,86,86,86,86,86,88,88,88,88,88,88,90,90,90,90,92,92,92,92,64,64,66,66,66,66,68,68,68,68,68,68,68,70,70,70,70,72,72,72,72,72,74,74,76,76,76,76,76,76,76,76,78,78],"relic_stats":{"Blood Vial":2,"Centennial Puzzle":[18],"Singing Bowl":20,"counters":[30,196],"Mummified Hand":[106],"MealTicket":15,"Art of War":[15],"Kunai":[26],"obtain_stats":[{"Singing Bowl":8,"Nilry\u0027s Codex":19,"Oddly Smooth Stone":12,"Velvet Choker":17,"Mango":0,"Burning Blood":0,"White Beast Statue":29,"Mercury Hourglass":10,"ClockworkSouvenir":53,"Blood Vial":54,"Centennial Puzzle":40,"HornCleat":42,"Mummified Hand":26,"MealTicket":24,"Mark of Pain":34,"Art of War":11,"Kunai":9,"Pocketwatch":47},{"Singing Bowl":5,"Nilry\u0027s Codex":9,"Oddly Smooth Stone":6,"Velvet Choker":8,"Mango":0,"Burning Blood":0,"White Beast Statue":14,"Mercury Hourglass":6,"ClockworkSouvenir":28,"Blood Vial":29,"Centennial Puzzle":21,"HornCleat":23,"Mummified Hand":12,"MealTicket":12,"Mark of Pain":17,"Art of War":6,"Kunai":5,"Pocketwatch":26},{"Singing Bowl":28,"Nilry\u0027s Codex":61,"Oddly Smooth Stone":38,"Velvet Choker":56,"Mango":0,"Burning Blood":0,"White Beast Statue":90,"Mercury Hourglass":38,"ClockworkSouvenir":181,"Blood Vial":188,"Centennial Puzzle":132,"HornCleat":149,"Mummified Hand":79,"MealTicket":79,"Mark of Pain":109,"Art of War":38,"Kunai":28,"Pocketwatch":170}],"Burning Blood":123,"Mercury Hourglass":[715],"Pocketwatch":[8]},"card_choices":[{"not_picked":["Body Slam","Rampage","Dual Wield"],"picked":"SKIP","floor":1.0},{"not_picked":["Evolve","Shrug It Off"],"picked":"Clothesline","floor":2.0},{"not_picked":["Whirlwind","Evolve"],"picked":"Armaments","floor":3.0},{"not_picked":["Searing Blow","Wild Strike","Seeing Red"],"picked":"SKIP","floor":5.0},{"not_picked":["Thunderclap","Flame Barrier","Searing Blow"],"picked":"Singing Bowl","floor":8.0},{"not_picked":["Iron Wave","Flex"],"picked":"Shrug It Off","floor":10.0},{"not_picked":["Anger","Flex","Sword Boomerang"],"picked":"Singing Bowl","floor":14.0},{"not_picked":["Juggernaut","Fiend Fire"],"picked":"Impervious","floor":16.0},{"not_picked":["Seeing Red","Sword Boomerang+1","Headbutt+1"],"picked":"Singing Bowl","floor":18.0},{"not_picked":["Uppercut","Body Slam"],"picked":"True Grit+1","floor":20.0},{"not_picked":["Warcry+1","Flex+1"],"picked":"Demon Form","floor":21.0},{"not_picked":["Shockwave","Twin Strike+1","Headbutt"],"picked":"Singing Bowl","floor":24.0},{"not_picked":["Anger","Clothesline","Headbutt"],"picked":"Singing Bowl","floor":28.0},{"not_picked":["Pommel Strike","Uppercut"],"picked":"Dark Embrace","floor":29.0},{"not_picked":["Clothesline","Anger+1"],"picked":"Berserk","floor":30.0},{"not_picked":["Perfected Strike","Clothesline"],"picked":"Shockwave+1","floor":31.0},{"not_picked":["Offering","Reaper"],"picked":"Barricade","floor":33.0},{"not_picked":["Anger+1","Warcry","Havoc+1"],"picked":"Singing Bowl","floor":35.0},{"not_picked":["Armaments","Wild Strike+1"],"picked":"Entrench","floor":37.0},{"not_picked":["Perfected Strike","Fiend Fire","Blood for Blood"],"picked":"Singing Bowl","floor":39.0},{"not_picked":["Whirlwind+1","Burning Pact+1"],"picked":"Uppercut+1","floor":40.0},{"not_picked":["Sever Soul+1","Shockwave+1"],"picked":"True Grit+1","floor":41.0},{"not_picked":["Perfected Strike","Berserk"],"picked":"Evolve+1","floor":42.0},{"not_picked":["Second Wind+1","Power Through","Bloodletting+1"],"picked":"Singing Bowl","floor":44.0},{"not_picked":["Clash+1","Pommel Strike","Iron Wave+1"],"picked":"Singing Bowl","floor":46.0},{"not_picked":["Pommel Strike","Sentinel+1"],"picked":"Body Slam","floor":47.0},{"not_picked":["Carnage+1","Shrug It Off"],"picked":"Body Slam+1","floor":48.0},{"not_picked":["Metallicize+1","Cleave+1","Flex+1"],"picked":"Singing Bowl","floor":54}],"player_experience":824464,"relics_obtained":[{"floor":8.0,"key":"Singing Bowl"},{"floor":9.0,"key":"Kunai"},{"floor":10.0,"key":"Mercury Hourglass"},{"floor":11.0,"key":"Art of War"},{"floor":19.0,"key":"Nilry\u0027s Codex"},{"floor":24.0,"key":"MealTicket"},{"floor":26.0,"key":"Mummified Hand"},{"floor":29.0,"key":"White Beast Statue"},{"floor":40.0,"key":"Centennial Puzzle"},{"floor":42.0,"key":"HornCleat"},{"floor":47.0,"key":"Pocketwatch"},{"floor":54,"key":"Blood Vial"}],"event_choices":[{"damage_healed":0.0,"max_hp_gain":0.0,"max_hp_loss":0.0,"gold_gain":75.0,"event_name":"FaceTrader","player_choice":"Touch","floor":4.0,"gold_loss":0.0,"damage_taken":8.0},{"damage_healed":0.0,"max_hp_gain":0.0,"max_hp_loss":0.0,"gold_gain":0.0,"event_name":"Cursed Tome","player_choice":"Obtained Book","floor":19.0,"gold_loss":0.0,"damage_taken":16.0},{"damage_healed":0.0,"max_hp_gain":0.0,"max_hp_loss":28.0,"gold_gain":0.0,"event_name":"Vampires","player_choice":"Became a vampire","floor":22.0,"gold_loss":0.0,"damage_taken":0.0,"cards_obtained":["Bite","Bite","Bite","Bite","Bite"]},{"damage_healed":0.0,"max_hp_gain":0.0,"max_hp_loss":0.0,"gold_gain":0.0,"event_name":"Winding Halls","player_choice":"Embrace Madness","floor":36.0,"gold_loss":0.0,"damage_taken":9.0,"cards_obtained":["Madness","Madness"]},{"cards_removed":["Madness"],"damage_healed":0.0,"max_hp_gain":0.0,"max_hp_loss":0.0,"gold_gain":0.0,"event_name":"Bonfire Elementals","player_choice":"Offered Uncommon","floor":38.0,"gold_loss":0.0,"damage_taken":0.0}],"is_beta":false,"boss_relics":[{"not_picked":["Sozu","Philosopher\u0027s Stone"],"picked":"Velvet Choker"},{"not_picked":["Cursed Key","Runic Cube"],"picked":"Mark of Pain"}],"items_purged_floors":[7,12,25,53],"is_endless":false,"potions_floor_spawned":[2,5,16,24,28,29,30,31,33,35,37,39,40,41,42,44,46,47,48,54],"ascension_level":1}}