{"host":"q206iib20se9i6w7","time":1610258494,"event":{"mods":["AchievementEnabler","BaseMod","Bestiary","Block Reminder","Colored Map","Colored Powertips","Curses Come First","Highlight Path","Key Reminder","Melee Mod","Minty Spire (QoL Compilation)","Quick Restart","Random Character Button","Relic Stats","Slay-I","StSLib","SuperFastMode","Unceasing Turn Reminder"],"gold_per_floor":[114,114,124,74,86,86,98,126,126,126,138,138,138,138],"floor_reached":13,"playtime":563,"items_purged":[],"score":102,"play_id":"1a13f49e-87e5-44d6-9640-b4d3217cde3a","local_time":"20210110000134","is_ascension_mode":true,"campfire_choices":[{"data":"Zap","floor":6,"key":"SMITH"},{"data":"Dualcast","floor":10,"key":"SMITH"},{"data":"Consume","floor":12,"key":"SMITH"}],"circlet_count":0,"master_deck":["Strike_B","Strike_B","Strike_B","Defend_B","Defend_B","Defend_B","Defend_B","Zap+1","Dualcast+1","CurseOfTheBell","Leap","Conserve Battery","Hologram","Consume+1","Capacitor"],"relics":["Calling Bell","TungstenRod","White Beast Statue","Centennial Puzzle","Sundial","Pantograph"],"acts_visited":["Exordium"],"potions_floor_usage":[8,13,13],"damage_taken":[{"damage":9,"enemies":"Small Slimes","floor":1,"turns":3},{"damage":5,"enemies":"Jaw Worm","floor":3,"turns":4},{"damage":0,"enemies":"Cultist","floor":5,"turns":5},{"damage":0,"enemies":"3 Louse","floor":7,"turns":4},{"damage":10,"enemies":"Gremlin Nob","floor":8,"turns":3},{"damage":13,"enemies":"Exordium Wildlife","floor":11,"turns":8},{"damage":44,"enemies":"3 Sentries","floor":13,"turns":10}],"seed_played":"6810391757947742023","potions_obtained":[{"floor":1,"key":"EssenceOfDarkness"},{"floor":3,"key":"Strength Potion"},{"floor":5,"key":"DuplicationPotion"},{"floor":8,"key":"Weak Potion"}],"is_trial":false,"path_per_floor":["M","?","M","?","M","R","M","E","T","R","M","R","E"],"character_chosen":"DEFECT","items_purchased":[],"campfire_rested":0,"item_purchase_floors":[],"current_hp_per_floor":[66,71,66,66,66,66,66,56,56,56,43,43,0,0],"gold":138,"neow_bonus":"BOSS_RELIC","is_daily":false,"chose_seed":false,"campfire_upgraded":3,"win_rate":0.0,"timestamp":1610258494,"path_taken":["M","?","M","?","M","R","M","E","T","R","M","R","E"],"items_purchased_type":[],"build_version":"2020-12-22","purchased_purges":0,"victory":false,"max_hp_per_floor":[75,80,80,80,80,80,80,80,80,80,80,80,80,80],"relic_stats":{"Centennial Puzzle":[15],"counters":[7,37],"Sundial":[2],"Pantograph":0,"obtain_stats":[{"Calling Bell":0,"Centennial Puzzle":0,"Sundial":8,"Pantograph":9,"Cracked Core":0,"TungstenRod":0,"White Beast Statue":0},{"Calling Bell":0,"Centennial Puzzle":0,"Sundial":5,"Pantograph":5,"Cracked Core":0,"TungstenRod":0,"White Beast Statue":0},{"Calling Bell":0,"Centennial Puzzle":0,"Sundial":19,"Pantograph":19,"Cracked Core":0,"TungstenRod":0,"White Beast Statue":0}],"TungstenRod":15},"card_choices":[{"not_picked":["Loop","Barrage"],"picked":"Leap","floor":1},{"not_picked":["Gash","Undo"],"picked":"Conserve Battery","floor":3},{"not_picked":["Genetic Algorithm","Chaos"],"picked":"Hologram","floor":5},{"not_picked":["Multi-Cast","Double Energy","Conserve Battery"],"picked":"SKIP","floor":7},{"not_picked":["Rebound","Storm"],"picked":"Consume","floor":8},{"not_picked":["Loop","Fusion"],"picked":"Capacitor","floor":11}],"player_experience":217541,"relics_obtained":[{"floor":0,"key":"TungstenRod"},{"floor":0,"key":"White Beast Statue"},{"floor":0,"key":"Centennial Puzzle"},{"floor":8,"key":"Sundial"},{"floor":9,"key":"Pantograph"}],"event_choices":[{"damage_healed":0,"gold_gain":0,"player_choice":"Donut","damage_taken":0,"max_hp_gain":5,"max_hp_loss":0,"event_name":"Big Fish","floor":2,"gold_loss":0},{"cards_removed":["Strike_B"],"damage_healed":0,"gold_gain":0,"player_choice":"Card Removal","damage_taken":0,"max_hp_gain":0,"max_hp_loss":0,"event_name":"The Cleric","floor":4,"gold_loss":50}],"is_beta":false,"boss_relics":[],"items_purged_floors":[],"is_endless":false,"potions_floor_spawned":[1,3,5,7,8,11],"killed_by":"3 Sentries","ascension_level":4}}