{"host":"hgkb2zpbo2dcws21","time":1610283288,"event":{"mods":["AchievementEnabler","BaseMod","Colored Map","Colored Powertips","Custom Start","DeckTracker","KOR Keyword Fix","Keyboard Shortcuts","Minty Spire (QoL Compilation)","Relic Stats","StSLib","SuperFastMode"],"gold_per_floor":[110,185,199,199,199,199,38,69,69,89,119,137,169,182,182,182,182],"floor_reached":16,"playtime":309,"items_purged":["Defend_P"],"score":315,"play_id":"21111392-96c6-4ad7-9eb3-91e7744c0f3e","local_time":"20210110215448","is_ascension_mode":true,"campfire_choices":[{"data":"Worship","floor":6,"key":"SMITH"},{"data":"Adaptation","floor":15,"key":"SMITH"}],"circlet_count":0,"master_deck":["AscendersBane","Strike_P","Strike_P","Strike_P","Strike_P","Defend_P","Defend_P","Defend_P","Eruption+1","Vigilance","Worship+1","EmptyFist","Adaptation+1","Evaluate","Establishment","Wallop","InnerPeace"],"relics":["PureWater","NeowsBlessing","Smiling Mask","FossilizedHelix","Tiny Chest","Bag of Marbles"],"acts_visited":["Exordium"],"potions_floor_usage":[16],"damage_taken":[{"damage":0,"enemies":"Jaw Worm","floor":1,"turns":1},{"damage":0,"enemies":"2 Louse","floor":3,"turns":2},{"damage":0,"enemies":"3 Sentries","floor":8,"turns":2},{"damage":0,"enemies":"Small Slimes","floor":10,"turns":4},{"damage":13,"enemies":"Lagavulin","floor":11,"turns":8},{"damage":0,"enemies":"2 Fungi Beasts","floor":12,"turns":4},{"damage":0,"enemies":"Gremlin Nob","floor":13,"turns":4},{"damage":11,"enemies":"Exordium Thugs","floor":14,"turns":4},{"damage":11,"enemies":"Slime Boss","floor":16,"turns":5}],"seed_played":"8709109977523276871","potions_obtained":[{"floor":1,"key":"DistilledChaos"},{"floor":3,"key":"Strength Potion"}],"is_trial":false,"path_per_floor":["M","?","M","?","?","R","$","E","T","M","E","M","E","M","R","B"],"character_chosen":"WATCHER","items_purchased":["Adaptation"],"campfire_rested":0,"item_purchase_floors":[7],"current_hp_per_floor":[61,50,50,50,55,55,55,55,55,55,42,42,42,31,31,20,20],"gold":182,"neow_bonus":"THREE_ENEMY_KILL","is_daily":false,"chose_seed":false,"campfire_upgraded":2,"win_rate":0.0,"timestamp":1610283288,"path_taken":["M","?","M","?","?","R","$","E","T","M","E","M","E","M","R","BOSS"],"items_purchased_type":["Card"],"build_version":"2020-12-22","purchased_purges":1,"victory":false,"max_hp_per_floor":[68,68,68,68,73,73,73,73,73,73,73,73,73,73,73,73,73],"relic_stats":{"counters":[9,34],"Tiny Chest":0,"Smiling Mask":0,"obtain_stats":[{"NeowsBlessing":0,"Tiny Chest":11,"Bag of Marbles":13,"PureWater":0,"Smiling Mask":8,"FossilizedHelix":9},{"NeowsBlessing":0,"Tiny Chest":5,"Bag of Marbles":7,"PureWater":0,"Smiling Mask":3,"FossilizedHelix":3},{"NeowsBlessing":0,"Tiny Chest":17,"Bag of Marbles":25,"PureWater":0,"Smiling Mask":5,"FossilizedHelix":5}]},"card_choices":[{"not_picked":["ForeignInfluence","FlurryOfBlows"],"picked":"Worship","floor":1},{"not_picked":["JustLucky","CutThroughFate"],"picked":"EmptyFist","floor":3},{"not_picked":["Worship","ClearTheMind"],"picked":"Evaluate","floor":8},{"not_picked":["Protect","CrushJoints"],"picked":"Establishment","floor":10},{"not_picked":["WindmillStrike","PathToVictory","FlurryOfBlows"],"picked":"SKIP","floor":11},{"not_picked":["SashWhip","ThirdEye"],"picked":"Wallop","floor":12},{"not_picked":["JustLucky","Halt"],"picked":"InnerPeace","floor":13},{"not_picked":["Evaluate","BowlingBash","FlyingSleeves"],"picked":"SKIP","floor":14}],"player_experience":1136903,"relics_obtained":[{"floor":8,"key":"Smiling Mask"},{"floor":9,"key":"FossilizedHelix"},{"floor":11,"key":"Tiny Chest"},{"floor":13,"key":"Bag of Marbles"}],"event_choices":[{"damage_healed":0,"gold_gain":75,"player_choice":"Gather Gold","damage_taken":11,"max_hp_gain":0,"max_hp_loss":0,"event_name":"World of Goop","floor":2,"gold_loss":0},{"damage_healed":0,"gold_gain":0,"player_choice":"Grow","damage_taken":0,"max_hp_gain":0,"max_hp_loss":0,"event_name":"Living Wall","floor":4,"gold_loss":0,"cards_upgraded":["Eruption"]},{"damage_healed":0,"gold_gain":0,"player_choice":"Donut","damage_taken":0,"max_hp_gain":5,"max_hp_loss":0,"event_name":"Big Fish","floor":5,"gold_loss":0}],"is_beta":false,"boss_relics":[],"items_purged_floors":[7],"is_endless":false,"potions_floor_spawned":[1,3,10,11],"killed_by":"Slime Boss","ascension_level":17}}