{"host":"jm9833yuloeli2yd","time":1610248946,"event":{"mods":["BaseMod","Better Altar","Better Match","Better Note","Better Sensory Stone","Better Skull","Better Third Choice","Better Vampires","BetterRewards","Colored Map","Colored Powertips","DeckTracker","Minty Spire (QoL Compilation)","Permanent Neow","Quick Restart","Slay-I","StSLib","SuperFastMode"],"gold_per_floor":[111,124,124,142,87,120,139,168,168,168,168,201,30,63,63,137,137,154,167,0,0,32,32,60,60,87,100,100,119,119,148,148,148,148],"floor_reached":33,"playtime":994,"items_purged":[],"score":853,"play_id":"183ad370-dbe4-46fc-8e6a-fc6a914e8265","local_time":"20210109222226","is_ascension_mode":true,"campfire_choices":[{"floor":11.0,"key":"REST"},{"data":"Demon Form","floor":15.0,"key":"SMITH"},{"data":"Uppercut","floor":23.0,"key":"SMITH"},{"data":"Limit Break","floor":30,"key":"SMITH"},{"data":"Strike_R","floor":32,"key":"PURGE"}],"circlet_count":0,"master_deck":["AscendersBane","Strike_R+1","Strike_R","Strike_R","Defend_R","Defend_R","Defend_R","Defend_R","Bash","Flame Barrier","Fire Breathing","Inflame","Wild Strike+1","Uppercut+1","Pommel Strike","Metallicize","Dropkick+1","Shockwave","Demon Form+1","Dropkick","Offering","Reaper","Seeing Red","Ghostly","Ghostly","Ghostly","Limit Break+1","Clash"],"relics":["Burning Blood","TungstenRod","Orrery","Gambling Chip","Omamori","Letter Opener","Happy Flower","Unceasing Top","Red Skull","Ornamental Fan","Sozu","Medical Kit","Red Mask","Bag of Preparation","Whetstone","Peace Pipe"],"acts_visited":["Exordium","TheCity"],"potions_floor_usage":[33],"damage_taken":[{"damage":6.0,"enemies":"Small Slimes","floor":1.0,"turns":3.0},{"damage":4.0,"enemies":"2 Louse","floor":2.0,"turns":5.0},{"damage":0.0,"enemies":"Cultist","floor":4.0,"turns":3.0},{"damage":19.0,"enemies":"3 Sentries","floor":6.0,"turns":7.0},{"damage":18.0,"enemies":"3 Louse","floor":7.0,"turns":3.0},{"damage":15.0,"enemies":"Lagavulin","floor":8.0,"turns":7.0},{"damage":12.0,"enemies":"Gremlin Nob","floor":12.0,"turns":4.0},{"damage":17.0,"enemies":"3 Sentries","floor":14.0,"turns":5.0},{"damage":5.0,"enemies":"Slime Boss","floor":16.0,"turns":5.0},{"damage":17.0,"enemies":"Shell Parasite","floor":18.0,"turns":4.0},{"damage":24.0,"enemies":"2 Thieves","floor":19.0,"turns":4.0},{"damage":20.0,"enemies":"Masked Bandits","floor":22.0,"turns":4.0},{"damage":25.0,"enemies":"Gremlin Leader","floor":24.0,"turns":7.0},{"damage":0.0,"enemies":"Centurion and Healer","floor":27.0,"turns":5.0},{"damage":8,"enemies":"Chosen and Byrds","floor":29,"turns":4},{"damage":13,"enemies":"Slavers","floor":31,"turns":4},{"damage":44,"enemies":"Champ","floor":33,"turns":6}],"seed_played":"6661940516801303371","potions_obtained":[{"floor":2.0,"key":"Fruit Juice"},{"floor":14.0,"key":"ColorlessPotion"},{"floor":16.0,"key":"ElixirPotion"}],"is_trial":false,"path_per_floor":["M","M","?","M","$","E","M","E","T","?","R","E","$","E","R","B",null,"M","M","$","?","?","R","E","?","T","M","?","M","R","E","R","B"],"character_chosen":"IRONCLAD","items_purchased":["Flame Barrier","Orrery","Block Potion","Red Skull","Medical Kit"],"campfire_rested":1,"item_purchase_floors":[0,0,5,13,20],"current_hp_per_floor":[60,62,62,68,68,55,43,34,34,16,38,32,32,21,21,22,62,66,48,48,37,23,23,36,36,36,42,42,40,40,33,33,0,0],"gold":148,"neow_bonus":"","is_daily":false,"chose_seed":false,"campfire_upgraded":3,"win_rate":0.0,"timestamp":1610248946,"path_taken":["M","M","?","M","$","E","M","E","T","?","R","E","$","E","R","BOSS","M","M","$","?","?","R","E","?","T","M","?","M","R","E","R","BOSS"],"items_purchased_type":["Card","Relic","Potion","Relic","Relic"],"build_version":"2020-12-22","purchased_purges":0,"victory":false,"max_hp_per_floor":[75,75,75,75,75,75,75,75,75,75,75,75,75,75,75,75,75,75,75,75,37,37,37,42,42,42,42,42,42,42,42,42,42,42],"card_choices":[{"not_picked":["Havoc","Dual Wield"],"picked":"Fire Breathing","floor":0.0},{"not_picked":["Ghostly Armor","Brutality"],"picked":"Inflame","floor":0.0},{"not_picked":["Juggernaut","Combust"],"picked":"Wild Strike","floor":0.0},{"not_picked":["Pommel Strike","Feel No Pain"],"picked":"Uppercut","floor":0.0},{"not_picked":["Havoc","Fire Breathing"],"picked":"Pommel Strike","floor":0.0},{"not_picked":["Iron Wave","Anger"],"picked":"Metallicize","floor":1.0},{"not_picked":["Shrug It Off","Heavy Blade"],"picked":"Dropkick","floor":2.0},{"not_picked":["Warcry","Cleave"],"picked":"Shockwave","floor":4.0},{"not_picked":["Fiend Fire","Clash"],"picked":"Demon Form","floor":6.0},{"not_picked":["Perfected Strike","Anger"],"picked":"Dropkick","floor":7.0},{"not_picked":["Exhume","Perfected Strike"],"picked":"Offering","floor":8.0},{"not_picked":["Cleave","Uppercut","Havoc"],"picked":"SKIP","floor":12.0},{"not_picked":["Havoc","Body Slam","Whirlwind"],"picked":"SKIP","floor":14.0},{"not_picked":["Fiend Fire","Double Tap"],"picked":"Reaper","floor":16.0},{"not_picked":["Havoc","Inflame","Combust"],"picked":"SKIP","floor":18.0},{"not_picked":["Iron Wave","Pummel"],"picked":"Seeing Red","floor":19.0},{"not_picked":["Thunderclap","Heavy Blade"],"picked":"Limit Break","floor":24.0},{"not_picked":["Pommel Strike","Warcry","Headbutt+1"],"picked":"SKIP","floor":27.0},{"not_picked":["Flex","Warcry","Intimidate"],"picked":"SKIP","floor":29},{"not_picked":["Pummel","Flex","Havoc"],"picked":"SKIP","floor":31}],"player_experience":1294720,"relics_obtained":[{"floor":6.0,"key":"Gambling Chip"},{"floor":8.0,"key":"Omamori"},{"floor":9.0,"key":"Letter Opener"},{"floor":12.0,"key":"Unceasing Top"},{"floor":14.0,"key":"Ornamental Fan"},{"floor":22.0,"key":"Red Mask"},{"floor":24.0,"key":"Bag of Preparation"},{"floor":26.0,"key":"Whetstone"},{"floor":31,"key":"Peace Pipe"}],"event_choices":[{"damage_healed":0.0,"max_hp_gain":0.0,"max_hp_loss":0.0,"gold_gain":0.0,"event_name":"Living Wall","player_choice":"Grow","floor":3.0,"gold_loss":0.0,"damage_taken":0.0,"cards_upgraded":["Wild Strike"]},{"damage_healed":0.0,"max_hp_gain":0.0,"max_hp_loss":0.0,"gold_gain":0.0,"event_name":"betterSkull:BetterSkull","player_choice":"RE ","floor":10.0,"gold_loss":0.0,"damage_taken":22.0,"cards_upgraded":[],"relics_obtained":["Happy Flower"]},{"damage_healed":0.0,"max_hp_gain":0.0,"max_hp_loss":38.0,"gold_gain":0.0,"event_name":"Ghosts","player_choice":"Became a Ghost","floor":21.0,"gold_loss":0.0,"damage_taken":0.0,"cards_obtained":["Ghostly","Ghostly","Ghostly"]},{"damage_healed":0.0,"max_hp_gain":0.0,"max_hp_loss":0.0,"gold_gain":0.0,"event_name":"Masked Bandits","player_choice":"Fought Bandits","floor":22.0,"gold_loss":0.0,"damage_taken":0.0},{"damage_healed":0.0,"max_hp_gain":0.0,"max_hp_loss":0.0,"gold_gain":0.0,"event_name":"The Mausoleum","player_choice":"Ignored","floor":25.0,"gold_loss":0.0,"damage_taken":0.0},{"damage_healed":0.0,"max_hp_gain":0.0,"max_hp_loss":0.0,"gold_gain":0.0,"cards_transformed":["Strike_R"],"event_name":"Transmorgrifier","player_choice":"Transformed","floor":28.0,"gold_loss":0.0,"damage_taken":0.0,"cards_obtained":["Clash"]}],"is_beta":false,"boss_relics":[{"not_picked":["Calling Bell","SlaversCollar"],"picked":"Sozu"}],"items_purged_floors":[],"is_endless":false,"potions_floor_spawned":[2,6,8,14,16,24,29],"killed_by":"Champ","ascension_level":17}}