{"host":"61ejhfsushs0xmcl","time":1610258576,"event":{"mods":["ATMod(°¢èªMod)","Act Like it!","BaseMod","Colored Map","Gold Saver","Minty Spire (QoL Compilation)","MostiFishMod","Spicy Shops","StSLib","TestMod","Waifu the Spire","[IsaacMod]ÒÔÈö¼âËþ","vexMod","¡¾ÒÅÎï¿¨ÅÆ¡¿REMEMod","óô»ðÖ¸ÄÏ"],"gold_per_floor":[1649,1658,1732,697,716,209,209,209],"floor_reached":7,"playtime":234,"items_purged":["Zap","Dualcast","Injury"],"score":82,"play_id":"06d4d310-c3ae-4a91-9400-cd66f718ba8e","local_time":"20210110140256","is_ascension_mode":true,"campfire_choices":[],"circlet_count":0,"master_deck":["AscendersBane","Strike_B","Strike_B","Strike_B+1","Strike_B","Defend_B","Defend_B","Defend_B","Bomb","AT_StudyProgram+1","Scrape+1","Gash+1","Go for the Eyes","Rip and Tear+1"],"relics":["Cracked Core","testmod-TestBox","DaveBox","AT_ATBox","REME_ComplimentaryCards","HushsDoor","testmod-Charity","HereWithMe","DeadEye","SynthV:TestCard","AT_SilvercatRing","Damocles","Technique","DeathBook","Bottled Lightning","AT_BellDemon","AT_RabadonDeathcap"],"acts_visited":["Exordium"],"potions_floor_usage":[],"damage_taken":[{"damage":11.0,"enemies":"Small Slimes","floor":1.0,"turns":3.0},{"damage":1.0,"enemies":"Cultist","floor":2.0,"turns":3.0},{"damage":0.0,"enemies":"Jaw Worm","floor":5.0,"turns":1.0},{"damage":11,"enemies":"Gremlin Nob","floor":7,"turns":2}],"seed_played":"3193613080200805536","potions_obtained":[{"floor":2.0,"key":"PotionOfCapacity"}],"is_trial":false,"path_per_floor":["M","M","?","$","M","R","E"],"character_chosen":"DEFECT","items_purchased":["AT_SilvercatRing","Damocles","Technique","DeathBook","AT_BellDemon","AT_RabadonDeathcap","Rip and Tear"],"campfire_rested":0,"item_purchase_floors":[4,4,4,4,6,6,6],"current_hp_per_floor":[54,54,44,44,45,45,0,0],"gold":209,"neow_bonus":"REMOVE_CARD","is_daily":false,"chose_seed":false,"campfire_upgraded":0,"win_rate":0.0,"timestamp":1610258576,"path_taken":["M","M","?","$","M","R","E"],"items_purchased_type":["Relic","Relic","Relic","Relic","Relic","Relic","Card"],"build_version":"2020-12-22","purchased_purges":3,"victory":false,"max_hp_per_floor":[72,73,74,74,75,75,75,75],"card_choices":[{"not_picked":[],"picked":"Bomb","floor":0.0},{"not_picked":["AT_HeatAcrobatics","Steam","Double Energy"],"picked":"SKIP","floor":1.0},{"not_picked":["Chill","Glacier","Rebound","Stack"],"picked":"Gash","floor":2.0},{"not_picked":["Stack","Chill","Cold Snap","Thunder Strike"],"picked":"Go for the Eyes","floor":5.0}],"player_experience":811543,"relics_obtained":[{"floor":1.0,"key":"SynthV:TestCard"},{"floor":5.0,"key":"Bottled Lightning"}],"event_choices":[{"damage_healed":0.0,"max_hp_gain":0.0,"max_hp_loss":0.0,"gold_gain":75.0,"event_name":"World of Goop","player_choice":"Gather Gold","floor":3.0,"gold_loss":0.0,"damage_taken":11.0}],"is_beta":false,"boss_relics":[],"items_purged_floors":[4,4,6],"is_endless":false,"potions_floor_spawned":[2],"killed_by":"Gremlin Nob","ascension_level":20}}