{"host":"msa0wxqjs3jv1k3j","time":1610283539,"event":{"mods":["AchievementEnabler","BaseMod","BetterRewards","Colored Map","Highlight Path","KOR Keyword Fix","Keyboard Shortcuts","Minty Spire (QoL Compilation)","Quick Restart","SuperFastMode","everything is the same but u backflip on backflip"],"gold_per_floor":[118,118,118,130,130,158,172,172,172,184,212,212,231,231,231,335,335,346,49,66,66,66,91,101,101,126,126,145,158,190,137,137,234,234,253,475,475,475],"floor_reached":37,"playtime":1110,"items_purged":[],"score":397,"play_id":"2169e61d-a71f-4d7e-9219-2acbadad5158","local_time":"20210110215859","is_ascension_mode":false,"campfire_choices":[{"floor":8.0,"key":"RECALL"},{"floor":12.0,"key":"REST"},{"floor":15.0,"key":"REST"},{"floor":25.0,"key":"REST"},{"floor":32.0,"key":"REST"}],"circlet_count":0,"master_deck":["Zap","Dualcast","Ball Lightning","Undo","Swift Strike+1","Defragment","Heatsinks","Barrage","Static Discharge","Storm","Skim","Electrodynamics","Sweeping Beam+1","Capacitor","Core Surge","Redo","Aggregate","Rebound","Self Repair","Beam Cell+1","Conserve Battery","Sunder","Machine Learning","Capacitor","Amplify","Sunder","White Noise","Auto Shields","Compile Driver"],"relics":["Cracked Core","Lizard Tail","Ancient Tea Set","Bronze Scales","Sling","Blue Candle","FossilizedHelix","Oddly Smooth Stone","Nuclear Battery","Calipers","PreservedInsect","Whetstone","Red Mask","Anchor","Pandora\u0027s Box"],"acts_visited":["Exordium","TheCity","TheBeyond"],"potions_floor_usage":[],"damage_taken":[{"damage":0.0,"enemies":"2 Louse","floor":1.0,"turns":2.0},{"damage":3.0,"enemies":"Small Slimes","floor":4.0,"turns":2.0},{"damage":30.0,"enemies":"Lagavulin","floor":6.0,"turns":5.0},{"damage":1.0,"enemies":"Cultist","floor":7.0,"turns":3.0},{"damage":13.0,"enemies":"2 Fungi Beasts","floor":10.0,"turns":3.0},{"damage":8.0,"enemies":"3 Sentries","floor":11.0,"turns":3.0},{"damage":0.0,"enemies":"Looter","floor":13.0,"turns":2.0},{"damage":40.0,"enemies":"Hexaghost","floor":16.0,"turns":5.0},{"damage":15.0,"enemies":"3 Byrds","floor":18.0,"turns":2.0},{"damage":30.0,"enemies":"2 Thieves","floor":20.0,"turns":3.0},{"damage":19.0,"enemies":"Book of Stabbing","floor":23.0,"turns":4.0},{"damage":0.0,"enemies":"3 Cultists","floor":24.0,"turns":4.0},{"damage":14.0,"enemies":"Snake Plant","floor":28.0,"turns":2.0},{"damage":17.0,"enemies":"Snecko","floor":29.0,"turns":5.0},{"damage":5.0,"enemies":"Masked Bandits","floor":30.0,"turns":2.0},{"damage":81.0,"enemies":"Champ","floor":33.0,"turns":8.0},{"damage":0,"enemies":"3 Shapes","floor":35,"turns":2},{"damage":81,"enemies":"2 Orb Walkers","floor":37,"turns":4}],"seed_played":"2870341170908656385","potions_obtained":[{"floor":1.0,"key":"BlessingOfTheForge"},{"floor":5.0,"key":"Energy Potion"},{"floor":5.0,"key":"GamblersBrew"},{"floor":16.0,"key":"Weak Potion"},{"floor":18.0,"key":"Block Potion"},{"floor":20.0,"key":"BlessingOfTheForge"},{"floor":24.0,"key":"PowerPotion"},{"floor":29.0,"key":"Weak Potion"},{"floor":35,"key":"Strength Potion"}],"is_trial":false,"path_per_floor":["M","?","?","M","?","E","M","R","T","M","E","R","M","?","R","B",null,"M","$","M","?","$","E","M","R","T","?","M","M","?","?","R","B",null,"M","?","?"],"character_chosen":"DEFECT","items_purchased":["Ancient Tea Set","Bronze Scales","Sling","Ball Lightning","Undo","Swift Strike","Calipers"],"campfire_rested":4,"item_purchase_floors":[0,0,0,0,0,0,19],"current_hp_per_floor":[75,80,73,70,70,40,39,39,39,26,18,42,42,39,63,23,80,65,65,35,35,35,16,16,40,40,40,33,23,18,18,42,24,80,80,80,0,0],"gold":475,"neow_bonus":"","is_daily":false,"chose_seed":false,"campfire_upgraded":0,"win_rate":0.0,"timestamp":1610283539,"path_taken":["M","?","?","M","?","E","M","R","T","M","E","R","?","?","R","BOSS","M","$","M","?","$","E","M","R","T","?","M","?","?","?","R","BOSS","M","?","?"],"items_purchased_type":["Relic","Relic","Relic","Card","Card","Card","Relic"],"build_version":"2020-12-22","purchased_purges":0,"victory":false,"max_hp_per_floor":[75,80,80,80,80,80,80,80,80,80,80,80,80,80,80,80,80,80,80,80,80,80,80,80,80,80,80,80,80,80,80,80,80,80,80,80,80,80],"card_choices":[{"not_picked":["Undo","Glacier"],"picked":"Defragment","floor":1.0},{"not_picked":["Rebound","Go for the Eyes"],"picked":"Heatsinks","floor":4.0},{"not_picked":["Defragment","Steam Power"],"picked":"Barrage","floor":6.0},{"not_picked":["Barrage","Conserve Battery"],"picked":"Static Discharge","floor":7.0},{"not_picked":["Blizzard","Force Field"],"picked":"Storm","floor":10.0},{"not_picked":["Melter","Consume"],"picked":"Skim","floor":11.0},{"not_picked":["Steam","FTL","Hologram"],"picked":"SKIP","floor":13.0},{"not_picked":["All For One","Fission"],"picked":"Electrodynamics","floor":16.0},{"not_picked":["FTL","Blizzard"],"picked":"Sweeping Beam","floor":18.0},{"not_picked":["Hologram+1","Rebound"],"picked":"Capacitor","floor":20.0},{"not_picked":["Reinforced Body","Ball Lightning"],"picked":"Aggregate","floor":23.0},{"not_picked":["Streamline","Fusion"],"picked":"Rebound","floor":24.0},{"not_picked":["Meteor Strike","Doom and Gloom+1"],"picked":"Beam Cell+1","floor":28.0},{"not_picked":["Rebound","Aggregate+1"],"picked":"Conserve Battery","floor":29.0},{"not_picked":["Turbo","Rebound"],"picked":"Sunder","floor":30.0},{"not_picked":["Thunder Strike","Reboot"],"picked":"Machine Learning","floor":33.0},{"not_picked":["Steam+1","Streamline+1"],"picked":"Compile Driver","floor":35}],"player_experience":69172,"relics_obtained":[{"floor":6.0,"key":"Blue Candle"},{"floor":11.0,"key":"FossilizedHelix"},{"floor":23.0,"key":"PreservedInsect"},{"floor":26.0,"key":"Whetstone"},{"floor":30.0,"key":"Red Mask"}],"event_choices":[{"damage_healed":0.0,"max_hp_gain":5.0,"max_hp_loss":0.0,"gold_gain":0.0,"event_name":"Big Fish","player_choice":"Donut","floor":2.0,"gold_loss":0.0,"damage_taken":0.0},{"cards_removed":["Defend_B"],"damage_healed":0.0,"max_hp_gain":0.0,"max_hp_loss":0.0,"gold_gain":0.0,"event_name":"Golden Wing","player_choice":"Card Removal","floor":3.0,"gold_loss":0.0,"damage_taken":7.0},{"damage_healed":0.0,"max_hp_gain":0.0,"max_hp_loss":0.0,"gold_gain":0.0,"event_name":"Lab","player_choice":"Got Potions","floor":5.0,"gold_loss":0.0,"damage_taken":0.0},{"damage_healed":0.0,"max_hp_gain":0.0,"max_hp_loss":0.0,"gold_gain":0.0,"event_name":"Scrap Ooze","player_choice":"Success","floor":14.0,"gold_loss":0.0,"damage_taken":3.0,"relics_obtained":["Oddly Smooth Stone"]},{"damage_healed":0.0,"max_hp_gain":0.0,"max_hp_loss":0.0,"gold_gain":0.0,"cards_transformed":["Strike_B","Defend_B"],"event_name":"Drug Dealer","player_choice":"Became Test Subject","floor":21.0,"gold_loss":0.0,"damage_taken":0.0,"cards_obtained":["Core Surge","Redo"]},{"damage_healed":0.0,"max_hp_gain":0.0,"max_hp_loss":0.0,"gold_gain":0.0,"event_name":"The Library","player_choice":"Read","floor":27.0,"gold_loss":0.0,"damage_taken":0.0,"cards_obtained":["Self Repair"]},{"damage_healed":0.0,"max_hp_gain":0.0,"max_hp_loss":0.0,"gold_gain":0.0,"event_name":"Masked Bandits","player_choice":"Fought Bandits","floor":30.0,"gold_loss":0.0,"damage_taken":0.0},{"damage_healed":0.0,"max_hp_gain":0.0,"max_hp_loss":0.0,"gold_gain":0.0,"event_name":"WeMeetAgain","player_choice":"Paid Gold","floor":31.0,"gold_loss":53.0,"damage_taken":0.0,"relics_obtained":["Anchor"]},{"damage_healed":0,"gold_gain":222,"player_choice":"Wore Mask","damage_taken":0,"max_hp_gain":0,"max_hp_loss":0,"event_name":"Tomb of Lord Red Mask","floor":36,"gold_loss":0},{"damage_healed":0,"gold_gain":0,"player_choice":"Fight","damage_taken":0,"max_hp_gain":0,"max_hp_loss":0,"event_name":"Mysterious Sphere","floor":37,"gold_loss":0}],"is_beta":false,"boss_relics":[{"not_picked":["Fusion Hammer","Astrolabe"],"picked":"Nuclear Battery"},{"not_picked":["Black Star","SacredBark"],"picked":"Pandora\u0027s Box"}],"items_purged_floors":[],"is_endless":false,"potions_floor_spawned":[1,7,16,18,20,24,29,35],"killed_by":"2 Orb Walkers","ascension_level":0}}