{"host":"3lu18h28pc0a6dwf","time":1610303534,"event":{"mods":["2.2 Compatiblity","Act Like it!","BaseMod","Colored Map","Downfall","Jorbs\u0027s Wanderer Trilogy","Melee Mod","Minty Spire (QoL Compilation)","Rare Cards Sparkle","Replay The Spire","StSLib","The Cursed","Treasure Hunter"],"gold_per_floor":[99,99,99,99,99,99,169,194,194,210,66,86,111,121,135,135,135,135],"floor_reached":16,"playtime":1064,"items_purged":["TH:DeckOfManyThings"],"score":108,"play_id":"10c875c4-78bf-4fcb-96ff-2bd497669267","local_time":"20210110133214","is_ascension_mode":false,"campfire_choices":[{"data":"Slimebound:Split","floor":1.0,"key":"SMITH"},{"data":"Slimebound:Replication","floor":6.0,"key":"SMITH"}],"circlet_count":0,"master_deck":["Slimebound:Strike_Slimebound","Slimebound:Strike_Slimebound","Slimebound:Strike_Slimebound","Slimebound:Tackle","Slimebound:Defend_Slimebound","Slimebound:Defend_Slimebound","Slimebound:Defend_Slimebound","Slimebound:Defend_Slimebound","Slimebound:Split+1","Slimebound:CorrosiveSpit","Slimebound:SplitLeeching","Slimebound:Replication+1","Slimebound:SpikyOuterGoop","Slimebound:Teamwork","Slimebound:Repurpose","Slimebound:LevelUp","Slimebound:LevelUp","Slimebound:Nibble","Slimebound:Repurpose","Slimebound:Grow"],"relics":["Slimebound:AbsorbEndCombat","downfall:HeartsMalice","WarpedTongs","ReplayTheSpireMod:Shallot","Unceasing Top","Shovel"],"acts_visited":["Exordium"],"potions_floor_usage":[11,16,16],"damage_taken":[{"damage":0.0,"enemies":"Cultist","floor":2.0,"turns":1.0},{"damage":0.0,"enemies":"Jaw Worm","floor":3.0,"turns":1.0},{"damage":0.0,"enemies":"Small Slimes","floor":5.0,"turns":1.0},{"damage":39.0,"enemies":"Gremlin Nob","floor":8.0,"turns":4.0},{"damage":16.0,"enemies":"Exordium Wildlife","floor":10.0,"turns":5.0},{"damage":13,"enemies":"downfall:FleeingMerchant","floor":11,"turns":4},{"damage":17,"enemies":"Exordium Thugs","floor":12,"turns":4},{"damage":23,"enemies":"Lagavulin","floor":13,"turns":5},{"damage":13,"enemies":"2 Fungi Beasts","floor":14,"turns":3},{"damage":17,"enemies":"Large Slime","floor":15,"turns":3},{"damage":68,"enemies":"downfall:Defect","floor":16,"turns":6}],"seed_played":"-7412023693039618406","potions_obtained":[{"floor":8.0,"key":"Reflective Coating"},{"floor":10.0,"key":"SneckoOil"},{"floor":14,"key":"Explosive Potion"},{"floor":15,"key":"Elixir"}],"is_trial":false,"path_per_floor":["R_BF","M","M","?","M","R","T","E","?","M","$","M","E","M","M","B"],"character_chosen":"SLIMEBOUND","items_purchased":["Slimebound:LevelUp"],"campfire_rested":0,"item_purchase_floors":[11],"current_hp_per_floor":[60,60,60,60,60,60,60,40,40,40,47,46,39,44,43,0,0,0],"gold":135,"neow_bonus":"THREE_ENEMY_KILL","is_daily":false,"chose_seed":false,"campfire_upgraded":2,"win_rate":0.0,"timestamp":1610303534,"path_taken":["R_BF","M","?","?","?","R","T","E","?","M","$","?","E","?","M","BOSS"],"items_purchased_type":["Card"],"build_version":"2020-12-22","purchased_purges":1,"victory":false,"max_hp_per_floor":[60,60,60,60,60,60,60,60,60,60,60,60,60,60,60,60,60,60],"card_choices":[{"not_picked":["Slimebound:GrowthPunch","Slimebound:ComboTackle"],"picked":"Slimebound:SplitLeeching","floor":2.0},{"not_picked":["Slimebound:SplitBruiser","Slimebound:HungryTackle"],"picked":"Slimebound:Replication","floor":3.0},{"not_picked":["Slimebound:SlimeTap","Slimebound:SamplingLick"],"picked":"Slimebound:SpikyOuterGoop","floor":5.0},{"not_picked":["TH:EnergyPotion"],"picked":"TH:DeckOfManyThings","floor":7.0},{"not_picked":["Slimebound:SlimeSpikes","Slimebound:ProtectTheBoss"],"picked":"Slimebound:Teamwork","floor":8.0},{"not_picked":["TH:PixieDust","TH:TreasureMap"],"picked":"SKIP","floor":8.0},{"not_picked":["Slimebound:SlimeSpikes","Slimebound:Replication","Slimebound:ComboTackle"],"picked":"SKIP","floor":10.0},{"not_picked":["Slimebound:Dissolve","Slimebound:ProtectTheBoss"],"picked":"Slimebound:Repurpose","floor":11},{"not_picked":["Slimebound:TongueLash","Slimebound:RollThrough"],"picked":"Slimebound:Nibble","floor":12},{"not_picked":["Slimebound:FinishingTackle","Slimebound:SplitMire"],"picked":"Slimebound:Repurpose","floor":13},{"not_picked":["TH:TreasureMap","TH:ArmorSpikes"],"picked":"SKIP","floor":13},{"not_picked":["Slimebound:Schlurp","Slimebound:GrowthPunch","Slimebound:GoopSpray"],"picked":"SKIP","floor":14},{"not_picked":["Slimebound:LevelUp","Slimebound:SplitLeeching"],"picked":"Slimebound:Grow","floor":15}],"player_experience":230100,"relics_obtained":[{"floor":7.0,"key":"ReplayTheSpireMod:Shallot"},{"floor":8.0,"key":"Unceasing Top"},{"floor":13,"key":"Shovel"}],"event_choices":[{"damage_healed":0.0,"max_hp_gain":0.0,"max_hp_loss":0.0,"gold_gain":0.0,"event_name":"Accursed Blacksmith","player_choice":"Rummage","floor":4.0,"gold_loss":0.0,"damage_taken":0.0,"relics_obtained":["WarpedTongs"],"cards_obtained":["Pain"]},{"cards_removed":["Pain"],"damage_healed":0.0,"max_hp_gain":0.0,"max_hp_loss":0.0,"gold_gain":0.0,"event_name":"Wheel of Change","player_choice":"Card Removal","floor":9.0,"gold_loss":0.0,"damage_taken":0.0}],"is_beta":false,"boss_relics":[],"items_purged_floors":[11],"is_endless":false,"potions_floor_spawned":[8,10,14,15],"killed_by":"downfall:Defect","ascension_level":0}}