{"host":"z9grmtg2w0nmz8n1","time":1610281833,"event":{"mods":["Aspiration","Bard","BaseMod","Beaked The Cultist","Better Altar","Better Match","Better Note","Better Sensory Stone","Better Skull","Better Third Choice","BetterRewards","CCEM","Colored Map","Conspire","Downfall","GifTheSpireLib","Googly Eyes","Halation","Hermit","Highlight Path","Hubris","Hunter ??","Jedi Mod","Jorbs\u0027s Wanderer Trilogy","Mad Scientist","Marisa????????","Minty Spire (QoL Compilation)","Permanent Neow","Replay The Spire","Shade Mod","Shop Mod","Spicy Shops","StSLib","Stuff the Spire","The Bug Knight","The Construct","The Necromancer","The Runesmith","The Witch"],"gold_per_floor":[115,40,145,164,183,183,183],"floor_reached":6,"playtime":225,"items_purged":["Strike_G"],"score":38,"play_id":"90877e8a-c8cc-456d-80fd-b25d60ad1fcc","local_time":"20210110103033","is_ascension_mode":true,"campfire_choices":[],"circlet_count":0,"master_deck":["Strike_G","Strike_G","Strike_G","Strike_G+1","Defend_G","Defend_G","Defend_G","Defend_G","Defend_G","Survivor","Neutralize","Noxious Fumes","ReplayTheSpireMod:Speed Training"],"relics":["Ring of the Snake","aspiration:Nostalgia","Cracked Core","Replay:Baseball"],"acts_visited":["Exordium"],"potions_floor_usage":[6],"damage_taken":[{"damage":0,"enemies":"Jaw Worm","floor":1,"turns":4},{"damage":1,"enemies":"Cultist","floor":4,"turns":4},{"damage":0,"enemies":"Small Slimes","floor":5,"turns":3},{"damage":45,"enemies":"Gremlin Nob","floor":6,"turns":5}],"seed_played":"7156918674333605985","potions_obtained":[{"floor":1,"key":"LiquidMemories"},{"floor":5,"key":"Elixir"}],"is_trial":false,"path_per_floor":["M","$","?","M","M","E"],"character_chosen":"THE_SILENT","items_purchased":[],"campfire_rested":0,"item_purchase_floors":[],"current_hp_per_floor":[70,70,39,38,38,0,0],"gold":183,"neow_bonus":"NOSTALGIA","is_daily":false,"chose_seed":false,"campfire_upgraded":0,"win_rate":0.0,"timestamp":1610281833,"path_taken":["M","$","?","M","?","E"],"items_purchased_type":[],"build_version":"2020-12-22","purchased_purges":1,"victory":false,"max_hp_per_floor":[70,70,70,70,70,70,70],"card_choices":[{"not_picked":["PiercingWail","Bouncing Flask"],"picked":"Noxious Fumes","floor":1},{"not_picked":["Hidden Blade","Acrobatics"],"picked":"ReplayTheSpireMod:Speed Training","floor":4},{"not_picked":["Dagger Throw","StuffTheSpire:Repulse","Well Laid Plans"],"picked":"SKIP","floor":5}],"player_experience":833115,"relics_obtained":[],"event_choices":[{"damage_healed":0,"gold_gain":105,"player_choice":"GO RE UP ","damage_taken":36,"relics_obtained":["Replay:Baseball"],"max_hp_gain":0,"max_hp_loss":0,"event_name":"betterSkull:BetterSkull","floor":3,"gold_loss":0,"cards_upgraded":["Strike_G"]}],"is_beta":false,"boss_relics":[],"items_purged_floors":[2],"is_endless":false,"potions_floor_spawned":[1,5],"killed_by":"Gremlin Nob","ascension_level":1}}