{"host":"oiai0qxasotny765","time":1610282947,"event":{"mods":["2.2 Compatiblity","AchievementEnabler","BaseMod","Colored Map","Minty Spire (QoL Compilation)","Permanent Neow","Relic Stats","StSLib","SuperFastMode","everything is the same but u backflip on backflip"],"gold_per_floor":[113,36,54,54,67,67,83,83,83,94,94,109,109,121,121,121,121],"floor_reached":16,"playtime":423,"items_purged":[],"score":179,"play_id":"d77c4811-ff2f-4386-8558-1049e99ec2aa","local_time":"20210110214907","is_ascension_mode":true,"campfire_choices":[{"data":"Body Slam","floor":8.0,"key":"SMITH"},{"data":"Shrug It Off","floor":11.0,"key":"SMITH"},{"data":"Second Wind","floor":15.0,"key":"SMITH"}],"circlet_count":0,"master_deck":["AscendersBane","Strike_R","Strike_R","Strike_R","Strike_R+1","Strike_R","Defend_R","Defend_R","Defend_R+1","Defend_R","Bash","Offering","Headbutt","Power Through","Shrug It Off+1","Body Slam+1","Second Wind+1","Pain"],"relics":["Burning Blood","Art of War","WarpedTongs"],"acts_visited":["Exordium"],"potions_floor_usage":[16],"damage_taken":[{"damage":20.0,"enemies":"Small Slimes","floor":1.0,"turns":4.0},{"damage":6.0,"enemies":"Cultist","floor":3.0,"turns":4.0},{"damage":1.0,"enemies":"2 Louse","floor":5.0,"turns":3.0},{"damage":18.0,"enemies":"Lots of Slimes","floor":7.0,"turns":5.0},{"damage":0.0,"enemies":"Exordium Wildlife","floor":10.0,"turns":4.0},{"damage":5.0,"enemies":"Blue Slaver","floor":12.0,"turns":4.0},{"damage":8.0,"enemies":"Looter","floor":14.0,"turns":2.0},{"damage":29,"enemies":"The Guardian","floor":16,"turns":6}],"seed_played":"2218057510462839674","potions_obtained":[{"floor":1.0,"key":"PowerPotion"},{"floor":5.0,"key":"Energy Potion"},{"floor":10.0,"key":"Swift Potion"}],"is_trial":false,"path_per_floor":["M","$","M","?","M","?","M","R","T","M","R","M","?","M","R","B"],"character_chosen":"IRONCLAD","items_purchased":["Power Through"],"campfire_rested":0,"item_purchase_floors":[2],"current_hp_per_floor":[54,54,54,31,36,36,24,24,24,30,30,31,31,29,29,0,0],"gold":121,"neow_bonus":"THREE_RARE_CARDS","is_daily":false,"chose_seed":false,"campfire_upgraded":3,"win_rate":0.0,"timestamp":1610282947,"path_taken":["M","$","M","?","M","?","M","R","T","M","R","?","?","M","R","BOSS"],"items_purchased_type":["Card"],"build_version":"2020-12-22","purchased_purges":0,"victory":false,"max_hp_per_floor":[75,75,75,75,75,75,75,75,75,75,75,75,75,75,75,75,75],"relic_stats":{"counters":[8,32],"Art of War":[4],"obtain_stats":[{"Art of War":9,"Burning Blood":0,"WarpedTongs":13},{"Art of War":4,"Burning Blood":0,"WarpedTongs":6},{"Art of War":16,"Burning Blood":0,"WarpedTongs":24}],"Burning Blood":42,"WarpedTongs":[7]},"card_choices":[{"not_picked":["Limit Break","Impervious"],"picked":"Offering","floor":0.0},{"not_picked":["Searing Blow","Perfected Strike"],"picked":"Headbutt","floor":1.0},{"not_picked":["Sword Boomerang","Headbutt"],"picked":"Shrug It Off","floor":3.0},{"not_picked":["Iron Wave","Flex","Perfected Strike"],"picked":"SKIP","floor":5.0},{"not_picked":["True Grit","Iron Wave"],"picked":"Body Slam","floor":7.0},{"not_picked":["Armaments","Thunderclap","Flex"],"picked":"SKIP","floor":10.0},{"not_picked":["Headbutt","Thunderclap"],"picked":"Second Wind","floor":12.0},{"not_picked":["Havoc","Headbutt","Power Through"],"picked":"SKIP","floor":14.0}],"player_experience":318241,"relics_obtained":[{"floor":9.0,"key":"Art of War"}],"event_choices":[{"damage_healed":0.0,"max_hp_gain":0.0,"max_hp_loss":0.0,"gold_gain":0.0,"event_name":"Shining Light","player_choice":"Entered Light","floor":4.0,"gold_loss":0.0,"damage_taken":23.0,"cards_upgraded":["Defend_R","Strike_R"]},{"cards_removed":["Clumsy"],"damage_healed":0.0,"max_hp_gain":0.0,"max_hp_loss":0.0,"gold_gain":0.0,"event_name":"Fountain of Cleansing","player_choice":"Removed Curses","floor":6.0,"gold_loss":0.0,"damage_taken":0.0},{"damage_healed":0.0,"max_hp_gain":0.0,"max_hp_loss":0.0,"gold_gain":0.0,"event_name":"Accursed Blacksmith","player_choice":"Rummage","floor":13.0,"gold_loss":0.0,"damage_taken":0.0,"relics_obtained":["WarpedTongs"],"cards_obtained":["Pain"]}],"is_beta":false,"boss_relics":[],"items_purged_floors":[],"is_endless":false,"potions_floor_spawned":[1,5,10],"killed_by":"The Guardian","ascension_level":18}}