{"host":"49c2zf0lajbcs427","time":1610273587,"event":{"mods":["AchievementEnabler","BaseMod","Colored Map","Colored Powertips","Highlight Path","Key Reminder","Minty Spire (QoL Compilation)","Relic Stats","StSLib"],"gold_per_floor":[114,126,126,146,165,165,239,239,263,303,70,70,94,117,117,237,237,251,7,7,25,43,43,86,86,86,130,81,114,157,157,157,282,282,303,372,395,416,166,166,189,189,189,233,233,105,124,144,144,144,144,144,7,45,45],"floor_reached":56,"playtime":4859,"items_purged":[],"score":1775,"play_id":"37d07529-111d-4db9-899f-05a3ea9100c5","local_time":"20210110231306","is_ascension_mode":true,"campfire_choices":[{"data":"Dash","floor":6,"key":"SMITH"},{"floor":8,"key":"REST"},{"floor":12,"key":"REST"},{"data":"Bouncing Flask","floor":15,"key":"SMITH"},{"floor":23,"key":"REST"},{"floor":25,"key":"REST"},{"data":"Finisher","floor":32,"key":"SMITH"},{"floor":40,"key":"REST"},{"data":"Catalyst","floor":42,"key":"SMITH"},{"floor":45,"key":"REST"},{"floor":49,"key":"RECALL"},{"data":"Caltrops","floor":52,"key":"SMITH"}],"circlet_count":0,"master_deck":["AscendersBane","Survivor","Neutralize+1","Caltrops+1","Quick Slash","Dash+1","Slice","Leg Sweep","Finisher+1","Crippling Poison+1","Crippling Poison","Blade Dance","Dodge and Roll","Bouncing Flask+1","After Image","Blade Dance+1","Calculated Gamble","Escape Plan","Bullet Time+1","Storm of Steel","Backflip+1","Phantasmal Killer","Tactician","Distraction","Malaise","Masterful Stab","Bouncing Flask","All Out Attack","Catalyst+1","Terror","Noxious Fumes","Caltrops","Concentrate+1","Cloak And Dagger+1","Finisher+1","Prepared+1","Storm of Steel","Dodge and Roll+1","Adrenaline","Accuracy","Bouncing Flask"],"relics":["Runic Pyramid","Golden Idol","Regal Pillow","Dream Catcher","Darkstone Periapt","DollysMirror","SlaversCollar","Ornamental Fan","Oddly Smooth Stone","Bottled Tornado","Tiny Chest","Bronze Scales","Red Mask","War Paint","Pandora\u0027s Box","The Specimen","Toy Ornithopter","Kunai","Blood Vial","Strawberry"],"acts_visited":["Exordium","TheCity","TheBeyond","TheEnding"],"potions_floor_usage":[16,18,18,24,29,33,36,44,50,54,55,55],"damage_taken":[{"damage":4,"enemies":"Small Slimes","floor":1,"turns":4},{"damage":2,"enemies":"Jaw Worm","floor":2,"turns":5},{"damage":6,"enemies":"2 Louse","floor":4,"turns":3},{"damage":20,"enemies":"Gremlin Gang","floor":5,"turns":7},{"damage":15,"enemies":"Gremlin Nob","floor":7,"turns":5},{"damage":11,"enemies":"Lagavulin","floor":10,"turns":9},{"damage":0,"enemies":"2 Fungi Beasts","floor":13,"turns":4},{"damage":0,"enemies":"Looter","floor":14,"turns":4},{"damage":20,"enemies":"Hexaghost","floor":16,"turns":8},{"damage":8,"enemies":"2 Thieves","floor":18,"turns":3},{"damage":7,"enemies":"Chosen","floor":21,"turns":6},{"damage":9,"enemies":"Snake Plant","floor":22,"turns":5},{"damage":30,"enemies":"Slavers","floor":24,"turns":6},{"damage":0,"enemies":"Gremlin Leader","floor":27,"turns":10},{"damage":0,"enemies":"Slavers","floor":29,"turns":5},{"damage":2,"enemies":"Masked Bandits","floor":30,"turns":4},{"damage":3,"enemies":"Automaton","floor":33,"turns":11},{"damage":0,"enemies":"3 Shapes","floor":35,"turns":6},{"damage":10,"enemies":"2 Orb Walkers","floor":36,"turns":4},{"damage":14,"enemies":"3 Darklings","floor":38,"turns":6},{"damage":6,"enemies":"4 Shapes","floor":41,"turns":3},{"damage":15,"enemies":"Reptomancer","floor":44,"turns":6},{"damage":2,"enemies":"Maw","floor":47,"turns":8},{"damage":0,"enemies":"Sphere and 2 Shapes","floor":48,"turns":5},{"damage":26,"enemies":"Awakened One","floor":50,"turns":15},{"damage":36,"enemies":"Shield and Spear","floor":54,"turns":10},{"damage":57,"enemies":"The Heart","floor":55,"turns":8}],"seed_played":"9135399198778585700","potions_obtained":[{"floor":7,"key":"Explosive Potion"},{"floor":10,"key":"Strength Potion"},{"floor":16,"key":"Fire Potion"},{"floor":22,"key":"SteroidPotion"},{"floor":24,"key":"SneckoOil"},{"floor":29,"key":"SneckoOil"},{"floor":33,"key":"PowerPotion"},{"floor":38,"key":"Block Potion"},{"floor":54,"key":"LiquidMemories"}],"is_trial":false,"path_per_floor":["M","M","?","M","M","R","?","R","T","E","$","R","M","M","R","B",null,"M","$","?","M","M","R","E","R","T","E","$","E","?","?","R","B",null,"M","?","T","M","$","R","M","R","T","E","R","$","M","M","R","B",null,"R","$","E","B",null],"character_chosen":"THE_SILENT","items_purchased":["Crippling Poison","DollysMirror","Ornamental Fan","Strength Potion","Kunai","PowerPotion","LiquidMemories","Accuracy","FairyPotion"],"campfire_rested":6,"item_purchase_floors":[11,11,19,28,39,46,46,53,53],"current_hp_per_floor":[59,57,57,51,31,31,16,50,50,39,39,65,65,65,65,45,60,52,52,52,45,36,65,35,65,65,65,65,65,63,63,63,60,64,64,54,54,40,40,65,59,59,59,49,65,65,63,65,65,44,60,60,60,38,18],"gold":45,"neow_bonus":"BOSS_RELIC","is_daily":false,"chose_seed":false,"campfire_upgraded":5,"win_rate":0.0,"timestamp":1610273586,"path_taken":["M","M","?","M","M","R","?","R","T","E","$","R","M","M","R","BOSS","M","$","?","?","M","R","E","R","T","E","$","E","?","?","R","BOSS","M","?","?","M","$","R","M","R","T","E","R","$","M","M","R","BOSS","R","$","E","BOSS"],"items_purchased_type":["Card","Relic","Relic","Potion","Relic","Potion","Potion","Card","Potion"],"build_version":"2020-12-22","purchased_purges":0,"victory":true,"max_hp_per_floor":[70,70,65,65,65,65,65,65,65,65,65,65,65,65,65,65,65,65,65,65,65,65,65,65,65,65,65,65,65,65,65,65,65,65,65,65,65,65,65,65,65,65,65,65,65,65,65,65,65,65,65,65,65,72,72],"relic_stats":{"Darkstone Periapt":0,"Regal Pillow":49,"counters":[27,170],"Golden Idol":244,"War Paint":["Crippling Poison","Bullet Time"],"Blood Vial":6,"Dream Catcher":5,"Ornamental Fan":[324],"Bronze Scales":[381],"Tiny Chest":1,"Pandora\u0027s Box":["Tactician","Distraction","Malaise","Masterful Stab","Bouncing Flask","All Out Attack","Catalyst","Terror","Noxious Fumes","Caltrops"],"Kunai":[37],"obtain_stats":[{"Darkstone Periapt":10,"Regal Pillow":7,"The Specimen":36,"Golden Idol":3,"Oddly Smooth Stone":24,"Bottled Tornado":26,"War Paint":31,"keyreminder:keyreminder":27,"Blood Vial":44,"SlaversCollar":17,"Dream Catcher":9,"DollysMirror":11,"Ornamental Fan":19,"Bronze Scales":29,"Strawberry":54,"Tiny Chest":27,"Pandora\u0027s Box":34,"Red Mask":30,"Kunai":39,"Toy Ornithopter":37,"Ring of the Snake":0,"Runic Pyramid":0},{"Darkstone Periapt":6,"Regal Pillow":5,"The Specimen":19,"Golden Idol":2,"Oddly Smooth Stone":13,"Bottled Tornado":13,"War Paint":16,"keyreminder:keyreminder":14,"Blood Vial":22,"SlaversCollar":9,"Dream Catcher":5,"DollysMirror":6,"Ornamental Fan":10,"Bronze Scales":15,"Strawberry":26,"Tiny Chest":14,"Pandora\u0027s Box":17,"Red Mask":16,"Kunai":20,"Toy Ornithopter":19,"Ring of the Snake":0,"Runic Pyramid":0},{"Darkstone Periapt":33,"Regal Pillow":24,"The Specimen":109,"Golden Idol":9,"Oddly Smooth Stone":69,"Bottled Tornado":69,"War Paint":88,"keyreminder:keyreminder":79,"Blood Vial":124,"SlaversCollar":49,"Dream Catcher":24,"DollysMirror":33,"Ornamental Fan":52,"Bronze Scales":84,"Strawberry":162,"Tiny Chest":79,"Pandora\u0027s Box":99,"Red Mask":88,"Kunai":115,"Toy Ornithopter":109,"Ring of the Snake":0,"Runic Pyramid":0}],"Toy Ornithopter":25},"card_choices":[{"not_picked":["Dodge and Roll","Cloak And Dagger"],"picked":"Caltrops","floor":1},{"not_picked":["Well Laid Plans","Choke"],"picked":"Quick Slash","floor":2},{"not_picked":["Flying Knee","Bane"],"picked":"Dash","floor":4},{"not_picked":["Dodge and Roll","Sucker Punch"],"picked":"Slice","floor":5},{"not_picked":["Dagger Spray","Dagger Throw"],"picked":"Leg Sweep","floor":7},{"not_picked":["Prepared","A Thousand Cuts"],"picked":"Finisher","floor":10},{"not_picked":["Acrobatics","Dodge and Roll"],"picked":"Blade Dance","floor":12},{"not_picked":["Underhanded Strike","Sucker Punch"],"picked":"Dodge and Roll","floor":13},{"not_picked":["Dodge and Roll","Prepared"],"picked":"Bouncing Flask","floor":14},{"not_picked":["Doppelganger","Storm of Steel"],"picked":"After Image","floor":16},{"not_picked":["Outmaneuver","Accuracy"],"picked":"Blade Dance+1","floor":18},{"not_picked":["Outmaneuver","Dagger Throw"],"picked":"Calculated Gamble","floor":21},{"not_picked":["Slice","Infinite Blades+1"],"picked":"Escape Plan","floor":22},{"not_picked":["Dodge and Roll","Dagger Spray"],"picked":"Bullet Time","floor":24},{"not_picked":["Heel Hook+1","Slice+1"],"picked":"Storm of Steel","floor":27},{"not_picked":["Acrobatics","Dagger Spray"],"picked":"Outmaneuver","floor":29},{"not_picked":["Masterful Stab+1","Reflex"],"picked":"Backflip+1","floor":30},{"not_picked":["Die Die Die","Unload"],"picked":"Phantasmal Killer","floor":33},{"not_picked":["Deadly Poison","Acrobatics"],"picked":"Concentrate+1","floor":35},{"not_picked":["Outmaneuver","Noxious Fumes"],"picked":"Cloak And Dagger+1","floor":36},{"not_picked":["Poisoned Stab","Dash+1"],"picked":"Finisher+1","floor":38},{"not_picked":["Slice+1","Deflect"],"picked":"Prepared+1","floor":40},{"not_picked":["Reflex+1","Slice","Cloak And Dagger"],"picked":"SKIP","floor":41},{"not_picked":["Poisoned Stab+1","Sucker Punch+1"],"picked":"Storm of Steel","floor":44},{"not_picked":["Acrobatics+1","Dagger Spray"],"picked":"Dodge and Roll+1","floor":45},{"not_picked":["Flying Knee+1","Outmaneuver+1","Dagger Spray+1"],"picked":"SKIP","floor":47},{"not_picked":["Deadly Poison+1","Terror"],"picked":"Adrenaline","floor":48},{"not_picked":["Calculated Gamble","Underhanded Strike+1"],"picked":"Bouncing Flask","floor":54}],"player_experience":2285885,"relics_obtained":[{"floor":7,"key":"Regal Pillow"},{"floor":9,"key":"Dream Catcher"},{"floor":10,"key":"Darkstone Periapt"},{"floor":24,"key":"Oddly Smooth Stone"},{"floor":26,"key":"Bottled Tornado"},{"floor":27,"key":"Tiny Chest"},{"floor":29,"key":"Bronze Scales"},{"floor":30,"key":"Red Mask"},{"floor":36,"key":"The Specimen"},{"floor":37,"key":"Toy Ornithopter"},{"floor":44,"key":"Blood Vial"},{"floor":54,"key":"Strawberry"}],"event_choices":[{"damage_healed":0,"gold_gain":0,"player_choice":"Lose Max HP","damage_taken":0,"relics_obtained":["Golden Idol"],"max_hp_gain":0,"max_hp_loss":5,"event_name":"Golden Idol","floor":3,"gold_loss":0},{"damage_healed":0,"gold_gain":0,"player_choice":"Searched \u00271\u0027 times","damage_taken":0,"max_hp_gain":0,"max_hp_loss":0,"event_name":"Dead Adventurer","floor":7,"gold_loss":0},{"damage_healed":0,"gold_gain":0,"player_choice":"Upgraded","damage_taken":0,"max_hp_gain":0,"max_hp_loss":0,"event_name":"Upgrade Shrine","floor":20,"gold_loss":0,"cards_upgraded":["Neutralize"]},{"damage_healed":0,"gold_gain":0,"player_choice":"Fought Bandits","damage_taken":0,"max_hp_gain":0,"max_hp_loss":0,"event_name":"Masked Bandits","floor":30,"gold_loss":0},{"cards_removed":["Outmaneuver"],"damage_healed":0,"gold_gain":0,"player_choice":"Gave Card","damage_taken":0,"relics_obtained":["War Paint"],"max_hp_gain":0,"max_hp_loss":0,"event_name":"WeMeetAgain","floor":31,"gold_loss":0},{"damage_healed":0,"gold_gain":0,"player_choice":"Fight","damage_taken":0,"max_hp_gain":0,"max_hp_loss":0,"event_name":"Mysterious Sphere","floor":36,"gold_loss":0}],"is_beta":false,"boss_relics":[{"not_picked":["Velvet Choker","Empty Cage"],"picked":"SlaversCollar"},{"not_picked":["Black Star","Tiny House"],"picked":"Pandora\u0027s Box"}],"items_purged_floors":[],"is_endless":false,"potions_floor_spawned":[7,10,16,22,24,29,33,38,47,54],"ascension_level":10}}