{"host":"vwj4ugm4vbv87wd6","time":1610252557,"event":{"mods":["AchievementEnabler","BaseMod","Bestiary","Minty Spire (QoL Compilation)","Permanent Neow","StSLib"],"gold_per_floor":[111,124,134,134,144,176,176,206,206,206,90,90,101,133,133,212,212,223,233,82,92,112,112,138,138,138,171,46,80,99,109,109,183,183,203,53,69,89,102,127,147,160,215,249,249,280,280,311,311,311,311,311,31,61,61],"floor_reached":56,"playtime":4859,"items_purged":["Strike_G","Strike_G","Pain","Strike_G","Strike_G"],"score":2373,"play_id":"b242f9ea-d8f9-48fe-9aa7-d3e6b7276bab","local_time":"20210110172237","is_ascension_mode":true,"campfire_choices":[{"data":"Prepared","floor":10.0,"key":"SMITH"},{"data":"Acrobatics","floor":15.0,"key":"SMITH"},{"data":"Reflex","floor":25,"key":"SMITH"},{"data":"Tactician","floor":32,"key":"SMITH"},{"floor":45,"key":"RECALL"},{"data":"A Thousand Cuts","floor":49,"key":"SMITH"},{"data":"Blade Dance","floor":52,"key":"SMITH"}],"circlet_count":0,"master_deck":["AscendersBane","Strike_G","Defend_G","Defend_G","Defend_G","Defend_G","Defend_G","Survivor","Neutralize","Tactician+1","Backstab","Blade Dance+1","Blade Dance","Prepared+1","Reflex+1","Concentrate+1","Acrobatics+1","Eviscerate","Malaise+1","Blur+1","Prepared+1","Blade Dance+1","Burst+1","Accuracy+1","Phantasmal Killer+1","Leg Sweep+1","Concentrate+1","Burst+1","Doppelganger+1","Backflip+1","Backflip+1","A Thousand Cuts+1","Parasite","Doppelganger+1","Acrobatics+1","Reflex+1","Well Laid Plans","Expertise+1","Cloak And Dagger+1"],"relics":["WristBlade","Paper Crane","Pen Nib","Pantograph","MealTicket","Toxic Egg 2","Cursed Key","Du-Vu Doll","Akabeko","Kunai","SlaversCollar","Bird Faced Urn","Nunchaku","Bronze Scales","Lizard Tail","PreservedInsect","Torii"],"acts_visited":["Exordium","TheCity","TheBeyond","TheEnding"],"potions_floor_usage":[24,37,39,55],"damage_taken":[{"damage":6.0,"enemies":"Small Slimes","floor":1.0,"turns":4.0},{"damage":11.0,"enemies":"Cultist","floor":2.0,"turns":6.0},{"damage":2.0,"enemies":"Jaw Worm","floor":3.0,"turns":4.0},{"damage":20.0,"enemies":"Gremlin Gang","floor":5.0,"turns":6.0},{"damage":15.0,"enemies":"Lagavulin","floor":6.0,"turns":4.0},{"damage":7.0,"enemies":"3 Sentries","floor":8.0,"turns":5.0},{"damage":0.0,"enemies":"Lots of Slimes","floor":13.0,"turns":2.0},{"damage":0.0,"enemies":"Gremlin Nob","floor":14.0,"turns":1.0},{"damage":10.0,"enemies":"The Guardian","floor":16.0,"turns":9.0},{"damage":7.0,"enemies":"2 Thieves","floor":18.0,"turns":3.0},{"damage":16.0,"enemies":"Shell Parasite","floor":19.0,"turns":3.0},{"damage":0.0,"enemies":"Snake Plant","floor":21.0,"turns":3.0},{"damage":1.0,"enemies":"Centurion and Healer","floor":22.0,"turns":4.0},{"damage":0,"enemies":"Slavers","floor":24,"turns":3},{"damage":0,"enemies":"Gremlin Leader","floor":27,"turns":2},{"damage":4,"enemies":"Slavers","floor":29,"turns":2},{"damage":13,"enemies":"Chosen and Byrds","floor":30,"turns":2},{"damage":0,"enemies":"3 Cultists","floor":31,"turns":3},{"damage":6,"enemies":"Champ","floor":33,"turns":5},{"damage":0,"enemies":"3 Darklings","floor":35,"turns":4},{"damage":11,"enemies":"3 Shapes","floor":37,"turns":2},{"damage":0,"enemies":"Jaw Worm Horde","floor":38,"turns":1},{"damage":0,"enemies":"Maw","floor":39,"turns":6},{"damage":0,"enemies":"Reptomancer","floor":40,"turns":6},{"damage":0,"enemies":"Sphere and 2 Shapes","floor":41,"turns":4},{"damage":0,"enemies":"Transient","floor":42,"turns":5},{"damage":0,"enemies":"Nemesis","floor":44,"turns":4},{"damage":1,"enemies":"Reptomancer","floor":46,"turns":3},{"damage":3,"enemies":"Giant Head","floor":48,"turns":5},{"damage":26,"enemies":"Awakened One","floor":50,"turns":6},{"damage":23,"enemies":"Shield and Spear","floor":54,"turns":3},{"damage":30,"enemies":"The Heart","floor":55,"turns":6}],"seed_played":"6406546389637477586","potions_obtained":[{"floor":1.0,"key":"FairyPotion"},{"floor":6.0,"key":"FearPotion"},{"floor":8.0,"key":"DistilledChaos"},{"floor":16.0,"key":"LiquidMemories"},{"floor":18.0,"key":"Energy Potion"},{"floor":23.0,"key":"GhostInAJar"},{"floor":31,"key":"CunningPotion"},{"floor":38,"key":"Regen Potion"},{"floor":42,"key":"FearPotion"},{"floor":54,"key":"LiquidMemories"}],"is_trial":false,"path_per_floor":["M","M","M","?","M","E","?","E","T","R","$","?","M","E","R","B",null,"M","M","$","M","M","?","E","R","T","E","$","E","M","M","R","B",null,"M","$","M","M","M","E","M","M","T","E","R","E","?","E","R","B",null,"R","$","E","B",null],"character_chosen":"THE_SILENT","items_purchased":["Concentrate","Prepared+1","Well Laid Plans","Expertise+1"],"campfire_rested":0,"item_purchase_floors":[11,20,53,53],"current_hp_per_floor":[53,42,40,45,25,10,21,14,14,14,29,29,29,29,29,44,64,57,41,56,56,55,55,55,55,55,55,70,66,53,53,53,65,70,70,71,60,60,71,71,71,71,71,71,71,70,70,71,71,47,65,65,71,52,46],"gold":61,"neow_bonus":"BOSS_RELIC","is_daily":false,"chose_seed":false,"campfire_upgraded":6,"win_rate":0.0,"timestamp":1610252557,"path_taken":["M","M","M","?","M","E","?","E","T","R","$","?","?","E","R","BOSS","M","M","$","?","M","?","E","R","T","E","$","E","?","M","R","BOSS","M","$","M","?","M","E","M","M","T","E","R","E","?","E","R","BOSS","R","$","E","BOSS"],"items_purchased_type":["Card","Card","Card","Card"],"build_version":"2020-12-22","purchased_purges":5,"victory":true,"max_hp_per_floor":[66,66,66,71,71,71,71,71,71,71,71,71,71,71,71,71,71,71,71,71,71,71,71,71,71,71,71,71,71,71,71,71,71,71,71,71,71,71,71,71,71,71,71,71,71,71,71,71,71,71,71,71,71,71,71],"card_choices":[{"not_picked":["Poisoned Stab","Slice"],"picked":"Tactician","floor":1.0},{"not_picked":["Underhanded Strike","Outmaneuver"],"picked":"Backstab","floor":2.0},{"not_picked":["PiercingWail","Predator"],"picked":"Blade Dance","floor":3.0},{"not_picked":["Catalyst","Accuracy"],"picked":"Blade Dance","floor":5.0},{"not_picked":["Flying Knee","Dagger Spray"],"picked":"Prepared","floor":6.0},{"not_picked":["Choke","Slice"],"picked":"Reflex","floor":8.0},{"not_picked":["PiercingWail","Dagger Spray"],"picked":"Acrobatics","floor":13.0},{"not_picked":["Dodge and Roll+1","Sucker Punch"],"picked":"Eviscerate","floor":14.0},{"not_picked":["After Image","Phantasmal Killer+1"],"picked":"Malaise+1","floor":16.0},{"not_picked":["Dodge and Roll+1","Dash"],"picked":"Blur+1","floor":18.0},{"not_picked":["Dagger Spray","All Out Attack+1","Setup+1"],"picked":"SKIP","floor":19.0},{"not_picked":["Sucker Punch+1","Deflect+1"],"picked":"Blade Dance+1","floor":21.0},{"not_picked":["Blade Dance+1","Finisher"],"picked":"Burst+1","floor":22.0},{"not_picked":["Skewer+1","Sucker Punch"],"picked":"Accuracy+1","floor":24},{"not_picked":["PiercingWail+1","Eviscerate"],"picked":"Phantasmal Killer+1","floor":27},{"not_picked":["Dagger Throw","Underhanded Strike"],"picked":"Leg Sweep+1","floor":29},{"not_picked":["Endless Agony","Terror+1"],"picked":"Concentrate+1","floor":30},{"not_picked":["Quick Slash+1","Deflect+1"],"picked":"Burst+1","floor":31},{"not_picked":["Storm of Steel+1","Corpse Explosion+1"],"picked":"Doppelganger+1","floor":33},{"not_picked":["PiercingWail+1","Deflect+1"],"picked":"Backflip+1","floor":35},{"not_picked":["Outmaneuver+1","Underhanded Strike+1","Dodge and Roll+1"],"picked":"SKIP","floor":37},{"not_picked":["Quick Slash","All Out Attack","Dagger Throw"],"picked":"SKIP","floor":38},{"not_picked":["Catalyst+1","Prepared+1"],"picked":"Backflip+1","floor":39},{"not_picked":["Slice","Eviscerate+1"],"picked":"A Thousand Cuts","floor":40},{"not_picked":["Cloak And Dagger+1","Dagger Throw+1","Outmaneuver+1"],"picked":"SKIP","floor":41},{"not_picked":["Deflect+1","Sucker Punch","Slice+1"],"picked":"SKIP","floor":42},{"not_picked":["Terror+1","Dodge and Roll+1"],"picked":"Doppelganger+1","floor":44},{"not_picked":["Flechettes+1","Flying Knee","Setup+1"],"picked":"SKIP","floor":46},{"not_picked":["Finisher","Choke+1"],"picked":"Reflex+1","floor":48},{"not_picked":["Blade Dance+1","Dash"],"picked":"Cloak And Dagger+1","floor":54}],"player_experience":1115362,"relics_obtained":[{"floor":6.0,"key":"Paper Crane"},{"floor":8.0,"key":"Pantograph"},{"floor":9.0,"key":"MealTicket"},{"floor":14.0,"key":"Toxic Egg 2"},{"floor":24,"key":"Du-Vu Doll"},{"floor":27,"key":"Akabeko"},{"floor":29,"key":"Kunai"},{"floor":40,"key":"Bird Faced Urn"},{"floor":43,"key":"Nunchaku"},{"floor":44,"key":"Bronze Scales"},{"floor":46,"key":"Lizard Tail"},{"floor":48,"key":"PreservedInsect"},{"floor":54,"key":"Torii"}],"event_choices":[{"damage_healed":0.0,"max_hp_gain":5.0,"max_hp_loss":0.0,"gold_gain":0.0,"event_name":"Big Fish","player_choice":"Donut","floor":4.0,"gold_loss":0.0,"damage_taken":0.0},{"damage_healed":0.0,"max_hp_gain":0.0,"max_hp_loss":0.0,"gold_gain":0.0,"event_name":"Scrap Ooze","player_choice":"Success","floor":7.0,"gold_loss":0.0,"damage_taken":11.0,"relics_obtained":["Pen Nib"]},{"damage_healed":0.0,"max_hp_gain":0.0,"max_hp_loss":0.0,"gold_gain":0.0,"event_name":"Upgrade Shrine","player_choice":"Upgraded","floor":12.0,"gold_loss":0.0,"damage_taken":0.0,"cards_upgraded":["Concentrate"]},{"damage_healed":0.0,"max_hp_gain":0.0,"max_hp_loss":0.0,"gold_gain":0.0,"event_name":"Lab","player_choice":"Got Potions","floor":23.0,"gold_loss":0.0,"damage_taken":0.0},{"damage_healed":0,"gold_gain":0,"player_choice":"Copied","damage_taken":0,"max_hp_gain":0,"max_hp_loss":0,"event_name":"Duplicator","floor":47,"gold_loss":0,"cards_obtained":["Acrobatics"]}],"is_beta":false,"boss_relics":[{"not_picked":["Astrolabe","Velvet Choker"],"picked":"Cursed Key"},{"not_picked":["Pandora\u0027s Box","HoveringKite"],"picked":"SlaversCollar"}],"items_purged_floors":[11,20,28,36,53],"is_endless":false,"potions_floor_spawned":[1,6,8,16,18,21,31,38,42,54],"ascension_level":15}}