{"host":"t7mx8yfj1no5p62f","time":1610240596,"event":{"mods":["BaseMod","Colored Map","Colored Powertips","Minty Spire (QoL Compilation)","Relic Stats","StSLib"],"gold_per_floor":[110,21,36,36,50,79,97,131,131,144,144,174,192,204,204,278,278,291,291,307,325,325,325,357,357,357,357,382,80,99,133,133,133,133],"floor_reached":33,"playtime":1967,"items_purged":["Defend_P"],"score":854,"play_id":"78c04925-63e4-4d76-95d7-646126aacb99","local_time":"20210109200316","is_ascension_mode":true,"campfire_choices":[{"floor":15,"key":"RECALL"},{"floor":23,"key":"REST"},{"floor":25,"key":"REST"},{"floor":27,"key":"REST"},{"floor":32,"key":"REST"}],"circlet_count":0,"master_deck":["AscendersBane","Strike_P+1","Defend_P+1","Defend_P+1","Defend_P","Eruption","Vigilance+1","WaveOfTheHand+1","Fasting2","Wallop+1","InnerPeace+1","CutThroughFate+1","Crescendo","Wireheading","ThirdEye+1","LessonLearned","Protect+1","Judgement+1","FollowUp+1","CutThroughFate+1","Necronomicurse","Prostrate","BowlingBash","Prostrate","Master of Strategy","Prostrate"],"relics":["Fusion Hammer","Whetstone","War Paint","MealTicket","Pear","Astrolabe","Necronomicon","Art of War","White Beast Statue","Boot","Ornamental Fan"],"acts_visited":["Exordium","TheCity"],"potions_floor_usage":[12,12,16,16,21,24,33],"damage_taken":[{"damage":0.0,"enemies":"2 Louse","floor":1.0,"turns":3.0},{"damage":2.0,"enemies":"Small Slimes","floor":3.0,"turns":5.0},{"damage":0.0,"enemies":"Cultist","floor":5.0,"turns":3.0},{"damage":34.0,"enemies":"3 Sentries","floor":6.0,"turns":20.0},{"damage":0.0,"enemies":"2 Fungi Beasts","floor":7.0,"turns":3.0},{"damage":12.0,"enemies":"Lagavulin","floor":8.0,"turns":6.0},{"damage":0.0,"enemies":"3 Louse","floor":10.0,"turns":3.0},{"damage":0,"enemies":"Gremlin Nob","floor":12,"turns":2},{"damage":1,"enemies":"Exordium Thugs","floor":13,"turns":5},{"damage":16,"enemies":"Lots of Slimes","floor":14,"turns":4},{"damage":0,"enemies":"Hexaghost","floor":16,"turns":9},{"damage":5,"enemies":"3 Byrds","floor":18,"turns":6},{"damage":0,"enemies":"2 Thieves","floor":20,"turns":3},{"damage":14,"enemies":"Snecko","floor":21,"turns":5},{"damage":47,"enemies":"Slavers","floor":24,"turns":10},{"damage":0,"enemies":"Gremlin Leader","floor":28,"turns":12},{"damage":3,"enemies":"3 Cultists","floor":30,"turns":5},{"damage":37,"enemies":"Book of Stabbing","floor":31,"turns":6},{"damage":74,"enemies":"Automaton","floor":33,"turns":10}],"seed_played":"6242581800197626739","potions_obtained":[{"floor":1.0,"key":"ColorlessPotion"},{"floor":3.0,"key":"SmokeBomb"},{"floor":6.0,"key":"Ancient Potion"},{"floor":8.0,"key":"LiquidMemories"},{"floor":13,"key":"Weak Potion"},{"floor":14,"key":"PowerPotion"},{"floor":16,"key":"SpeedPotion"},{"floor":18,"key":"Weak Potion"},{"floor":28,"key":"SteroidPotion"},{"floor":30,"key":"Energy Potion"},{"floor":31,"key":"LiquidMemories"}],"is_trial":false,"path_per_floor":["M","$","M","?","M","E","M","E","T","M","?","E","M","M","R","B",null,"M","?","M","M","?","R","E","R","T","R","E","$","M","E","R","B"],"character_chosen":"WATCHER","items_purchased":["Fasting2","Master of Strategy","Prostrate"],"campfire_rested":4,"item_purchase_floors":[2,29,29],"current_hp_per_floor":[61,61,59,64,64,30,30,18,18,18,18,28,27,11,11,11,65,60,39,39,25,25,49,2,26,26,50,50,65,62,25,49,0,0],"gold":133,"neow_bonus":"BOSS_RELIC","is_daily":false,"chose_seed":false,"campfire_upgraded":0,"win_rate":0.0,"timestamp":1610240596,"path_taken":["M","$","M","?","M","E","M","E","T","M","?","E","M","M","R","BOSS","M","?","M","M","?","R","E","R","T","R","E","$","M","E","R","BOSS"],"items_purchased_type":["Card","Card","Card"],"build_version":"2020-12-22","purchased_purges":1,"victory":false,"max_hp_per_floor":[68,68,68,73,73,73,73,73,73,73,73,83,83,83,83,83,83,83,83,83,83,83,83,83,83,83,83,83,83,83,83,83,83,83],"relic_stats":{"counters":[19,120],"Ornamental Fan":[16],"Astrolabe":["Protect","Judgement","FollowUp"],"MealTicket":15,"Necronomicon":[23],"Art of War":[5],"Whetstone":["Strike_P","Wallop"],"War Paint":["Defend_P","InnerPeace"],"Boot":[0],"obtain_stats":[{"Pear":12,"Ornamental Fan":31,"Astrolabe":17,"MealTicket":9,"Fusion Hammer":0,"Necronomicon":19,"Art of War":24,"Whetstone":6,"PureWater":0,"War Paint":8,"Boot":28,"White Beast Statue":26},{"Pear":8,"Ornamental Fan":18,"Astrolabe":11,"MealTicket":6,"Fusion Hammer":0,"Necronomicon":12,"Art of War":15,"Whetstone":4,"PureWater":0,"War Paint":6,"Boot":16,"White Beast Statue":15},{"Pear":45,"Ornamental Fan":110,"Astrolabe":63,"MealTicket":40,"Fusion Hammer":0,"Necronomicon":69,"Art of War":87,"Whetstone":31,"PureWater":0,"War Paint":40,"Boot":99,"White Beast Statue":87}]},"card_choices":[{"not_picked":["Prostrate","SashWhip"],"picked":"WaveOfTheHand","floor":1.0},{"not_picked":["BattleHymn","Indignation"],"picked":"Wallop","floor":3.0},{"not_picked":["JustLucky","Swivel","Meditate"],"picked":"SKIP","floor":5.0},{"not_picked":["ConjureBlade","WaveOfTheHand"],"picked":"InnerPeace","floor":6.0},{"not_picked":["FearNoEvil","FollowUp"],"picked":"CutThroughFate","floor":7.0},{"not_picked":["FlyingSleeves","ClearTheMind"],"picked":"Crescendo","floor":8.0},{"not_picked":["SashWhip","Indignation","FearNoEvil"],"picked":"SKIP","floor":10.0},{"not_picked":["PathToVictory","Halt"],"picked":"Wireheading","floor":12},{"not_picked":["Evaluate","Crescendo","Nirvana"],"picked":"SKIP","floor":13},{"not_picked":["SashWhip","CutThroughFate"],"picked":"ThirdEye","floor":14},{"not_picked":["Establishment","DevaForm"],"picked":"LessonLearned","floor":16},{"not_picked":["WaveOfTheHand","Consecrate"],"picked":"CutThroughFate+1","floor":18},{"not_picked":["EmptyFist","WreathOfFlame"],"picked":"Prostrate","floor":20},{"not_picked":["CutThroughFate","Indignation","ClearTheMind"],"picked":"SKIP","floor":21},{"not_picked":["Alpha","SignatureMove"],"picked":"BowlingBash","floor":24},{"not_picked":["FollowUp","EmptyBody"],"picked":"Prostrate","floor":28},{"not_picked":["Vengeance","BowlingBash","Adaptation"],"picked":"SKIP","floor":30},{"not_picked":["ConjureBlade","FlyingSleeves","BowlingBash+1"],"picked":"SKIP","floor":31}],"player_experience":1700280,"relics_obtained":[{"floor":6.0,"key":"Whetstone"},{"floor":8.0,"key":"War Paint"},{"floor":9.0,"key":"MealTicket"},{"floor":12,"key":"Pear"},{"floor":19,"key":"Necronomicon"},{"floor":24,"key":"Art of War"},{"floor":26,"key":"White Beast Statue"},{"floor":28,"key":"Boot"},{"floor":31,"key":"Ornamental Fan"}],"event_choices":[{"damage_healed":0.0,"max_hp_gain":5.0,"max_hp_loss":0.0,"gold_gain":0.0,"event_name":"Big Fish","player_choice":"Donut","floor":4.0,"gold_loss":0.0,"damage_taken":0.0},{"damage_healed":0.0,"max_hp_gain":0.0,"max_hp_loss":0.0,"gold_gain":0.0,"event_name":"Shining Light","player_choice":"Ignored","floor":11.0,"gold_loss":0.0,"damage_taken":0.0},{"damage_healed":0,"gold_gain":0,"player_choice":"Obtained Book","damage_taken":21,"max_hp_gain":0,"max_hp_loss":0,"event_name":"Cursed Tome","floor":19,"gold_loss":0},{"damage_healed":0,"gold_gain":0,"player_choice":"Ignored","damage_taken":0,"max_hp_gain":0,"max_hp_loss":0,"event_name":"The Mausoleum","floor":22,"gold_loss":0}],"is_beta":false,"boss_relics":[{"not_picked":["Pandora\u0027s Box","VioletLotus"],"picked":"Astrolabe"}],"items_purged_floors":[29],"is_endless":false,"potions_floor_spawned":[1,3,6,8,13,14,16,18,28,30,31],"killed_by":"Automaton","ascension_level":20}}