{"host":"7t8rqoeeopyy0nh0","time":1610320104,"event":{"mods":["AchievementEnabler","BaseMod","Better Third Choice","BetterRewards","Colored Map","Colored Powertips","Conspire","Downfall","Hubris","Infinite Spire","Minty Spire (QoL Compilation)","Permanent Neow","Quick Restart","Rare Cards Sparkle","Replay The Spire","StSLib","The Jungle","The Servant 0.9.4"],"gold_per_floor":[114,133,143,154,154,154,187,187,187,222,222,257,274,51,51,149,149,159,159,159,159,176,201,21,33,33,52,52,64,64,84,84,182,182,199,217,227,227,239,239,239,239],"floor_reached":41,"playtime":2290,"items_purged":["Strike_S","Strike_S"],"score":506,"play_id":"7bfeab3d-9648-4db2-8937-68c1e04f4d0c","local_time":"20210110180824","is_ascension_mode":true,"campfire_choices":[{"data":"KidneyShot","floor":6.0,"key":"SMITH"},{"floor":11.0,"key":"REST"},{"data":"LightFlow","floor":15.0,"key":"SMITH"},{"floor":28.0,"key":"REST"},{"data":"Reset","floor":30.0,"key":"SMITH"},{"data":"Hightail","floor":32.0,"key":"SMITH"},{"floor":40,"key":"REST"}],"circlet_count":0,"master_deck":["Defend_S","Defend_S","Defend_S+1","KidneyShot+1","Exchange","Sabotage","Ricochet","SpecialFormula+1","Alleviate","Luminosity","LightFlow+1","Rearm","Spin","ForgedInTime+1","Rewind+1","infinitespire:Collect+1","WasteNot","BottledTime","Hightail+1","Reset+1","Duplication+1","Parasite"],"relics":["Uniform","Lantern","Replay:Rubber Ducky","hubris:OldNail","Pocketwatch","Gremlin Food","hubris:GrandSneckoEye","Question Card","betterThird:NestCultRelic","War Paint","Golden Egg","Empty Cage"],"acts_visited":["Exordium","TheCity","TheBeyond"],"potions_floor_usage":[36,39],"damage_taken":[{"damage":15.0,"enemies":"Small Slimes","floor":1.0,"turns":6.0},{"damage":0.0,"enemies":"Cultist","floor":2.0,"turns":4.0},{"damage":0.0,"enemies":"2 Louse","floor":3.0,"turns":1.0},{"damage":16.0,"enemies":"Exordium Thugs","floor":4.0,"turns":5.0},{"damage":17.0,"enemies":"Replay:BlueRogue","floor":7.0,"turns":8.0},{"damage":22.0,"enemies":"3 Sentries","floor":10.0,"turns":5.0},{"damage":4.0,"enemies":"Gremlin Nob","floor":12.0,"turns":3.0},{"damage":1.0,"enemies":"Looter","floor":13.0,"turns":2.0},{"damage":40.0,"enemies":"Hexaghost","floor":16.0,"turns":9.0},{"damage":11.0,"enemies":"2 Thieves","floor":18.0,"turns":2.0},{"damage":8.0,"enemies":"conspire:FuzzyDice","floor":22.0,"turns":5.0},{"damage":19.0,"enemies":"Gremlin Leader","floor":23.0,"turns":5.0},{"damage":0.0,"enemies":"3 Cultists","floor":25.0,"turns":4.0},{"damage":23.0,"enemies":"Centurion and Healer","floor":27.0,"turns":3.0},{"damage":0.0,"enemies":"Snake Plant","floor":29.0,"turns":4.0},{"damage":28.0,"enemies":"Shelled Parasite and Fungi","floor":31.0,"turns":6.0},{"damage":6.0,"enemies":"conspire:MysteriousRune","floor":33.0,"turns":8.0},{"damage":11,"enemies":"Orb Walker","floor":35,"turns":3},{"damage":36,"enemies":"3 Darklings","floor":36,"turns":5},{"damage":29,"enemies":"4 Shapes","floor":37,"turns":5},{"damage":3,"enemies":"Writhing Mass","floor":39,"turns":6},{"damage":0,"enemies":"Jaw Worm Horde","floor":41,"turns":1}],"seed_played":"4719695227798820482","potions_obtained":[{"floor":1.0,"key":"DistilledChaos"},{"floor":2.0,"key":"champ:CounterPotion"},{"floor":7.0,"key":"Venom Potion"},{"floor":12.0,"key":"EssenceOfSteel"},{"floor":13.0,"key":"Weak Potion"},{"floor":16.0,"key":"LiquidMemories"},{"floor":23.0,"key":"DuplicationPotion"},{"floor":39,"key":"Adrenaline Potion"}],"is_trial":false,"path_per_floor":["M","M","M","M","?","R","E","?","T","E","R","E","M","$","R","B",null,"M","AVR","?","?","M","E","$","M","T","M","R","M","R","M","R","B",null,"M","M","M","?","M","R","M"],"character_chosen":"THE_SERVANT","items_purchased":["Gremlin Food","Hightail"],"campfire_rested":3,"item_purchase_floors":[14,24],"current_hp_per_floor":[56,56,56,45,68,68,54,54,54,37,58,59,58,58,58,23,71,60,60,60,60,57,43,43,51,51,36,57,65,65,45,45,47,71,71,51,30,30,35,56,56,56],"gold":239,"neow_bonus":"TEN_PERCENT_HP_BONUS","is_daily":false,"chose_seed":false,"campfire_upgraded":4,"win_rate":0.0,"timestamp":1610320104,"path_taken":["M","M","M","M","?","R","E","?","T","E","R","E","M","$","R","BOSS","M","AVR","?","?","M","E","$","M","T","M","R","?","R","M","R","BOSS","M","M","M","?","M","R","M"],"items_purchased_type":["Relic","Card"],"build_version":"2020-12-22","purchased_purges":2,"victory":false,"max_hp_per_floor":[71,71,71,71,71,71,71,71,71,71,71,71,71,71,71,71,71,71,71,71,71,71,71,71,71,71,71,71,71,71,71,71,71,71,71,71,71,71,71,71,71,71],"card_choices":[{"not_picked":["Revamp","Starlight"],"picked":"Sabotage","floor":1.0},{"not_picked":["Revamp","ShatteredReality"],"picked":"Ricochet","floor":2.0},{"not_picked":["TimeWarp","Rewind"],"picked":"SpecialFormula","floor":3.0},{"not_picked":["Starlight","TimeWarp"],"picked":"Alleviate","floor":4.0},{"not_picked":["RealityMarble","BottledTime"],"picked":"Luminosity","floor":7.0},{"not_picked":["Spin","Replace"],"picked":"LightFlow","floor":10.0},{"not_picked":["Luminosity","TrueSight"],"picked":"Rearm","floor":12.0},{"not_picked":["Snipe","Luminosity"],"picked":"Spin","floor":13.0},{"not_picked":["MurderousAura","Initiator"],"picked":"ForgedInTime","floor":16.0},{"not_picked":["Starlight+1","TimeTheft"],"picked":"Rewind+1","floor":18.0},{"not_picked":["Unruled","Gouge","Barrier","ShatteredReality"],"picked":"SKIP","floor":22.0},{"not_picked":["Misdirection","Luminosity+1","ShiftingGears"],"picked":"BottledTime","floor":23.0},{"not_picked":["Starlight+1","Defy","TimeWarp+1","FastForward"],"picked":"SKIP","floor":25.0},{"not_picked":["Misdirection","Barrier","Hightail"],"picked":"Reset","floor":27.0},{"not_picked":["Unruled+1","Defy","TimeWarp+1","Alleviate"],"picked":"SKIP","floor":29.0},{"not_picked":["Revamp+1","Reset","Alleviate","Deny"],"picked":"SKIP","floor":31.0},{"not_picked":["FloweringNight","MurderousAura","Dilation"],"picked":"Duplication","floor":33.0},{"not_picked":["ShatteredReality","TimeWarp+1","Defy","Replace+1"],"picked":"SKIP","floor":35},{"not_picked":["Rearm+1","TimeWarp+1","Shuttle+1","Spin"],"picked":"SKIP","floor":36},{"not_picked":["Foresight+1","Replace+1","ForgedInTime","ShatteredReality+1"],"picked":"SKIP","floor":37},{"not_picked":["Hightail","FastForward+1","Unruled+1","DoubleEdge"],"picked":"SKIP","floor":39}],"player_experience":391922,"relics_obtained":[{"floor":7.0,"key":"Lantern"},{"floor":9.0,"key":"Replay:Rubber Ducky"},{"floor":10.0,"key":"hubris:OldNail"},{"floor":12.0,"key":"Pocketwatch"},{"floor":23.0,"key":"War Paint"},{"floor":26.0,"key":"Golden Egg"}],"event_choices":[{"damage_healed":23.0,"max_hp_gain":0.0,"max_hp_loss":0.0,"gold_gain":0.0,"event_name":"Big Fish","player_choice":"Banana","floor":5.0,"gold_loss":0.0,"damage_taken":0.0},{"damage_healed":0.0,"max_hp_gain":0.0,"max_hp_loss":0.0,"gold_gain":0.0,"event_name":"betterThird:BetterNest","player_choice":"Madness","floor":20.0,"gold_loss":0.0,"damage_taken":0.0,"relics_obtained":["betterThird:NestCultRelic"]},{"damage_healed":0.0,"max_hp_gain":0.0,"max_hp_loss":0.0,"gold_gain":0.0,"cards_transformed":["Strike_S"],"event_name":"Transmorgrifier","player_choice":"Transformed","floor":21.0,"gold_loss":0.0,"damage_taken":0.0,"cards_obtained":["WasteNot"]}],"is_beta":false,"boss_relics":[{"not_picked":["infinitespire:Cupcake","Ectoplasm"],"picked":"hubris:GrandSneckoEye"},{"not_picked":["hubris:HollowSoul","hubris:CrackedHourglass"],"picked":"Empty Cage"}],"items_purged_floors":[14,24],"is_endless":false,"potions_floor_spawned":[1,2,7,12,13,16,18,23,25,35,39],"killed_by":"Jaw Worm Horde","ascension_level":2}}