{"host":"dzit4ljil6490tuf","time":1610240926,"event":{"mods":["BaseMod","Downfall","Hermit","Hubris","Marisa????????","Minty Spire (QoL Compilation)","StSLib","The Cursed","The Runesmith","The Servant 0.9.4"],"gold_per_floor":[99,109,119,119,129,163,188,199,209,220,238,238,238,254,272,272,272,272],"floor_reached":16,"playtime":946,"items_purged":[],"score":113,"play_id":"d41e725f-c51c-4237-92ad-dd118a2ab573","local_time":"20210110020846","is_ascension_mode":true,"campfire_choices":[{"data":"Guardian:WalkerClaw","floor":1,"key":"SMITH"}],"circlet_count":0,"master_deck":["Guardian:Strike_Guardian","Guardian:Strike_Guardian","Guardian:Strike_Guardian","Guardian:Strike_Guardian","Guardian:Defend_Guardian","Guardian:Defend_Guardian","Guardian:Defend_Guardian","Guardian:Defend_Guardian","Guardian:CurlUp","Guardian:TwinSlam","Guardian:WalkerClaw+1","Guardian:Gem_Yellow","Guardian:Incinerate","Guardian:Gem_Purple","Guardian:Gem_Blue","Guardian:RevengeProtocol","Guardian:Gem_Cyan","Guardian:Gem_Fragmented","Guardian:Repulse","Guardian:DonusPower","Guardian:Preprogram","Guardian:Reroute","Guardian:Gem_Crimson"],"relics":["Guardian:ModeShifter","Vajra","Juzu Bracelet","hubris:Towel","Guardian:PickAxe"],"acts_visited":["Exordium"],"potions_floor_usage":[6,6,15,16],"damage_taken":[{"damage":7,"enemies":"Jaw Worm","floor":2,"turns":4},{"damage":1,"enemies":"Cultist","floor":3,"turns":3},{"damage":0,"enemies":"2 Louse","floor":5,"turns":2},{"damage":11,"enemies":"3 Sentries","floor":6,"turns":8},{"damage":1,"enemies":"Exordium Wildlife","floor":8,"turns":4},{"damage":0,"enemies":"3 Louse","floor":9,"turns":2},{"damage":1,"enemies":"Blue Slaver","floor":10,"turns":3},{"damage":3,"enemies":"Exordium Wildlife","floor":11,"turns":5},{"damage":0,"enemies":"Exordium Wildlife","floor":13,"turns":4},{"damage":12,"enemies":"3 Louse","floor":14,"turns":3},{"damage":11,"enemies":"2 Fungi Beasts","floor":15,"turns":3},{"damage":33,"enemies":"downfall:Defect","floor":16,"turns":5}],"seed_played":"-4455096738283252218","potions_obtained":[{"floor":2,"key":"EssenceOfSteel"},{"floor":3,"key":"ColorlessPotion"},{"floor":6,"key":"SteroidPotion"},{"floor":9,"key":"SkillPotion"}],"is_trial":false,"path_per_floor":["R","M","M","?","M","E","T","M","M","M","M","?","?","M","M","B"],"character_chosen":"GUARDIAN","items_purchased":[],"campfire_rested":0,"item_purchase_floors":[],"current_hp_per_floor":[80,73,72,72,72,61,61,60,60,59,56,56,56,44,33,0,0,0],"gold":272,"neow_bonus":"THREE_CARDS","is_daily":false,"chose_seed":false,"campfire_upgraded":1,"win_rate":0.0,"timestamp":1610240926,"path_taken":["R","M","M","?","?","E","T","M","M","M","M","?","?","M","M","BOSS"],"items_purchased_type":[],"build_version":"2020-12-22","purchased_purges":0,"victory":false,"max_hp_per_floor":[80,80,80,80,80,80,80,80,80,80,80,80,80,80,80,80,80,80],"card_choices":[{"not_picked":["Guardian:Gem_Lightblue","Guardian:Recover"],"picked":"Guardian:WalkerClaw","floor":0},{"not_picked":["Guardian:BronzeOrb","Guardian:PiercingHide"],"picked":"Guardian:Gem_Yellow","floor":2},{"not_picked":["Guardian:Suspension","Guardian:PrismaticBarrier"],"picked":"Guardian:Incinerate","floor":3},{"not_picked":["Guardian:Gem_White","Guardian:TemporalShield"],"picked":"Guardian:RevengeProtocol","floor":5},{"not_picked":["Guardian:ShieldSpikes","Guardian:WalkerClaw"],"picked":"Guardian:Gem_Cyan","floor":6},{"not_picked":["Guardian:Gem_Cyan","Guardian:TemporalStrike"],"picked":"Guardian:Gem_Fragmented","floor":8},{"not_picked":["Guardian:VentSteam","Guardian:Planning"],"picked":"Guardian:Repulse","floor":9},{"not_picked":["Guardian:Gem_Fragmented","Guardian:Incinerate"],"picked":"Guardian:DonusPower","floor":10},{"not_picked":["Guardian:Gem_Blue","Guardian:Recover"],"picked":"Guardian:Preprogram","floor":11},{"not_picked":["Guardian:Incinerate","Guardian:Recover"],"picked":"Guardian:Reroute","floor":14},{"not_picked":["Guardian:TimeSifter","Guardian:ArmoredProtocol"],"picked":"Guardian:Gem_Crimson","floor":15}],"player_experience":565990,"relics_obtained":[{"floor":6,"key":"Vajra"},{"floor":7,"key":"Juzu Bracelet"}],"event_choices":[],"is_beta":false,"boss_relics":[],"items_purged_floors":[],"is_endless":false,"potions_floor_spawned":[2,3,6,9,13],"killed_by":"downfall:Defect","ascension_level":1}}