{"host":"cw25u8qal1h0d7ia","time":1610280199,"event":{"mods":["BaseMod","Downfall","Minty Spire (QoL Compilation)","StSLib"],"gold_per_floor":[99,110,122,134,148,173,196,221,241,241,269,279,204,354,364,460,460,460,460,480,480,480,505,505,538,538,638,638,638,648,78,98,196,196,196,208,228,246,259,309,309,340,390,401,436,390,315,315,331,331],"floor_reached":51,"playtime":5889,"items_purged":["Slimebound:Icky","sneckomod:Unknown"],"score":904,"play_id":"aad0ecb8-6521-4b95-8775-e0dc0872833e","local_time":"20210110130319","is_ascension_mode":true,"campfire_choices":[{"data":"sneckomod:Unknown","floor":1.0,"key":"SMITH"},{"floor":13.0,"key":"REST"},{"data":"sneckomod:Unknown3Cost","floor":18,"key":"SMITH"},{"floor":26,"key":"REST"},{"floor":28,"key":"REST"},{"data":"Panache","floor":35,"key":"SMITH"},{"floor":47,"key":"REST"}],"circlet_count":0,"master_deck":["sneckomod:Strike","sneckomod:Strike","sneckomod:Strike","sneckomod:Defend","sneckomod:Defend","sneckomod:Defend","sneckomod:TailWhip","sneckomod:SnekBite","sneckomod:Unknown+1","sneckomod:Mudshield","sneckomod:SoulRoll+1","sneckomod:SerpentIdol","sneckomod:SlitherStrike","sneckomod:UnknownClassTHE_CHAMP_GRAY+1","sneckomod:Unknown3Cost+1","hexamod:FirstSeal","sneckomod:SoulCleanse","sneckomod:MorePower","sneckomod:UnknownRarePower+1","sneckomod:UnknownDexterity+1","sneckomod:TrashToTreasure+1","Panache+1","sneckomod:UnknownRarePower+1","sneckomod:UnknownStrength+1","sneckomod:Restock","sneckomod:UnknownColorless+1","sneckomod:Unknown0Cost+1"],"relics":["sneckomod:SneckoSoul","Dream Catcher","War Paint","Lantern","PreservedInsect","downfall:HeartBlessingGreen","Black Star","Nilry\u0027s Codex","Art of War","Pear","Incense Burner","Happy Flower","Blood Vial","Unceasing Top","StrikeDummy","Pen Nib","Turnip","Sozu","Bird Faced Urn","Pantograph","Bronze Scales","Ginger","Bag of Preparation","Singing Bowl","Kunai","downfall:HeartBlessingBlue","Ornamental Fan"],"acts_visited":["Exordium","TheCity","TheBeyond"],"potions_floor_usage":[20,25,33,36,38],"damage_taken":[{"damage":1.0,"enemies":"Cultist","floor":2.0,"turns":4.0},{"damage":3.0,"enemies":"Jaw Worm","floor":3.0,"turns":3.0},{"damage":2.0,"enemies":"2 Louse","floor":4.0,"turns":2.0},{"damage":20.0,"enemies":"Large Slime","floor":5.0,"turns":6.0},{"damage":10.0,"enemies":"Lagavulin","floor":6.0,"turns":5.0},{"damage":14.0,"enemies":"Gremlin Nob","floor":8.0,"turns":3.0},{"damage":20.0,"enemies":"2 Fungi Beasts","floor":9.0,"turns":5.0},{"damage":19.0,"enemies":"Lagavulin","floor":11.0,"turns":6.0},{"damage":4.0,"enemies":"Red Slaver","floor":12.0,"turns":4.0},{"damage":0.0,"enemies":"2 Fungi Beasts","floor":15.0,"turns":2.0},{"damage":31.0,"enemies":"downfall:Watcher","floor":16.0,"turns":7.0},{"damage":0,"enemies":"Chosen","floor":19,"turns":1},{"damage":39,"enemies":"Centurion and Healer","floor":20,"turns":6},{"damage":37,"enemies":"Book of Stabbing","floor":23,"turns":6},{"damage":22,"enemies":"Gremlin Leader","floor":25,"turns":7},{"damage":0,"enemies":"Colosseum Nobs","floor":27,"turns":2},{"damage":29,"enemies":"Snake Plant","floor":30,"turns":6},{"damage":2,"enemies":"downfall:FleeingMerchant","floor":31,"turns":4},{"damage":26,"enemies":"Snecko","floor":32,"turns":4},{"damage":17,"enemies":"downfall:Defect","floor":33,"turns":9},{"damage":3,"enemies":"3 Shapes","floor":36,"turns":3},{"damage":10,"enemies":"Orb Walker","floor":37,"turns":3},{"damage":20,"enemies":"4 Shapes","floor":38,"turns":2},{"damage":30,"enemies":"Jaw Worm Horde","floor":39,"turns":5},{"damage":0,"enemies":"Mind Bloom Boss Battle","floor":40,"turns":3},{"damage":19,"enemies":"Giant Head","floor":42,"turns":5},{"damage":74,"enemies":"2 Orb Walkers","floor":43,"turns":5},{"damage":62,"enemies":"Spire Growth","floor":44,"turns":5},{"damage":11,"enemies":"Reptomancer","floor":45,"turns":4},{"damage":0,"enemies":"downfall:FleeingMerchant","floor":46,"turns":3},{"damage":0,"enemies":"4 Shapes","floor":49,"turns":2},{"damage":3,"enemies":"downfall:Ironclad","floor":50,"turns":5}],"seed_played":"-4855322944767116873","potions_obtained":[{"floor":2.0,"key":"FearPotion"},{"floor":5.0,"key":"Explosive Potion"},{"floor":8.0,"key":"Guardian:BlockOnCardUsePotion"},{"floor":9.0,"key":"champ:CounterPotion"},{"floor":23,"key":"Block Potion"},{"floor":25,"key":"Explosive Potion"},{"floor":27,"key":"SteroidPotion"},{"floor":30,"key":"Weak Potion"},{"floor":32,"key":"Explosive Potion"}],"is_trial":false,"path_per_floor":["R","M","M","M","M","E","T","E","M","?","E","M","R","?","M","B",null,"R","M","M","?","?","E","T","E","R","?","R","T","M","$","M","B",null,"R","M","M","M","M","?","T","E","?","M","E","$","R","T","M","B",null],"character_chosen":"THE_SNECKO","items_purchased":["Panache","Turnip","Kunai"],"campfire_rested":4,"item_purchase_floors":[31,31,46],"current_hp_per_floor":[90,89,86,84,65,55,55,42,22,22,12,8,35,35,35,19,92,92,92,61,61,45,25,25,4,35,37,68,68,48,58,59,52,106,106,103,102,84,70,79,79,106,56,38,48,70,119,119,130,130],"gold":331,"neow_bonus":"ONE_RANDOM_RARE_CARD","is_daily":false,"chose_seed":false,"campfire_upgraded":3,"win_rate":0.0,"timestamp":1610280199,"path_taken":["R","M","M","M","M","E","T","E","?","?","E","M","R","?","M","BOSS","R","M","M","?","?","E","T","E","R","?","R","?","M","$","M","BOSS","R","M","M","M","M","?","T","E","?","M","E","$","R","?","M","BOSS"],"items_purchased_type":["Card","Relic","Relic"],"build_version":"2020-12-22","purchased_purges":2,"victory":true,"max_hp_per_floor":[90,90,90,90,91,91,91,92,92,92,92,92,92,92,92,92,92,92,92,93,93,93,103,103,104,104,104,104,104,104,104,105,106,106,106,106,106,106,106,106,106,106,107,107,111,114,126,126,130,130],"card_choices":[{"not_picked":["sneckomod:QuickBite","sneckomod:UnknownClassHEXA_GHOST_PURPLE"],"picked":"sneckomod:SoulRoll","floor":2.0},{"not_picked":["sneckomod:DiceCrush","sneckomod:UnknownUncommonAttack"],"picked":"sneckomod:SerpentIdol","floor":3.0},{"not_picked":["sneckomod:SoulDraw","sneckomod:UnknownWeak"],"picked":"sneckomod:SlitherStrike","floor":4.0},{"not_picked":["sneckomod:Unknown1Cost","sneckomod:UnknownBlock"],"picked":"sneckomod:UnknownClassTHE_CHAMP_GRAY","floor":5.0},{"not_picked":["sneckomod:UnknownWeak","sneckomod:Unknown2Cost","sneckomod:UnknownClassRED"],"picked":"SKIP","floor":6.0},{"not_picked":["sneckomod:UnknownCommonAttack","sneckomod:UnknownBlock"],"picked":"sneckomod:Unknown3Cost","floor":8.0},{"not_picked":["hexamod:FourthSeal","hexamod:SecondSeal"],"picked":"hexamod:FirstSeal","floor":9.0},{"not_picked":["sneckomod:WideSting","sneckomod:Unknown1Cost"],"picked":"sneckomod:SoulCleanse","floor":9.0},{"not_picked":["sneckomod:UnknownCommonAttack","sneckomod:UnknownClassHEXA_GHOST_PURPLE","sneckomod:UnknownClassSLIMEBOUND"],"picked":"SKIP","floor":11.0},{"not_picked":["sneckomod:UnknownUncommonAttack","sneckomod:Unknown2Cost","sneckomod:UnknownCommonSkill"],"picked":"SKIP","floor":12.0},{"not_picked":["sneckomod:Rotation","sneckomod:QuickBite","sneckomod:UnknownBlock"],"picked":"SKIP","floor":15.0},{"not_picked":["sneckomod:UnknownRareSkill","sneckomod:DangerNoodle"],"picked":"sneckomod:MorePower","floor":16.0},{"not_picked":["sneckomod:SoulDraw+1","sneckomod:QuickBite","sneckomod:SerpentIdol"],"picked":"SKIP","floor":19},{"not_picked":["sneckomod:UnknownUncommonPower+1","sneckomod:UnknownClassSLIMEBOUND+1"],"picked":"sneckomod:UnknownRarePower+1","floor":20},{"not_picked":["sneckomod:IronFang","sneckomod:DiceBlock","sneckomod:QuickBite"],"picked":"SKIP","floor":20},{"not_picked":["sneckomod:UnknownUncommonPower+1","sneckomod:Unknown3Cost+1","sneckomod:UnknownCommonSkill+1"],"picked":"SKIP","floor":23},{"not_picked":["sneckomod:UnknownCommonAttack","sneckomod:UnknownUncommonAttack","sneckomod:UnknownVulnerable"],"picked":"SKIP","floor":23},{"not_picked":["sneckomod:UnknownCommonAttack+1","sneckomod:UnknownClassHEXA_GHOST_PURPLE+1"],"picked":"sneckomod:UnknownDexterity+1","floor":25},{"not_picked":["sneckomod:DiceCrush+1","sneckomod:UnknownEthereal","sneckomod:SnakeSap"],"picked":"SKIP","floor":25},{"not_picked":["sneckomod:UnknownStrike+1","sneckomod:DiceBlock"],"picked":"sneckomod:TrashToTreasure+1","floor":30},{"not_picked":["sneckomod:UnknownClassSLIMEBOUND+1","sneckomod:UnknownCommonAttack+1","sneckomod:UnknownEthereal+1"],"picked":"SKIP","floor":30},{"not_picked":["sneckomod:UnknownUncommonAttack+1","sneckomod:UnknownExhaust+1","sneckomod:UnknownClassBLUE+1"],"picked":"SKIP","floor":31},{"not_picked":["sneckomod:UnknownClassBLUE","sneckomod:QuickBite","sneckomod:DiceCrush"],"picked":"SKIP","floor":31},{"not_picked":["sneckomod:Unknown+1","sneckomod:UnknownClassBLUE+1"],"picked":"sneckomod:UnknownRarePower+1","floor":32},{"not_picked":["sneckomod:UnknownBlock+1","sneckomod:UnknownEthereal","sneckomod:Unknown1Cost+1"],"picked":"SKIP","floor":32},{"not_picked":["sneckomod:UnknownDexterity+1","sneckomod:UnknownRarePower+1"],"picked":"sneckomod:UnknownStrength+1","floor":33},{"not_picked":["sneckomod:RainOfDice+1","sneckomod:IronFang+1","sneckomod:UnknownCommonSkill"],"picked":"SKIP","floor":36},{"not_picked":["sneckomod:IronFang","sneckomod:Unknown1Cost","sneckomod:TrashToTreasure"],"picked":"SKIP","floor":37},{"not_picked":["sneckomod:UnknownClassBLUE+1","sneckomod:UnknownClassRED+1","sneckomod:UnknownUncommonAttack+1"],"picked":"SKIP","floor":38},{"not_picked":["sneckomod:WideSting","sneckomod:IronFang+1","sneckomod:QuickMove+1"],"picked":"SKIP","floor":38},{"not_picked":["sneckomod:QuickBite","sneckomod:DiceCrush+1"],"picked":"sneckomod:Restock","floor":39},{"not_picked":["sneckomod:UnknownClassPURPLE+1","sneckomod:UnknownClassHEXA_GHOST_PURPLE+1","sneckomod:UnknownBlock+1"],"picked":"SKIP","floor":39},{"not_picked":["sneckomod:UnknownExhaust+1","sneckomod:UnknownCommonSkill+1","sneckomod:UnknownClassGREEN+1"],"picked":"SKIP","floor":42},{"not_picked":["sneckomod:Nope","sneckomod:Cheat","sneckomod:UnknownClassPURPLE+1"],"picked":"SKIP","floor":42},{"not_picked":["sneckomod:UnknownRareAttack+1","sneckomod:UnknownClassGUARDIAN+1"],"picked":"sneckomod:UnknownColorless+1","floor":43},{"not_picked":["sneckomod:UnknownClassBLUE+1","sneckomod:UnknownClassRED+1","sneckomod:UnknownStrike+1"],"picked":"SKIP","floor":44},{"not_picked":["sneckomod:QuickMove+1","sneckomod:QuickBite","sneckomod:UnknownExhaust"],"picked":"SKIP","floor":44},{"not_picked":["sneckomod:UnknownClassSLIMEBOUND+1","sneckomod:UnknownStrike+1","sneckomod:TrashToTreasure"],"picked":"Singing Bowl","floor":45},{"not_picked":["sneckomod:Unknown+1","sneckomod:Unknown1Cost+1","sneckomod:UnknownRarePower+1"],"picked":"Singing Bowl","floor":45},{"not_picked":["sneckomod:UnknownUncommonPower+1","sneckomod:UnknownClassSLIMEBOUND+1"],"picked":"sneckomod:Unknown0Cost+1","floor":46},{"not_picked":["sneckomod:UnknownClassPURPLE","sneckomod:DiceBoulder+1","sneckomod:UnknownStrike+1"],"picked":"Singing Bowl","floor":46},{"not_picked":["sneckomod:UnknownStrike","sneckomod:UnknownClassSLIMEBOUND","sneckomod:Unknown1Cost"],"picked":"Singing Bowl","floor":47},{"not_picked":["sneckomod:DiceBlock","sneckomod:UnknownUncommonSkill+1","sneckomod:IronFang"],"picked":"Singing Bowl","floor":49},{"not_picked":["sneckomod:UnknownStrike+1","sneckomod:UnknownCommonSkill+1","sneckomod:UnknownClassGUARDIAN+1"],"picked":"Singing Bowl","floor":49}],"player_experience":506754,"relics_obtained":[{"floor":6.0,"key":"Dream Catcher"},{"floor":7.0,"key":"War Paint"},{"floor":8.0,"key":"Lantern"},{"floor":11.0,"key":"PreservedInsect"},{"floor":22,"key":"Nilry\u0027s Codex"},{"floor":23,"key":"Art of War"},{"floor":23,"key":"Pear"},{"floor":24,"key":"Incense Burner"},{"floor":25,"key":"Happy Flower"},{"floor":25,"key":"Blood Vial"},{"floor":27,"key":"Unceasing Top"},{"floor":27,"key":"StrikeDummy"},{"floor":29,"key":"Pen Nib"},{"floor":40,"key":"Bird Faced Urn"},{"floor":42,"key":"Pantograph"},{"floor":42,"key":"Bronze Scales"},{"floor":43,"key":"Ginger"},{"floor":45,"key":"Bag of Preparation"},{"floor":45,"key":"Singing Bowl"},{"floor":48,"key":"Ornamental Fan"}],"event_choices":[{"damage_healed":0,"gold_gain":0,"player_choice":"Ignored","damage_taken":0,"max_hp_gain":0,"max_hp_loss":0,"event_name":"Vampires","floor":21,"gold_loss":0},{"damage_healed":0,"gold_gain":0,"player_choice":"Fight","damage_taken":0,"max_hp_gain":0,"max_hp_loss":0,"event_name":"Mysterious Sphere","floor":43,"gold_loss":0}],"is_beta":false,"boss_relics":[{"not_picked":["Empty Cage","Pandora\u0027s Box"],"picked":"Black Star"},{"not_picked":["SlaversCollar","Calling Bell"],"picked":"Sozu"}],"items_purged_floors":[31,46],"is_endless":false,"potions_floor_spawned":[2,5,8,9,23,25,27,30,32,38,39,43,44,49],"ascension_level":1}}