{"host":"hgkb2zpbo2dcws21","time":1610286089,"event":{"mods":["AchievementEnabler","BaseMod","Colored Map","Colored Powertips","Custom Start","DeckTracker","KOR Keyword Fix","Keyboard Shortcuts","Minty Spire (QoL Compilation)","Relic Stats","StSLib","SuperFastMode"],"gold_per_floor":[118,118,138,63,35,35,35,35,106,126,126,137,62,81,81,157,157,173,173,173,190,105,105,105,105,131,131,166,166,166,179,179,253,253,271,296,312,326,172,201,201,201,201,201,218,218,233,248,248,248],"floor_reached":51,"playtime":1648,"items_purged":["Strike_G","Riddle With Holes"],"score":1458,"play_id":"658e8c3f-a098-4ce3-ac77-41f1e8880e0c","local_time":"20210110224129","is_ascension_mode":true,"campfire_choices":[{"data":"Prepared","floor":6,"key":"SMITH"},{"data":"Neutralize","floor":8,"key":"SMITH"},{"data":"Tactician","floor":15,"key":"SMITH"},{"data":"Acrobatics","floor":24,"key":"SMITH"},{"data":"Eviscerate","floor":27,"key":"SMITH"},{"data":"Adrenaline","floor":29,"key":"SMITH"},{"data":"PiercingWail","floor":32,"key":"SMITH"},{"data":"Defend_G","floor":42,"key":"PURGE"},{"data":"Decay","floor":46,"key":"PURGE"},{"data":"Survivor","floor":49,"key":"SMITH"}],"circlet_count":0,"master_deck":["AscendersBane","Survivor+1","Neutralize+1","PiercingWail+1","Prepared+1","Tactician+1","Acrobatics+1","Dagger Throw","Adrenaline+1","Deflect","Eviscerate+1","Blur","Grand Finale","Escape Plan","Underhanded Strike","Backflip"],"relics":["Ring of the Snake","StrikeDummy","Turnip","Empty Cage","Unceasing Top","Blood Vial","Paper Crane","Peace Pipe","Cursed Key","StoneCalendar","Juzu Bracelet","Lizard Tail"],"acts_visited":["Exordium","TheCity","TheBeyond"],"potions_floor_usage":[],"damage_taken":[{"damage":0,"enemies":"2 Louse","floor":1,"turns":3},{"damage":8,"enemies":"Cultist","floor":3,"turns":5},{"damage":0,"enemies":"Jaw Worm","floor":10,"turns":3},{"damage":7,"enemies":"Exordium Thugs","floor":12,"turns":4},{"damage":3,"enemies":"Looter","floor":14,"turns":3},{"damage":19,"enemies":"The Guardian","floor":16,"turns":17},{"damage":9,"enemies":"Shell Parasite","floor":18,"turns":5},{"damage":0,"enemies":"3 Byrds","floor":21,"turns":5},{"damage":10,"enemies":"Book of Stabbing","floor":28,"turns":4},{"damage":0,"enemies":"Snake Plant","floor":31,"turns":3},{"damage":5,"enemies":"Automaton","floor":33,"turns":11},{"damage":0,"enemies":"3 Darklings","floor":35,"turns":1},{"damage":10,"enemies":"Mind Bloom Boss Battle","floor":36,"turns":9},{"damage":0,"enemies":"Orb Walker","floor":37,"turns":2},{"damage":0,"enemies":"3 Darklings","floor":38,"turns":1},{"damage":18,"enemies":"Reptomancer","floor":40,"turns":4},{"damage":0,"enemies":"Transient","floor":45,"turns":6},{"damage":0,"enemies":"Sphere and 2 Shapes","floor":47,"turns":4},{"damage":0,"enemies":"Jaw Worm Horde","floor":48,"turns":1},{"damage":30,"enemies":"Donu and Deca","floor":50,"turns":13}],"seed_played":"-2550175319970344596","potions_obtained":[{"floor":10,"key":"Energy Potion"},{"floor":14,"key":"DuplicationPotion"},{"floor":16,"key":"DuplicationPotion"}],"is_trial":false,"path_per_floor":["M","?","M","?","$","R","$","R","T","M","?","M","$","M","R","B",null,"M","?","$","M","?","?","R","$","T","R","E","R","T","M","R","B",null,"M","?","M","M","$","E","?","R","T","?","M","R","M","M","R","B",null],"character_chosen":"THE_SILENT","items_purchased":["Prepared","Underhanded Strike"],"campfire_rested":0,"item_purchase_floors":[5,39],"current_hp_per_floor":[44,44,36,36,36,36,36,36,36,36,36,29,29,26,26,7,51,42,42,42,42,42,42,42,42,42,42,34,34,34,36,36,33,58,60,52,54,56,56,40,40,40,40,40,42,42,44,46,46,18],"gold":248,"neow_bonus":"REMOVE_TWO","is_daily":false,"chose_seed":false,"campfire_upgraded":8,"win_rate":0.0,"timestamp":1610286089,"path_taken":["M","?","?","?","$","R","?","R","T","?","?","M","?","M","R","BOSS","M","?","$","M","?","?","R","$","T","R","E","R","?","?","R","BOSS","M","?","M","M","$","E","?","R","T","?","M","R","M","M","R","BOSS"],"items_purchased_type":["Card","Card"],"build_version":"2020-12-22","purchased_purges":2,"victory":true,"max_hp_per_floor":[66,66,66,66,66,66,66,66,66,66,66,66,66,66,66,66,66,66,66,66,66,66,66,66,66,66,66,66,66,66,66,66,66,66,66,66,66,66,66,66,66,66,66,63,63,63,63,63,63,63],"relic_stats":{"Blood Vial":24,"Peace Pipe":2,"Lizard Tail":0,"counters":[20,104],"StoneCalendar":[46],"Turnip":[6],"Juzu Bracelet":0,"Cursed Key":1,"obtain_stats":[{"Blood Vial":26,"Peace Pipe":30,"Lizard Tail":43,"StoneCalendar":36,"Turnip":11,"Juzu Bracelet":40,"Paper Crane":28,"StrikeDummy":9,"Empty Cage":17,"Cursed Key":34,"Unceasing Top":22,"Ring of the Snake":0},{"Blood Vial":8,"Peace Pipe":9,"Lizard Tail":16,"StoneCalendar":13,"Turnip":3,"Juzu Bracelet":16,"Paper Crane":9,"StrikeDummy":2,"Empty Cage":6,"Cursed Key":11,"Unceasing Top":8,"Ring of the Snake":0},{"Blood Vial":45,"Peace Pipe":49,"Lizard Tail":80,"StoneCalendar":73,"Turnip":11,"Juzu Bracelet":80,"Paper Crane":49,"StrikeDummy":8,"Empty Cage":35,"Cursed Key":63,"Unceasing Top":45,"Ring of the Snake":0}],"Unceasing Top":[61],"Ring of the Snake":[40]},"card_choices":[{"not_picked":["Dodge and Roll","Riddle With Holes"],"picked":"PiercingWail","floor":1},{"not_picked":["Dash","Deflect","Expertise"],"picked":"SKIP","floor":3},{"not_picked":["Acrobatics","PiercingWail"],"picked":"Tactician","floor":10},{"not_picked":["Backflip","Deflect"],"picked":"Acrobatics","floor":12},{"not_picked":["Expertise","Catalyst"],"picked":"Dagger Throw","floor":14},{"not_picked":["Envenom","Venomology"],"picked":"Adrenaline","floor":16},{"not_picked":["Outmaneuver","Slice","Catalyst"],"picked":"SKIP","floor":18},{"not_picked":["Riddle With Holes","Underhanded Strike"],"picked":"Crippling Poison","floor":21},{"not_picked":["Skewer+1","Dash"],"picked":"Blur","floor":28},{"not_picked":["Dagger Throw","PiercingWail","Blur"],"picked":"SKIP","floor":31},{"not_picked":["Unload","A Thousand Cuts"],"picked":"Grand Finale","floor":33},{"not_picked":["Dagger Spray","Poisoned Stab+1"],"picked":"Escape Plan","floor":35},{"not_picked":["Backstab+1","Slice","Cloak And Dagger"],"picked":"SKIP","floor":37},{"not_picked":["Blade Dance+1","Dodge and Roll","Flying Knee"],"picked":"SKIP","floor":38},{"not_picked":["Footwork","Noxious Fumes"],"picked":"Backflip","floor":40},{"not_picked":["Poisoned Stab","Tactician","Masterful Stab"],"picked":"SKIP","floor":45},{"not_picked":["Malaise","Deflect","Bane+1"],"picked":"SKIP","floor":47},{"not_picked":["Blur+1","Backflip","Prepared"],"picked":"SKIP","floor":48}],"player_experience":1138306,"relics_obtained":[{"floor":9,"key":"StrikeDummy"},{"floor":26,"key":"Blood Vial"},{"floor":28,"key":"Paper Crane"},{"floor":30,"key":"Peace Pipe"},{"floor":36,"key":"StoneCalendar"},{"floor":40,"key":"Juzu Bracelet"},{"floor":43,"key":"Lizard Tail"}],"event_choices":[{"cards_removed":["Defend_G"],"damage_healed":0,"gold_gain":0,"player_choice":"Purged","damage_taken":0,"max_hp_gain":0,"max_hp_loss":0,"event_name":"Purifier","floor":2,"gold_loss":0},{"cards_removed":["Defend_G"],"damage_healed":0,"gold_gain":0,"player_choice":"Card Removal","damage_taken":0,"max_hp_gain":0,"max_hp_loss":0,"event_name":"The Cleric","floor":4,"gold_loss":75},{"damage_healed":0,"gold_gain":0,"player_choice":"Gave Potion","damage_taken":0,"relics_obtained":["Turnip"],"max_hp_gain":0,"max_hp_loss":0,"event_name":"WeMeetAgain","floor":11,"gold_loss":0},{"damage_healed":0,"gold_gain":0,"cards_transformed":["Strike_G","Strike_G"],"player_choice":"Became Test Subject","damage_taken":0,"max_hp_gain":0,"max_hp_loss":0,"event_name":"Drug Dealer","floor":19,"gold_loss":0,"cards_obtained":["Deflect","Riddle With Holes"]},{"damage_healed":0,"gold_gain":0,"player_choice":"Obtained Relic","damage_taken":0,"relics_obtained":["Unceasing Top"],"max_hp_gain":0,"max_hp_loss":0,"event_name":"Addict","floor":22,"gold_loss":85},{"damage_healed":0,"gold_gain":0,"player_choice":"Read","damage_taken":0,"max_hp_gain":0,"max_hp_loss":0,"event_name":"The Library","floor":23,"gold_loss":0,"cards_obtained":["Eviscerate"]},{"damage_healed":0,"gold_gain":0,"player_choice":"Fight","damage_taken":0,"max_hp_gain":0,"max_hp_loss":0,"event_name":"MindBloom","floor":36,"gold_loss":0},{"cards_removed":["Crippling Poison"],"damage_healed":0,"gold_gain":0,"player_choice":"Removed Skill","damage_taken":0,"max_hp_gain":0,"max_hp_loss":0,"event_name":"Falling","floor":41,"gold_loss":0},{"damage_healed":0,"gold_gain":0,"player_choice":"Max HP","damage_taken":0,"max_hp_gain":0,"max_hp_loss":3,"event_name":"Winding Halls","floor":44,"gold_loss":0}],"is_beta":false,"boss_relics":[{"not_picked":["Calling Bell","Black Star"],"picked":"Empty Cage"},{"not_picked":["Philosopher\u0027s Stone","Fusion Hammer"],"picked":"Cursed Key"}],"items_purged_floors":[13,39],"is_endless":false,"potions_floor_spawned":[10,14,16,21,33,35,40,45,48],"ascension_level":19}}