{"host":"7gewg82ormp6yt4e","time":1610288546,"event":{"mods":["BaseMod","Block Reminder","Colored Map","Colored Powertips","DeckTracker","Highlight Path","Minty Spire (QoL Compilation)","Relic Stats","StSLib","ojb\u0027s Info Mod"],"gold_per_floor":[368,380,380,380,400,400,40,70,94,94,127,146,216,226,226,226,226],"floor_reached":16,"playtime":496,"items_purged":[],"score":220,"play_id":"301894e0-ddd7-406c-bf60-0fc3dbe8a8fa","local_time":"20210110232226","is_ascension_mode":true,"campfire_choices":[{"data":"Defragment","floor":6,"key":"SMITH"},{"floor":10,"key":"REST"},{"floor":15,"key":"REST"}],"circlet_count":0,"master_deck":["AscendersBane","Strike_B","Strike_B","Strike_B","Strike_B+1","Defend_B","Defend_B","Defend_B","Defend_B","Zap","Dualcast","Clumsy","Defragment+1","Sweeping Beam+1","Defragment","Doom and Gloom","Consume","Defragment","Amplify","Ball Lightning","Creative AI"],"relics":["Cracked Core","CultistMask","ClockworkSouvenir","Whetstone","Anchor","DataDisk"],"acts_visited":["Exordium"],"potions_floor_usage":[8,14],"damage_taken":[{"damage":1,"enemies":"Cultist","floor":1,"turns":4},{"damage":9,"enemies":"2 Louse","floor":2,"turns":3},{"damage":8,"enemies":"Small Slimes","floor":5,"turns":3},{"damage":37,"enemies":"3 Sentries","floor":8,"turns":7},{"damage":20,"enemies":"Lagavulin","floor":11,"turns":7},{"damage":13,"enemies":"Blue Slaver","floor":12,"turns":3},{"damage":0,"enemies":"Exordium Wildlife","floor":14,"turns":3},{"damage":33,"enemies":"Slime Boss","floor":16,"turns":3}],"seed_played":"6965917476645028521","potions_obtained":[{"floor":2,"key":"BlessingOfTheForge"},{"floor":5,"key":"SmokeBomb"},{"floor":11,"key":"Explosive Potion"}],"is_trial":false,"path_per_floor":["M","M","?","?","M","R","$","E","T","R","E","M","?","M","R","B"],"character_chosen":"DEFECT","items_purchased":["Defragment","ClockworkSouvenir","Doom and Gloom","Consume"],"campfire_rested":2,"item_purchase_floors":[7,7,7,7],"current_hp_per_floor":[63,54,59,59,51,51,51,14,14,36,16,3,3,3,25,0,0],"gold":226,"neow_bonus":"TWO_FIFTY_GOLD","is_daily":false,"chose_seed":false,"campfire_upgraded":1,"win_rate":0.0,"timestamp":1610288546,"path_taken":["M","?","?","?","M","R","$","E","T","R","E","?","?","M","R","BOSS"],"items_purchased_type":["Card","Relic","Card","Card"],"build_version":"2020-12-22","purchased_purges":0,"victory":false,"max_hp_per_floor":[71,71,76,76,76,76,76,76,76,76,76,76,76,76,76,76,76],"relic_stats":{"counters":[8,33],"Whetstone":["Sweeping Beam","Strike_B"],"obtain_stats":[{"Anchor":9,"DataDisk":11,"CultistMask":4,"Whetstone":8,"Cracked Core":0,"ClockworkSouvenir":7},{"Anchor":4,"DataDisk":5,"CultistMask":2,"Whetstone":4,"Cracked Core":0,"ClockworkSouvenir":3},{"Anchor":17,"DataDisk":24,"CultistMask":7,"Whetstone":17,"Cracked Core":0,"ClockworkSouvenir":10}]},"card_choices":[{"not_picked":["Turbo","Steam"],"picked":"Defragment","floor":1},{"not_picked":["Skim","Melter"],"picked":"Sweeping Beam","floor":2},{"not_picked":["Compile Driver","Rebound","Steam"],"picked":"SKIP","floor":5},{"not_picked":["Sweeping Beam","Auto Shields"],"picked":"Defragment","floor":8},{"not_picked":["Hologram","Reinforced Body"],"picked":"Amplify","floor":11},{"not_picked":["Barrage","Conserve Battery"],"picked":"Ball Lightning","floor":12},{"not_picked":["Hello World","FTL"],"picked":"Creative AI","floor":14}],"player_experience":2527172,"relics_obtained":[{"floor":8,"key":"Whetstone"},{"floor":9,"key":"Anchor"},{"floor":11,"key":"DataDisk"}],"event_choices":[{"damage_healed":0,"gold_gain":0,"player_choice":"Donut","damage_taken":0,"max_hp_gain":5,"max_hp_loss":0,"event_name":"Big Fish","floor":3,"gold_loss":0},{"damage_healed":0,"gold_gain":0,"player_choice":"Trade","damage_taken":0,"relics_obtained":["CultistMask"],"max_hp_gain":0,"max_hp_loss":0,"event_name":"FaceTrader","floor":4,"gold_loss":0},{"damage_healed":0,"gold_gain":70,"player_choice":"Gained Gold","damage_taken":0,"max_hp_gain":0,"max_hp_loss":0,"event_name":"Golden Wing","floor":13,"gold_loss":0}],"is_beta":false,"boss_relics":[],"items_purged_floors":[],"is_endless":false,"potions_floor_spawned":[2,5,11],"killed_by":"Slime Boss","ascension_level":20}}