{"host":"e87rn453naquue3h","time":1610303319,"event":{"mods":["AchievementEnabler","BaseMod","Downfall","Minty Spire (QoL Compilation)","StSLib"],"gold_per_floor":[99,112,122,122,137,170,170,170,180,215,215,114,39,39,57,156,156,156,175,201,201,201,214,214,214,226,226,326,326,326,352,369,466,466,466,482,498,498,517,528,554,554,152,77,112,112,138,155,174,174],"floor_reached":51,"playtime":4576,"items_purged":["Slimebound:Tackle"],"score":924,"play_id":"66d08c90-de26-4eb6-9096-616dbef06fe1","local_time":"20210110132839","is_ascension_mode":true,"campfire_choices":[{"data":"Slimebound:DuplicatedForm","floor":1,"key":"SMITH"},{"data":"Slimebound:FormOfPuddle","floor":11,"key":"PURGE"},{"data":"Slimebound:AcidTongue","floor":13,"key":"SMITH"},{"data":"Slimebound:DouseInSlime","floor":18,"key":"SMITH"},{"data":"Slimebound:RainOfGoop","floor":25,"key":"SMITH"},{"data":"Slimebound:SlimeTap","floor":27,"key":"SMITH"},{"data":"Slimebound:Dissolve","floor":30,"key":"SMITH"},{"data":"Slimebound:SlimeTap","floor":35,"key":"SMITH"},{"data":"Slimebound:SlimeSlap","floor":42,"key":"SMITH"},{"data":"Slimebound:OozeBath","floor":44,"key":"SMITH"}],"circlet_count":0,"master_deck":["Slimebound:Strike_Slimebound+1","Slimebound:Strike_Slimebound+1","Slimebound:Strike_Slimebound+1","Slimebound:Defend_Slimebound+1","Slimebound:Defend_Slimebound+1","Slimebound:Defend_Slimebound+1","Slimebound:Defend_Slimebound+1","Slimebound:Split","Slimebound:CorrosiveSpit+1","Slimebound:DuplicatedForm+1","Slimebound:RainOfGoop+1","Slimebound:FormOfPuddle","Slimebound:AcidTongue+1","Slimebound:SlimeTap+1","Slimebound:HauntingLick","Slimebound:SlimeTap+1","Slimebound:MegaLick","Slimebound:ItLooksTasty","Slimebound:DouseInSlime+1","Slimebound:Dissolve+1","Slimebound:SplitMire","Slimebound:ItLooksTasty+1","Slimebound:SlimeSlap+1","Slimebound:LeechEnergy+1","Slimebound:OozeBath+1","Slimebound:RallyTheTroops","Slimebound:HauntingLick","Slimebound:PrepareCrush"],"relics":["Slimebound:AbsorbEndCombatUpgraded","StrikeDummy","Slimebound:ScrapOozeRelic","Smiling Mask","downfall:HeartBlessingGreen","Sozu","Bag of Marbles","PreservedInsect","Tiny Chest","InkBottle","Nunchaku","downfall:HeartBlessingBlue","Toy Ornithopter","Darkstone Periapt"],"acts_visited":["Exordium","TheCity","TheBeyond"],"potions_floor_usage":[6,16,50,50],"damage_taken":[{"damage":27,"enemies":"Jaw Worm","floor":2,"turns":4},{"damage":19,"enemies":"Small Slimes","floor":3,"turns":3},{"damage":19,"enemies":"Cultist","floor":5,"turns":3},{"damage":21,"enemies":"Lagavulin","floor":6,"turns":5},{"damage":6,"enemies":"2 Fungi Beasts","floor":9,"turns":4},{"damage":38,"enemies":"Gremlin Nob","floor":10,"turns":4},{"damage":19,"enemies":"downfall:FleeingMerchant","floor":12,"turns":4},{"damage":2,"enemies":"Red Slaver","floor":15,"turns":3},{"damage":29,"enemies":"downfall:Watcher","floor":16,"turns":5},{"damage":25,"enemies":"Chosen","floor":19,"turns":3},{"damage":6,"enemies":"Spheric Guardian","floor":23,"turns":3},{"damage":22,"enemies":"Snake Plant","floor":26,"turns":3},{"damage":33,"enemies":"Slavers","floor":31,"turns":4},{"damage":20,"enemies":"Centurion and Healer","floor":32,"turns":3},{"damage":33,"enemies":"downfall:Defect","floor":33,"turns":4},{"damage":25,"enemies":"3 Shapes","floor":36,"turns":3},{"damage":23,"enemies":"3 Darklings","floor":37,"turns":4},{"damage":10,"enemies":"3 Darklings","floor":38,"turns":3},{"damage":10,"enemies":"Sphere and 2 Shapes","floor":39,"turns":3},{"damage":8,"enemies":"Transient","floor":40,"turns":5},{"damage":29,"enemies":"downfall:FleeingMerchant","floor":43,"turns":3},{"damage":36,"enemies":"Giant Head","floor":45,"turns":4},{"damage":24,"enemies":"Reptomancer","floor":47,"turns":3},{"damage":6,"enemies":"4 Shapes","floor":48,"turns":3},{"damage":19,"enemies":"Sphere and 2 Shapes","floor":49,"turns":4},{"damage":23,"enemies":"downfall:Ironclad","floor":50,"turns":4}],"seed_played":"1584165171731091753","potions_obtained":[{"floor":2,"key":"Energy Potion"},{"floor":3,"key":"champ:CounterPotion"},{"floor":9,"key":"Strength Potion"},{"floor":14,"key":"SpeedPotion"},{"floor":16,"key":"DuplicationPotion"}],"is_trial":false,"path_per_floor":["R","M","M","?","M","E","T","?","M","E","R","$","R","?","M","B",null,"R","M","T","?","?","M","T","R","M","R","?","?","R","E","M","B",null,"R","M","M","?","M","M","T","R","$","R","E","?","E","M","M","B",null],"character_chosen":"SLIMEBOUND","items_purchased":["Slimebound:MegaLick","Slimebound:OozeBath","Slimebound:RallyTheTroops","Slimebound:HauntingLick","InkBottle","Nunchaku"],"campfire_rested":0,"item_purchase_floors":[12,43,43,43,43,43],"current_hp_per_floor":[60,54,56,61,65,65,65,65,65,46,46,50,50,50,54,54,65,65,63,63,63,63,63,63,63,49,49,49,38,38,28,33,33,70,70,70,63,70,70,70,70,70,70,80,80,80,68,80,80,80],"gold":174,"neow_bonus":"ONE_RANDOM_RARE_CARD","is_daily":false,"chose_seed":false,"campfire_upgraded":9,"win_rate":0.0,"timestamp":1610303319,"path_taken":["R","M","M","?","M","E","T","?","M","E","R","$","R","?","M","BOSS","R","M","?","?","?","?","T","R","M","R","?","?","R","E","M","BOSS","R","M","M","?","M","M","T","R","$","R","E","?","E","M","M","BOSS"],"items_purchased_type":["Card","Card","Card","Card","Relic","Relic"],"build_version":"2020-12-22","purchased_purges":1,"victory":true,"max_hp_per_floor":[60,60,60,65,65,65,65,65,65,65,65,65,65,65,65,65,65,65,65,65,65,65,65,65,65,65,65,65,70,70,70,70,70,70,70,70,70,70,70,70,70,70,70,80,80,80,80,80,80,80],"card_choices":[{"not_picked":["Slimebound:SlimeSpikes","Slimebound:Repurpose"],"picked":"Slimebound:RainOfGoop","floor":2},{"not_picked":["Slimebound:GoopSpray","Slimebound:ForwardTackle"],"picked":"Slimebound:FormOfPuddle","floor":3},{"not_picked":["Slimebound:GoopTackle","Slimebound:Gluttony"],"picked":"Slimebound:FormOfPuddle","floor":5},{"not_picked":["Slimebound:SplitSpecialist","Slimebound:RollThrough"],"picked":"Slimebound:AcidTongue","floor":6},{"not_picked":["Slimebound:Teamwork","Slimebound:SlimeBarrage"],"picked":"Slimebound:SlimeTap","floor":9},{"not_picked":["Slimebound:FlameTackle","Slimebound:Schlurp"],"picked":"Slimebound:HauntingLick","floor":10},{"not_picked":["Slimebound:MinionMaster","Slimebound:LeechingTouch"],"picked":"Slimebound:SlimeTap","floor":12},{"not_picked":["Slimebound:ViciousTackle","Slimebound:RollThrough"],"picked":"Slimebound:ItLooksTasty","floor":15},{"not_picked":["Slimebound:RallyTheTroops","Slimebound:Overexert"],"picked":"Slimebound:DouseInSlime","floor":16},{"not_picked":["Slimebound:SplitBruiser","Slimebound:GrowthPunch+1","Slimebound:GoopTackle"],"picked":"SKIP","floor":19},{"not_picked":["Slimebound:SlimeBrawl","Slimebound:Repurpose","Slimebound:AcidTongue+1"],"picked":"SKIP","floor":23},{"not_picked":["Slimebound:ComboTackle","Slimebound:SplitAcid+1"],"picked":"Slimebound:Dissolve","floor":26},{"not_picked":["Slimebound:FinishingTackle+1","Slimebound:SplitLeeching"],"picked":"Slimebound:SplitMire","floor":31},{"not_picked":["Slimebound:FormOfPuddle","Slimebound:Recycling"],"picked":"Slimebound:ItLooksTasty+1","floor":32},{"not_picked":["Slimebound:PrepareCrush","Slimebound:RallyTheTroops"],"picked":"Slimebound:SlimeSlap","floor":33},{"not_picked":["Slimebound:ViciousTackle+1","Slimebound:SamplingLick","Slimebound:PressTheAttack"],"picked":"SKIP","floor":36},{"not_picked":["Slimebound:SplitMire+1","Slimebound:HungryTackle+1"],"picked":"Slimebound:LeechEnergy+1","floor":37},{"not_picked":["Slimebound:LevelUp+1","Slimebound:ComboTackle+1","Slimebound:ViciousTackle"],"picked":"SKIP","floor":39},{"not_picked":["Slimebound:LevelUp","Slimebound:SplitLeeching+1","Slimebound:SlimeSpikes"],"picked":"SKIP","floor":40},{"not_picked":["Slimebound:Schlurp","Slimebound:Recollect","Slimebound:PressTheAttack"],"picked":"SKIP","floor":43},{"not_picked":["Slimebound:Chomp+1","Slimebound:ComboTackle","Slimebound:Nibble+1"],"picked":"SKIP","floor":45},{"not_picked":["Slimebound:ForwardTackle+1","Slimebound:SplitAcid+1"],"picked":"Slimebound:PrepareCrush","floor":47},{"not_picked":["Slimebound:GrowthPunch+1","Slimebound:Gluttony+1","Slimebound:SplitAcid+1"],"picked":"SKIP","floor":48},{"not_picked":["Slimebound:Chomp+1","Slimebound:SplitLeeching+1","Slimebound:LeechEnergy"],"picked":"SKIP","floor":49}],"player_experience":2480933,"relics_obtained":[{"floor":6,"key":"StrikeDummy"},{"floor":7,"key":"War Paint"},{"floor":10,"key":"Smiling Mask"},{"floor":20,"key":"Bag of Marbles"},{"floor":24,"key":"PreservedInsect"},{"floor":31,"key":"Tiny Chest"},{"floor":45,"key":"Toy Ornithopter"},{"floor":47,"key":"Darkstone Periapt"}],"event_choices":[{"damage_healed":0,"gold_gain":0,"player_choice":"Donut","damage_taken":0,"max_hp_gain":5,"max_hp_loss":0,"event_name":"Big Fish","floor":4,"gold_loss":0},{"damage_healed":0,"gold_gain":0,"player_choice":"Got Potions","damage_taken":0,"max_hp_gain":0,"max_hp_loss":0,"event_name":"Lab","floor":14,"gold_loss":0},{"damage_healed":0,"gold_gain":0,"player_choice":"Simplicity","damage_taken":0,"max_hp_gain":0,"max_hp_loss":0,"event_name":"Back to Basics","floor":21,"gold_loss":0,"cards_upgraded":["Slimebound:Strike_Slimebound","Slimebound:Strike_Slimebound","Slimebound:Strike_Slimebound","Slimebound:Defend_Slimebound","Slimebound:Defend_Slimebound","Slimebound:Defend_Slimebound"]}],"is_beta":false,"boss_relics":[{"not_picked":["Cursed Key","downfall:Hecktoplasm"],"picked":"Sozu"},{"not_picked":["Runic Dome","Coffee Dripper"],"picked":"Slimebound:AbsorbEndCombatUpgraded"}],"items_purged_floors":[12],"is_endless":false,"potions_floor_spawned":[2,3,9,16,19,26,31,33,37,39,47,48],"ascension_level":3}}