{"host":"irc1izoeqqttpzsx","time":1610276913,"event":{"mods":["2.2 Compatiblity","Act Like it!","Aspiration","Bard","BaseMod","Better Note","BetterRewards","Colored Map","Colored Powertips","Conspire","DeckTracker","Downfall","Duelist Mod","Filter the Spire","GifTheSpireLib","Hallownest","Highlight Path","Hubris","Infinite Spire","Jorbs\u0027s Wanderer Trilogy","Mad Scientist","Mimic Mod","Minty Spire (QoL Compilation)","Potionbrewer","Quick Restart","READ ME - Guardian Mod","Rare Cards Sparkle","Relic Sorter","Replay The Spire","Shop Mod","Spikes Relics","StSLib","SuperFastMode","The Bug Knight","The Construct","The Jungle","The Necromancer","The Servant 0.9.4","Trackpad","Uncapped"],"gold_per_floor":[15,15,15,303,303,336,356,356,356],"floor_reached":8,"playtime":361,"items_purged":["Strike_P"],"score":79,"play_id":"e7d56811-3186-4747-8ad6-a5bb71680afd","local_time":"20210110060833","is_ascension_mode":false,"campfire_choices":[],"circlet_count":0,"master_deck":["Strike_P","Strike_P","Strike_P","Defend_P+1","Defend_P","Defend_P+1","Defend_P","Eruption","Vigilance","Replay:LoomingThreat+1","Replay:BluntJabs","Wallop","Prostrate"],"relics":["PureWater","BargainBundle","Golden Idol","construct:RocketBooster","Happy Flower","MerchantsRug","HollowMod:StagPassRelic"],"acts_visited":["Exordium"],"potions_floor_usage":[8,8],"damage_taken":[{"damage":0,"enemies":"Cultist","floor":1,"turns":4},{"damage":14,"enemies":"Gremlin Nob","floor":6,"turns":4},{"damage":5,"enemies":"Small Slimes","floor":7,"turns":2},{"damage":39,"enemies":"3 Sentries","floor":8,"turns":9}],"seed_played":"6504025596352331154","potions_obtained":[{"floor":6,"key":"Regen Potion"}],"is_trial":false,"path_per_floor":["M","?","?","$","?","E","M","E"],"character_chosen":"WATCHER","items_purchased":["construct:RocketBooster","BargainBundle","DistilledChaos","construct:ShiftPotion","Happy Flower","MerchantsRug","Dexterity Potion"],"campfire_rested":0,"item_purchase_floors":[4,4,4,4,4,4,4],"current_hp_per_floor":[72,54,54,54,40,26,21,0,0],"gold":356,"neow_bonus":"THREE_RARE_CARDS","is_daily":false,"chose_seed":false,"campfire_upgraded":0,"win_rate":0.0,"timestamp":1610276913,"path_taken":["M","?","?","$","?","E","M","E"],"items_purchased_type":["Relic","Relic","Potion","Potion","Relic","Relic","Potion"],"build_version":"2020-12-22","purchased_purges":1,"victory":false,"max_hp_per_floor":[72,72,72,72,72,72,72,72,72],"card_choices":[{"not_picked":["ConjureBlade","Replay:AllIn"],"picked":"Replay:LoomingThreat","floor":0},{"not_picked":["Evaluate","SashWhip"],"picked":"Replay:BluntJabs","floor":1},{"not_picked":["Tantrum","Protect"],"picked":"Wallop","floor":6},{"not_picked":["JustLucky","Fasting2"],"picked":"Prostrate","floor":7}],"player_experience":595991,"relics_obtained":[{"floor":6,"key":"HollowMod:StagPassRelic"}],"event_choices":[{"damage_healed":0,"gold_gain":0,"player_choice":"Take Damage","damage_taken":18,"relics_obtained":["Golden Idol"],"max_hp_gain":0,"max_hp_loss":0,"event_name":"Golden Idol","floor":2,"gold_loss":0},{"damage_healed":0,"gold_gain":0,"player_choice":"Entered Light","damage_taken":14,"max_hp_gain":0,"max_hp_loss":0,"event_name":"Shining Light","floor":5,"gold_loss":0,"cards_upgraded":["Defend_P","Defend_P"]}],"is_beta":false,"boss_relics":[],"items_purged_floors":[4],"is_endless":false,"potions_floor_spawned":[6],"killed_by":"3 Sentries","ascension_level":0}}