{"host":"1a3cjta80tad0aqj","time":1610264732,"event":{"mods":["2.2 Compatiblity","AchievementEnabler","BaseMod","Colored Map","DeckTracker","KOR Keyword Fix","Keyboard Shortcuts","Minty Spire (QoL Compilation)","Permanent Neow","Quick Restart","Random Character Button","StSLib","SuperFastMode","everything is the same but u backflip on backflip"],"gold_per_floor":[217,234,251,201,216,216,216,245,245,275,285,128,128,147,147,243,243,253,153,68,68,68,68,93,93,93,104,104,115,115,148,148,250,250,265,265,615,626,641,641,652,671,671,671,671,671,671,691,691,691,691],"floor_reached":50,"playtime":2502,"items_purged":["Strike_R","Defend_R"],"score":494,"play_id":"6ed3b6f6-bf6e-470a-89cb-be38084ab655","local_time":"20210110164532","is_ascension_mode":true,"campfire_choices":[{"data":"Sword Boomerang","floor":6.0,"key":"SMITH"},{"floor":13.0,"key":"REST"},{"data":"Immolate","floor":15.0,"key":"SMITH"},{"data":"Uppercut","floor":23.0,"key":"SMITH"},{"data":"Entrench","floor":25.0,"key":"SMITH"},{"data":"Flame Barrier","floor":28.0,"key":"SMITH"},{"data":"Searing Blow","floor":30.0,"key":"SMITH"},{"data":"Searing Blow+1","floor":32.0,"key":"SMITH"},{"data":"Heavy Blade","floor":40.0,"key":"SMITH"},{"floor":44.0,"key":"REST"},{"floor":46.0,"key":"REST"},{"data":"Demon Form","floor":49.0,"key":"SMITH"}],"circlet_count":0,"master_deck":["Strike_R","Strike_R","Strike_R","Strike_R","Defend_R","Defend_R","Bash","Thunderclap","Flex","Sword Boomerang+1","Entrench+1","Immolate+1","Uppercut+1","Whirlwind+1","Battle Trance","Flex","Impervious","CurseOfTheBell","Pommel Strike+1","Flame Barrier+1","Shrug It Off+1","Searing Blow+2","Demon Form+1","Secret Technique","Dual Wield","Heavy Blade+1","Inflame"],"relics":["Burning Blood","Anchor","StrikeDummy","Ice Cream","Calling Bell","Orichalcum","Ornamental Fan","Charon\u0027s Ashes","MealTicket","The Courier","Peace Pipe","Red Mask","SacredBark","Old Coin","White Beast Statue"],"acts_visited":["Exordium","TheCity","TheBeyond"],"potions_floor_usage":[50,50],"damage_taken":[{"damage":15.0,"enemies":"Jaw Worm","floor":1.0,"turns":5.0},{"damage":0.0,"enemies":"Small Slimes","floor":2.0,"turns":3.0},{"damage":5.0,"enemies":"Cultist","floor":3.0,"turns":4.0},{"damage":9.0,"enemies":"2 Fungi Beasts","floor":5.0,"turns":3.0},{"damage":58.0,"enemies":"Gremlin Nob","floor":8.0,"turns":6.0},{"damage":4.0,"enemies":"3 Sentries","floor":10.0,"turns":5.0},{"damage":9.0,"enemies":"Blue Slaver","floor":11.0,"turns":4.0},{"damage":0.0,"enemies":"3 Louse","floor":14.0,"turns":1.0},{"damage":38.0,"enemies":"Slime Boss","floor":16.0,"turns":8.0},{"damage":4.0,"enemies":"Spheric Guardian","floor":18.0,"turns":3.0},{"damage":14.0,"enemies":"Gremlin Leader","floor":24.0,"turns":4.0},{"damage":4.0,"enemies":"Shell Parasite","floor":27.0,"turns":3.0},{"damage":16.0,"enemies":"Snake Plant","floor":29.0,"turns":2.0},{"damage":0.0,"enemies":"Masked Bandits","floor":31.0,"turns":2.0},{"damage":103.0,"enemies":"Collector","floor":33.0,"turns":15.0},{"damage":17.0,"enemies":"3 Darklings","floor":35.0,"turns":4.0},{"damage":13.0,"enemies":"Mind Bloom Boss Battle","floor":37.0,"turns":8.0},{"damage":11.0,"enemies":"Orb Walker","floor":38.0,"turns":4.0},{"damage":13.0,"enemies":"Spire Growth","floor":39.0,"turns":7.0},{"damage":12.0,"enemies":"3 Darklings","floor":41.0,"turns":3.0},{"damage":41.0,"enemies":"Maw","floor":42.0,"turns":9.0},{"damage":11.0,"enemies":"4 Shapes","floor":48.0,"turns":4.0},{"damage":86,"enemies":"Awakened One","floor":50,"turns":12}],"seed_played":"-3851940214201764703","potions_obtained":[{"floor":2.0,"key":"CultistPotion"},{"floor":5.0,"key":"Swift Potion"},{"floor":10.0,"key":"PowerPotion"},{"floor":14.0,"key":"SteroidPotion"},{"floor":27.0,"key":"FairyPotion"},{"floor":33.0,"key":"Block Potion"},{"floor":35.0,"key":"Regen Potion"},{"floor":38.0,"key":"Explosive Potion"},{"floor":42.0,"key":"Weak Potion"},{"floor":48.0,"key":"SneckoOil"}],"is_trial":false,"path_per_floor":["M","M","M","?","M","R","?","E","T","E","M","$","R","M","R","B",null,"M","$","?","$","?","R","E","R","T","M","R","M","R","?","R","B",null,"M","?","?","M","M","R","M","M","T","R","?","R","?","M","R","B"],"character_chosen":"IRONCLAD","items_purchased":["Battle Trance"],"campfire_rested":3,"item_purchase_floors":[12],"current_hp_per_floor":[71,77,78,78,75,75,75,23,23,25,22,22,46,52,52,20,80,80,80,80,80,80,80,72,72,72,74,74,64,64,70,70,8,80,69,69,80,75,68,68,62,27,27,51,51,73,73,68,68,0,0],"gold":691,"neow_bonus":"HUNDRED_GOLD","is_daily":false,"chose_seed":false,"campfire_upgraded":9,"win_rate":0.0,"timestamp":1610264732,"path_taken":["M","M","M","?","M","R","?","E","T","E","M","$","R","M","R","BOSS","M","$","?","$","?","R","E","R","T","M","R","?","R","?","R","BOSS","M","?","?","?","M","R","M","M","T","R","?","R","?","M","R","BOSS"],"items_purchased_type":["Card"],"build_version":"2020-12-22","purchased_purges":2,"victory":false,"max_hp_per_floor":[80,80,80,80,80,80,80,80,80,80,80,80,80,80,80,80,80,80,80,80,80,80,80,80,80,80,80,80,80,80,80,80,80,80,80,80,80,80,80,80,80,80,80,80,76,76,76,76,76,76,76],"card_choices":[{"not_picked":["Havoc","Headbutt"],"picked":"Thunderclap","floor":1.0},{"not_picked":["Clothesline","Pummel"],"picked":"Flex","floor":2.0},{"not_picked":["Dark Embrace","Headbutt"],"picked":"Sword Boomerang","floor":3.0},{"not_picked":["Headbutt","True Grit"],"picked":"Entrench","floor":5.0},{"not_picked":["Pummel","Whirlwind"],"picked":"Immolate","floor":8.0},{"not_picked":["Limit Break","Iron Wave"],"picked":"Uppercut","floor":10.0},{"not_picked":["Searing Blow","Metallicize"],"picked":"Whirlwind","floor":11.0},{"not_picked":["Clothesline","Sword Boomerang"],"picked":"Flex","floor":14.0},{"not_picked":["Juggernaut","Brutality"],"picked":"Impervious","floor":16.0},{"not_picked":["Disarm+1","Clothesline+1"],"picked":"Pommel Strike+1","floor":18.0},{"not_picked":["Bloodletting+1","Reckless Charge"],"picked":"Flame Barrier","floor":24.0},{"not_picked":["Cleave+1","Reckless Charge"],"picked":"Shrug It Off+1","floor":27.0},{"not_picked":["Pommel Strike","Anger"],"picked":"Searing Blow","floor":29.0},{"not_picked":["Impervious","Berserk"],"picked":"Demon Form","floor":33.0},{"not_picked":["Twin Strike","True Grit+1","Anger"],"picked":"SKIP","floor":35.0},{"not_picked":["Impatience","Apotheosis"],"picked":"Secret Technique","floor":36.0},{"not_picked":["Body Slam+1","Intimidate"],"picked":"Dual Wield","floor":38.0},{"not_picked":["Power Through","Seeing Red"],"picked":"Heavy Blade","floor":39.0},{"not_picked":["Clothesline+1","Armaments","Twin Strike"],"picked":"SKIP","floor":41.0},{"not_picked":["Pommel Strike","Reckless Charge+1","Perfected Strike"],"picked":"SKIP","floor":42.0},{"not_picked":["Blood for Blood","Brutality"],"picked":"Inflame","floor":48.0}],"player_experience":265959,"relics_obtained":[{"floor":8.0,"key":"Anchor"},{"floor":9.0,"key":"StrikeDummy"},{"floor":10.0,"key":"Ice Cream"},{"floor":17.0,"key":"Orichalcum"},{"floor":17.0,"key":"Ornamental Fan"},{"floor":17.0,"key":"Charon\u0027s Ashes"},{"floor":24.0,"key":"The Courier"},{"floor":26.0,"key":"Peace Pipe"},{"floor":31.0,"key":"Red Mask"},{"floor":37.0,"key":"Old Coin"},{"floor":43.0,"key":"White Beast Statue"}],"event_choices":[{"cards_removed":["Defend_R"],"damage_healed":0.0,"max_hp_gain":0.0,"max_hp_loss":0.0,"gold_gain":0.0,"event_name":"The Cleric","player_choice":"Card Removal","floor":4.0,"gold_loss":50.0,"damage_taken":0.0},{"damage_healed":0.0,"max_hp_gain":0.0,"max_hp_loss":0.0,"gold_gain":0.0,"event_name":"Liars Game","player_choice":"Ignored","floor":7.0,"gold_loss":0.0,"damage_taken":0.0},{"damage_healed":0.0,"max_hp_gain":0.0,"max_hp_loss":0.0,"gold_gain":0.0,"event_name":"Addict","player_choice":"Obtained Relic","floor":20.0,"gold_loss":85.0,"damage_taken":0.0,"relics_obtained":["MealTicket"]},{"damage_healed":0.0,"max_hp_gain":0.0,"max_hp_loss":0.0,"gold_gain":0.0,"event_name":"Upgrade Shrine","player_choice":"Upgraded","floor":22.0,"gold_loss":0.0,"damage_taken":0.0,"cards_upgraded":["Whirlwind"]},{"damage_healed":0.0,"max_hp_gain":0.0,"max_hp_loss":0.0,"gold_gain":0.0,"event_name":"Masked Bandits","player_choice":"Fought Bandits","floor":31.0,"gold_loss":0.0,"damage_taken":0.0},{"damage_healed":0.0,"max_hp_gain":0.0,"max_hp_loss":0.0,"gold_gain":0.0,"event_name":"SensoryStone","player_choice":"Memory 1","floor":36.0,"gold_loss":0.0,"damage_taken":0.0},{"damage_healed":0.0,"max_hp_gain":0.0,"max_hp_loss":0.0,"gold_gain":0.0,"event_name":"MindBloom","player_choice":"Fight","floor":37.0,"gold_loss":0.0,"damage_taken":0.0},{"damage_healed":0.0,"max_hp_gain":0.0,"max_hp_loss":4.0,"gold_gain":0.0,"event_name":"Winding Halls","player_choice":"Max HP","floor":45.0,"gold_loss":0.0,"damage_taken":0.0},{"damage_healed":0.0,"max_hp_gain":0.0,"max_hp_loss":0.0,"gold_gain":0.0,"event_name":"Mysterious Sphere","player_choice":"Ignored","floor":47.0,"gold_loss":0.0,"damage_taken":0.0}],"is_beta":false,"boss_relics":[{"not_picked":["Snecko Eye","Fusion Hammer"],"picked":"Calling Bell"},{"not_picked":["Runic Pyramid","Runic Dome"],"picked":"SacredBark"}],"items_purged_floors":[12,19],"is_endless":false,"potions_floor_spawned":[2,5,10,14,24,27,29,33,35,38,42,48],"killed_by":"Awakened One","ascension_level":1}}