{"host":"91kqwblrqvon3fcz","time":1610320999,"event":{"mods":["Act Like it!","BaseMod","Elementarium","Hermit","Minty Spire (QoL Compilation)","Quick Restart","StSLib"],"gold_per_floor":[114,79,79,147,147,147,175,213,213,253,253,253,253,272,272,401,401,430,430,459,373,396,396,195,195,218,114,158,158,206,224,224,352,352,381,381,381,409,444,480,14,14,14,62,62,97,139,176,188,212,224,236,72,110,122],"floor_reached":56,"playtime":2714,"items_purged":["hermit:Strike_Hermit","hermit:Strike_Hermit"],"score":1448,"play_id":"26c04c1b-66b9-4a23-9abd-4e793f56b6cf","local_time":"20210110152318","is_ascension_mode":true,"campfire_choices":[{"floor":6.0,"key":"RECALL"},{"floor":12.0,"key":"REST"},{"floor":15.0,"key":"REST"},{"data":"hermit:Adapt","floor":23.0,"key":"SMITH"},{"floor":32.0,"key":"REST"},{"floor":42.0,"key":"REST"},{"floor":49.0,"key":"REST"},{"data":"hermit:Dissolve","floor":52.0,"key":"SMITH"}],"circlet_count":0,"master_deck":["hermit:Strike_Hermit","hermit:Strike_Hermit","hermit:Defend_Hermit","hermit:Defend_Hermit+1","hermit:Defend_Hermit","hermit:Defend_Hermit","hermit:Snapshot+1","hermit:Covet","Injury","hermit:Scavenge","Dark Shackles","hermit:Adapt+1","hermit:Strike_Hermit+1","hermit:Determination","hermit:SprayPray","hermit:Combo+1","hermit:TakeAim","hermit:Ricochet+1","hermit:Determination","hermit:Dissolve+1","hermit:HoleUp+1","Elementarium:FireblessedBlade+1","Elementarium:WindblessedBlade+1","Elementarium:EarthblessedBlade+1","Elementarium:IceblessedBlade+1","Elementarium:VoidblessedBlade+1","hermit:CalledShot+1","hermit:Scavenge+1","hermit:Determination","hermit:CalledShot+1","hermit:Magnum+1","Pain","hermit:Combo+1","hermit:Dive+1","hermit:Reprieve+1","hermit:Maintenance+1","hermit:Maintenance+1","Decay","hermit:Determination+1","hermit:LoneWolf+1","Heavy Blade+1"],"relics":["hermit:Momento","Golden Idol","The Courier","Dream Catcher","Molten Egg 2","Runic Pyramid","Letter Opener","Singing Bowl","Toxic Egg 2","Whetstone","Elementarium:GolemsHeart","Smiling Mask","Elementarium:ElementariumTrophy","Cursed Key","Mercury Hourglass","Lee\u0027s Waffle","Lizard Tail","StrikeDummy","War Paint","MawBank","PrismaticShard","Akabeko"],"acts_visited":["Exordium","Elementarium:Elementarium","TheBeyond","TheEnding"],"potions_floor_usage":[],"damage_taken":[{"damage":7.0,"enemies":"Jaw Worm","floor":1.0,"turns":3.0},{"damage":0.0,"enemies":"Small Slimes","floor":7.0,"turns":4.0},{"damage":55.0,"enemies":"Gremlin Nob","floor":8.0,"turns":8.0},{"damage":17.0,"enemies":"3 Sentries","floor":10.0,"turns":11.0},{"damage":9.0,"enemies":"2 Louse","floor":14.0,"turns":2.0},{"damage":27.0,"enemies":"Hexaghost","floor":16.0,"turns":14.0},{"damage":34.0,"enemies":"Elementarium:2_ELEMENTALS","floor":18.0,"turns":7.0},{"damage":0.0,"enemies":"Elementarium:MUD_AND_TAR_GOLEMS","floor":20.0,"turns":7.0},{"damage":0.0,"enemies":"Elementarium:RubyGolem","floor":22.0,"turns":4.0},{"damage":24.0,"enemies":"Elementarium:ElementalPortal","floor":28.0,"turns":11.0},{"damage":10.0,"enemies":"Elementarium:WarGolem","floor":30.0,"turns":5.0},{"damage":0.0,"enemies":"Elementarium:3_ELEMENTALS","floor":31.0,"turns":3.0},{"damage":2.0,"enemies":"Elementarium:GoldenDragon","floor":33.0,"turns":10.0},{"damage":19.0,"enemies":"3 Darklings","floor":35.0,"turns":5.0},{"damage":10.0,"enemies":"3 Shapes","floor":38.0,"turns":7.0},{"damage":17.0,"enemies":"Transient","floor":39.0,"turns":5.0},{"damage":27.0,"enemies":"Reptomancer","floor":40.0,"turns":7.0},{"damage":0.0,"enemies":"Giant Head","floor":44.0,"turns":9.0},{"damage":0.0,"enemies":"4 Shapes","floor":46.0,"turns":7.0},{"damage":13.0,"enemies":"Nemesis","floor":47.0,"turns":9.0},{"damage":0.0,"enemies":"Maw","floor":48.0,"turns":6.0},{"damage":55.0,"enemies":"Awakened One","floor":50.0,"turns":14.0},{"damage":34.0,"enemies":"Shield and Spear","floor":54.0,"turns":4.0},{"damage":99,"enemies":"The Heart","floor":55,"turns":9}],"seed_played":"-3112379291679543467","potions_obtained":[{"floor":7.0,"key":"Weak Potion"},{"floor":14.0,"key":"hermit:Tonic"},{"floor":16.0,"key":"Regen Potion"},{"floor":18.0,"key":"Energy Potion"},{"floor":22.0,"key":"FearPotion"},{"floor":31.0,"key":"ColorlessPotion"},{"floor":33.0,"key":"SteroidPotion"},{"floor":39.0,"key":"Explosive Potion"},{"floor":40.0,"key":"Dexterity Potion"},{"floor":44.0,"key":"Weak Potion"},{"floor":46.0,"key":"hermit:Tonic"}],"is_trial":false,"path_per_floor":["M","?","?","?","?","R","M","E","T","E","?","R","?","M","R","B",null,"M","?","M","?","M","R","$","T","T","$","E","?","E","M","R","B",null,"M","?","$","M","M","E","$","R","T","E","?","M","E","M","R","B",null,"R","$","E","B",null],"character_chosen":"HERMIT","items_purchased":["Singing Bowl","hermit:Determination","hermit:CalledShot+1","Lee\u0027s Waffle","Lizard Tail","hermit:Maintenance+1","PrismaticShard"],"campfire_rested":5,"item_purchase_floors":[24,27,27,41,41,41,53],"current_hp_per_floor":[61,83,83,83,83,83,83,28,28,11,11,37,37,28,54,27,89,70,54,54,54,54,54,54,54,54,54,30,30,22,22,38,36,56,39,39,39,43,26,13,69,71,71,71,71,73,63,71,77,38,77,77,77,43,12],"gold":122,"neow_bonus":"TWENTY_PERCENT_HP_BONUS","is_daily":false,"chose_seed":false,"campfire_upgraded":2,"win_rate":0.0,"timestamp":1610320998,"path_taken":["M","?","?","?","?","R","?","E","T","E","?","R","?","M","R","BOSS","M","?","M","?","?","R","$","?","T","$","E","?","E","M","R","BOSS","M","?","$","?","M","E","?","R","T","E","?","M","E","M","R","BOSS","R","$","E","BOSS"],"items_purchased_type":["Relic","Card","Card","Relic","Relic","Card","Relic"],"build_version":"2020-12-22","purchased_purges":2,"victory":true,"max_hp_per_floor":[89,89,89,89,89,89,89,89,89,89,89,89,89,89,89,89,89,89,54,54,54,54,54,54,54,54,54,54,54,56,56,56,56,56,58,58,58,60,60,62,69,71,71,71,71,73,75,75,77,77,77,77,77,77,77],"card_choices":[{"not_picked":["hermit:Glare","hermit:Coalescence"],"picked":"hermit:Maintenance","floor":1.0},{"not_picked":["hermit:Ricochet","hermit:Snipe"],"picked":"hermit:Determination","floor":7.0},{"not_picked":["hermit:LoneWolf","hermit:Manifest"],"picked":"hermit:SprayPray","floor":8.0},{"not_picked":["hermit:NoHoldsBarred+1","hermit:Roulette+1"],"picked":"hermit:Combo","floor":10.0},{"not_picked":["hermit:SprayPray+1","hermit:Roulette+1"],"picked":"hermit:TakeAim","floor":12.0},{"not_picked":["hermit:LoneWolf","hermit:CalledShot+1"],"picked":"hermit:Ricochet+1","floor":14.0},{"not_picked":["hermit:WideOpen+1","hermit:Coalescence"],"picked":"hermit:Determination","floor":15.0},{"not_picked":["hermit:RoundhouseKick+1","hermit:OverwhelmingPower"],"picked":"hermit:Dissolve","floor":16.0},{"not_picked":["hermit:LuckOfTheDraw+1","hermit:Feint"],"picked":"hermit:HoleUp+1","floor":18.0},{"not_picked":["hermit:Roulette+1","hermit:Midnight"],"picked":"hermit:CalledShot+1","floor":20.0},{"not_picked":["hermit:Brawl","hermit:Ricochet+1"],"picked":"hermit:Scavenge","floor":22.0},{"not_picked":["hermit:SprayPray+1","hermit:GoldenBullet+1"],"picked":"hermit:Magnum+1","floor":28.0},{"not_picked":["hermit:Virtue+1","hermit:Feint+1","hermit:LuckOfTheDraw+1"],"picked":"Singing Bowl","floor":30.0},{"not_picked":["hermit:Ricochet+1","hermit:CalledShot+1"],"picked":"hermit:Combo+1","floor":31.0},{"not_picked":["hermit:Glare+1","hermit:Desperado+1"],"picked":"hermit:Dive+1","floor":32.0},{"not_picked":["hermit:FromBeyond+1","hermit:Adapt"],"picked":"hermit:Reprieve+1","floor":33.0},{"not_picked":["hermit:Dive+1","hermit:HoleUp+1","hermit:Enervate+1"],"picked":"Singing Bowl","floor":35.0},{"not_picked":["hermit:Coalescence+1","hermit:BodyArmor+1","hermit:Gambit+1"],"picked":"Singing Bowl","floor":38.0},{"not_picked":["hermit:Quickdraw+1","hermit:Determination+1"],"picked":"hermit:Maintenance+1","floor":39.0},{"not_picked":["hermit:Malice+1","hermit:ShadowCloak","hermit:HighCaliber+1"],"picked":"Singing Bowl","floor":40.0},{"not_picked":["hermit:Grudge+1","hermit:LowProfile+1","hermit:ItchyTrigger+1"],"picked":"Singing Bowl","floor":42.0},{"not_picked":["hermit:Feint+1","hermit:HighCaliber+1"],"picked":"hermit:Determination+1","floor":44.0},{"not_picked":["hermit:Combo","hermit:Manifest+1","hermit:Ricochet+1"],"picked":"Singing Bowl","floor":46.0},{"not_picked":["hermit:HighCaliber+1","hermit:Quickdraw+1","hermit:Roughhouse+1"],"picked":"Singing Bowl","floor":47.0},{"not_picked":["hermit:Brawl","hermit:Vantage+1"],"picked":"hermit:LoneWolf+1","floor":48.0},{"not_picked":["hermit:Vantage+1","hermit:HighCaliber+1","hermit:HoleUp+1"],"picked":"Singing Bowl","floor":49.0},{"not_picked":["Thunderclap+1","hermit:TrackingShot+1"],"picked":"Heavy Blade+1","floor":54.0}],"player_experience":409133,"relics_obtained":[{"floor":8.0,"key":"The Courier"},{"floor":9.0,"key":"Dream Catcher"},{"floor":10.0,"key":"Molten Egg 2"},{"floor":25.0,"key":"Toxic Egg 2"},{"floor":28.0,"key":"Whetstone"},{"floor":30.0,"key":"Smiling Mask"},{"floor":40.0,"key":"Mercury Hourglass"},{"floor":43.0,"key":"StrikeDummy"},{"floor":44.0,"key":"War Paint"},{"floor":47.0,"key":"MawBank"},{"floor":54.0,"key":"Akabeko"}],"event_choices":[{"damage_healed":22.0,"max_hp_gain":0.0,"max_hp_loss":0.0,"gold_gain":0.0,"event_name":"The Cleric","player_choice":"Healed","floor":2.0,"gold_loss":35.0,"damage_taken":0.0},{"damage_healed":0.0,"max_hp_gain":0.0,"max_hp_loss":0.0,"gold_gain":0.0,"event_name":"Golden Idol","player_choice":"Take Wound","floor":3.0,"gold_loss":0.0,"damage_taken":0.0,"relics_obtained":["Golden Idol"],"cards_obtained":["Injury"]},{"damage_healed":0.0,"max_hp_gain":0.0,"max_hp_loss":0.0,"gold_gain":68.0,"event_name":"Golden Wing","player_choice":"Gained Gold","floor":4.0,"gold_loss":0.0,"damage_taken":0.0},{"damage_healed":0.0,"max_hp_gain":0.0,"max_hp_loss":0.0,"gold_gain":0.0,"event_name":"Match and Keep!","player_choice":"4 cards matched","floor":5.0,"gold_loss":0.0,"damage_taken":0.0,"cards_obtained":["hermit:Scavenge","Dark Shackles","hermit:Adapt","hermit:Strike_Hermit"]},{"damage_healed":0.0,"max_hp_gain":0.0,"max_hp_loss":0.0,"gold_gain":0.0,"event_name":"Shining Light","player_choice":"Ignored","floor":11.0,"gold_loss":0.0,"damage_taken":0.0},{"damage_healed":0.0,"max_hp_gain":0.0,"max_hp_loss":0.0,"gold_gain":0.0,"event_name":"Living Wall","player_choice":"Grow","floor":13.0,"gold_loss":0.0,"damage_taken":0.0,"cards_upgraded":["hermit:Maintenance"]},{"damage_healed":0.0,"max_hp_gain":0.0,"max_hp_loss":35.0,"gold_gain":0.0,"event_name":"Elementarium:ElementalBlades","player_choice":"Touch","floor":19.0,"gold_loss":0.0,"damage_taken":0.0,"cards_obtained":["Elementarium:FireblessedBlade","Elementarium:WindblessedBlade","Elementarium:EarthblessedBlade","Elementarium:IceblessedBlade","Elementarium:VoidblessedBlade"]},{"damage_healed":0.0,"max_hp_gain":0.0,"max_hp_loss":0.0,"gold_gain":0.0,"event_name":"Elementarium:ShatteredPortal","player_choice":"Gold","floor":21.0,"gold_loss":86.0,"damage_taken":0.0,"relics_obtained":["Letter Opener"]},{"damage_healed":0.0,"max_hp_gain":0.0,"max_hp_loss":0.0,"gold_gain":0.0,"event_name":"Elementarium:AbandonedFactory","player_choice":"Chest","floor":29.0,"gold_loss":0.0,"damage_taken":0.0,"relics_obtained":["Elementarium:GolemsHeart"],"cards_obtained":["Pain"]},{"damage_healed":0.0,"max_hp_gain":0.0,"max_hp_loss":0.0,"gold_gain":0.0,"event_name":"Upgrade Shrine","player_choice":"Upgraded","floor":36.0,"gold_loss":0.0,"damage_taken":0.0,"cards_upgraded":["hermit:Combo"]},{"cards_removed":["hermit:Maintenance"],"damage_healed":0.0,"max_hp_gain":0.0,"max_hp_loss":0.0,"gold_gain":0.0,"event_name":"Falling","player_choice":"Removed Skill","floor":45.0,"gold_loss":0.0,"damage_taken":0.0}],"is_beta":false,"boss_relics":[{"not_picked":["Tiny House","SlaversCollar"],"picked":"Runic Pyramid"},{"not_picked":["Busted Crown","Runic Dome"],"picked":"Cursed Key"}],"items_purged_floors":[41,53],"is_endless":false,"potions_floor_spawned":[7,14,16,18,22,31,33,39,40,44,46],"ascension_level":2}}