{"host":"rolltorest","time":1610253231,"event":{"mods":["BaseMod","Minty Spire (QoL Compilation)","Relic Stats","Robot Space Explorer","Slay the Relics Exporter","StSLib"],"gold_per_floor":[113,33,43,43,57,93,93,129,129,129,129,167,201,244,244,340,340,354,354,44,67,91,124,124,158,170,217,229,275,308,370,382,484,496,523,553,315,315,329,329,329],"floor_reached":40,"playtime":1704,"items_purged":["RobotSpaceExplorer:RigExplosive"],"score":1250,"play_id":"ec4fc2d9-9d0d-4927-8098-9df1ffedd32d","local_time":"20210109203351","is_ascension_mode":true,"campfire_choices":[{"data":"RobotSpaceExplorer:Asteroid","floor":7,"key":"SMITH"},{"data":"RobotSpaceExplorer:Fix","floor":10,"key":"SMITH"},{"data":"RobotSpaceExplorer:Blitz","floor":15,"key":"SMITH"},{"data":"RobotSpaceExplorer:TurboDodge","floor":24,"key":"SMITH"},{"floor":28,"key":"REST"},{"data":"RobotSpaceExplorer:DoubleFind","floor":32,"key":"SMITH"}],"circlet_count":0,"master_deck":["AscendersBane","RobotSpaceExplorer:Scan","RobotSpaceExplorer:MiniLasers","RobotSpaceExplorer:DoubleFind+1","RobotSpaceExplorer:StarLightning","RobotSpaceExplorer:BlastShield","RobotSpaceExplorer:Electropulse","RobotSpaceExplorer:Multitool+1","RobotSpaceExplorer:Scanner","RobotSpaceExplorer:GlueSpray","RobotSpaceExplorer:Asteroid+1","RobotSpaceExplorer:IronShell","RobotSpaceExplorer:ScrapShield","RobotSpaceExplorer:ScrapMissile","RobotSpaceExplorer:Blitz+1","RobotSpaceExplorer:Fix+1","RobotSpaceExplorer:FrostMissile","RobotSpaceExplorer:Comet","RobotSpaceExplorer:PlasmaMissile","RobotSpaceExplorer:HighVoltage","RobotSpaceExplorer:TurboDodge+1","RobotSpaceExplorer:Pulsar+1","RobotSpaceExplorer:ShockMissile","RobotSpaceExplorer:Counterblock+1","RobotSpaceExplorer:Blaster","RobotSpaceExplorer:GearShield"],"relics":["Pandora\u0027s Box","Golden Idol","Darkstone Periapt","WingedGreaves","Bird Faced Urn","Pocketwatch","Unceasing Top","Blood Vial","Runic Dome","Bronze Scales","Art of War","MawBank","Lantern","Oddly Smooth Stone","Dream Catcher","RobotSpaceExplorer:SearchSpecs"],"acts_visited":["Exordium","TheCity","TheBeyond"],"potions_floor_usage":[13,13,14,16,18,21,22,22,23,25,25,40],"damage_taken":[{"damage":6,"enemies":"Cultist","floor":1,"turns":3},{"damage":0,"enemies":"Jaw Worm","floor":3,"turns":3},{"damage":3,"enemies":"Small Slimes","floor":5,"turns":3},{"damage":0,"enemies":"Lagavulin","floor":6,"turns":7},{"damage":9,"enemies":"3 Sentries","floor":8,"turns":4},{"damage":0,"enemies":"Lagavulin","floor":12,"turns":7},{"damage":0,"enemies":"Gremlin Nob","floor":13,"turns":3},{"damage":2,"enemies":"Lagavulin","floor":14,"turns":5},{"damage":0,"enemies":"The Guardian","floor":16,"turns":13},{"damage":13,"enemies":"3 Byrds","floor":18,"turns":4},{"damage":0,"enemies":"Shell Parasite","floor":21,"turns":4},{"damage":12,"enemies":"Centurion and Healer","floor":22,"turns":5},{"damage":19,"enemies":"Book of Stabbing","floor":23,"turns":6},{"damage":33,"enemies":"Slavers","floor":25,"turns":6},{"damage":12,"enemies":"Gremlin Leader","floor":27,"turns":5},{"damage":14,"enemies":"Slavers","floor":29,"turns":5},{"damage":0,"enemies":"Snake Plant","floor":30,"turns":3},{"damage":30,"enemies":"Automaton","floor":33,"turns":8},{"damage":0,"enemies":"Orb Walker","floor":35,"turns":3},{"damage":14,"enemies":"3 Shapes","floor":36,"turns":3},{"damage":24,"enemies":"Jaw Worm Horde","floor":39,"turns":5},{"damage":58,"enemies":"Giant Head","floor":40,"turns":9}],"seed_played":"-3917655714480122991","potions_obtained":[{"floor":1,"key":"ColorlessPotion"},{"floor":5,"key":"GamblersBrew"},{"floor":6,"key":"AttackPotion"},{"floor":13,"key":"EssenceOfSteel"},{"floor":22,"key":"Fire Potion"},{"floor":33,"key":"DuplicationPotion"}],"is_trial":false,"path_per_floor":["M","$","M","?","M","E","R","E","T","R","?","E","E","E","R","B",null,"M","?","$","M","M","E","R","E","T","E","R","E","M","?","R","B",null,"M","M","$","?","M","E"],"character_chosen":"RobotSpaceExplorer","items_purchased":["RobotSpaceExplorer:IronShell","Bronze Scales","RobotSpaceExplorer:HighVoltage","RobotSpaceExplorer:Blaster"],"campfire_rested":1,"item_purchase_floors":[2,20,20,37],"current_hp_per_floor":[58,58,58,58,55,55,55,46,46,46,46,58,64,62,62,64,64,61,61,61,64,54,47,47,26,26,26,45,43,53,53,53,36,57,63,50,50,50,30,0,0],"gold":329,"neow_bonus":"BOSS_RELIC","is_daily":false,"chose_seed":false,"campfire_upgraded":5,"win_rate":0.0,"timestamp":1610253231,"path_taken":["M","?","?","?","M","E","R","E","T","R","?","E","E","E","R","BOSS","M","?","$","?","M","E","R","E","T","E","R","E","M","?","R","BOSS","M","?","$","?","M","E"],"items_purchased_type":["Card","Relic","Card","Card"],"build_version":"2020-12-18","purchased_purges":1,"victory":false,"max_hp_per_floor":[71,71,71,64,64,64,64,64,64,64,64,64,64,64,64,64,64,64,64,64,64,64,64,64,64,64,64,64,64,64,64,64,64,64,64,64,64,64,64,64,64],"relic_stats":{"Darkstone Periapt":0,"counters":[22,114],"Golden Idol":133,"MawBank":144,"Blood Vial":23,"Dream Catcher":0,"Bird Faced Urn":[48],"Bronze Scales":[216],"Pandora\u0027s Box":["RobotSpaceExplorer:DoubleFind","RobotSpaceExplorer:StarLightning","RobotSpaceExplorer:BlastShield","RobotSpaceExplorer:Electropulse","RobotSpaceExplorer:Multitool","RobotSpaceExplorer:Scanner","RobotSpaceExplorer:GlueSpray","RobotSpaceExplorer:Asteroid"],"Art of War":[3],"obtain_stats":[{"Darkstone Periapt":6,"Lantern":26,"Golden Idol":4,"Oddly Smooth Stone":27,"RobotSpaceExplorer:RoboCore":0,"MawBank":25,"Blood Vial":14,"Runic Dome":17,"Dream Catcher":29,"Bird Faced Urn":9,"Bronze Scales":20,"Pandora\u0027s Box":0,"WingedGreaves":8,"Art of War":23,"RobotSpaceExplorer:SearchSpecs":34,"Unceasing Top":13,"Pocketwatch":12},{"Darkstone Periapt":4,"Lantern":14,"Golden Idol":2,"Oddly Smooth Stone":15,"RobotSpaceExplorer:RoboCore":0,"MawBank":14,"Blood Vial":8,"Runic Dome":9,"Dream Catcher":16,"Bird Faced Urn":5,"Bronze Scales":10,"Pandora\u0027s Box":0,"WingedGreaves":5,"Art of War":13,"RobotSpaceExplorer:SearchSpecs":18,"Unceasing Top":7,"Pocketwatch":6},{"Darkstone Periapt":16,"Lantern":73,"Golden Idol":6,"Oddly Smooth Stone":78,"RobotSpaceExplorer:RoboCore":0,"MawBank":73,"Blood Vial":35,"Runic Dome":48,"Dream Catcher":83,"Bird Faced Urn":20,"Bronze Scales":52,"Pandora\u0027s Box":0,"WingedGreaves":20,"Art of War":67,"RobotSpaceExplorer:SearchSpecs":94,"Unceasing Top":30,"Pocketwatch":27}],"Unceasing Top":[1],"Pocketwatch":[99]},"card_choices":[{"not_picked":["RobotSpaceExplorer:Ammunition","RobotSpaceExplorer:ImprovisedAttack"],"picked":"RobotSpaceExplorer:LuckyStrike","floor":1},{"not_picked":["RobotSpaceExplorer:Ammunition","RobotSpaceExplorer:SwiftStep"],"picked":"RobotSpaceExplorer:ScrapShield","floor":3},{"not_picked":["RobotSpaceExplorer:PowerCollector","RobotSpaceExplorer:Electroshield"],"picked":"RobotSpaceExplorer:ScrapMissile","floor":5},{"not_picked":["RobotSpaceExplorer:MakeshiftVolley","RobotSpaceExplorer:Probe"],"picked":"RobotSpaceExplorer:Blitz","floor":6},{"not_picked":["RobotSpaceExplorer:Pulsar","RobotSpaceExplorer:StunGrenade"],"picked":"RobotSpaceExplorer:Fix","floor":8},{"not_picked":["RobotSpaceExplorer:GlueShot","RobotSpaceExplorer:ShovelStrike"],"picked":"RobotSpaceExplorer:RigExplosive","floor":12},{"not_picked":["RobotSpaceExplorer:SurgingStrike","RobotSpaceExplorer:Probe","RobotSpaceExplorer:Ammunition"],"picked":"SKIP","floor":13},{"not_picked":["RobotSpaceExplorer:ShockKick","RobotSpaceExplorer:ShovelStrike"],"picked":"RobotSpaceExplorer:FrostMissile","floor":14},{"not_picked":["RobotSpaceExplorer:Blaster","RobotSpaceExplorer:BlastShield"],"picked":"RobotSpaceExplorer:Comet","floor":16},{"not_picked":["RobotSpaceExplorer:SlimeMissile","RobotSpaceExplorer:ScrapMissile","RobotSpaceExplorer:SurgingStrike"],"picked":"SKIP","floor":18},{"not_picked":["RobotSpaceExplorer:SurgingStrike","RobotSpaceExplorer:Counterblock","RobotSpaceExplorer:StunGrenade"],"picked":"SKIP","floor":21},{"not_picked":["RobotSpaceExplorer:LaserBurst+1","RobotSpaceExplorer:ToxicBomb","RobotSpaceExplorer:FrostMissile"],"picked":"SKIP","floor":22},{"not_picked":["RobotSpaceExplorer:SlimeMissile","RobotSpaceExplorer:FreezeRay"],"picked":"RobotSpaceExplorer:TurboDodge","floor":23},{"not_picked":["RobotSpaceExplorer:Pulsar","RobotSpaceExplorer:ShockKick","RobotSpaceExplorer:MakeshiftVolley"],"picked":"SKIP","floor":25},{"not_picked":["RobotSpaceExplorer:Probe+1","RobotSpaceExplorer:Electropulse"],"picked":"RobotSpaceExplorer:Pulsar+1","floor":27},{"not_picked":["RobotSpaceExplorer:ScrapMissile","RobotSpaceExplorer:MakeshiftVolley","RobotSpaceExplorer:Scanner"],"picked":"SKIP","floor":29},{"not_picked":["RobotSpaceExplorer:GlueShot","RobotSpaceExplorer:SlimeMissile","RobotSpaceExplorer:SurgingStrike"],"picked":"SKIP","floor":30},{"not_picked":["RobotSpaceExplorer:DroneSwarm","RobotSpaceExplorer:Arsenal"],"picked":"RobotSpaceExplorer:ShockMissile","floor":33},{"not_picked":["RobotSpaceExplorer:SurgingShield","RobotSpaceExplorer:MiniDrones"],"picked":"RobotSpaceExplorer:Counterblock+1","floor":35},{"not_picked":["RobotSpaceExplorer:SurgingStrike","RobotSpaceExplorer:StunGrenade","RobotSpaceExplorer:DroneSwarm"],"picked":"SKIP","floor":36},{"not_picked":["RobotSpaceExplorer:ImprovisedAttack","RobotSpaceExplorer:SurgingShield"],"picked":"RobotSpaceExplorer:GearShield","floor":39}],"player_experience":1827599,"relics_obtained":[{"floor":6,"key":"Darkstone Periapt"},{"floor":8,"key":"WingedGreaves"},{"floor":9,"key":"Bird Faced Urn"},{"floor":12,"key":"Pocketwatch"},{"floor":13,"key":"Unceasing Top"},{"floor":14,"key":"Blood Vial"},{"floor":23,"key":"Art of War"},{"floor":25,"key":"MawBank"},{"floor":26,"key":"Lantern"},{"floor":27,"key":"Oddly Smooth Stone"},{"floor":29,"key":"Dream Catcher"}],"event_choices":[{"damage_healed":0,"gold_gain":0,"player_choice":"Lose Max HP","damage_taken":0,"relics_obtained":["Golden Idol"],"max_hp_gain":0,"max_hp_loss":7,"event_name":"Golden Idol","floor":4,"gold_loss":0},{"damage_healed":0,"gold_gain":0,"player_choice":"Grow","damage_taken":0,"max_hp_gain":0,"max_hp_loss":0,"event_name":"Living Wall","floor":11,"gold_loss":0,"cards_upgraded":["RobotSpaceExplorer:Multitool"]},{"damage_healed":0,"gold_gain":0,"cards_transformed":["RobotSpaceExplorer:LuckyStrike"],"player_choice":"Transformed","damage_taken":0,"max_hp_gain":0,"max_hp_loss":0,"event_name":"Transmorgrifier","floor":19,"gold_loss":0,"cards_obtained":["RobotSpaceExplorer:PlasmaMissile"]},{"damage_healed":0,"gold_gain":50,"player_choice":"Pray","damage_taken":0,"max_hp_gain":0,"max_hp_loss":0,"event_name":"Golden Shrine","floor":31,"gold_loss":0},{"damage_healed":0,"gold_gain":0,"player_choice":"Ignored","damage_taken":0,"max_hp_gain":0,"max_hp_loss":0,"event_name":"Mysterious Sphere","floor":38,"gold_loss":0}],"is_beta":true,"boss_relics":[{"not_picked":["Busted Crown","Coffee Dripper"],"picked":"Runic Dome"},{"not_picked":["Cursed Key","Philosopher\u0027s Stone"],"picked":"RobotSpaceExplorer:SearchSpecs"}],"items_purged_floors":[37],"is_endless":false,"potions_floor_spawned":[1,5,6,13,14,21,22,23,33,39],"killed_by":"Giant Head","ascension_level":20}}