{"host":"ul7yvwhigba0nw36","time":1610293484,"event":{"mods":["AchievementEnabler","Act Like it!","Aspiration","BaseMod","Colored Map","Colored Powertips","Downfall","Gensokyo","Hermit","Highlight Path","Hubris","Infinite Spire","Minty Spire (QoL Compilation)","Random Character Button","Replay The Spire","StSLib","The Construct","The Cursed","The Disciple","The Necromancer"],"gold_per_floor":[114,114,148,0,14,40,60,90,90,90,108,108,108],"floor_reached":12,"playtime":865,"items_purged":["hermit:Strike_Hermit"],"score":98,"play_id":"2efd3904-f01a-43b2-afc0-f29ae728caed","local_time":"20210110154444","is_ascension_mode":false,"campfire_choices":[{"data":"Burst","floor":10,"key":"SMITH"}],"circlet_count":0,"master_deck":["hermit:Strike_Hermit+1","hermit:Strike_Hermit","hermit:Strike_Hermit","hermit:Defend_Hermit","hermit:Defend_Hermit","hermit:Defend_Hermit","hermit:Defend_Hermit","hermit:Snapshot","hermit:Covet","White Noise","hermit:Quickdraw+1","hermit:GoldenBullet","hermit:GoldenBullet","Burst+1","hermit:WideOpen","hermit:Ricochet","hermit:Snipe"],"relics":["hermit:Momento","aspiration:Nostalgia","m_SnakeBloodCore","Letter Opener","ReplayFunnel","Whetstone","Garlic"],"acts_visited":["Exordium"],"potions_floor_usage":[6,12,12],"damage_taken":[{"damage":2,"enemies":"Gensokyo:2_Kodama","floor":1,"turns":5},{"damage":15,"enemies":"Gensokyo:Mamizou","floor":3,"turns":9},{"damage":0,"enemies":"Gensokyo:3_Fairies","floor":5,"turns":4},{"damage":13,"enemies":"Gensokyo:Aya","floor":6,"turns":7},{"damage":4,"enemies":"Gensokyo:Gryphon","floor":7,"turns":4},{"damage":15,"enemies":"Gensokyo:Mamizou","floor":8,"turns":7},{"damage":9,"enemies":"Gensokyo:CorruptedTreant","floor":11,"turns":3},{"damage":42,"enemies":"Gensokyo:Cirno","floor":12,"turns":10}],"seed_played":"-4549907690763458566","potions_obtained":[{"floor":3,"key":"SkillPotion"},{"floor":5,"key":"champ:CounterPotion"},{"floor":6,"key":"Weak Potion"},{"floor":8,"key":"sneckomod:MuddlingPotion"}],"is_trial":false,"path_per_floor":["M","?","?","$","M","E","M","E","T","R","M","E"],"character_chosen":"HERMIT","items_purchased":["hermit:GoldenBullet"],"campfire_rested":0,"item_purchase_floors":[4],"current_hp_per_floor":[75,75,63,63,66,56,55,43,43,43,37,0,0],"gold":108,"neow_bonus":"NOSTALGIA","is_daily":false,"chose_seed":false,"campfire_upgraded":1,"win_rate":0.0,"timestamp":1610293484,"path_taken":["M","?","?","?","M","E","?","E","T","R","M","E"],"items_purchased_type":["Card"],"build_version":"2020-12-22","purchased_purges":1,"victory":false,"max_hp_per_floor":[75,75,75,75,75,75,75,75,75,75,75,75,75],"card_choices":[{"not_picked":["hermit:Ricochet","hermit:Midnight"],"picked":"White Noise","floor":1},{"not_picked":["hermit:CalledShot","hermit:Feint"],"picked":"hermit:Quickdraw","floor":3},{"not_picked":["hermit:FullyLoaded","hermit:HighCaliber"],"picked":"hermit:GoldenBullet","floor":5},{"not_picked":["White Noise","ReplayTheSpireMod:LeadingStrike"],"picked":"Burst","floor":6},{"not_picked":["Reprogram","ReplayTheSpireMod:GoodbyeWorld"],"picked":"hermit:WideOpen","floor":7},{"not_picked":["Havoc","hermit:Dive"],"picked":"hermit:Ricochet","floor":8},{"not_picked":["Perfected Strike","hermit:LowProfile"],"picked":"hermit:Snipe","floor":11}],"player_experience":438586,"relics_obtained":[{"floor":3,"key":"Letter Opener"},{"floor":6,"key":"ReplayFunnel"},{"floor":8,"key":"Whetstone"},{"floor":9,"key":"Garlic"}],"event_choices":[],"is_beta":false,"boss_relics":[],"items_purged_floors":[4],"is_endless":false,"potions_floor_spawned":[3,5,6,8],"killed_by":"Gensokyo:Cirno","ascension_level":0}}