{"host":"zyn2zcp8fez1ptuq","time":1610307300,"event":{"mods":["BaseMod","BetterRewards","Downfall","Hermit","Hubris","Infinite Spire","Minty Spire (QoL Compilation)","Replay The Spire","Robot Space Explorer","Shade Mod","Shop Mod","StSLib","The Animator","The Cursed","The Jungle","The Marked","The Necromancer"],"gold_per_floor":[116,139,149,160,172,172,122,122,146,159,177,203,13,28,28,126,126,142,162,182,182,197,197,214,214,214,214,214],"floor_reached":27,"playtime":2211,"items_purged":["theMarked:Strike"],"score":219,"play_id":"db557336-10fa-47a7-a838-e38b4bbe6912","local_time":"20210110143500","is_ascension_mode":false,"campfire_choices":[{"data":"theMarked:EmpowerWeapon","floor":6,"key":"SMITH"},{"data":"theMarked:EmpowerWeapon","floor":8,"key":"SMITH"},{"data":"theMarked:EternalStudent","floor":15,"key":"SMITH"},{"floor":23,"key":"REST"}],"circlet_count":0,"master_deck":["theMarked:Strike","theMarked:Strike","theMarked:Strike","theMarked:Defend","theMarked:Defend","theMarked:Defend","theMarked:Defend","theMarked:SoldierOfQuellstein","theMarked:MysticalArsenal","theMarked:EmpowerWeapon+1","theMarked:EmpowerWeapon+1","theMarked:BanishingStrike","theMarked:ResourceFulStrike","theMarked:ComboAttacks","theMarked:ElectricStrings","theMarked:Opportunist","theMarked:Electrocute","theMarked:HeightenedSenses","theMarked:Electrify","theMarked:AttractMetal","Pot Of Greed","Pot Of Greed","theMarked:EternalStudent","theMarked:EternalStudent+1","theMarked:HeritageOfTheMarked","Pot Of Greed","theMarked:SummonStrength+1","theMarked:Abjuration","theMarked:SelfDefenseTraining","theMarked:WardOff","theMarked:WastefulDefense","theMarked:Opportunist+1","theMarked:ChainLightning","infinitespire:UltimateForm"],"relics":["theMarked:ArtifactOfAir","Mango","Replay:Rubber Ducky","Bronze Scales","Pen Nib","Grinning Jar","hubris:HollowSoul","Replay:Wax Seal"],"acts_visited":["Exordium","TheCity"],"potions_floor_usage":[4,5,12,14,24,27],"damage_taken":[{"damage":1,"enemies":"Cultist","floor":1,"turns":3},{"damage":0,"enemies":"Small Slimes","floor":3,"turns":3},{"damage":3,"enemies":"Jaw Worm","floor":4,"turns":3},{"damage":0,"enemies":"Lots of Slimes","floor":5,"turns":4},{"damage":11,"enemies":"3 Louse","floor":10,"turns":2},{"damage":3,"enemies":"2 Fungi Beasts","floor":11,"turns":3},{"damage":4,"enemies":"Gremlin Nob","floor":12,"turns":3},{"damage":11,"enemies":"Exordium Thugs","floor":14,"turns":3},{"damage":40,"enemies":"The Guardian","floor":16,"turns":9},{"damage":19,"enemies":"Spheric Guardian","floor":18,"turns":6},{"damage":21,"enemies":"Shell Parasite","floor":19,"turns":6},{"damage":18,"enemies":"Cultist and Chosen","floor":20,"turns":6},{"damage":6,"enemies":"Snecko","floor":22,"turns":4},{"damage":20,"enemies":"Snake Plant","floor":24,"turns":3},{"damage":21,"enemies":"Nightmare","floor":27,"turns":3}],"seed_played":"6785870979213484751","potions_obtained":[{"floor":1,"key":"Energy Potion"},{"floor":4,"key":"DistilledChaos"},{"floor":11,"key":"Adrenaline Potion"},{"floor":12,"key":"champ:CounterPotion"},{"floor":20,"key":"champ:CounterPotion"},{"floor":24,"key":"EssenceOfSteel"}],"is_trial":false,"path_per_floor":["M","T","M","M","M","R","?","R","T","M","M","E","$","M","R","B",null,"M","M","M","?","M","R","M","AVR","T","NM"],"character_chosen":"THE_DEFAULT","items_purchased":["Mango","Replay:Rubber Ducky","theMarked:MysticalArsenal","theMarked:EmpowerWeapon","theMarked:BanishingStrike","theMarked:ResourceFulStrike","theMarked:EternalStudent","theMarked:HeritageOfTheMarked"],"campfire_rested":1,"item_purchase_floors":[0,0,0,0,0,0,13,13],"current_hp_per_floor":[76,76,76,73,73,73,73,73,73,62,59,55,55,44,44,4,84,65,44,26,26,20,45,25,25,25,0,0],"gold":214,"neow_bonus":"","is_daily":false,"chose_seed":false,"campfire_upgraded":3,"win_rate":0.0,"timestamp":1610307300,"path_taken":["M","?","M","M","M","R","?","R","T","M","M","E","$","M","R","BOSS","M","M","M","?","M","R","M","AVR","T","NM"],"items_purchased_type":["Relic","Relic","Card","Card","Card","Card","Card","Card"],"build_version":"2020-12-22","purchased_purges":1,"victory":false,"max_hp_per_floor":[84,84,84,84,84,84,84,84,84,84,84,84,84,84,84,84,84,84,84,84,84,84,84,84,84,84,84,84],"card_choices":[{"not_picked":["theMarked:Seal","theMarked:TwofoldDefense"],"picked":"theMarked:ComboAttacks","floor":1},{"not_picked":["theMarked:Generate","theMarked:TunnelVision"],"picked":"theMarked:ElectricStrings","floor":3},{"not_picked":["theMarked:ElectricStrings","theMarked:TwofoldDefense"],"picked":"theMarked:Opportunist","floor":4},{"not_picked":["theMarked:ResourceFulStrike","theMarked:HeightenedSenses"],"picked":"theMarked:Electrocute","floor":5},{"not_picked":["theMarked:TwofoldDefense","theMarked:Frustration"],"picked":"theMarked:HeightenedSenses","floor":10},{"not_picked":["theMarked:WastefulAttack","theMarked:Parkour"],"picked":"theMarked:Electrify","floor":11},{"not_picked":["theMarked:Seal","theMarked:TwofoldDefense"],"picked":"theMarked:AttractMetal","floor":12},{"not_picked":["theMarked:SwordAndMagic","theMarked:ElectricStrings"],"picked":"theMarked:SummonStrength","floor":14},{"not_picked":["theMarked:Vacuum","theMarked:TurnInvisible"],"picked":"theMarked:Abjuration","floor":16},{"not_picked":["theMarked:TwofoldDefense","theMarked:MysticalArsenal+1"],"picked":"theMarked:SelfDefenseTraining","floor":18},{"not_picked":["theMarked:HeightenedSenses","theMarked:Frustration"],"picked":"theMarked:WardOff","floor":19},{"not_picked":["theMarked:Static+1","theMarked:TunnelVision+1"],"picked":"theMarked:WastefulDefense","floor":20},{"not_picked":["theMarked:Static+1","theMarked:ComboAttacks+1"],"picked":"theMarked:Opportunist+1","floor":22},{"not_picked":["theMarked:ContemptForTheProud","theMarked:MaelstromOfLightning"],"picked":"theMarked:ChainLightning","floor":24}],"player_experience":484097,"relics_obtained":[{"floor":2,"key":"Bronze Scales"},{"floor":9,"key":"Pen Nib"},{"floor":12,"key":"Grinning Jar"}],"event_choices":[{"cards_removed":["theMarked:Strike"],"damage_healed":0,"gold_gain":0,"player_choice":"Card Removal","damage_taken":0,"max_hp_gain":0,"max_hp_loss":0,"event_name":"The Cleric","floor":7,"gold_loss":50},{"damage_healed":0,"gold_gain":0,"player_choice":"Forge","damage_taken":0,"max_hp_gain":0,"max_hp_loss":0,"event_name":"Accursed Blacksmith","floor":21,"gold_loss":0,"cards_upgraded":["theMarked:SummonStrength"]}],"is_beta":false,"boss_relics":[{"not_picked":["hubris:VirtuousBlindfold","SacredBark"],"picked":"hubris:HollowSoul"}],"items_purged_floors":[25],"is_endless":false,"potions_floor_spawned":[1,4,11,12,20,24],"killed_by":"Nightmare","ascension_level":0}}