{"host":"g9j9vd829oaopzs7","time":1610252212,"event":{"mods":["BaseMod","CapriCore","Friendly Minions","Gremlin Skip","Grow up Mod","Kiyohime（清姬）","Marisa（霧雨　魔理沙）","Minty Spire (QoL Compilation)","Remilia（蕾米莉?）","Replay The Spire","SOS（斯巴?之子）","Shop Mod","Spicy Shops","StSLib","The Immortal","The Servant 0.9.4","Yuyuko"],"gold_per_floor":[109,109,57,74,93,93,113,124,148,148,182,182,211,231,231,329,329,340,340],"floor_reached":18,"playtime":1119,"items_purged":[],"score":224,"play_id":"436cb124-9539-4136-bf38-ab0a5004cdfe","local_time":"20210110121652","is_ascension_mode":false,"campfire_choices":[{"data":"Death Dancing","floor":6,"key":"SMITH"},{"data":"Wandering Soul","floor":10,"key":"SMITH"},{"data":"Past Graveyard","floor":15,"key":"SMITH"}],"circlet_count":0,"master_deck":["Fantasy Butterflies","Fantasy Butterflies","Fantasy Butterflies","Fantasy Butterflies","Fantasy Butterflies","Dreamy Sakura","Dreamy Sakura","Dreamy Sakura","Dreamy Sakura","Dreamy Sakura","Deathly Ground","Dark Wind+1","Sakura Ward+1","Death Dancing+1","Wandering Soul+1","Spear of Papilio","Gauzy Sakura","Past Graveyard+1","Float on Moon","Sweet of Phantom"],"relics":["Coronal","Yuyuko\u0027s fan","Ghost Lamp","Happy Flower","Gremlin Food","Replay:Drink Me"],"acts_visited":["Exordium","TheCity"],"potions_floor_usage":[],"damage_taken":[{"damage":8,"enemies":"2 Louse","floor":1,"turns":2},{"damage":8,"enemies":"Jaw Worm","floor":4,"turns":3},{"damage":12,"enemies":"Cultist","floor":5,"turns":4},{"damage":17,"enemies":"Blue Slaver","floor":7,"turns":4},{"damage":28,"enemies":"Large Slime","floor":8,"turns":6},{"damage":25,"enemies":"Replay:BlueRogue","floor":11,"turns":4},{"damage":44,"enemies":"Gremlin Nob","floor":13,"turns":5},{"damage":19,"enemies":"3 Louse","floor":14,"turns":3},{"damage":45,"enemies":"Fading Forest","floor":16,"turns":11},{"damage":4,"enemies":"Chosen","floor":18,"turns":4}],"seed_played":"3136139508023473621","potions_obtained":[{"floor":4,"key":"Adrenaline Potion"},{"floor":5,"key":"Regen Potion"},{"floor":8,"key":"Firefly"}],"is_trial":false,"path_per_floor":["M","?","$","M","M","R","M","M","T","R","E","?","E","M","R","B",null,"M"],"character_chosen":"YUYOKO","items_purchased":["Sakura Ward+1"],"campfire_rested":0,"item_purchase_floors":[3],"current_hp_per_floor":[58,68,78,91,96,106,116,120,130,140,128,138,132,127,137,176,171,167,167],"gold":340,"neow_bonus":"TEN_PERCENT_HP_BONUS","is_daily":false,"chose_seed":false,"campfire_upgraded":3,"win_rate":0.0,"timestamp":1610252212,"path_taken":["M","?","$","M","M","R","M","M","T","R","E","?","E","?","R","BOSS","M"],"items_purchased_type":["Card"],"build_version":"2020-12-22","purchased_purges":0,"victory":false,"max_hp_per_floor":[64,74,84,94,104,114,124,134,144,154,164,174,184,194,204,214,171,171,171],"card_choices":[{"not_picked":["City of Death","Phantom Gift"],"picked":"Wandering Soul","floor":1},{"not_picked":["City of Death","Elegance"],"picked":"Death Dancing","floor":4},{"not_picked":["Fondling of Papilio","Dark Wind"],"picked":"Bloom","floor":5},{"not_picked":["Immigrant Phantom","Spear of Papilio"],"picked":"Wandering Soul","floor":7},{"not_picked":["Unstable Ward","Open The Fan"],"picked":"Spear of Papilio","floor":8},{"not_picked":["Dying Butterflies","Suicide"],"picked":"Gauzy Sakura","floor":11},{"not_picked":["Gone","The Nether"],"picked":"Past Graveyard","floor":13},{"not_picked":["Death Dancing","Dark Wind"],"picked":"Unknown Petal","floor":14},{"not_picked":["Bury in The Template","Ghastly Dream"],"picked":"Float on Moon","floor":16},{"not_picked":["Ghostdom Sakura","Gather the Spring+1"],"picked":"Sweet of Phantom","floor":18}],"player_experience":10659,"relics_obtained":[{"floor":9,"key":"Ghost Lamp"},{"floor":11,"key":"Happy Flower"},{"floor":13,"key":"Gremlin Food"}],"event_choices":[{"damage_healed":0,"gold_gain":0,"player_choice":"Bought 0 Potions","damage_taken":0,"max_hp_gain":0,"max_hp_loss":0,"event_name":"The Woman in Blue","floor":12,"gold_loss":0}],"is_beta":false,"boss_relics":[{"not_picked":["Ring of Chaos","Philosopher\u0027s Stone"],"picked":"Replay:Drink Me"}],"items_purged_floors":[],"is_endless":false,"potions_floor_spawned":[4,5,8,16],"killed_by":"Chosen","ascension_level":0}}