{"host":"tw5nadds0x0wro7l","time":1610300474,"event":{"mods":["Aspiration","BaseMod","Better Altar","Better Match","Better Skull","Block Reminder","Card Forge","CatGirl Mod","Conspire","DNKmod","Displayed Cursed Tome","Dota2Spire","Downfall","Energized Spire","Force Act Four","Friendly Minions","Gold Saver","Grow up Mod","GungeonMod","Highlight Path","Hubris","Infinite Spire","Luminous","Minty Spire (QoL Compilation)","Practice Mode","Relic Sorter","Replay The Spire","Spicy Shops","StSLib","The Alterego","The Animator","The Death Knight","The Marked","The Senshi","TheSwordswoman","Transform Curses","Waifu the Spire","WarShipGirlsR/????R mod","vexMod"],"gold_per_floor":[1000,1051,1051,1051,1051,1347,1398,1497,768,822,906,1008,1008,263,299,590,590,365,407,449,449,509,599,599,695,773,857,177,177,25,25,61,346,346,346,382,382,460,55,160,160,85,181,223,123,198,294,327,384,384,384],"floor_reached":50,"playtime":3634,"items_purged":["alterego_mod:Rip"],"score":1367,"play_id":"dc7f7526-8c4c-4358-9f0a-361727fceed0","local_time":"20210110124114","daily_mods":["Vintage","Heirloom","Time Dilation","Flight","downfall:Lament","DeadlyEvents","Cursed Run","Elite Swarm","Lethality","Midas","Night Terrors","Terminal","Binary"],"is_ascension_mode":false,"campfire_choices":[{"floor":1,"key":"RECALL"},{"floor":18,"key":"DIG"},{"floor":29,"key":"REST"}],"circlet_count":0,"master_deck":["Corruption+1","Dark Embrace+1","Metallicize+1","After Image+1","Adrenaline+1","Bouncing Flask+1","Caltrops+1","Catalyst+1","Corpse Explosion+1","Crippling Poison+1","Deflect+1","Draining Mist+1","Envenom+1","infinitespire:Neurotoxin+1","Noxious Fumes+1","conspire:PoisonWeapons+1","Replay:Poison Smokescreen+1","Poison Darts+1","Poisoned Stab+1","Toxin Wave+1","Dramatic Entrance+1","alterego_mod:SakuraPetals+1","alterego_mod:Rip+1","alterego_mod:Palingenesis+3","alterego_mod:ChallengeComplete+1","alterego_mod:BreastValley+1","infinitespire:UltimateForm+1","ReplayTheSpireMod:Black Plague+1","infinitespire:UltimateForm+1","alterego_mod:IdEs+1","infinitespire:Starlight+1","Writhe","alterego_mod:SakuraPetals+1","Parasite","Pain","Languid","infinitespire:Starlight"],"relics":["Cursed Key","Anvil of the Gods","Hammer of Thor","Seething Fire","vexMod:RedPlottingStone","Darkstone Periapt","Du-Vu Doll","Busted Crown","NeowsBlessing","replay:Trail_Library","Turnip","Dota2Spire:Butterfly","Dota2Spire:ArcaneBoots","infinitespire:Joker Card","hubris:ToyBattleship","Ice Cream","Replay:Bottled Flurry","ReplayTheSpireMod:CursedCoin","Dota2Spire:EtherealBlade","Omamori","champ:Barbells","DemoMod:GlassGuonStoneRelic","Replay:Ringing Soul","vexMod:ScavengeHelm","hubris:OldNail","hubris:Icosahedron","Basket Of Snakes","DollysMirror","Anchor","Akabeko","Bag of Preparation","ReplayTheSpireMod:TigerMarble","Snecko Heart","downfall:HeartBlessingRed","downfall:HeartBlessingGreen","downfall:HeartBlessingBlue","Pet Ghost","vexMod:InvisibilityCloak","Centennial Puzzle","PrismaticShard","Boot","Orichalcum","Molten Egg 2","Replay:Baseball","ReplayTheSpireMod:Ninjato","aspiration:HiddenCompartment","sneckomod:BlankCard","conspire:TreasureMap","champ:DeflectingBracers","Gremlin Food","TwistedFunnel","hubris:DeckOfHolding","vexMod:PlasmaPancake","Coffee Dripper","vexMod:MemoryStick","WarpedTongs","hubris:AncientText","infinitespire:Bottled Soul","Dota2Spire:ArmletOfMordiggian","aspiration:AnachronicSnailShell","conspire:BottledYoYo","hubris:BottledRain","Dota2Spire:EchoSabre","champ:DuelingGlove","Dota2Spire:Desolator","aspiration:VileToxins","vexMod:Dragonfruit"],"acts_visited":["Exordium","TheCity","TheBeyond"],"potions_floor_usage":[],"damage_taken":[{"damage":0,"enemies":"Small Slimes","floor":2,"turns":1},{"damage":0,"enemies":"Lagavulin","floor":6,"turns":1},{"damage":0,"enemies":"Replay:BlueRogue","floor":8,"turns":1},{"damage":6,"enemies":"downfall:FleeingMerchant","floor":9,"turns":3},{"damage":0,"enemies":"2 Louse","floor":10,"turns":1},{"damage":0,"enemies":"Gremlin Nob","floor":11,"turns":2},{"damage":0,"enemies":"3 Sentries","floor":12,"turns":2},{"damage":0,"enemies":"Cultist","floor":15,"turns":1},{"damage":10,"enemies":"downfall:Watcher","floor":16,"turns":4},{"damage":4,"enemies":"Spheric Guardian","floor":19,"turns":1},{"damage":0,"enemies":"Cultist and Chosen","floor":20,"turns":2},{"damage":0,"enemies":"Snake Plant","floor":22,"turns":1},{"damage":0,"enemies":"Slavers","floor":23,"turns":1},{"damage":4,"enemies":"Book of Stabbing","floor":25,"turns":2},{"damage":4,"enemies":"Gremlin Leader","floor":26,"turns":2},{"damage":0,"enemies":"Nightmare","floor":27,"turns":2},{"damage":4,"enemies":"Centurion and Healer","floor":32,"turns":1},{"damage":4,"enemies":"downfall:Silent","floor":33,"turns":2},{"damage":4,"enemies":"3 Darklings","floor":36,"turns":1},{"damage":24,"enemies":"Giant Head","floor":38,"turns":3},{"damage":0,"enemies":"Reptomancer","floor":40,"turns":2},{"damage":1,"enemies":"R_Hoarder","floor":43,"turns":2},{"damage":4,"enemies":"Orb Walker","floor":44,"turns":1},{"damage":20,"enemies":"Nemesis","floor":46,"turns":1},{"damage":4,"enemies":"R_Hoarder","floor":47,"turns":2},{"damage":4,"enemies":"Transient","floor":48,"turns":3},{"damage":0,"enemies":"Writhing Mass","floor":49,"turns":1},{"damage":1317,"enemies":"downfall:Ironclad","floor":50,"turns":2}],"seed_played":"-1899002056548004478","potions_obtained":[{"floor":8,"key":"BlessingOfTheForge"},{"floor":10,"key":"EssenceOfSteel"},{"floor":12,"key":"AttackPotion"}],"is_trial":true,"path_per_floor":["R","M","?","?","?","E","T","E","$","M","E","E","?","$","M","B",null,"R","M","M","?","M","E","T","E","E","NM","$","R","$","T","M","B",null,"R","M","?","E","$","E","T","?","E","M","NS","E","E","M","M","B"],"character_chosen":"THE_SILENT","items_purchased":["Ice Cream","Replay:Bottled Flurry","ReplayTheSpireMod:CursedCoin","Dota2Spire:EtherealBlade","Omamori","champ:Barbells","Basket Of Snakes","DollysMirror","Anchor","Akabeko","Bag of Preparation","sneckomod:BlankCard","conspire:TreasureMap","champ:DeflectingBracers","Gremlin Food","TwistedFunnel","alterego_mod:SakuraPetals+1","infinitespire:Bottled Soul","Dota2Spire:ArmletOfMordiggian"],"campfire_rested":1,"item_purchase_floors":[9,9,9,9,9,9,14,14,14,14,14,28,28,28,28,30,30,39,39],"current_hp_per_floor":[118,127,136,145,160,179,194,203,213,223,233,243,253,266,275,275,293,312,318,328,330,340,350,360,369,375,388,407,421,433,451,463,478,493,502,508,527,513,523,533,552,562,571,577,590,607,613,640,654,0,0],"gold":384,"neow_bonus":"","is_daily":false,"chose_seed":false,"campfire_upgraded":0,"win_rate":0.0,"timestamp":1610300474,"path_taken":["R","M","?","?","?","E","T","E","$","?","E","?","?","$","M","BOSS","R","M","M","?","?","?","T","E","?","NM","$","R","$","?","M","BOSS","R","M","?","?","$","E","T","?","E","?","NS","?","?","?","M","BOSS"],"items_purchased_type":["Relic","Relic","Relic","Relic","Relic","Relic","Relic","Relic","Relic","Relic","Relic","Relic","Relic","Relic","Relic","Relic","Card","Relic","Relic"],"build_version":"2020-12-22","purchased_purges":1,"victory":false,"max_hp_per_floor":[118,127,136,145,160,179,194,203,218,227,236,245,254,266,275,284,293,312,321,330,339,348,357,366,378,387,399,417,421,433,451,466,484,493,502,511,529,538,547,556,574,583,592,601,613,622,631,640,654,654,654],"card_choices":[{"not_picked":["infinitespire:SealOfDarkness+","Replay:Fractal Strike"],"picked":"infinitespire:Starlight","floor":27}],"player_experience":95237,"relics_obtained":[{"floor":2,"key":"vexMod:RedPlottingStone"},{"floor":3,"key":"Dota2Spire:Butterfly"},{"floor":6,"key":"infinitespire:Joker Card"},{"floor":8,"key":"hubris:ToyBattleship"},{"floor":10,"key":"Replay:Ringing Soul"},{"floor":11,"key":"vexMod:ScavengeHelm"},{"floor":12,"key":"hubris:OldNail"},{"floor":15,"key":"ReplayTheSpireMod:TigerMarble"},{"floor":18,"key":"Pet Ghost"},{"floor":19,"key":"vexMod:InvisibilityCloak"},{"floor":20,"key":"Centennial Puzzle"},{"floor":21,"key":"PrismaticShard"},{"floor":22,"key":"Boot"},{"floor":23,"key":"Orichalcum"},{"floor":24,"key":"Molten Egg 2"},{"floor":25,"key":"Replay:Baseball"},{"floor":26,"key":"ReplayTheSpireMod:Ninjato"},{"floor":27,"key":"aspiration:HiddenCompartment"},{"floor":31,"key":"hubris:DeckOfHolding"},{"floor":32,"key":"vexMod:PlasmaPancake"},{"floor":36,"key":"vexMod:MemoryStick"},{"floor":38,"key":"hubris:AncientText"},{"floor":40,"key":"aspiration:AnachronicSnailShell"},{"floor":41,"key":"conspire:BottledYoYo"},{"floor":43,"key":"hubris:BottledRain"},{"floor":44,"key":"Dota2Spire:EchoSabre"},{"floor":46,"key":"champ:DuelingGlove"},{"floor":47,"key":"Dota2Spire:Desolator"},{"floor":48,"key":"aspiration:VileToxins"},{"floor":49,"key":"vexMod:Dragonfruit"}],"event_choices":[{"damage_healed":0,"gold_gain":0,"player_choice":"Rummage","damage_taken":0,"relics_obtained":["WarpedTongs"],"max_hp_gain":0,"max_hp_loss":0,"event_name":"Accursed Blacksmith","floor":37,"gold_loss":0,"cards_obtained":["Pain"]},{"damage_healed":0,"gold_gain":0,"player_choice":"2","damage_taken":0,"max_hp_gain":0,"max_hp_loss":0,"event_name":"betterMatch:BetterMatch","floor":42,"gold_loss":0,"cards_obtained":["betterMatch:ColorlessUncommonCard"]}],"is_beta":false,"boss_relics":[{"not_picked":["ReplayTheSpireMod:DimensionalGlitch","Snecko Scales"],"picked":"Snecko Heart"},{"not_picked":["Kintsugi","HoveringKite"],"picked":"Coffee Dripper"}],"items_purged_floors":[9],"is_endless":true,"potions_floor_spawned":[8,10,12,15,20,23,27,32,38,43,46],"killed_by":"downfall:Ironclad","ascension_level":0}}