{"host":"i58uscbei3sy5089","time":1610286159,"event":{"mods":["ATMod(阿瑾Mod)","Act Like it!","BaseMod","Challenge The Spire","Colored Powertips","Conspire","Infinite Spire","Koishi","Lobotomy","LobotomyExtend","Minty Spire (QoL Compilation)","MostiFishMod","Prisma Mod","Quick Restart","Replay The Spire","Shop Mod","Spicy Shops","StSLib","TestMod","The Administrix","The Construct","The Marked","UnlockEverythingMod","WarShipGirlsR/战舰少女R mod","[IsaacMod]以撒尖塔","vexMod","【功能Mod】混沌之环修复补丁","【遗物卡牌】REMEMod","篝火指南"],"gold_per_floor":[115,3,3,16,16,16,226,246,246,276,287,287,306,324,324,425,425,440,51,51,51,51,51,76,93,93,134,134,134,220,245,245,344,344,446,456,456,521,521,521,632,632,632,632,632,394,486,619,619,619],"floor_reached":51,"playtime":2656,"items_purged":["theMarked:Strike","SuicideKing","Amnesia","theMarked:Strike","theMarked:Strike","theMarked:Strike"],"score":1095,"play_id":"2f090fc8-c6f7-4717-b172-973bdca4af45","local_time":"20210110214239","is_ascension_mode":true,"campfire_choices":[{"data":"theMarked:Parry","floor":12.0,"key":"SMITH"},{"data":"theMarked:SoldierOfQuellstein","floor":15.0,"key":"SMITH"},{"data":"theMarked:BindingBlade","floor":23.0,"key":"SMITH"},{"data":"ReplayTheSpireMod:Black Plague","floor":29.0,"key":"SMITH"},{"data":"Pot Of Greed","floor":32.0,"key":"SMITH"},{"data":"Pot Of Greed","floor":40,"key":"SMITH"},{"data":"Pot Of Greed","floor":44,"key":"SMITH"},{"data":"theMarked:BindingBlade","floor":49,"key":"SMITH"}],"circlet_count":0,"master_deck":["theMarked:Defend","theMarked:Defend","theMarked:Defend","theMarked:Defend","theMarked:SoldierOfQuellstein+1","WallGazer","theMarked:SwordAndMagic","theMarked:EmpowerWeapon","theMarked:Parry+1","theMarked:WardOff","theMarked:ElementalBlade","OSAHOGD","theMarked:BanishingStrike","MHz","theMarked:ElementalBlade","LongBird","theMarked:BindingBlade+1","MostiFishMod:SupremeArchaeology","Pot Of Greed+1","Pot Of Greed+1","theMarked:WardOff","ReplayTheSpireMod:Black Plague+1","theMarked:BindingBlade+1","Pot Of Greed+1","theMarked:Abjuration","theMarked:Improvise","Parasite","theMarked:ReduceFriction+1","MHz"],"relics":["theMarked:ArtifactOfAir","testmod-TestBox","HushsDoor","DaveBox","AT_ATBox","REME_ComplimentaryCards","FeatherPendant","SteamSale","testmod-BatchProcessingSystem","CogitoBucket","RabbitCall","SynthV:TestCard","LetterFromLob","MerchantsRug","TungstenRod","HaiYi:Twilight","AT_BladeRuinedKing","theMarked:NailFile","ChiLing","Chi","Ling","Smiling Mask","Grinning Jar","Blue Candle","BloodDonationBag","Sundial","Replay:Grab Bag","ReplayTheSpireMod:ShopPack","testmod-SaigiyounoYou","testmod-RealStoneCalender","theMarked:DemonDagger","TheAbacus","DollysMirror","testmod-Nyarlathotep"],"acts_visited":["Exordium","TheCity","TheBeyond"],"potions_floor_usage":[51,51],"damage_taken":[{"damage":0.0,"enemies":"Jaw Worm","floor":1.0,"turns":2.0},{"damage":0.0,"enemies":"Small Slimes","floor":4.0,"turns":2.0},{"damage":0.0,"enemies":"2 Louse","floor":8.0,"turns":1.0},{"damage":0.0,"enemies":"Lagavulin","floor":10.0,"turns":3.0},{"damage":1.0,"enemies":"Exordium Thugs","floor":11.0,"turns":3.0},{"damage":1.0,"enemies":"Gremlin Gang","floor":13.0,"turns":3.0},{"damage":0.0,"enemies":"Looter","floor":14.0,"turns":1.0},{"damage":6.0,"enemies":"Fading Forest","floor":16.0,"turns":11.0},{"damage":0.0,"enemies":"Spheric Guardian","floor":18.0,"turns":1.0},{"damage":3.0,"enemies":"Book of Stabbing","floor":24.0,"turns":2.0},{"damage":0.0,"enemies":"Chosen","floor":25.0,"turns":2.0},{"damage":0.0,"enemies":"Snake Plant","floor":27.0,"turns":1.0},{"damage":10.0,"enemies":"Slavers","floor":31.0,"turns":6.0},{"damage":1.0,"enemies":"conspire:MysteriousRune","floor":33.0,"turns":3.0},{"damage":0.0,"enemies":"3 Darklings","floor":35.0,"turns":2.0},{"damage":0,"enemies":"3 Shapes","floor":36,"turns":1},{"damage":0,"enemies":"Writhing Mass","floor":38,"turns":2},{"damage":0,"enemies":"Jaw Worm Horde","floor":41,"turns":1},{"damage":0,"enemies":"2 Orb Walkers","floor":47,"turns":2},{"damage":0,"enemies":"Sphere and 2 Shapes","floor":48,"turns":1},{"damage":1,"enemies":"FixerMidnight","floor":50,"turns":2},{"damage":1,"enemies":"Malkuth","floor":51,"turns":2},{"damage":1,"enemies":"Netzach","floor":51,"turns":1},{"damage":1,"enemies":"Tiphereth","floor":51,"turns":3}],"seed_played":"-2279595247951874838","potions_obtained":[{"floor":8.0,"key":"Strength Potion"},{"floor":13.0,"key":"Swift Potion"},{"floor":14.0,"key":"Flashbang"},{"floor":25.0,"key":"Flashbang"},{"floor":27.0,"key":"SneckoOil"},{"floor":47,"key":"Weak Potion"},{"floor":48,"key":"Energy Potion"}],"is_trial":false,"path_per_floor":["M","$","?","M","$","E","?","M","T","E","M","R","M","M","R","B",null,"M","$","?","AVR","?","R","E","M","T","M","?","R","?","E","R","B",null,"M","M","?","M","?","R","M","AVR","T","R","?","$","?","M","R","B",null],"character_chosen":"THE_DEFAULT","items_purchased":["MerchantsRug","AT_BladeRuinedKing","theMarked:NailFile","ChiLing","MostiFishMod:SupremeArchaeology","theMarked:DemonDagger","TheAbacus","DollysMirror"],"campfire_rested":0,"item_purchase_floors":[2,19,19,19,19,46,46,46],"current_hp_per_floor":[70,70,70,70,70,70,53,53,53,53,52,52,51,51,51,53,70,70,70,58,58,58,58,65,65,65,70,54,54,65,55,55,54,75,66,75,75,60,60,60,70,70,70,70,70,70,75,66,66,75],"gold":619,"neow_bonus":"","is_daily":false,"chose_seed":false,"campfire_upgraded":8,"win_rate":0.0,"timestamp":1610286159,"path_taken":["M","$","?","M","$","E","?","M","T","E","M","R","?","M","R","BOSS","M","$","?","AVR","?","R","E","M","T","M","?","R","?","E","R","BOSS","M","?","?","?","?","R","M","AVR","T","R","?","$","?","?","R","BOSS"],"items_purchased_type":["Relic","Relic","Relic","Relic","Card","Relic","Relic","Relic"],"build_version":"2020-12-22","purchased_purges":6,"victory":true,"max_hp_per_floor":[70,70,70,70,70,70,70,70,70,70,70,70,70,70,70,70,70,70,70,75,75,75,75,75,75,75,75,75,75,75,75,75,75,75,75,75,75,75,75,75,75,75,75,75,75,75,75,75,75,75],"card_choices":[{"not_picked":[],"picked":"SuicideKing","floor":0.0},{"not_picked":["BeautyBeast","Wellcheers"],"picked":"WallGazer","floor":1.0},{"not_picked":["theMarked:TunnelVision","theMarked:TakeCover"],"picked":"theMarked:SwordAndMagic","floor":1.0},{"not_picked":["Scorched","CrumblingArmor","PunishingBird"],"picked":"Singing Bowl","floor":4.0},{"not_picked":["theMarked:TwofoldDefense","theMarked:Generate","theMarked:ChainLightning","theMarked:ElectricStrings"],"picked":"theMarked:EmpowerWeapon","floor":4.0},{"not_picked":["theMarked:Overcharge","theMarked:BanishingWave","theMarked:MaelstromOfLightning","theMarked:RogueSparks"],"picked":"theMarked:Parry","floor":7.0},{"not_picked":["LittleHelper","SpiderBud","HeroicMonk"],"picked":"Singing Bowl","floor":8.0},{"not_picked":["theMarked:AttractMetal","theMarked:ContemptForTheProud","theMarked:RogueSparks","theMarked:WastefulDefense"],"picked":"theMarked:WardOff","floor":8.0},{"not_picked":["CherryBlossoms","OldLady","BeautyBeast"],"picked":"Singing Bowl","floor":10.0},{"not_picked":["theMarked:ReduceFriction","theMarked:Parkour","theMarked:Levitate","theMarked:Seal"],"picked":"Bomb","floor":10.0},{"not_picked":["BlackSwan","DespairKnight","CherryBlossoms"],"picked":"Singing Bowl","floor":11.0},{"not_picked":["theMarked:Aftermath","theMarked:EnhanceMovement","theMarked:ResourceFulStrike","theMarked:HeightenedSenses"],"picked":"theMarked:ElementalBlade","floor":11.0},{"not_picked":["FairyFestival","OldLady","LaLuna"],"picked":"Singing Bowl","floor":13.0},{"not_picked":["ShyLook","VoidDream"],"picked":"OSAHOGD","floor":13.0},{"not_picked":["theMarked:EmpowerWeapon","theMarked:WastefulDefense","theMarked:Aftermath","theMarked:Improvise"],"picked":"theMarked:BanishingStrike","floor":13.0},{"not_picked":["PunishingBird","MeatLantern","Variant"],"picked":"Singing Bowl","floor":14.0},{"not_picked":["BeautyBeast","Scorched"],"picked":"MHz","floor":14.0},{"not_picked":["theMarked:Aftermath","theMarked:WastefulAttack","theMarked:CreepingChasm","theMarked:Static","theMarked:TwofoldDefense"],"picked":"SKIP","floor":14.0},{"not_picked":["BigBadWolf","LittleHelper"],"picked":"LongBird","floor":16.0},{"not_picked":["theMarked:SuspiciousRaven","theMarked:Defy","theMarked:Challenge","theMarked:DispelDoubt"],"picked":"theMarked:BindingBlade","floor":16.0},{"not_picked":["CrumblingArmor","BlackSwan","SnowQueen"],"picked":"Singing Bowl","floor":18.0},{"not_picked":["theMarked:Seal","theMarked:StartUp+1","theMarked:ChainLightning","theMarked:ThrowWeapon","theMarked:Frustration"],"picked":"SKIP","floor":18.0},{"not_picked":["theMarked:BanishingStrike","theMarked:Standoff+1","theMarked:Parkour","theMarked:MaelstromOfLightning"],"picked":"theMarked:WardOff","floor":24.0},{"not_picked":["Wellcheers","QueenOfHatred","Bloodbath"],"picked":"Singing Bowl","floor":24.0},{"not_picked":["HeroicMonk","QueenBee","GreedKing"],"picked":"Singing Bowl","floor":25.0},{"not_picked":["theMarked:Indomitable","theMarked:LightningStrikesTwice","theMarked:Frustration","theMarked:TunnelVision","theMarked:Seal+1"],"picked":"SKIP","floor":25.0},{"not_picked":["UniverseFragment","QueenBee","OldLady"],"picked":"Singing Bowl","floor":27.0},{"not_picked":["theMarked:ParalyzingBlade","theMarked:Standoff","theMarked:MysticalArsenal+1","theMarked:ElementalBlade","theMarked:TakeCover"],"picked":"SKIP","floor":27.0},{"not_picked":["infinitespire:Punishment","ReplayTheSpireMod:Chaos Vortex"],"picked":"ReplayTheSpireMod:Black Plague","floor":28.0},{"not_picked":["Funeral","CherryBlossoms","FairyFestival"],"picked":"Singing Bowl","floor":31.0},{"not_picked":["theMarked:Parkour","theMarked:WardOff+1","theMarked:ResourceFulStrike","theMarked:EmpowerWeapon"],"picked":"theMarked:BindingBlade","floor":31.0},{"not_picked":["Porccubus","VoidDream","BeautyBeast"],"picked":"Singing Bowl","floor":33.0},{"not_picked":["theMarked:SuspiciousRaven","theMarked:MuscleMemory","theMarked:MagicAdept","theMarked:FavorableWinds"],"picked":"theMarked:Abjuration","floor":33.0},{"not_picked":["theMarked:Indomitable+1","theMarked:Static","theMarked:ElectricStrings+1","theMarked:Generate"],"picked":"theMarked:Improvise","floor":35},{"not_picked":["WhitesApple","ShyLook","CherryBlossoms"],"picked":"Singing Bowl","floor":36},{"not_picked":["theMarked:RogueSparks+1","theMarked:BanishingStrike","theMarked:HeightenedSenses+1","theMarked:ChainLightning+1","theMarked:Overcharge"],"picked":"SKIP","floor":36},{"not_picked":["LaLuna","BlackSwan","VoidDream"],"picked":"Singing Bowl","floor":38},{"not_picked":["theMarked:ChainLightning+1","theMarked:HeightenedSenses","theMarked:SwordAndMagic","theMarked:Improvise"],"picked":"theMarked:ReduceFriction+1","floor":38},{"not_picked":["Rudolta","ShyLook","NothingThere"],"picked":"Singing Bowl","floor":41},{"not_picked":["theMarked:ChainLightning","theMarked:EnhanceMovement+1","theMarked:Overcharge+1","theMarked:Frustration+1","theMarked:Static+1"],"picked":"SKIP","floor":41},{"not_picked":["CENSORED","CrumblingArmor","BlackSwan"],"picked":"Singing Bowl","floor":47},{"not_picked":["Woodsman","Yin","DreamingCurrent"],"picked":"Singing Bowl","floor":48},{"not_picked":["theMarked:Electrocute+1","theMarked:ElectricStrings","theMarked:HeightenedSenses","theMarked:Improvise","theMarked:Aftermath"],"picked":"SKIP","floor":48}],"player_experience":710211,"relics_obtained":[{"floor":1.0,"key":"SynthV:TestCard"},{"floor":1.0,"key":"LetterFromLob"},{"floor":9.0,"key":"BloodDonationMachine"},{"floor":10.0,"key":"TungstenRod"},{"floor":24.0,"key":"Grinning Jar"},{"floor":26.0,"key":"Blue Candle"},{"floor":31.0,"key":"Sundial"},{"floor":43,"key":"testmod-RealStoneCalender"},{"floor":47,"key":"testmod-Nyarlathotep"}],"event_choices":[{"damage_healed":0.0,"max_hp_gain":5.0,"max_hp_loss":0.0,"gold_gain":0.0,"event_name":"Forgotten Altar","player_choice":"Shed Blood","floor":20.0,"gold_loss":0.0,"damage_taken":18.0},{"damage_healed":25.0,"max_hp_gain":0.0,"max_hp_loss":0.0,"gold_gain":0.0,"event_name":"The Library","player_choice":"Heal","floor":30.0,"gold_loss":0.0,"damage_taken":0.0},{"cards_removed":["theMarked:Strike"],"damage_healed":0,"gold_gain":0,"player_choice":"Removed Attack","damage_taken":0,"max_hp_gain":0,"max_hp_loss":0,"event_name":"Falling","floor":37,"gold_loss":0},{"damage_healed":0,"gold_gain":0,"player_choice":"Fight","damage_taken":0,"max_hp_gain":0,"max_hp_loss":0,"event_name":"Mysterious Sphere","floor":47,"gold_loss":0}],"is_beta":false,"boss_relics":[{"not_picked":["Painkiller Herb","testmod-EnergyCheck"],"picked":"HaiYi:Twilight"},{"not_picked":[]},{"not_picked":["ReplayTheSpireMod:SealedPack","REME_DuelDisc"],"picked":"Replay:Grab Bag"},{"not_picked":[]}],"items_purged_floors":[2,19,19,21,42,46],"is_endless":false,"potions_floor_spawned":[8,13,14,25,27,47,48],"ascension_level":4}}