{"host":"5gzbaq21mzbu77pn","time":1610301098,"event":{"mods":["2.2 Compatiblity","Aspiration","Bard","Bartender","BaseMod","Beaked The Cultist","BetterRewards","Colored Powertips","Conspire","Downfall","Energized Spire","GifTheSpireLib","Glutton Mod","Gold Saver","Gremlin Mod","GungeonMod","Hubris","Infinite Spire","Koishi","Magitek Elite","Minty Spire (QoL Compilation)","Quick Restart","Replay The Spire","Shop Mod","StSLib","Stuff the Spire","Synergy Search","The Blackbeard","The Clintock","The Cursed","The Disciple","The Hayseed","The Kombatant","The Poker Player","The Saiyan","The Senshi","The Servant 0.9.4","TheBandit"],"gold_per_floor":[99,116,116,30,30,30,77,103,103,119,152,152,185,205,219,319,319,319,319,319,319],"floor_reached":19,"playtime":1267,"items_purged":[],"score":192,"play_id":"9b3ba9de-8560-490b-a128-d2a99600aff3","local_time":"20210110185138","is_ascension_mode":true,"campfire_choices":[{"data":"Slimebound:Split","floor":1,"key":"SMITH"},{"data":"Slimebound:LeechingTouch","floor":6,"key":"SMITH"},{"data":"Slimebound:GoopSpray","floor":9,"key":"SMITH"},{"floor":12,"key":"REST"},{"data":"Slimebound:DuplicatedForm","floor":18,"key":"SMITH"}],"circlet_count":0,"master_deck":["Slimebound:Strike_Slimebound","Slimebound:Strike_Slimebound","Slimebound:Strike_Slimebound","Slimebound:Tackle","Slimebound:Defend_Slimebound","Slimebound:Defend_Slimebound","Slimebound:Defend_Slimebound","Slimebound:Defend_Slimebound","Slimebound:Split+1","Slimebound:CorrosiveSpit","Slimebound:SamplingLick","Slimebound:LeechingTouch+1","Slimebound:GoopSpray+1","Slimebound:RollThrough","Slimebound:ComboTackle","Slimebound:Repurpose","Slimebound:SplitLeeching","Slimebound:LeechEnergy","Slimebound:SplitMire","Slimebound:SplitAcid","Slimebound:DuplicatedForm+1"],"relics":["Slimebound:AbsorbEndCombat","ReplayFunnel","Tiny Chest","infinitespire:CheckeredPen","Bird Faced Urn","aspiration:TomeofQuesting"],"acts_visited":["Exordium","TheCity"],"potions_floor_usage":[8,8,10,14,16,19],"damage_taken":[{"damage":8,"enemies":"conspire:RoseBush","floor":2,"turns":3},{"damage":8,"enemies":"downfall:FleeingMerchant","floor":4,"turns":4},{"damage":27,"enemies":"Replay:BlueRogue","floor":8,"turns":5},{"damage":2,"enemies":"Jaw Worm","floor":10,"turns":3},{"damage":29,"enemies":"Lagavulin","floor":11,"turns":4},{"damage":24,"enemies":"Replay:BlueRogue","floor":13,"turns":4},{"damage":8,"enemies":"Cultist","floor":14,"turns":3},{"damage":16,"enemies":"2 Fungi Beasts","floor":15,"turns":3},{"damage":38,"enemies":"downfall:Watcher","floor":16,"turns":7},{"damage":81,"enemies":"conspire:FuzzyDice","floor":19,"turns":3}],"seed_played":"5365816484307293379","potions_obtained":[{"floor":5,"key":"LiquidMemories"},{"floor":5,"key":"SneckoOil"},{"floor":5,"key":"SkillPotion"},{"floor":8,"key":"ColorlessPotion"},{"floor":11,"key":"FearPotion"},{"floor":15,"key":"FearPotion"},{"floor":16,"key":"Dexterity Potion"}],"is_trial":false,"path_per_floor":["R","M","?","$","?","R","T","E","R","M","E","R","E","M","M","B",null,"R","M"],"character_chosen":"SLIMEBOUND","items_purchased":["Slimebound:GoopSpray","Slimebound:RollThrough"],"campfire_rested":1,"item_purchase_floors":[4,4],"current_hp_per_floor":[60,60,60,60,60,60,60,53,53,55,43,60,53,59,56,60,60,60,0,0,0],"gold":319,"neow_bonus":"RANDOM_COMMON_RELIC","is_daily":false,"chose_seed":false,"campfire_upgraded":4,"win_rate":0.0,"timestamp":1610301098,"path_taken":["R","M","?","$","?","R","T","E","R","M","E","R","E","M","M","BOSS","R","M"],"items_purchased_type":["Card","Card"],"build_version":"2020-12-22","purchased_purges":0,"victory":false,"max_hp_per_floor":[60,60,60,60,60,60,60,60,60,60,60,60,60,60,60,60,60,60,60,60,60],"card_choices":[{"not_picked":["Slimebound:GoopTackle","Slimebound:Chomp"],"picked":"Slimebound:SamplingLick","floor":2},{"not_picked":["Slimebound:GoopSpray","Slimebound:SplitAcid"],"picked":"Slimebound:LeechingTouch","floor":4},{"not_picked":["Slimebound:LeechLife","Slimebound:FlameTackle"],"picked":"Slimebound:ComboTackle","floor":8},{"not_picked":["Slimebound:GoopSpray","Slimebound:SamplingLick"],"picked":"Slimebound:Repurpose","floor":10},{"not_picked":["Slimebound:RollThrough","Slimebound:GoopSpray"],"picked":"Slimebound:SplitLeeching","floor":11},{"not_picked":["Slimebound:ViciousTackle","Slimebound:GoopTackle"],"picked":"Slimebound:LeechEnergy","floor":13},{"not_picked":["Slimebound:SplitLeeching","Slimebound:GoopTackle"],"picked":"Slimebound:SplitMire","floor":14},{"not_picked":["Slimebound:ProtectTheBoss","Slimebound:LeechingTouch"],"picked":"Slimebound:SplitAcid","floor":15},{"not_picked":["Slimebound:WasteNot","Slimebound:OozeBath"],"picked":"Slimebound:DuplicatedForm","floor":16}],"player_experience":906595,"relics_obtained":[{"floor":7,"key":"DemoMod:WeirdEgg"},{"floor":8,"key":"infinitespire:CheckeredPen"},{"floor":11,"key":"Bird Faced Urn"},{"floor":13,"key":"aspiration:TomeofQuesting"}],"event_choices":[{"damage_healed":0,"gold_gain":0,"player_choice":"Got Potions","damage_taken":0,"max_hp_gain":0,"max_hp_loss":0,"event_name":"Lab","floor":5,"gold_loss":0}],"is_beta":false,"boss_relics":[{"not_picked":["conspire:RunicOctahedron","Runic Dome","ReplayTheSpireMod:DimensionalGlitch"]}],"items_purged_floors":[],"is_endless":false,"potions_floor_spawned":[8,11,15,16],"killed_by":"conspire:FuzzyDice","ascension_level":1}}