{"host":"x205naxbihvu3p76","time":1610282998,"event":{"mods":["AchievementEnabler","BaseMod","Minty Spire (QoL Compilation)","StSLib","SuperFastMode"],"gold_per_floor":[109,128,81,95,95,125,125,138,138,138,152,152,152],"floor_reached":12,"playtime":226,"items_purged":[],"score":156,"play_id":"d9dbaff7-017f-4c4f-b435-481756bc1a67","local_time":"20210110214958","is_ascension_mode":true,"campfire_choices":[{"floor":7,"key":"REST"},{"data":"Darkness","floor":10,"key":"SMITH"}],"circlet_count":0,"master_deck":["AscendersBane","Strike_B","Strike_B","Strike_B","Strike_B","Defend_B","Defend_B","Defend_B","Defend_B","Zap","Dualcast","Streamline","Darkness+1","Leap","Steam","Go for the Eyes","Conserve Battery","Capacitor"],"relics":["Cracked Core","Cables","Sundial"],"acts_visited":["Exordium"],"potions_floor_usage":[12],"damage_taken":[{"damage":1,"enemies":"Cultist","floor":1,"turns":3},{"damage":7,"enemies":"Jaw Worm","floor":2,"turns":3},{"damage":0,"enemies":"2 Louse","floor":4,"turns":2},{"damage":26,"enemies":"Lagavulin","floor":6,"turns":7},{"damage":11,"enemies":"Exordium Thugs","floor":8,"turns":4},{"damage":13,"enemies":"Large Slime","floor":11,"turns":7},{"damage":45,"enemies":"Gremlin Nob","floor":12,"turns":4}],"seed_played":"-8688749130390160519","potions_obtained":[{"floor":1,"key":"CultistPotion"},{"floor":2,"key":"Ancient Potion"}],"is_trial":false,"path_per_floor":["M","M","?","M","?","E","R","M","T","R","M","E"],"character_chosen":"DEFECT","items_purchased":[],"campfire_rested":1,"item_purchase_floors":[],"current_hp_per_floor":[63,56,56,56,56,30,51,40,40,40,27,0,0],"gold":152,"neow_bonus":"THREE_CARDS","is_daily":false,"chose_seed":false,"campfire_upgraded":1,"win_rate":0.0,"timestamp":1610282998,"path_taken":["M","M","?","M","?","E","R","M","T","R","M","E"],"items_purchased_type":[],"build_version":"2020-12-22","purchased_purges":0,"victory":false,"max_hp_per_floor":[71,71,71,71,71,71,71,71,71,71,71,71,71],"card_choices":[{"not_picked":["Leap","Force Field"],"picked":"Streamline","floor":0},{"not_picked":["Consume","Storm"],"picked":"Darkness","floor":1},{"not_picked":["Streamline","Barrage"],"picked":"Leap","floor":2},{"not_picked":["Static Discharge","Rebound"],"picked":"Steam","floor":4},{"not_picked":["Skim","Melter"],"picked":"Go for the Eyes","floor":6},{"not_picked":["Compile Driver","Rebound"],"picked":"Conserve Battery","floor":8},{"not_picked":["Reboot","Leap"],"picked":"Capacitor","floor":11}],"player_experience":960985,"relics_obtained":[{"floor":6,"key":"Cables"},{"floor":9,"key":"Sundial"}],"event_choices":[{"damage_healed":0,"gold_gain":0,"player_choice":"Left Gold","damage_taken":0,"max_hp_gain":0,"max_hp_loss":0,"event_name":"World of Goop","floor":3,"gold_loss":47},{"damage_healed":0,"gold_gain":0,"player_choice":"0 cards matched","damage_taken":0,"max_hp_gain":0,"max_hp_loss":0,"event_name":"Match and Keep!","floor":5,"gold_loss":0,"cards_obtained":[]}],"is_beta":false,"boss_relics":[],"items_purged_floors":[],"is_endless":false,"potions_floor_spawned":[1,2],"killed_by":"Gremlin Nob","ascension_level":19}}