{"host":"po0gzr6h085cygwo","time":1610244281,"event":{"mods":["AchievementEnabler","BaseMod","Colored Map","DeckTracker","KOR Keyword Fix","Minty Spire (QoL Compilation)","Rare Cards Sparkle","Replay The Spire","StSLib","SuperFastMode"],"gold_per_floor":[109,184,184,40,53,87,87,107,107,138,38,55,65,98,98,201,201,214,214,230,248,55,83,83,108,108,58,76,106,106,122,122,224,224,238,252,0,11,27,52,69,69,115,142,92,92,127,139,139,139,139,139,7,42,42],"floor_reached":56,"playtime":3245,"items_purged":["Strike_G","Strike_G","Strike_G","Strike_G","Fluid Movement","Poison Darts"],"score":1581,"play_id":"08ecbba0-b2be-491e-95a8-0ab2b111ce22","local_time":"20210110110441","is_ascension_mode":true,"campfire_choices":[{"data":"Setup","floor":7.0,"key":"SMITH"},{"floor":15.0,"key":"RECALL"},{"floor":30.0,"key":"REST"},{"data":"Burst","floor":32.0,"key":"SMITH"},{"data":"Accuracy","floor":46,"key":"SMITH"},{"data":"Infinite Blades","floor":49,"key":"SMITH"},{"data":"Finisher","floor":52,"key":"SMITH"}],"circlet_count":0,"master_deck":["ReplayTheSpireMod:Private Reserves","Cloak And Dagger+1","Cloak And Dagger+1","Cloak And Dagger+1","Cloak And Dagger+1","Cloak And Dagger+1","Storm of Steel+1","Accuracy+1","Blade Dance","Setup+1","Hidden Blade","Burst+1","Finisher+1","Infinite Blades+1","Crippling Poison","Poisoned Stab","Envenom+1","Accuracy+1","ReplayTheSpireMod:Shiv Toss"],"relics":["Ring of the Snake","Replay:Kaleidoscope","Replay:Accelerometer","Strawberry","Counterbalance","SlaversCollar","Lizard Tail","Anchor","Smiling Mask","PreservedInsect","Ring of Chaos","ReplayTheSpireMod:Ninjato","Snack Pack","Basket Of Snakes","Bottled Tornado","Du-Vu Doll","Byrd Skull","Ornamental Fan","Thread and Needle"],"acts_visited":["Exordium","TheCity","TheBeyond","TheEnding"],"potions_floor_usage":[55,55],"damage_taken":[{"damage":0.0,"enemies":"Small Slimes","floor":1.0,"turns":2.0},{"damage":0.0,"enemies":"Jaw Worm","floor":5.0,"turns":1.0},{"damage":1.0,"enemies":"Gremlin Nob","floor":6.0,"turns":3.0},{"damage":0.0,"enemies":"2 Louse","floor":8.0,"turns":1.0},{"damage":11.0,"enemies":"Replay:BlueRogue","floor":10.0,"turns":2.0},{"damage":0.0,"enemies":"Red Slaver","floor":12.0,"turns":1.0},{"damage":0.0,"enemies":"3 Louse","floor":13.0,"turns":2.0},{"damage":3.0,"enemies":"Lagavulin","floor":14.0,"turns":3.0},{"damage":0.0,"enemies":"Slime Boss","floor":16.0,"turns":4.0},{"damage":0.0,"enemies":"Chosen","floor":18.0,"turns":2.0},{"damage":10.0,"enemies":"2 Thieves","floor":20.0,"turns":4.0},{"damage":17.0,"enemies":"Centurion and Healer","floor":21.0,"turns":4.0},{"damage":11.0,"enemies":"Slavers","floor":23.0,"turns":4.0},{"damage":15.0,"enemies":"Book of Stabbing","floor":25.0,"turns":3.0},{"damage":2.0,"enemies":"Snake Plant","floor":28.0,"turns":2.0},{"damage":13.0,"enemies":"Slavers","floor":29.0,"turns":3.0},{"damage":0.0,"enemies":"Sentry and Sphere","floor":31.0,"turns":3.0},{"damage":8.0,"enemies":"Collector","floor":33.0,"turns":5.0},{"damage":0.0,"enemies":"Orb Walker","floor":35.0,"turns":2.0},{"damage":31.0,"enemies":"3 Shapes","floor":36.0,"turns":5.0},{"damage":25,"enemies":"Writhing Mass","floor":38,"turns":4},{"damage":0,"enemies":"Sphere and 2 Shapes","floor":39,"turns":2},{"damage":0,"enemies":"Giant Head","floor":40,"turns":3},{"damage":0,"enemies":"Transient","floor":41,"turns":5},{"damage":7,"enemies":"Reptomancer","floor":44,"turns":3},{"damage":1,"enemies":"Giant Head","floor":47,"turns":3},{"damage":0,"enemies":"Maw","floor":48,"turns":4},{"damage":26,"enemies":"Awakened One","floor":50,"turns":5},{"damage":0,"enemies":"Shield and Spear","floor":54,"turns":3},{"damage":78,"enemies":"The Heart","floor":55,"turns":5}],"seed_played":"-1582944179603884214","potions_obtained":[{"floor":5.0,"key":"Dexterity Potion"},{"floor":10.0,"key":"Strength Potion"},{"floor":12.0,"key":"Block Potion"},{"floor":23.0,"key":"Elixir"},{"floor":31.0,"key":"Elixir"},{"floor":33.0,"key":"LifebloodPotion"},{"floor":38,"key":"Cursed Concoction"},{"floor":54,"key":"LifebloodPotion"}],"is_trial":false,"path_per_floor":["M","?","?","$","M","E","R","M","T","E","$","M","M","E","R","B",null,"M","?","M","M","$","E","?","E","T","$","M","E","R","M","R","B",null,"M","M","$","M","M","E","M","?","T","E","$","R","E","M","R","B",null,"R","$","E","B",null],"character_chosen":"THE_SILENT","items_purchased":["Fluid Movement","Infinite Blades","ReplayTheSpireMod:Ninjato","Ornamental Fan"],"campfire_rested":1,"item_purchase_floors":[4,22,37,53],"current_hp_per_floor":[70,59,52,52,52,51,51,51,51,47,47,47,47,44,44,44,77,77,77,67,50,50,39,39,24,24,24,22,9,32,32,32,24,77,77,46,46,21,21,33,49,49,49,48,48,48,53,61,61,55,77,77,77,77,49],"gold":42,"neow_bonus":"RANDOM_COLORLESS","is_daily":false,"chose_seed":false,"campfire_upgraded":5,"win_rate":0.0,"timestamp":1610244281,"path_taken":["M","?","?","$","M","E","R","M","T","E","?","M","M","E","R","BOSS","M","?","M","?","$","E","?","E","T","?","?","E","R","M","R","BOSS","M","M","$","?","M","E","M","?","T","E","$","R","E","M","R","BOSS","R","$","E","BOSS"],"items_purchased_type":["Card","Card","Relic","Relic"],"build_version":"2020-12-22","purchased_purges":6,"victory":true,"max_hp_per_floor":[70,70,70,70,70,70,70,70,70,77,77,77,77,77,77,77,77,77,77,77,77,77,77,77,77,77,77,77,77,77,77,77,77,77,77,77,77,77,77,77,77,77,77,77,77,77,77,77,77,77,77,77,77,77,77],"card_choices":[{"not_picked":["Purity","Trip"],"picked":"ReplayTheSpireMod:Private Reserves","floor":0.0},{"not_picked":["Deadly Poison","Prepared"],"picked":"Blade Dance","floor":1.0},{"not_picked":["Riddle With Holes","Quick Slash","Unload"],"picked":"SKIP","floor":5.0},{"not_picked":["Prepared","Acrobatics"],"picked":"Setup","floor":6.0},{"not_picked":["Well Laid Plans","Predator","Reflex"],"picked":"SKIP","floor":8.0},{"not_picked":["Dagger Spray","Predator"],"picked":"Hidden Blade","floor":10.0},{"not_picked":["Bane","Backflip","Quick Slash"],"picked":"SKIP","floor":12.0},{"not_picked":["All Out Attack","PiercingWail","Reflex"],"picked":"SKIP","floor":13.0},{"not_picked":["All Out Attack","Bane","Dagger Spray"],"picked":"SKIP","floor":14.0},{"not_picked":["Phantasmal Killer","Unload"],"picked":"Burst","floor":16.0},{"not_picked":["Hidden Blade+1","Deadly Poison","PiercingWail+1"],"picked":"SKIP","floor":18.0},{"not_picked":["Dagger Throw+1","Backflip"],"picked":"Finisher","floor":20.0},{"not_picked":["Distraction","Slice","PiercingWail"],"picked":"SKIP","floor":21.0},{"not_picked":["Crippling Poison","Backflip","Dodge and Roll"],"picked":"SKIP","floor":23.0},{"not_picked":["Slice+1","Dodge and Roll","Noxious Fumes+1"],"picked":"SKIP","floor":25.0},{"not_picked":["Dagger Spray","Outmaneuver","All Out Attack"],"picked":"SKIP","floor":28.0},{"not_picked":["Flying Knee","Venomology","Backflip+1"],"picked":"SKIP","floor":29.0},{"not_picked":["Poisoned Stab","Sucker Punch","Deflect+1"],"picked":"SKIP","floor":31.0},{"not_picked":["Replay:Bag of Tricks","Grand Finale"],"picked":"Poison Darts","floor":33.0},{"not_picked":["Sucker Punch","Dash","Quick Slash"],"picked":"SKIP","floor":35.0},{"not_picked":["Sucker Punch","Backflip+1"],"picked":"Crippling Poison","floor":36.0},{"not_picked":["Replay:Poison Smokescreen","Slice+1","Leg Sweep+1"],"picked":"SKIP","floor":38},{"not_picked":["PiercingWail+1","Reflex+1"],"picked":"Poisoned Stab","floor":39},{"not_picked":["Escape Plan","Bane"],"picked":"Accuracy","floor":40},{"not_picked":["Acrobatics","Slice+1"],"picked":"ReplayTheSpireMod:Shiv Toss","floor":41},{"not_picked":["ReplayTheSpireMod:Exploit Weakness+1","Fluid Movement","All Out Attack"],"picked":"SKIP","floor":44},{"not_picked":["Endless Agony","Reflex+1","Flechettes"],"picked":"SKIP","floor":47},{"not_picked":["Endless Agony","Reflex+1","Flechettes"],"picked":"SKIP","floor":47},{"not_picked":["Acrobatics+1","Deflect","Deadly Poison"],"picked":"SKIP","floor":48},{"not_picked":["Reflex+1","Backstab+1","ReplayTheSpireMod:Tripwire+1"],"picked":"SKIP","floor":54}],"player_experience":64819,"relics_obtained":[{"floor":6.0,"key":"Replay:Kaleidoscope"},{"floor":9.0,"key":"Replay:Accelerometer"},{"floor":10.0,"key":"Strawberry"},{"floor":14.0,"key":"Counterbalance"},{"floor":23.0,"key":"Lizard Tail"},{"floor":25.0,"key":"Anchor"},{"floor":26.0,"key":"Smiling Mask"},{"floor":29.0,"key":"PreservedInsect"},{"floor":40,"key":"Bottled Tornado"},{"floor":44,"key":"Du-Vu Doll"},{"floor":47,"key":"Byrd Skull"},{"floor":54,"key":"Thread and Needle"}],"event_choices":[{"damage_healed":0.0,"max_hp_gain":0.0,"max_hp_loss":0.0,"gold_gain":75.0,"event_name":"World of Goop","player_choice":"Gather Gold","floor":2.0,"gold_loss":0.0,"damage_taken":11.0},{"cards_removed":["Survivor"],"damage_healed":0.0,"max_hp_gain":0.0,"max_hp_loss":0.0,"gold_gain":0.0,"event_name":"Golden Wing","player_choice":"Card Removal","floor":3.0,"gold_loss":0.0,"damage_taken":7.0},{"cards_removed":["Strike_G"],"damage_healed":0.0,"max_hp_gain":0.0,"max_hp_loss":0.0,"gold_gain":0.0,"event_name":"Purifier","player_choice":"Purged","floor":19.0,"gold_loss":0.0,"damage_taken":0.0},{"damage_healed":0.0,"max_hp_gain":0.0,"max_hp_loss":0.0,"gold_gain":0.0,"event_name":"Vampires","player_choice":"Ignored","floor":24.0,"gold_loss":0.0,"damage_taken":0.0},{"cards_removed":["Neutralize"],"damage_healed":0,"gold_gain":0,"player_choice":"Removed Attack","damage_taken":0,"max_hp_gain":0,"max_hp_loss":0,"event_name":"Falling","floor":42,"gold_loss":0}],"is_beta":false,"boss_relics":[{"not_picked":["ChewingGum","Ectoplasm"],"picked":"SlaversCollar"},{"not_picked":["Velvet Choker","Runic Pyramid"],"picked":"Ring of Chaos"}],"items_purged_floors":[4,11,22,27,37,45],"is_endless":false,"potions_floor_spawned":[5,10,12,13,23,28,29,31,33,35,38,44,47,54],"ascension_level":3}}