{"host":"z42sc0n2dozsmk72","time":1610274720,"event":{"mods":["AchievementEnabler","BaseMod","Better Third Choice","Colored Map","Curses Come First","Googly Eyes","Highlight Path","Minty Spire (QoL Compilation)","Permanent Neow","Quick Restart","Relic Stats","Shop Mod","StSLib","egg","slay the spire mod where everything is the same but ironclad has a cowboy hat"],"gold_per_floor":[10,22,122,140,19,354,354,364,364,377,377,377,393,403,403,508,508,521,521,156,166,182,182,182,182,182,208,227,246,273,285,285,380,380,393,413,413,85,105,105,116,145,145,161,181,216,230,242,242,242,242,242,22,52,52],"floor_reached":56,"playtime":5782,"items_purged":["Strike_B","Defend_B"],"score":1332,"play_id":"08bb9d94-51cc-4dbb-a96a-ece6ce135002","local_time":"20210110233159","is_ascension_mode":false,"campfire_choices":[{"data":"Defragment","floor":7.0,"key":"SMITH"},{"data":"Defragment","floor":11.0,"key":"SMITH"},{"data":"Panacea","floor":15.0,"key":"SMITH"},{"data":"Dualcast","floor":23.0,"key":"SMITH"},{"data":"Biased Cognition","floor":25.0,"key":"SMITH"},{"data":"Capacitor","floor":32.0,"key":"SMITH"},{"data":"Echo Form","floor":40.0,"key":"SMITH"},{"floor":49,"key":"RECALL"},{"data":"Amplify","floor":52,"key":"SMITH"}],"circlet_count":0,"master_deck":["Defend_B","Defend_B","Zap","Dualcast+1","Ball Lightning","Glacier","Defragment+1","Panacea+1","Echo Form+1","Defragment+1","Capacitor+1","Coolheaded","Biased Cognition+1","Rebound","Chaos+1","Go for the Eyes","Blizzard","Loop+1","Amplify+1","Capacitor+1","Defragment","Consume+1","Recycle+1","Defragment+1","Defragment"],"relics":["FrozenCore","FossilizedHelix","Old Coin","Ice Cream","Bag of Marbles","Molten Egg 2","Boot","Snecko Eye","Cables","Omamori","Girya","Akabeko","Art of War"],"acts_visited":["Exordium","TheCity","TheBeyond","TheEnding"],"potions_floor_usage":[42,46,50,55,55,55],"damage_taken":[{"damage":0.0,"enemies":"Jaw Worm","floor":1.0,"turns":3.0},{"damage":0.0,"enemies":"Cultist","floor":2.0,"turns":3.0},{"damage":0.0,"enemies":"2 Louse","floor":4.0,"turns":3.0},{"damage":40.0,"enemies":"Gremlin Nob","floor":6.0,"turns":7.0},{"damage":0.0,"enemies":"2 Fungi Beasts","floor":8.0,"turns":3.0},{"damage":0.0,"enemies":"Red Slaver","floor":10.0,"turns":3.0},{"damage":0.0,"enemies":"Blue Slaver","floor":13.0,"turns":5.0},{"damage":28.0,"enemies":"Exordium Thugs","floor":14.0,"turns":4.0},{"damage":0.0,"enemies":"Slime Boss","floor":16.0,"turns":9.0},{"damage":0.0,"enemies":"Chosen","floor":18.0,"turns":6.0},{"damage":0.0,"enemies":"Spheric Guardian","floor":21.0,"turns":5.0},{"damage":0.0,"enemies":"Centurion and Healer","floor":22.0,"turns":8.0},{"damage":20.0,"enemies":"Gremlin Leader","floor":27.0,"turns":7.0},{"damage":7.0,"enemies":"Shelled Parasite and Fungi","floor":28.0,"turns":6.0},{"damage":10.0,"enemies":"Sentry and Sphere","floor":29.0,"turns":7.0},{"damage":0.0,"enemies":"Slavers","floor":30.0,"turns":7.0},{"damage":16.0,"enemies":"Snake Plant","floor":31.0,"turns":5.0},{"damage":14.0,"enemies":"Collector","floor":33.0,"turns":9.0},{"damage":7.0,"enemies":"3 Darklings","floor":35.0,"turns":6.0},{"damage":0.0,"enemies":"3 Shapes","floor":36.0,"turns":6.0},{"damage":0.0,"enemies":"Spire Growth","floor":39.0,"turns":8.0},{"damage":0.0,"enemies":"3 Darklings","floor":41.0,"turns":6.0},{"damage":25,"enemies":"Reptomancer","floor":42,"turns":5},{"damage":0,"enemies":"Writhing Mass","floor":44,"turns":7},{"damage":0,"enemies":"Maw","floor":45,"turns":6},{"damage":10,"enemies":"Nemesis","floor":46,"turns":8},{"damage":0,"enemies":"Jaw Worm Horde","floor":47,"turns":8},{"damage":0,"enemies":"Writhing Mass","floor":48,"turns":7},{"damage":11,"enemies":"Donu and Deca","floor":50,"turns":8},{"damage":10,"enemies":"Shield and Spear","floor":54,"turns":10},{"damage":14,"enemies":"The Heart","floor":55,"turns":9}],"seed_played":"4361948504693600573","potions_obtained":[{"floor":2.0,"key":"FearPotion"},{"floor":10.0,"key":"LiquidBronze"},{"floor":13.0,"key":"LiquidMemories"},{"floor":21.0,"key":"GamblersBrew"},{"floor":28.0,"key":"LiquidBronze"},{"floor":30.0,"key":"BlessingOfTheForge"},{"floor":33.0,"key":"PotionOfCapacity"},{"floor":35.0,"key":"DistilledChaos"},{"floor":42,"key":"Regen Potion"},{"floor":45,"key":"Energy Potion"},{"floor":47,"key":"LiquidMemories"},{"floor":54,"key":"Ancient Potion"}],"is_trial":false,"path_per_floor":["M","M","?","M","$","E","R","M","T","M","R","?","M","M","R","B",null,"M","?","$","M","M","R","?","R","T","E","M","M","E","M","R","B",null,"M","M","?","$","M","R","M","E","T","M","M","E","M","M","R","B",null,"R","$","E","B",null],"character_chosen":"DEFECT","items_purchased":["Defragment","Panacea","Ice Cream","Cables","Defragment","Defragment","Dexterity Potion"],"campfire_rested":0,"item_purchase_floors":[5,5,20,38,38,53,53],"current_hp_per_floor":[75,75,75,75,75,35,35,35,35,35,35,40,40,12,12,12,80,80,80,80,80,80,80,80,80,80,60,53,43,43,27,27,13,80,73,73,73,73,73,73,73,48,48,48,48,53,53,53,53,42,80,80,80,70,56],"gold":52,"neow_bonus":"ONE_RARE_RELIC","is_daily":false,"chose_seed":false,"campfire_upgraded":8,"win_rate":0.0,"timestamp":1610274719,"path_taken":["M","M","?","M","?","E","R","M","T","M","R","?","M","M","R","BOSS","M","?","$","?","M","R","?","R","T","E","M","M","E","M","R","BOSS","M","M","?","$","M","R","M","E","T","?","M","E","M","M","R","BOSS","R","$","E","BOSS"],"items_purchased_type":["Card","Card","Relic","Relic","Card","Card","Potion"],"build_version":"2020-12-22","purchased_purges":2,"victory":true,"max_hp_per_floor":[75,75,75,75,75,75,75,75,75,75,75,80,80,80,80,80,80,80,80,80,80,80,80,80,80,80,80,80,80,80,80,80,80,80,80,80,80,80,80,80,80,80,80,80,80,80,80,80,80,80,80,80,80,80,80],"relic_stats":{"counters":[31,194],"Snecko Eye":[161,147,149,167],"Art of War":[3],"Boot":[61],"obtain_stats":[{"Ice Cream":20,"Girya":43,"Omamori":42,"Boot":30,"Akabeko":46,"Old Coin":6,"FrozenCore":17,"Cables":38,"Snecko Eye":34,"Molten Egg 2":27,"Bag of Marbles":26,"Art of War":54,"Cracked Core":0,"FossilizedHelix":0},{"Ice Cream":10,"Girya":23,"Omamori":23,"Boot":16,"Akabeko":26,"Old Coin":4,"FrozenCore":9,"Cables":20,"Snecko Eye":18,"Molten Egg 2":13,"Bag of Marbles":12,"Art of War":30,"Cracked Core":0,"FossilizedHelix":0},{"Ice Cream":46,"Girya":131,"Omamori":131,"Boot":86,"Akabeko":152,"Old Coin":16,"FrozenCore":40,"Cables":112,"Snecko Eye":100,"Molten Egg 2":66,"Bag of Marbles":59,"Art of War":185,"Cracked Core":0,"FossilizedHelix":0}],"FrozenCore":[98],"Cables":[79,12,63,1,3]},"card_choices":[{"not_picked":["Force Field","FTL"],"picked":"Ball Lightning","floor":1.0},{"not_picked":["Stack","Rebound","Heatsinks"],"picked":"SKIP","floor":2.0},{"not_picked":["Self Repair","Reinforced Body"],"picked":"Glacier","floor":4.0},{"not_picked":["Reprogram","Steam","Lockon"],"picked":"SKIP","floor":6.0},{"not_picked":["Go for the Eyes","Double Energy"],"picked":"Echo Form","floor":8.0},{"not_picked":["Conserve Battery","Turbo"],"picked":"Defragment","floor":10.0},{"not_picked":["Skim","Loop"],"picked":"Capacitor","floor":13.0},{"not_picked":["Gash","Hologram"],"picked":"Coolheaded","floor":14.0},{"not_picked":["All For One","Electrodynamics"],"picked":"Biased Cognition","floor":16.0},{"not_picked":["Blizzard","Reprogram","FTL"],"picked":"SKIP","floor":18.0},{"not_picked":["Stack","Coolheaded","Undo"],"picked":"SKIP","floor":21.0},{"not_picked":["Compile Driver","Ball Lightning"],"picked":"Chaos+1","floor":22.0},{"not_picked":["Loop","Lockon+1","White Noise"],"picked":"SKIP","floor":27.0},{"not_picked":["Force Field","Redo","Compile Driver+1"],"picked":"SKIP","floor":28.0},{"not_picked":["Redo","Tempest"],"picked":"Loop+1","floor":29.0},{"not_picked":["Hyperbeam+1","Blizzard+1","Hologram"],"picked":"SKIP","floor":30.0},{"not_picked":["Streamline+1","Cold Snap+1","Rebound+1"],"picked":"SKIP","floor":31.0},{"not_picked":["Hyperbeam+1","Reboot"],"picked":"Amplify","floor":33.0},{"not_picked":["Steam+1","Turbo+1"],"picked":"Capacitor+1","floor":35.0},{"not_picked":["Leap+1","Streamline+1","Ball Lightning+1"],"picked":"SKIP","floor":36.0},{"not_picked":["BootSequence","Hologram+1","Go for the Eyes+1"],"picked":"SKIP","floor":39.0},{"not_picked":["Rebound+1","Storm+1","Darkness"],"picked":"SKIP","floor":41.0},{"not_picked":["Auto Shields+1","Rebound+1"],"picked":"Consume+1","floor":42},{"not_picked":["Ball Lightning+1","Heatsinks"],"picked":"Recycle+1","floor":44},{"not_picked":["Reprogram+1","Darkness+1","Beam Cell+1"],"picked":"SKIP","floor":45},{"not_picked":["Reinforced Body+1","Blizzard+1","Static Discharge"],"picked":"SKIP","floor":46},{"not_picked":["Glacier+1","Blizzard+1","Stack"],"picked":"SKIP","floor":47},{"not_picked":["Electrodynamics","Redo+1"],"picked":"Defragment+1","floor":48},{"not_picked":["Compile Driver+1","Streamline+1","Reprogram"],"picked":"SKIP","floor":54}],"player_experience":814682,"relics_obtained":[{"floor":6.0,"key":"Old Coin"},{"floor":26.0,"key":"Bag of Marbles"},{"floor":27.0,"key":"Molten Egg 2"},{"floor":30.0,"key":"Boot"},{"floor":42,"key":"Omamori"},{"floor":43,"key":"Girya"},{"floor":46,"key":"Akabeko"},{"floor":54,"key":"Art of War"}],"event_choices":[{"damage_healed":0.0,"max_hp_gain":0.0,"max_hp_loss":0.0,"gold_gain":100.0,"event_name":"Golden Shrine","player_choice":"Pray","floor":3.0,"gold_loss":0.0,"damage_taken":0.0},{"damage_healed":0.0,"max_hp_gain":5.0,"max_hp_loss":0.0,"gold_gain":0.0,"event_name":"Big Fish","player_choice":"Donut","floor":12.0,"gold_loss":0.0,"damage_taken":0.0},{"damage_healed":0.0,"max_hp_gain":0.0,"max_hp_loss":0.0,"gold_gain":0.0,"cards_transformed":["Strike_B"],"event_name":"Transmorgrifier","player_choice":"Transformed","floor":19.0,"gold_loss":0.0,"damage_taken":0.0,"cards_obtained":["Rebound"]},{"damage_healed":0.0,"max_hp_gain":0.0,"max_hp_loss":0.0,"gold_gain":0.0,"cards_transformed":["Strike_B","Strike_B"],"event_name":"Drug Dealer","player_choice":"Became Test Subject","floor":24.0,"gold_loss":0.0,"damage_taken":0.0,"cards_obtained":["Go for the Eyes","Blizzard"]},{"cards_removed":["Defend_B"],"damage_healed":0.0,"max_hp_gain":0.0,"max_hp_loss":0.0,"gold_gain":0.0,"event_name":"Purifier","player_choice":"Purged","floor":37.0,"gold_loss":0.0,"damage_taken":0.0}],"is_beta":false,"boss_relics":[{"not_picked":["SacredBark","SlaversCollar"],"picked":"FrozenCore"},{"not_picked":["Tiny House","Velvet Choker"],"picked":"Snecko Eye"}],"items_purged_floors":[20,53],"is_endless":false,"potions_floor_spawned":[2,10,13,21,22,28,30,31,33,35,39,42,45,47,54],"ascension_level":0}}