{"host":"rolltorest","time":1610251511,"event":{"mods":["BaseMod","Minty Spire (QoL Compilation)","Relic Stats","Robot Space Explorer","Slay the Relics Exporter","StSLib"],"gold_per_floor":[119,194,249,259,279,279,304,304,357,392,372,387,387,422,422,493,493,513,428,428,263,278,305,305,336,336,348,366,391,391,391,391,462,462,481,481,494,494,494,828,828,860,887,887,887],"floor_reached":44,"playtime":1545,"items_purged":["RobotSpaceExplorer:Strike"],"score":1155,"play_id":"723930aa-6c91-4ca4-9429-b80b4e30b8d6","local_time":"20210109200511","is_ascension_mode":true,"campfire_choices":[{"data":"RobotSpaceExplorer:MiniLasers","floor":6,"key":"SMITH"},{"data":"RobotSpaceExplorer:PlasmaMissile","floor":8,"key":"SMITH"},{"data":"RobotSpaceExplorer:PlasmaMissile","floor":13,"key":"SMITH"},{"data":"RobotSpaceExplorer:BlastShield","floor":15,"key":"SMITH"},{"data":"RobotSpaceExplorer:TurboDodge","floor":24,"key":"SMITH"},{"data":"RobotSpaceExplorer:Scan","floor":30,"key":"SMITH"},{"floor":32,"key":"REST"},{"data":"RobotSpaceExplorer:DualCore","floor":41,"key":"SMITH"}],"circlet_count":0,"master_deck":["AscendersBane","RobotSpaceExplorer:Strike+1","RobotSpaceExplorer:Strike+1","RobotSpaceExplorer:Defend+1","RobotSpaceExplorer:Defend+1","RobotSpaceExplorer:Defend+1","RobotSpaceExplorer:Defend+1","RobotSpaceExplorer:Scan+1","RobotSpaceExplorer:MiniLasers+1","RobotSpaceExplorer:PlasmaMissile+1","RobotSpaceExplorer:SurgingStrike","RobotSpaceExplorer:PlasmaMissile+1","RobotSpaceExplorer:StunGrenade","RobotSpaceExplorer:BlastShield+1","RobotSpaceExplorer:Pulsar","RobotSpaceExplorer:Blaster+1","RobotSpaceExplorer:BlastShield+1","RobotSpaceExplorer:TurboDodge+1","RobotSpaceExplorer:TrailblazerForm","RobotSpaceExplorer:ShovelStrike+1","RobotSpaceExplorer:Electropulse+1","RobotSpaceExplorer:FrostMissile+1","RobotSpaceExplorer:HighVoltage+1","RobotSpaceExplorer:MakeshiftVolley+1","RobotSpaceExplorer:DualCore+1"],"relics":["RobotSpaceExplorer:RoboCore","Pocketwatch","RobotSpaceExplorer:FoglandsKnife","Shuriken","Centennial Puzzle","White Beast Statue","Molten Egg 2","Snecko Eye","Boot","Smiling Mask","Ancient Tea Set","RobotSpaceExplorer:PlasmaHourglass","Singing Bowl","Velvet Choker","Old Coin","Blue Candle"],"acts_visited":["Exordium","TheCity","TheBeyond"],"potions_floor_usage":[14,16,18,23,25,28,29,33,44],"damage_taken":[{"damage":0,"enemies":"Small Slimes","floor":1,"turns":5},{"damage":0,"enemies":"Jaw Worm","floor":4,"turns":3},{"damage":0,"enemies":"Cultist","floor":5,"turns":2},{"damage":20,"enemies":"3 Sentries","floor":7,"turns":6},{"damage":8,"enemies":"Lagavulin","floor":10,"turns":5},{"damage":0,"enemies":"2 Fungi Beasts","floor":12,"turns":2},{"damage":10,"enemies":"3 Sentries","floor":14,"turns":5},{"damage":14,"enemies":"Slime Boss","floor":16,"turns":8},{"damage":4,"enemies":"2 Thieves","floor":18,"turns":4},{"damage":0,"enemies":"Spheric Guardian","floor":22,"turns":1},{"damage":3,"enemies":"Slavers","floor":23,"turns":4},{"damage":14,"enemies":"Book of Stabbing","floor":25,"turns":4},{"damage":9,"enemies":"Centurion and Healer","floor":27,"turns":6},{"damage":0,"enemies":"Cultist and Chosen","floor":28,"turns":3},{"damage":0,"enemies":"Gremlin Leader","floor":29,"turns":5},{"damage":7,"enemies":"Automaton","floor":33,"turns":8},{"damage":5,"enemies":"3 Darklings","floor":35,"turns":4},{"damage":9,"enemies":"3 Shapes","floor":37,"turns":3},{"damage":11,"enemies":"Giant Head","floor":40,"turns":7},{"damage":26,"enemies":"Reptomancer","floor":42,"turns":5},{"damage":12,"enemies":"Spire Growth","floor":44,"turns":4}],"seed_played":"-8980390340371448392","potions_obtained":[{"floor":5,"key":"DistilledChaos"},{"floor":11,"key":"Block Potion"},{"floor":14,"key":"EssenceOfSteel"},{"floor":16,"key":"DistilledChaos"},{"floor":18,"key":"AttackPotion"},{"floor":23,"key":"Strength Potion"},{"floor":25,"key":"Dexterity Potion"},{"floor":28,"key":"DuplicationPotion"},{"floor":29,"key":"Block Potion"},{"floor":33,"key":"FearPotion"},{"floor":37,"key":"SpeedPotion"}],"is_trial":false,"path_per_floor":["M","?","T","M","M","R","E","R","T","E","?","M","R","E","R","B",null,"M","?","?","$","M","E","R","E","T","M","M","E","R","?","R","B",null,"M","?","M","?","?","E","R","E","T","M"],"character_chosen":"RobotSpaceExplorer","items_purchased":["RobotSpaceExplorer:TurboDodge"],"campfire_rested":1,"item_purchase_floors":[21],"current_hp_per_floor":[64,53,53,53,53,53,33,33,33,25,25,25,25,15,15,1,48,44,44,44,44,44,41,41,27,27,18,18,20,20,20,39,32,58,53,53,46,46,46,35,35,11,11,0,0],"gold":887,"neow_bonus":"ONE_RARE_RELIC","is_daily":false,"chose_seed":false,"campfire_upgraded":7,"win_rate":0.0,"timestamp":1610251511,"path_taken":["M","?","?","?","M","R","E","R","T","E","?","?","R","E","R","BOSS","M","?","?","$","M","E","R","E","T","?","M","E","R","?","R","BOSS","M","?","M","?","?","E","R","E","T","M"],"items_purchased_type":["Card"],"build_version":"2020-12-18","purchased_purges":1,"victory":false,"max_hp_per_floor":[64,64,64,64,64,64,64,64,64,64,64,64,64,64,64,64,64,64,64,64,64,64,64,64,64,64,64,64,66,66,66,66,66,66,66,63,65,65,65,65,65,67,67,67,67],"relic_stats":{"Centennial Puzzle":[35],"Singing Bowl":6,"counters":[21,94],"Shuriken":[27],"Blue Candle":[0],"Snecko Eye":[113,109,130,119],"Boot":[15],"Smiling Mask":0,"obtain_stats":[{"Singing Bowl":29,"RobotSpaceExplorer:PlasmaHourglass":26,"Blue Candle":42,"Velvet Choker":34,"RobotSpaceExplorer:RoboCore":0,"Boot":19,"Smiling Mask":23,"Ancient Tea Set":25,"White Beast Statue":10,"Old Coin":40,"RobotSpaceExplorer:FoglandsKnife":3,"Centennial Puzzle":9,"Shuriken":7,"Snecko Eye":17,"Molten Egg 2":14,"Pocketwatch":0},{"Singing Bowl":15,"RobotSpaceExplorer:PlasmaHourglass":12,"Blue Candle":20,"Velvet Choker":16,"RobotSpaceExplorer:RoboCore":0,"Boot":9,"Smiling Mask":11,"Ancient Tea Set":12,"White Beast Statue":5,"Old Coin":19,"RobotSpaceExplorer:FoglandsKnife":1,"Centennial Puzzle":4,"Shuriken":4,"Snecko Eye":8,"Molten Egg 2":7,"Pocketwatch":0},{"Singing Bowl":63,"RobotSpaceExplorer:PlasmaHourglass":49,"Blue Candle":90,"Velvet Choker":71,"RobotSpaceExplorer:RoboCore":0,"Boot":40,"Smiling Mask":45,"Ancient Tea Set":49,"White Beast Statue":21,"Old Coin":85,"RobotSpaceExplorer:FoglandsKnife":5,"Centennial Puzzle":16,"Shuriken":16,"Snecko Eye":36,"Molten Egg 2":28,"Pocketwatch":0}],"Pocketwatch":[119]},"card_choices":[{"not_picked":["RobotSpaceExplorer:MetalStrike","RobotSpaceExplorer:ShovelStrike"],"picked":"RobotSpaceExplorer:PlasmaMissile","floor":1},{"not_picked":["RobotSpaceExplorer:SlimeMissile","RobotSpaceExplorer:FranticSearch"],"picked":"RobotSpaceExplorer:SurgingStrike","floor":4},{"not_picked":["RobotSpaceExplorer:SurgingShield","RobotSpaceExplorer:GlueSpray","RobotSpaceExplorer:Probe"],"picked":"SKIP","floor":5},{"not_picked":["RobotSpaceExplorer:SurgingStrike","RobotSpaceExplorer:DoubleFind"],"picked":"RobotSpaceExplorer:PlasmaMissile","floor":7},{"not_picked":["RobotSpaceExplorer:IronShell","RobotSpaceExplorer:StarDust"],"picked":"RobotSpaceExplorer:StunGrenade","floor":10},{"not_picked":["RobotSpaceExplorer:ScrapMissile","RobotSpaceExplorer:MakeshiftVolley"],"picked":"RobotSpaceExplorer:BlastShield","floor":12},{"not_picked":["RobotSpaceExplorer:MiniBoosters","RobotSpaceExplorer:StarDust"],"picked":"RobotSpaceExplorer:Pulsar","floor":14},{"not_picked":["RobotSpaceExplorer:Comet","RobotSpaceExplorer:DroneSwarm"],"picked":"RobotSpaceExplorer:Blaster+1","floor":16},{"not_picked":["RobotSpaceExplorer:ScrapMissile+1","RobotSpaceExplorer:MiniDrones+1","RobotSpaceExplorer:SelfCleaning"],"picked":"SKIP","floor":18},{"not_picked":["RobotSpaceExplorer:ScrapMissile+1","RobotSpaceExplorer:Counterblock","RobotSpaceExplorer:Ammunition"],"picked":"SKIP","floor":22},{"not_picked":["RobotSpaceExplorer:DoubleFind","RobotSpaceExplorer:SlimeMissile+1"],"picked":"RobotSpaceExplorer:TrailblazerForm","floor":23},{"not_picked":["RobotSpaceExplorer:StunGrenade+1","RobotSpaceExplorer:FreezeRay"],"picked":"RobotSpaceExplorer:ShovelStrike+1","floor":25},{"not_picked":["RobotSpaceExplorer:LuckyStrike+1","RobotSpaceExplorer:ScrapMissile+1"],"picked":"RobotSpaceExplorer:Electropulse+1","floor":27},{"not_picked":["RobotSpaceExplorer:SlimeMissile+1","RobotSpaceExplorer:MakeshiftVolley+1"],"picked":"RobotSpaceExplorer:FrostMissile+1","floor":28},{"not_picked":["RobotSpaceExplorer:PowerGlove","RobotSpaceExplorer:SurgingShield","RobotSpaceExplorer:Probe+1"],"picked":"Singing Bowl","floor":29},{"not_picked":["RobotSpaceExplorer:ChargingLaser+1","RobotSpaceExplorer:Comet"],"picked":"RobotSpaceExplorer:HighVoltage+1","floor":33},{"not_picked":["RobotSpaceExplorer:Ammunition","RobotSpaceExplorer:ImprovisedAttack+1"],"picked":"RobotSpaceExplorer:MakeshiftVolley+1","floor":35},{"not_picked":["RobotSpaceExplorer:ScrapShield","RobotSpaceExplorer:ShockKick+1","RobotSpaceExplorer:SlimeMissile+1"],"picked":"Singing Bowl","floor":37},{"not_picked":["RobotSpaceExplorer:GearShield+1","RobotSpaceExplorer:JunkDive"],"picked":"RobotSpaceExplorer:DualCore","floor":40},{"not_picked":["RobotSpaceExplorer:StarDust+1","RobotSpaceExplorer:Electropulse+1","RobotSpaceExplorer:SwiftStep"],"picked":"Singing Bowl","floor":42}],"player_experience":1826054,"relics_obtained":[{"floor":3,"key":"RobotSpaceExplorer:FoglandsKnife"},{"floor":7,"key":"Shuriken"},{"floor":9,"key":"Centennial Puzzle"},{"floor":10,"key":"White Beast Statue"},{"floor":14,"key":"Molten Egg 2"},{"floor":23,"key":"Smiling Mask"},{"floor":25,"key":"Ancient Tea Set"},{"floor":26,"key":"RobotSpaceExplorer:PlasmaHourglass"},{"floor":29,"key":"Singing Bowl"},{"floor":40,"key":"Old Coin"},{"floor":42,"key":"Blue Candle"}],"event_choices":[{"damage_healed":0,"gold_gain":75,"player_choice":"Gather Gold","damage_taken":11,"max_hp_gain":0,"max_hp_loss":0,"event_name":"World of Goop","floor":2,"gold_loss":0},{"damage_healed":0,"gold_gain":0,"player_choice":"Bought 1 Potion","damage_taken":0,"max_hp_gain":0,"max_hp_loss":0,"event_name":"The Woman in Blue","floor":11,"gold_loss":0},{"damage_healed":0,"gold_gain":0,"player_choice":"Obtained Relic","damage_taken":0,"relics_obtained":["Boot"],"max_hp_gain":0,"max_hp_loss":0,"event_name":"Addict","floor":19,"gold_loss":85},{"damage_healed":0,"gold_gain":0,"player_choice":"Copied","damage_taken":0,"max_hp_gain":0,"max_hp_loss":0,"event_name":"Duplicator","floor":20,"gold_loss":0,"cards_obtained":["RobotSpaceExplorer:BlastShield"]},{"damage_healed":0,"gold_gain":0,"player_choice":"Simplicity","damage_taken":0,"max_hp_gain":0,"max_hp_loss":0,"event_name":"Back to Basics","floor":31,"gold_loss":0,"cards_upgraded":["RobotSpaceExplorer:Strike","RobotSpaceExplorer:Strike","RobotSpaceExplorer:Strike","RobotSpaceExplorer:Defend","RobotSpaceExplorer:Defend","RobotSpaceExplorer:Defend","RobotSpaceExplorer:Defend"]},{"damage_healed":0,"gold_gain":0,"player_choice":"Max HP","damage_taken":0,"max_hp_gain":0,"max_hp_loss":3,"event_name":"Winding Halls","floor":36,"gold_loss":0},{"cards_removed":["RobotSpaceExplorer:Strike"],"damage_healed":0,"gold_gain":0,"player_choice":"Removed Attack","damage_taken":0,"max_hp_gain":0,"max_hp_loss":0,"event_name":"Falling","floor":38,"gold_loss":0},{"damage_healed":0,"gold_gain":0,"player_choice":"Ignored","damage_taken":0,"max_hp_gain":0,"max_hp_loss":0,"event_name":"SecretPortal","floor":39,"gold_loss":0}],"is_beta":true,"boss_relics":[{"not_picked":["Astrolabe","Fusion Hammer"],"picked":"Snecko Eye"},{"not_picked":["Tiny House","Calling Bell"],"picked":"Velvet Choker"}],"items_purged_floors":[21],"is_endless":false,"potions_floor_spawned":[5,12,14,16,18,22,23,25,27,28,29,33,35,37,40,42],"killed_by":"Spire Growth","ascension_level":20}}