{"host":"uxx7prhn9zlu6i2v","time":1610312094,"event":{"mods":["100% Spire Juice","2.2 Compatiblity","AchievementEnabler","Act Like it!","Bard","BaseMod","Better Third Choice","CapriCore","ChefMod","Colored Powertips","Faster Ascension Climbing","Fox Events","Gensokyo","GifTheSpireLib","Hermit","Hubris","KomeijiMod","Marisa????????","Minty Spire (QoL Compilation)","Pale of the Ancients","Permanent Neow","Quick Restart","RNG Fix","Rare Cards Sparkle","Reimu??????","Relic Filter","Relic Sorter","Relic Stats","Reworked Bosses","Spicy Shops","StSLib","The Administrix","The Blue Laboratory","The Bug Knight","The Immortal","Yakumo Yukari mod","??????REMEMod"],"gold_per_floor":[135,135,135],"floor_reached":2,"playtime":174,"items_purged":[],"score":18,"play_id":"8cd1537b-d5cb-4d8e-ac42-f61101e3e104","local_time":"20210110145454","is_ascension_mode":true,"campfire_choices":[],"circlet_count":0,"master_deck":["AscendersBane","AT_purpleEX","AT_purpleEX","AT_purpleEX","AT_purpleEX","Defend_purpleEX","Defend_purpleEX","Defend_purpleEX","Defend_purpleEX","Observe_purple_1","Observe_purple_2","RuleDissolution_purple","LearningPray:ReiMu"],"relics":["Boundary_crack","Memoryfragments_purpleEX","REME_ComplimentaryCards","Bronze Scales"],"acts_visited":["Gensokyo:Gensokyo"],"potions_floor_usage":[],"damage_taken":[{"damage":5,"enemies":"Gensokyo:2_Kodama","floor":1,"turns":4},{"damage":46,"enemies":"Gensokyo:Mamizou","floor":2,"turns":12}],"seed_played":"1677405149370504088","potions_obtained":[],"is_trial":false,"path_per_floor":["M","?"],"character_chosen":"Youkari","items_purchased":[],"campfire_rested":0,"item_purchase_floors":[],"current_hp_per_floor":[60,14,14],"gold":135,"neow_bonus":"RANDOM_COMMON_RELIC","is_daily":false,"chose_seed":false,"campfire_upgraded":0,"win_rate":0.0,"timestamp":1610312094,"path_taken":["M","?"],"items_purchased_type":[],"build_version":"2020-12-22","purchased_purges":0,"victory":false,"max_hp_per_floor":[70,70,70],"relic_stats":{"counters":[2,16],"Bronze Scales":[12],"obtain_stats":[{"Bronze Scales":0,"Boundary_crack":0,"Memoryfragments_purpleEX":0,"REME_ComplimentaryCards":0},{"Bronze Scales":0,"Boundary_crack":0,"Memoryfragments_purpleEX":0,"REME_ComplimentaryCards":0},{"Bronze Scales":0,"Boundary_crack":0,"Memoryfragments_purpleEX":0,"REME_ComplimentaryCards":0}]},"card_choices":[{"not_picked":["EighthInstrument_OneDividesIntoTwo_purple","SfantasyHide_purple"],"picked":"RuleDissolution_purple","floor":1}],"player_experience":1751576,"relics_obtained":[],"event_choices":[],"is_beta":false,"boss_relics":[],"items_purged_floors":[],"is_endless":false,"potions_floor_spawned":[],"killed_by":"Gensokyo:Mamizou","ascension_level":10}}