{"host":"ELF","time":1610301440,"event":{"mods":["BaseMod","Minty Spire (QoL Compilation)"],"gold_per_floor":[115,133,147,147,160,188,215,227,263,275,306,331,66,81,81,158,158,170,183,108,23,42,42,77,104,104,149,177,177,177],"floor_reached":29,"playtime":1352,"items_purged":[],"score":415,"play_id":"857d3875-c571-4f43-8f20-8629a012296b","local_time":"20210110115720","is_ascension_mode":true,"campfire_choices":[{"floor":8,"key":"REST"},{"data":"Blade Dance","floor":10,"key":"SMITH"},{"data":"Enlightenment","floor":15,"key":"SMITH"},{"floor":23,"key":"REST"}],"circlet_count":0,"master_deck":["AscendersBane","Defend_G","Defend_G","Defend_G","Survivor","Neutralize","Crippling Poison+1","Choke+1","Infinite Blades+1","Dagger Throw","Blade Dance+1","Cloak And Dagger+1","Dagger Throw","Blur+1","Dagger Spray","Eviscerate","Die Die Die","Enlightenment+1","Bouncing Flask","Tools of the Trade","Deadly Poison","Cloak And Dagger","Reflex","Calculated Gamble","Dodge and Roll+1","Ghostly","Ghostly","Ghostly","Bite","Bite","Bite","Bite","Bite","Predator"],"relics":["Astrolabe","MawBank","War Paint","Regal Pillow","SlaversCollar","CeramicFish"],"acts_visited":["Exordium","TheCity"],"potions_floor_usage":[6,6,12,22,29],"damage_taken":[{"damage":0,"enemies":"Cultist","floor":1,"turns":5},{"damage":4,"enemies":"Jaw Worm","floor":2,"turns":2},{"damage":9,"enemies":"Small Slimes","floor":3,"turns":4},{"damage":3,"enemies":"3 Louse","floor":5,"turns":3},{"damage":6,"enemies":"Gremlin Nob","floor":6,"turns":3},{"damage":0,"enemies":"2 Fungi Beasts","floor":7,"turns":2},{"damage":4,"enemies":"Blue Slaver","floor":11,"turns":3},{"damage":0,"enemies":"Red Slaver","floor":12,"turns":4},{"damage":32,"enemies":"Large Slime","floor":14,"turns":4},{"damage":5,"enemies":"Hexaghost","floor":16,"turns":9},{"damage":25,"enemies":"2 Thieves","floor":18,"turns":4},{"damage":16,"enemies":"Spheric Guardian","floor":19,"turns":5},{"damage":0,"enemies":"3 Cultists","floor":22,"turns":3},{"damage":12,"enemies":"Gremlin Leader","floor":24,"turns":4},{"damage":23,"enemies":"Shelled Parasite and Fungi","floor":28,"turns":7},{"damage":24,"enemies":"Sentry and Sphere","floor":29,"turns":7}],"seed_played":"7626649562553461437","potions_obtained":[{"floor":2,"key":"DistilledChaos"},{"floor":5,"key":"SteroidPotion"},{"floor":11,"key":"Block Potion"},{"floor":12,"key":"Swift Potion"},{"floor":16,"key":"EssenceOfSteel"},{"floor":18,"key":"Block Potion"},{"floor":19,"key":"LiquidMemories"}],"is_trial":false,"path_per_floor":["M","M","M","?","M","E","M","R","T","R","M","M","$","M","R","B",null,"M","M","?","$","M","R","E","?","T","?","M","M"],"character_chosen":"THE_SILENT","items_purchased":["Regal Pillow","Enlightenment","Reflex"],"campfire_rested":2,"item_purchase_floors":[13,13,21],"current_hp_per_floor":[59,55,46,46,43,37,37,56,56,56,52,52,52,20,20,15,53,28,12,12,12,12,46,34,33,33,23,6,0,0],"gold":177,"neow_bonus":"BOSS_RELIC","is_daily":false,"chose_seed":false,"campfire_upgraded":2,"win_rate":0.0,"timestamp":1610301440,"path_taken":["M","M","M","?","?","E","M","R","T","R","M","M","$","M","R","BOSS","M","M","?","$","M","R","E","?","T","?","M","M"],"items_purchased_type":["Relic","Card","Card"],"build_version":"2020-12-18","purchased_purges":0,"victory":false,"max_hp_per_floor":[66,66,66,66,66,66,66,66,66,66,66,66,66,66,66,66,66,66,66,66,66,66,66,66,33,33,23,23,23,23],"card_choices":[{"not_picked":["Quick Slash","Sucker Punch"],"picked":"Dagger Throw","floor":1},{"not_picked":["Underhanded Strike","Escape Plan"],"picked":"Blade Dance","floor":2},{"not_picked":["Flechettes","Acrobatics"],"picked":"Cloak And Dagger","floor":3},{"not_picked":["Dodge and Roll","Crippling Poison"],"picked":"Dagger Throw","floor":5},{"not_picked":["Blade Dance","Flechettes"],"picked":"Blur","floor":6},{"not_picked":["Dagger Throw","Crippling Poison"],"picked":"Dagger Spray","floor":7},{"not_picked":["Poisoned Stab","Sucker Punch"],"picked":"Eviscerate","floor":11},{"not_picked":["Skewer","Quick Slash"],"picked":"Die Die Die","floor":12},{"not_picked":["Blade Dance","Acrobatics"],"picked":"Bouncing Flask","floor":14},{"not_picked":["Glass Knife","Grand Finale"],"picked":"Tools of the Trade","floor":16},{"not_picked":["Poisoned Stab","Sucker Punch"],"picked":"Deadly Poison","floor":18},{"not_picked":["Blade Dance","Deadly Poison"],"picked":"Cloak And Dagger","floor":19},{"not_picked":["Riddle With Holes","Cloak And Dagger+1"],"picked":"Calculated Gamble","floor":22},{"not_picked":["Deflect","Dagger Spray"],"picked":"Dodge and Roll+1","floor":24},{"not_picked":["Distraction","Backflip"],"picked":"Predator","floor":28}],"player_experience":3160894,"relics_obtained":[{"floor":6,"key":"MawBank"},{"floor":9,"key":"War Paint"},{"floor":24,"key":"CeramicFish"}],"event_choices":[{"cards_removed":["Defend_G"],"damage_healed":0,"gold_gain":0,"player_choice":"Card Removal","damage_taken":0,"max_hp_gain":0,"max_hp_loss":0,"event_name":"Wheel of Change","floor":4,"gold_loss":0},{"cards_removed":["Strike_G"],"damage_healed":0,"gold_gain":0,"player_choice":"Gave Gold","damage_taken":0,"max_hp_gain":0,"max_hp_loss":0,"event_name":"Beggar","floor":20,"gold_loss":75},{"damage_healed":0,"gold_gain":0,"player_choice":"Became a Ghost","damage_taken":0,"max_hp_gain":0,"max_hp_loss":33,"event_name":"Ghosts","floor":25,"gold_loss":0,"cards_obtained":["Ghostly","Ghostly","Ghostly"]},{"damage_healed":0,"gold_gain":0,"player_choice":"Became a vampire","damage_taken":0,"max_hp_gain":0,"max_hp_loss":10,"event_name":"Vampires","floor":27,"gold_loss":0,"cards_obtained":["Bite","Bite","Bite","Bite","Bite"]}],"is_beta":true,"boss_relics":[{"not_picked":["Runic Dome","Tiny House"],"picked":"SlaversCollar"}],"items_purged_floors":[],"is_endless":false,"potions_floor_spawned":[2,5,11,12,16,18,19],"killed_by":"Sentry and Sphere","ascension_level":20}}