{"host":"yuoancq4cku3x8wq","time":1610295250,"event":{"mods":["AchievementEnabler","BaseMod","Minty Spire (QoL Compilation)","Quick Restart","StSLib","SuperFastMode"],"gold_per_floor":[111,111,111,122,141,141,169,169,169,51,51,65,65,83,83,160,160,173,88,142,142,153,182,197,223,223,248,261,261,279,279,279,356,356,372,31,31,56,71,71,106,106,129,144,178,178,188,202,202,202,202,202,202,0,27,27,27],"floor_reached":56,"playtime":1466,"items_purged":["Defend_P","Writhe"],"score":2280,"play_id":"4d72da33-0b47-4c0e-8b8b-a561234d88f9","local_time":"20210111001410","is_ascension_mode":true,"campfire_choices":[{"data":"Eruption","floor":6.0,"key":"SMITH"},{"data":"Scrawl","floor":13.0,"key":"SMITH"},{"data":"Wallop","floor":15.0,"key":"SMITH"},{"data":"Tantrum","floor":32.0,"key":"SMITH"},{"data":"TalkToTheHand","floor":40.0,"key":"SMITH"},{"data":"Fasting2","floor":42.0,"key":"SMITH"},{"floor":49.0,"key":"RECALL"},{"data":"Pray","floor":53.0,"key":"SMITH"}],"circlet_count":0,"master_deck":["AscendersBane","Strike_P","Defend_P","Defend_P","Eruption+1","Vigilance","ClearTheMind+1","Scrawl+1","Wallop+1","BattleHymn","Scrawl+1","Crescendo+1","Tantrum+1","CutThroughFate","DeusExMachina","TalkToTheHand+1","Fasting2+1","Pray+1","Indignation","FearNoEvil","Adaptation"],"relics":["PureWater","NeowsBlessing","StrikeDummy","Pear","Coffee Dripper","Ornamental Fan","Damaru","Bronze Scales","Happy Flower","Anchor","TungstenRod","Matryoshka","Gambling Chip","Empty Cage","Lantern","Shovel","Eternal Feather","Orichalcum","War Paint","Potion Belt","Bag of Preparation","Strawberry"],"acts_visited":["Exordium","TheCity","TheBeyond","TheEnding"],"potions_floor_usage":[56,56],"damage_taken":[{"damage":0.0,"enemies":"2 Louse","floor":1.0,"turns":1.0},{"damage":0.0,"enemies":"Cultist","floor":4.0,"turns":1.0},{"damage":0.0,"enemies":"Jaw Worm","floor":5.0,"turns":1.0},{"damage":11.0,"enemies":"Gremlin Nob","floor":7.0,"turns":3.0},{"damage":0.0,"enemies":"Large Slime","floor":12.0,"turns":4.0},{"damage":2.0,"enemies":"Exordium Wildlife","floor":14.0,"turns":2.0},{"damage":0.0,"enemies":"Slime Boss","floor":16.0,"turns":4.0},{"damage":1.0,"enemies":"2 Thieves","floor":18.0,"turns":2.0},{"damage":0.0,"enemies":"Spheric Guardian","floor":22.0,"turns":1.0},{"damage":0.0,"enemies":"Gremlin Leader","floor":23.0,"turns":3.0},{"damage":11.0,"enemies":"Centurion and Healer","floor":24.0,"turns":3.0},{"damage":0.0,"enemies":"Book of Stabbing","floor":25.0,"turns":3.0},{"damage":2.0,"enemies":"Slavers","floor":27.0,"turns":3.0},{"damage":11.0,"enemies":"Cultist and Chosen","floor":28.0,"turns":3.0},{"damage":0.0,"enemies":"Shelled Parasite and Fungi","floor":30.0,"turns":1.0},{"damage":31.0,"enemies":"Automaton","floor":33.0,"turns":8.0},{"damage":0.0,"enemies":"Orb Walker","floor":35.0,"turns":2.0},{"damage":0.0,"enemies":"Mind Bloom Boss Battle","floor":38.0,"turns":3.0},{"damage":0.0,"enemies":"3 Shapes","floor":39.0,"turns":4.0},{"damage":0.0,"enemies":"Reptomancer","floor":41.0,"turns":2.0},{"damage":0.0,"enemies":"Transient","floor":44.0,"turns":6.0},{"damage":0.0,"enemies":"Giant Head","floor":45.0,"turns":2.0},{"damage":0.0,"enemies":"Sphere and 2 Shapes","floor":47.0,"turns":3.0},{"damage":0.0,"enemies":"Spire Growth","floor":48.0,"turns":1.0},{"damage":13.0,"enemies":"Donu and Deca","floor":50.0,"turns":4.0},{"damage":20.0,"enemies":"Time Eater","floor":51.0,"turns":6.0},{"damage":0.0,"enemies":"Shield and Spear","floor":55.0,"turns":3.0},{"damage":104,"enemies":"The Heart","floor":56,"turns":3}],"seed_played":"783352632324315650","potions_obtained":[{"floor":1.0,"key":"Swift Potion"},{"floor":5.0,"key":"LiquidMemories"},{"floor":14.0,"key":"Dexterity Potion"},{"floor":16.0,"key":"Ambrosia"},{"floor":25.0,"key":"Strength Potion"},{"floor":33.0,"key":"SpeedPotion"},{"floor":38.0,"key":"LiquidMemories"},{"floor":44.0,"key":"Fruit Juice"},{"floor":45.0,"key":"SmokeBomb"},{"floor":47.0,"key":"AttackPotion"},{"floor":55.0,"key":"Strength Potion"}],"is_trial":false,"path_per_floor":["M","?","?","M","M","R","E","T","T","$","?","M","R","M","R","B",null,"M","?","T","?","M","E","M","E","T","E","M","T","M","?","R","B",null,"M","$","?","?","M","R","E","R","T","M","E","?","M","M","R","B","B",null,"R","$","E","B"],"character_chosen":"WATCHER","items_purchased":["Wallop","TalkToTheHand","Lantern","Adaptation","Bag of Preparation"],"campfire_rested":0,"item_purchase_floors":[10,36,36,54,54],"current_hp_per_floor":[61,66,56,56,56,56,45,45,55,55,55,55,55,53,53,53,76,75,75,75,75,75,75,64,64,64,62,51,51,51,51,51,20,67,67,67,67,67,67,67,67,76,76,81,81,81,81,81,88,75,55,80,88,88,95,0,0],"gold":27,"neow_bonus":"THREE_ENEMY_KILL","is_daily":false,"chose_seed":false,"campfire_upgraded":7,"win_rate":0.0,"timestamp":1610295250,"path_taken":["M","?","?","M","?","R","E","?","T","$","?","M","R","M","R","BOSS","M","?","?","?","?","E","M","E","T","E","M","?","M","?","R","BOSS","M","$","?","?","M","R","E","R","T","M","E","?","M","?","R","BOSS","BOSS","R","$","E","BOSS"],"items_purchased_type":["Card","Card","Relic","Card","Relic"],"build_version":"2020-12-22","purchased_purges":2,"victory":false,"max_hp_per_floor":[68,73,73,73,73,73,73,73,83,83,83,83,83,83,83,83,83,83,83,83,83,83,83,83,83,83,83,83,83,83,83,83,83,83,83,83,83,83,83,83,83,83,83,88,88,88,88,88,88,88,88,88,88,88,95,95,95],"card_choices":[{"not_picked":["PathToVictory","Nirvana"],"picked":"ClearTheMind","floor":1.0},{"not_picked":["Evaluate","Prostrate","SandsOfTime"],"picked":"SKIP","floor":4.0},{"not_picked":["SignatureMove","BowlingBash"],"picked":"Scrawl","floor":5.0},{"not_picked":["ClearTheMind","DeceiveReality","Evaluate"],"picked":"SKIP","floor":7.0},{"not_picked":["SashWhip","BattleHymn","EmptyMind"],"picked":"SKIP","floor":12.0},{"not_picked":["Wireheading","Vengeance","EmptyBody"],"picked":"SKIP","floor":14.0},{"not_picked":["DevaForm","Omniscience"],"picked":"Scrawl","floor":16.0},{"not_picked":["ReachHeaven","FlyingSleeves"],"picked":"Crescendo","floor":18.0},{"not_picked":["ThirdEye","LikeWater","Weave"],"picked":"SKIP","floor":22.0},{"not_picked":["EmptyFist","Collect","EmptyMind+1"],"picked":"SKIP","floor":23.0},{"not_picked":["ThirdEye","Protect"],"picked":"Tantrum","floor":24.0},{"not_picked":["Swivel+1","Crescendo","CrushJoints"],"picked":"SKIP","floor":25.0},{"not_picked":["ThirdEye","Sanctity","FollowUp+1"],"picked":"SKIP","floor":27.0},{"not_picked":["PathToVictory","EmptyMind"],"picked":"CutThroughFate","floor":28.0},{"not_picked":["SignatureMove","Sanctity","EmptyBody"],"picked":"SKIP","floor":30.0},{"not_picked":["SpiritShield","Scrawl"],"picked":"DeusExMachina","floor":33.0},{"not_picked":["ThirdEye","BowlingBash","Consecrate"],"picked":"SKIP","floor":35.0},{"not_picked":["FlurryOfBlows+1","PathToVictory","FlyingSleeves"],"picked":"SKIP","floor":39.0},{"not_picked":["Judgement","CrushJoints"],"picked":"Fasting2","floor":41.0},{"not_picked":["ClearTheMind","EmptyBody+1","FlurryOfBlows"],"picked":"SKIP","floor":44.0},{"not_picked":["Alpha","Evaluate+1"],"picked":"Pray","floor":45.0},{"not_picked":["Evaluate+1","Crescendo"],"picked":"FearNoEvil","floor":47.0},{"not_picked":["FollowUp+1","Consecrate","Crescendo"],"picked":"SKIP","floor":48.0},{"not_picked":["Tantrum+1","CrushJoints","Swivel"],"picked":"SKIP","floor":55.0}],"player_experience":263913,"relics_obtained":[{"floor":7.0,"key":"StrikeDummy"},{"floor":9.0,"key":"Pear"},{"floor":20.0,"key":"Damaru"},{"floor":23.0,"key":"Bronze Scales"},{"floor":25.0,"key":"Happy Flower"},{"floor":26.0,"key":"Anchor"},{"floor":27.0,"key":"TungstenRod"},{"floor":29.0,"key":"Matryoshka"},{"floor":38.0,"key":"Shovel"},{"floor":41.0,"key":"Eternal Feather"},{"floor":43.0,"key":"Orichalcum"},{"floor":43.0,"key":"War Paint"},{"floor":45.0,"key":"Potion Belt"},{"floor":55.0,"key":"Strawberry"}],"event_choices":[{"damage_healed":0.0,"max_hp_gain":5.0,"max_hp_loss":0.0,"gold_gain":0.0,"event_name":"Big Fish","player_choice":"Donut","floor":2.0,"gold_loss":0.0,"damage_taken":0.0},{"damage_healed":0.0,"max_hp_gain":0.0,"max_hp_loss":0.0,"gold_gain":0.0,"event_name":"Wheel of Change","player_choice":"Damaged","floor":3.0,"gold_loss":0.0,"damage_taken":10.0},{"damage_healed":0.0,"max_hp_gain":0.0,"max_hp_loss":0.0,"gold_gain":0.0,"cards_transformed":["Defend_P"],"event_name":"Living Wall","player_choice":"Change","floor":11.0,"gold_loss":0.0,"damage_taken":0.0,"cards_obtained":["BattleHymn"]},{"damage_healed":0.0,"max_hp_gain":0.0,"max_hp_loss":0.0,"gold_gain":0.0,"event_name":"Addict","player_choice":"Obtained Relic","floor":19.0,"gold_loss":85.0,"damage_taken":0.0,"relics_obtained":["Ornamental Fan"]},{"damage_healed":0.0,"max_hp_gain":0.0,"max_hp_loss":0.0,"gold_gain":0.0,"event_name":"Accursed Blacksmith","player_choice":"Forge","floor":21.0,"gold_loss":0.0,"damage_taken":0.0,"cards_upgraded":["Scrawl"]},{"damage_healed":0.0,"max_hp_gain":0.0,"max_hp_loss":0.0,"gold_gain":0.0,"event_name":"The Mausoleum","player_choice":"Opened","floor":31.0,"gold_loss":0.0,"damage_taken":0.0,"relics_obtained":["Gambling Chip"],"cards_obtained":["Writhe"]},{"damage_healed":0.0,"max_hp_gain":0.0,"max_hp_loss":0.0,"gold_gain":0.0,"event_name":"SensoryStone","player_choice":"Memory 1","floor":37.0,"gold_loss":0.0,"damage_taken":0.0},{"damage_healed":0.0,"max_hp_gain":0.0,"max_hp_loss":0.0,"gold_gain":0.0,"event_name":"MindBloom","player_choice":"Fight","floor":38.0,"gold_loss":0.0,"damage_taken":0.0},{"damage_healed":0.0,"max_hp_gain":0.0,"max_hp_loss":0.0,"gold_gain":0.0,"cards_transformed":["Strike_P"],"event_name":"Transmorgrifier","player_choice":"Transformed","floor":46.0,"gold_loss":0.0,"damage_taken":0.0,"cards_obtained":["Indignation"]}],"is_beta":false,"boss_relics":[{"not_picked":["Calling Bell","Black Star"],"picked":"Coffee Dripper"},{"not_picked":["Snecko Eye","HolyWater"],"picked":"Empty Cage"}],"items_purged_floors":[10,36],"is_endless":false,"potions_floor_spawned":[1,5,14,16,22,25,33,38,44,45,47,55],"killed_by":"The Heart","ascension_level":20}}