{"host":"df48i9djcn92c5sx","time":1610287539,"event":{"mods":["BaseMod","Downfall","Marisa£®ÏF”Í°°ƒß¿Ì…≥£©","Minty Spire (QoL Compilation)","READ ME - Guardian Mod","READ ME - Snecko Mod","Reimu£®≤©¿ˆ¡È√Œ£©","Remilia£®¿Ÿ√◊¿Ú—«£©","Replay The Spire","Shop Mod","StSLib","The Jungle","The Servant 0.9.4"],"gold_per_floor":[99,99,99,99,99,132,132,197,197,197,271,121,186,196,227,227,227],"floor_reached":16,"playtime":403,"items_purged":[],"score":200,"play_id":"2f7f4ccf-2349-4382-9e35-a8c1114819ac","local_time":"20210110220539","is_ascension_mode":true,"campfire_choices":[{"data":"MasterSpark","floor":1,"key":"SMITH"},{"floor":10,"key":"RECALL"},{"floor":12,"key":"REST"}],"circlet_count":0,"master_deck":["AscendersBane","Strike_MRS","Strike_MRS","Strike_MRS","Defend_MRS","Defend_MRS","Defend_MRS","Defend_MRS","MasterSpark+1","UpSweep","RefractionSpark","MagicAbsorber","GrandCross"],"relics":["MiniHakkero","downfall:HeartsMalice","ReplayTheSpireMod:Ring of Challenge","Ring of Fury","Incense Burner","Matryoshka","Strawberry","downfall:HeartBlessingRed","downfall:HeartBlessingGreen","ReplayTheSpireMod:TigerMarble"],"acts_visited":["Exordium"],"potions_floor_usage":[11,11],"damage_taken":[{"damage":0,"enemies":"Cultist","floor":2,"turns":1},{"damage":0,"enemies":"2 Louse","floor":4,"turns":1},{"damage":0,"enemies":"3 Sentries","floor":6,"turns":1},{"damage":23,"enemies":"Small Slimes","floor":8,"turns":6},{"damage":41,"enemies":"Lagavulin","floor":11,"turns":5},{"damage":21,"enemies":"3 Louse","floor":13,"turns":4},{"damage":0,"enemies":"2 Fungi Beasts","floor":14,"turns":3},{"damage":11,"enemies":"Exordium Thugs","floor":15,"turns":4},{"damage":0,"enemies":"downfall:Ironclad","floor":16,"turns":1}],"seed_played":"7136598661715329155","potions_obtained":[{"floor":6,"key":"SteroidPotion"},{"floor":8,"key":"GrandPatriotsElixir:ReiMu"},{"floor":9,"key":"DuplicationPotion"},{"floor":9,"key":"Elixir"},{"floor":13,"key":"GrandPatriotsElixir:ReiMu"},{"floor":15,"key":"Weak Potion"}],"is_trial":false,"path_per_floor":["R","M","?","M","?","E","T","M","?","R","E","R","M","M","M","B"],"character_chosen":"MARISA","items_purchased":[],"campfire_rested":1,"item_purchase_floors":[],"current_hp_per_floor":[68,68,68,68,68,68,68,45,45,45,11,35,14,14,3,3,3],"gold":227,"neow_bonus":"THREE_ENEMY_KILL","is_daily":false,"chose_seed":false,"campfire_upgraded":1,"win_rate":0.0,"timestamp":1610287539,"path_taken":["R","M","?","?","?","E","T","M","?","R","E","R","?","M","M","BOSS"],"items_purchased_type":[],"build_version":"2020-12-22","purchased_purges":0,"victory":false,"max_hp_per_floor":[75,75,75,75,75,75,75,75,75,75,82,82,82,82,82,82,82],"card_choices":[{"not_picked":["MysteriousBeam","WitchLeyline","MilkyWay"],"picked":"SKIP","floor":2},{"not_picked":["WitchLeyline","IllusionStar","ChargeUpSpray"],"picked":"SKIP","floor":4},{"not_picked":["WitchOfGreed","ShootingEcho","Singularity"],"picked":"SKIP","floor":6},{"not_picked":["MysteriousBeam","NonDirectionalLaser","EnergyFlow"],"picked":"SKIP","floor":8},{"not_picked":["IllusionStar","PropBag"],"picked":"MagicAbsorber","floor":11},{"not_picked":["MysteriousBeam","OrrerysSun","ShootingEcho"],"picked":"SKIP","floor":13},{"not_picked":["Robbery","SprinkleStarSeal"],"picked":"GrandCross","floor":14},{"not_picked":["ChargeUpSpray","SuperPerseids","WitchOfGreed"],"picked":"SKIP","floor":15}],"player_experience":1415437,"relics_obtained":[{"floor":5,"key":"ReplayTheSpireMod:Ring of Challenge"},{"floor":5,"key":"Ring of Fury"},{"floor":6,"key":"Incense Burner"},{"floor":7,"key":"Matryoshka"},{"floor":11,"key":"Strawberry"},{"floor":15,"key":"ReplayTheSpireMod:TigerMarble"}],"event_choices":[{"damage_healed":0,"gold_gain":0,"cards_transformed":["Strike_MRS"],"player_choice":"Transformed","damage_taken":0,"max_hp_gain":0,"max_hp_loss":0,"event_name":"Transmorgrifier","floor":3,"gold_loss":0,"cards_obtained":["RefractionSpark"]},{"damage_healed":0,"gold_gain":0,"player_choice":"Got Potions","damage_taken":0,"max_hp_gain":0,"max_hp_loss":0,"event_name":"Lab","floor":9,"gold_loss":0}],"is_beta":false,"boss_relics":[],"items_purged_floors":[],"is_endless":false,"potions_floor_spawned":[6,8,13,15],"killed_by":"downfall:Ironclad","ascension_level":10}}