{"host":"4mxntv5hh20ijfso","time":1610298547,"event":{"mods":["AchievementEnabler","Act Like it!","BaseMod","CapriCore","Chen","Energized Spire","Gensokyo","Halation","Infinite Spire","Koishi","Marisa????????","Minty Spire (QoL Compilation)","Onozuka Komachi Mod","Quick Restart","Random Character Button","Rare Cards Sparkle","Reimu??????","Remilia??????","Shop Mod","Spicy Shops","StSLib","The Administrix","The Immortal","The Servant 0.9.4","TheVelvet","Uncapped","Waifu the Spire","Yakumo Yukari mod","Yuri Mod","Yuyuko"],"gold_per_floor":[116,131,149,19,19,19,32,32,32,17,117,145,365,691,691,793,793,808,823,823,823],"floor_reached":20,"playtime":1803,"items_purged":[],"score":184,"play_id":"1ffd3d0a-93b9-4cb7-92fd-5a8d42025cff","local_time":"20210110120907","is_ascension_mode":false,"campfire_choices":[{"data":"Gensokyo:CrescentMoonSlash","floor":6.0,"key":"SMITH"},{"floor":15.0,"key":"REST"},{"data":"TightArray:ReiMu","floor":15.0,"key":"SMITH"}],"circlet_count":0,"master_deck":["Strike_Lin:ReiMu","Strike_Lin:ReiMu","Strike_Lin:ReiMu","Strike_Lin:ReiMu","Defend_Lin:ReiMu","Defend_Lin:ReiMu","Defend_Lin:ReiMu","Defend_Lin:ReiMu","NB:ReiMu","Conquer:ReiMu","Amulet:ReiMu","SubcavityInstant:ReiMu","Gensokyo:CrescentMoonSlash+1","RainPray2:ReiMu","DependentForm:ReiMu","Meditation:ReiMu","DependentForm:ReiMu","TightArray:ReiMu+1","CardOfSanctity:ReiMu","SealNeedle:ReiMu","FineLineFantasy:ReiMu"],"relics":["FlyPower:ReiMu","Gensokyo:Justice","halation:QuantumPhysicsTextbook","Pocketwatch","infinitespire:Magic Flask","Kunai","halation:LoveArrow"],"acts_visited":["Gensokyo:Gensokyo","Gensokyo:Gensokyoer"],"potions_floor_usage":[],"damage_taken":[{"damage":3.0,"enemies":"Gensokyo:Python","floor":1.0,"turns":4.0},{"damage":0.0,"enemies":"Gensokyo:2_Kodama","floor":2.0,"turns":4.0},{"damage":1.0,"enemies":"Gensokyo:Gryphon","floor":3.0,"turns":5.0},{"damage":0.0,"enemies":"Gensokyo:5_Fairies","floor":7.0,"turns":2.0},{"damage":32.0,"enemies":"Gensokyo:Mamizou","floor":12.0,"turns":12.0},{"damage":2.0,"enemies":"Gensokyo:Kitsune","floor":13.0,"turns":4.0},{"damage":20.0,"enemies":"Gensokyo:Aya","floor":14.0,"turns":6.0},{"damage":21.0,"enemies":"Gensokyo:Kokoro","floor":16.0,"turns":9.0},{"damage":30.0,"enemies":"Gensokyo:CosmicMonolith","floor":18.0,"turns":5.0},{"damage":26.0,"enemies":"Gensokyo:AngelMirror","floor":19.0,"turns":4.0},{"damage":14,"enemies":"Gensokyo:Slime_Group","floor":20,"turns":3}],"seed_played":"-3879610747859345440","potions_obtained":[{"floor":13.0,"key":"AttackPotion"},{"floor":16.0,"key":"HakureiPotion:ReiMu"}],"is_trial":false,"path_per_floor":["M","M","M","COS","?","R","M","?","T","$","?","E","M","E","R","B",null,"M","M","M"],"character_chosen":"REIMU","items_purchased":["DependentForm:ReiMu"],"campfire_rested":1,"item_purchase_floors":[10],"current_hp_per_floor":[68,68,67,67,57,57,57,57,57,57,57,25,23,3,24,3,71,41,15,1,1],"gold":823,"neow_bonus":"TEN_PERCENT_HP_BONUS","is_daily":false,"chose_seed":false,"campfire_upgraded":2,"win_rate":0.0,"timestamp":1610298547,"path_taken":["M","M","M","COS","?","R","M","?","T","$","?","E","M","E","R","BOSS","M","M","M"],"items_purchased_type":["Card"],"build_version":"2020-12-22","purchased_purges":0,"victory":false,"max_hp_per_floor":[71,71,71,71,71,71,71,71,71,71,71,71,71,71,71,71,71,71,71,71,71],"card_choices":[{"not_picked":["CollectionFlower2:ReiMu","Intuition:ReiMu"],"picked":"Conquer:ReiMu","floor":1.0},{"not_picked":["OrbThrow:ReiMu","CareerPray:ReiMu"],"picked":"Amulet:ReiMu","floor":2.0},{"not_picked":["AirStrike:ReiMu","PassingAway:ReiMu"],"picked":"SubcavityInstant:ReiMu","floor":3.0},{"not_picked":["DoubleButterfly:ReiMu","UpKicking:ReiMu"],"picked":"RainPray2:ReiMu","floor":7.0},{"not_picked":["WonderfulDomain:ReiMu","DoubleButterfly:ReiMu"],"picked":"Meditation:ReiMu","floor":12.0},{"not_picked":["LearningPray:ReiMu","ShadowOfCrow2:ReiMu"],"picked":"DependentForm:ReiMu","floor":13.0},{"not_picked":["Conquer:ReiMu","MikOfLucky:ReiMu"],"picked":"TightArray:ReiMu","floor":14.0},{"not_picked":["RunawayExorcism:ReiMu","CeremonyResonance:ReiMu"],"picked":"CardOfSanctity:ReiMu","floor":16.0},{"not_picked":["Conquer:ReiMu","Amulet:ReiMu"],"picked":"SealNeedle:ReiMu","floor":18.0},{"not_picked":["Conquer:ReiMu","SubcavityInstant:ReiMu"],"picked":"FineLineFantasy:ReiMu","floor":19.0}],"player_experience":17231,"relics_obtained":[{"floor":9.0,"key":"halation:QuantumPhysicsTextbook"},{"floor":12.0,"key":"Pocketwatch"},{"floor":14.0,"key":"Kunai"}],"event_choices":[],"is_beta":false,"boss_relics":[{"not_picked":["Philosopher\u0027s Stone","halation:PlatinumPhoenix"],"picked":"halation:LoveArrow"}],"items_purged_floors":[],"is_endless":false,"potions_floor_spawned":[13,16],"killed_by":"Gensokyo:Slime_Group","ascension_level":0}}