{"host":"yptvp0rjza9g9li7","time":1610248076,"event":{"mods":["AchievementEnabler","BaseMod","Colored Map","Colored Powertips","DeckTracker","Minty Spire (QoL Compilation)","SuperFastMode"],"gold_per_floor":[111,32,7,24,24,53,53,53,76,96,113,143,123,136,136,231,231,251,268,288,305,319,353,353,370,370,370,386,50,50,63,63,160,160,178,190,44,63,80,80,80,80],"floor_reached":41,"playtime":1528,"items_purged":["Armaments"],"score":529,"play_id":"1c8bbaa7-19e1-4ff7-a74e-862eadff5530","local_time":"20210110120756","is_ascension_mode":false,"campfire_choices":[{"data":"Havoc","floor":7.0,"key":"SMITH"},{"data":"Bash","floor":15.0,"key":"SMITH"},{"floor":24.0,"key":"REST"},{"data":"Shockwave","floor":27,"key":"SMITH"},{"floor":32,"key":"REST"},{"floor":40,"key":"RECALL"}],"circlet_count":0,"master_deck":["Strike_R","Strike_R","Strike_R","Strike_R","Strike_R","Defend_R","Defend_R","Defend_R","Defend_R","Bash+1","Perfected Strike+1","Havoc+1","Offering","Thunderclap","Twin Strike","Perfected Strike","Pommel Strike","Barricade","True Grit+1","Wild Strike","Perfected Strike+1","Ghostly Armor","Battle Trance","Shockwave+1","Headbutt","Combust+1","Juggernaut","Wild Strike+1","Twin Strike+1","Seeing Red","Wild Strike"],"relics":["Burning Blood","NeowsBlessing","Orichalcum","Smiling Mask","Akabeko","Paper Frog","Runic Cube","Bottled Tornado","Blue Candle","Bottled Flame","Black Star","OrangePellets"],"acts_visited":["Exordium","TheCity","TheBeyond","TheBeyond"],"potions_floor_usage":[36,39,41],"damage_taken":[{"damage":0.0,"enemies":"Small Slimes","floor":1.0,"turns":1.0},{"damage":0.0,"enemies":"Cultist","floor":4.0,"turns":1.0},{"damage":0.0,"enemies":"3 Sentries","floor":6.0,"turns":2.0},{"damage":1.0,"enemies":"2 Louse","floor":10.0,"turns":3.0},{"damage":19.0,"enemies":"Gremlin Gang","floor":11.0,"turns":3.0},{"damage":22.0,"enemies":"Lagavulin","floor":12.0,"turns":4.0},{"damage":7.0,"enemies":"Blue Slaver","floor":14.0,"turns":2.0},{"damage":6.0,"enemies":"Slime Boss","floor":16.0,"turns":4.0},{"damage":9.0,"enemies":"2 Thieves","floor":18.0,"turns":3.0},{"damage":7.0,"enemies":"Chosen","floor":19.0,"turns":3.0},{"damage":17.0,"enemies":"Snecko","floor":20.0,"turns":4.0},{"damage":21.0,"enemies":"Snake Plant","floor":21.0,"turns":3.0},{"damage":27.0,"enemies":"Sentry and Sphere","floor":22.0,"turns":6.0},{"damage":6.0,"enemies":"Gremlin Leader","floor":23.0,"turns":5.0},{"damage":0,"enemies":"Snecko","floor":25,"turns":2},{"damage":21,"enemies":"Centurion and Healer","floor":28,"turns":4},{"damage":12,"enemies":"Shelled Parasite and Fungi","floor":31,"turns":3},{"damage":77,"enemies":"Automaton","floor":33,"turns":8},{"damage":7,"enemies":"3 Shapes","floor":35,"turns":4},{"damage":15,"enemies":"3 Darklings","floor":36,"turns":4},{"damage":33,"enemies":"Spire Growth","floor":38,"turns":4},{"damage":21,"enemies":"Maw","floor":39,"turns":6},{"damage":63,"enemies":"Reptomancer","floor":41,"turns":2}],"seed_played":"6618106831213030163","potions_obtained":[{"floor":10.0,"key":"Weak Potion"},{"floor":11.0,"key":"DistilledChaos"},{"floor":12.0,"key":"SpeedPotion"},{"floor":13.0,"key":"EssenceOfSteel"},{"floor":16.0,"key":"Fire Potion"},{"floor":18.0,"key":"AttackPotion"},{"floor":19.0,"key":"FairyPotion"},{"floor":21.0,"key":"CultistPotion"},{"floor":23.0,"key":"ElixirPotion"},{"floor":33,"key":"SpeedPotion"},{"floor":35,"key":"Explosive Potion"},{"floor":38,"key":"Regen Potion"}],"is_trial":false,"path_per_floor":["M","?","$","M","$","E","R","?","T","M","M","E","?","M","R","B",null,"M","M","M","M","M","E","R","M","T","R","M","$","?","M","R","B",null,"M","M","$","M","M","R","E"],"character_chosen":"IRONCLAD","items_purchased":["Armaments","Headbutt","Bottled Flame","OrangePellets"],"campfire_rested":2,"item_purchase_floors":[3,29,29,37],"current_hp_per_floor":[80,80,80,80,80,80,80,80,80,80,67,51,51,50,50,50,80,77,76,65,50,29,29,53,59,59,59,44,44,36,30,54,29,80,79,70,70,43,43,43,0,0],"gold":80,"neow_bonus":"THREE_ENEMY_KILL","is_daily":false,"chose_seed":false,"campfire_upgraded":3,"win_rate":0.0,"timestamp":1610248076,"path_taken":["M","?","$","M","?","E","R","?","T","M","?","E","?","?","R","BOSS","M","M","M","M","?","E","R","M","T","R","M","$","?","M","R","BOSS","M","M","$","M","M","R","E"],"items_purchased_type":["Card","Card","Relic","Relic"],"build_version":"2020-12-22","purchased_purges":1,"victory":false,"max_hp_per_floor":[80,80,80,80,80,80,80,80,80,80,80,80,80,80,80,80,80,80,80,80,80,80,80,80,80,80,80,80,80,80,80,80,80,80,80,80,80,80,80,80,80,80],"card_choices":[{"not_picked":["Havoc","Metallicize"],"picked":"Perfected Strike","floor":1.0},{"not_picked":["Clash","Entrench"],"picked":"Havoc","floor":4.0},{"not_picked":["Anger","Evolve"],"picked":"Offering","floor":6.0},{"not_picked":["Warcry","Fire Breathing"],"picked":"Thunderclap","floor":10.0},{"not_picked":["Sentinel","Clothesline"],"picked":"Twin Strike","floor":11.0},{"not_picked":["Iron Wave","Shrug It Off"],"picked":"Perfected Strike","floor":12.0},{"not_picked":["Warcry","Sword Boomerang"],"picked":"Pommel Strike","floor":14.0},{"not_picked":["Offering","Demon Form"],"picked":"Barricade","floor":16.0},{"not_picked":["Flex","Iron Wave"],"picked":"True Grit+1","floor":18.0},{"not_picked":["Flex","Searing Blow+1"],"picked":"Wild Strike","floor":19.0},{"not_picked":["Offering","Flex"],"picked":"Perfected Strike+1","floor":20.0},{"not_picked":["Bloodletting+1","Flex"],"picked":"Ghostly Armor","floor":21.0},{"not_picked":["Entrench","Intimidate+1"],"picked":"Battle Trance","floor":22.0},{"not_picked":["Pommel Strike","Shockwave","Iron Wave"],"picked":"SKIP","floor":23.0},{"not_picked":["Pommel Strike","Iron Wave"],"picked":"Shockwave","floor":23.0},{"not_picked":["Sword Boomerang","True Grit","Warcry"],"picked":"SKIP","floor":25},{"not_picked":["Anger","Clash","Demon Form"],"picked":"SKIP","floor":28},{"not_picked":["Clash+1","Armaments"],"picked":"Combust+1","floor":31},{"not_picked":["Offering","Barricade"],"picked":"Juggernaut","floor":33},{"not_picked":["Fire Breathing","Whirlwind"],"picked":"Wild Strike+1","floor":35},{"not_picked":["Anger+1","Body Slam+1"],"picked":"Twin Strike+1","floor":36},{"not_picked":["Fire Breathing","Sentinel+1"],"picked":"Seeing Red","floor":38},{"not_picked":["Warcry","Heavy Blade"],"picked":"Wild Strike","floor":39}],"player_experience":179448,"relics_obtained":[{"floor":6.0,"key":"Smiling Mask"},{"floor":9.0,"key":"Akabeko"},{"floor":12.0,"key":"Paper Frog"},{"floor":23.0,"key":"Bottled Tornado"},{"floor":26,"key":"Blue Candle"}],"event_choices":[{"damage_healed":0.0,"max_hp_gain":0.0,"max_hp_loss":0.0,"gold_gain":0.0,"event_name":"WeMeetAgain","player_choice":"Paid Gold","floor":2.0,"gold_loss":79.0,"damage_taken":0.0,"relics_obtained":["Orichalcum"]},{"damage_healed":0.0,"max_hp_gain":0.0,"max_hp_loss":0.0,"gold_gain":0.0,"event_name":"Accursed Blacksmith","player_choice":"Forge","floor":8.0,"gold_loss":0.0,"damage_taken":0.0,"cards_upgraded":["Perfected Strike"]},{"damage_healed":0.0,"max_hp_gain":0.0,"max_hp_loss":0.0,"gold_gain":0.0,"event_name":"The Woman in Blue","player_choice":"Bought 1 Potion","floor":13.0,"gold_loss":0.0,"damage_taken":0.0},{"damage_healed":0,"gold_gain":0,"player_choice":"Damaged","damage_taken":8,"max_hp_gain":0,"max_hp_loss":0,"event_name":"Wheel of Change","floor":30,"gold_loss":0}],"is_beta":false,"boss_relics":[{"not_picked":["Runic Pyramid","Busted Crown"],"picked":"Runic Cube"},{"not_picked":["Black Blood","Philosopher\u0027s Stone"],"picked":"Black Star"}],"items_purged_floors":[29],"is_endless":false,"potions_floor_spawned":[10,11,12,16,18,19,21,23,33,35,38],"killed_by":"Reptomancer","ascension_level":0}}