{"host":"dm4yvegl9um2tlqd","time":1610274467,"event":{"mods":["2.2 Compatiblity","AchievementEnabler","BaseMod","Colored Map","DeckTracker","Highlight Path","KOR Keyword Fix","Keyboard Shortcuts","Minty Spire (QoL Compilation)","Permanent Neow","Quick Restart","Random Character Button","StSLib","SuperFastMode","everything is the same but u backflip on backflip"],"gold_per_floor":[116,135,152,9,19,46,46,46,72,72,90,90,102,128,140,252,264,296,34,47,47,58,58,89,89,89],"floor_reached":25,"playtime":1173,"items_purged":["Strike_B"],"score":284,"play_id":"d6df553b-089d-41c7-80f5-fde0cab2a809","local_time":"20210110192747","is_ascension_mode":true,"campfire_choices":[{"data":"Well Laid Plans","floor":7.0,"key":"SMITH"},{"data":"Zap","floor":10.0,"key":"SMITH"},{"data":"Body Slam","floor":12,"key":"SMITH"},{"data":"Chaos","floor":15,"key":"SMITH"},{"data":"Apotheosis","floor":23,"key":"SMITH"}],"circlet_count":0,"master_deck":["Defend_B","Defend_B","Defend_B","Defend_B","Zap+1","Dualcast","Seek","Conserve Battery","Doom and Gloom","Sunder+1","Well Laid Plans+1","Body Slam+1","Chaos+1","Rip and Tear+1","Undo+1","Rebound+1","Apotheosis+1","Sweeping Beam","Madness","Shame","Deep Breath"],"relics":["Cracked Core","PrismaticShard","Tiny Chest","Smiling Mask","MawBank","Astrolabe","Juzu Bracelet","Eternal Feather"],"acts_visited":["Exordium","TheCity"],"potions_floor_usage":[14,24,25],"damage_taken":[{"damage":5.0,"enemies":"2 Louse","floor":1.0,"turns":2.0},{"damage":0.0,"enemies":"Small Slimes","floor":2.0,"turns":3.0},{"damage":0.0,"enemies":"Cultist","floor":3.0,"turns":4.0},{"damage":0.0,"enemies":"3 Louse","floor":5.0,"turns":2.0},{"damage":28.0,"enemies":"Gremlin Nob","floor":6.0,"turns":4.0},{"damage":6.0,"enemies":"Blue Slaver","floor":11.0,"turns":2.0},{"damage":0,"enemies":"2 Fungi Beasts","floor":13,"turns":2},{"damage":0,"enemies":"Lagavulin","floor":14,"turns":7},{"damage":14,"enemies":"Hexaghost","floor":16,"turns":8},{"damage":6,"enemies":"Spheric Guardian","floor":18,"turns":3},{"damage":8,"enemies":"Shell Parasite","floor":20,"turns":5},{"damage":18,"enemies":"3 Cultists","floor":22,"turns":4},{"damage":47,"enemies":"Slavers","floor":24,"turns":6},{"damage":27,"enemies":"Cultist and Chosen","floor":25,"turns":5}],"seed_played":"-755766594190556274","potions_obtained":[{"floor":1.0,"key":"Regen Potion"},{"floor":3.0,"key":"Weak Potion"},{"floor":5.0,"key":"FairyPotion"},{"floor":11,"key":"ColorlessPotion"},{"floor":14,"key":"GamblersBrew"},{"floor":16,"key":"EssenceOfSteel"}],"is_trial":false,"path_per_floor":["M","M","M","$","M","E","R","?","T","R","M","R","M","E","R","B",null,"M","$","M","?","M","R","E","M"],"character_chosen":"DEFECT","items_purchased":["PrismaticShard","Apotheosis","Sweeping Beam"],"campfire_rested":0,"item_purchase_floors":[4,19,19],"current_hp_per_floor":[49,49,49,49,49,33,33,33,33,33,27,27,27,27,27,13,75,69,69,61,61,43,43,22,0,0],"gold":89,"neow_bonus":"THREE_RARE_CARDS","is_daily":false,"chose_seed":false,"campfire_upgraded":5,"win_rate":0.0,"timestamp":1610274467,"path_taken":["M","M","M","$","M","E","R","?","T","R","M","R","M","E","R","BOSS","M","$","M","?","M","R","E","M"],"items_purchased_type":["Relic","Card","Card"],"build_version":"2020-12-22","purchased_purges":1,"victory":false,"max_hp_per_floor":[75,75,75,75,75,75,75,75,75,75,75,75,75,75,75,75,75,75,75,75,75,75,75,75,75,75],"card_choices":[{"not_picked":["All For One","Thunder Strike"],"picked":"Seek","floor":0.0},{"not_picked":["Leap","Turbo"],"picked":"Conserve Battery","floor":1.0},{"not_picked":["Hologram","Stack"],"picked":"Doom and Gloom","floor":2.0},{"not_picked":["Echo Form","Reprogram"],"picked":"Sunder","floor":3.0},{"not_picked":["Iron Wave","Hemokinesis","Outmaneuver"],"picked":"SKIP","floor":5.0},{"not_picked":["Backflip","Hologram"],"picked":"Well Laid Plans","floor":6.0},{"not_picked":["Bane","Calculated Gamble"],"picked":"Body Slam","floor":11},{"not_picked":["Cold Snap","Buffer"],"picked":"Chaos","floor":13},{"not_picked":["Redo","Hologram","Headbutt"],"picked":"SKIP","floor":14},{"not_picked":["Skim","Crescendo","CrushJoints+1"],"picked":"SKIP","floor":18},{"not_picked":["Genetic Algorithm+1","Iron Wave"],"picked":"Madness","floor":20},{"not_picked":["Crescendo","Steam Power","Rebound"],"picked":"SKIP","floor":22},{"not_picked":["Footwork","Deflect"],"picked":"Deep Breath","floor":24}],"player_experience":19474,"relics_obtained":[{"floor":6.0,"key":"Tiny Chest"},{"floor":9.0,"key":"Smiling Mask"},{"floor":14,"key":"MawBank"},{"floor":24,"key":"Eternal Feather"}],"event_choices":[{"damage_healed":0.0,"max_hp_gain":0.0,"max_hp_loss":0.0,"gold_gain":0.0,"event_name":"Living Wall","player_choice":"Grow","floor":8.0,"gold_loss":0.0,"damage_taken":0.0,"cards_upgraded":["Sunder"]},{"damage_healed":0,"gold_gain":0,"player_choice":"Stole Relic","damage_taken":0,"relics_obtained":["Juzu Bracelet"],"max_hp_gain":0,"max_hp_loss":0,"event_name":"Addict","floor":21,"gold_loss":0,"cards_obtained":["Shame"]}],"is_beta":false,"boss_relics":[{"not_picked":["FrozenCore","Cursed Key"],"picked":"Astrolabe"}],"items_purged_floors":[19],"is_endless":false,"potions_floor_spawned":[1,3,5,11,14,16],"killed_by":"Cultist and Chosen","ascension_level":2}}