{"host":"vrsxkkch9ccrec7k","time":1610287655,"event":{"mods":["Act Like it!","BaseMod","Bestiary","Better Third Choice","Better Vampires","Downfall","Minty Spire (QoL Compilation)","Permanent Neow","Relic Stats","Spicy Shops","StSLib","The Hayseed"],"gold_per_floor":[362,37,37,53,65,65,79,110,110,110,127,127,127,142,142,142,142],"floor_reached":16,"playtime":1112,"items_purged":["Writhe"],"score":107,"play_id":"52d90880-2479-4646-8ab6-f0627388469c","local_time":"20210110090735","is_ascension_mode":true,"campfire_choices":[{"data":"TheSimpletonMod:Haymaker","floor":6,"key":"SMITH"},{"floor":10,"key":"REST"},{"data":"TheSimpletonMod:Mulch","floor":13,"key":"SMITH"},{"data":"TheSimpletonMod:Potatoes","floor":15,"key":"SMITH"}],"circlet_count":0,"master_deck":["TheSimpletonMod:Strike_TheSimpleton","TheSimpletonMod:Strike_TheSimpleton","TheSimpletonMod:Strike_TheSimpleton","TheSimpletonMod:Defend_TheSimpleton","TheSimpletonMod:Defend_TheSimpleton","TheSimpletonMod:Defend_TheSimpleton","TheSimpletonMod:Defend_TheSimpleton","TheSimpletonMod:Haymaker+1","TheSimpletonMod:ReapAndSow","TheSimpletonMod:Mulch+1","TheSimpletonMod:SlashAndBurn","TheSimpletonMod:FlashPasteurize","TheSimpletonMod:Ferment","TheSimpletonMod:SpiceUp","TheSimpletonMod:Swelter","TheSimpletonMod:Rototilling","TheSimpletonMod:OnionBloom","Flame Barrier","TheSimpletonMod:Potatoes+1"],"relics":["TheSimpletonMod:SpudOfTheInnocent","TheSimpletonMod:NightSoil","TheSimpletonMod:TheHarvester","TheSimpletonMod:GasCan","Orrery","Unceasing Top","Matryoshka"],"acts_visited":["Exordium"],"potions_floor_usage":[8,11,16],"damage_taken":[{"damage":11,"enemies":"Jaw Worm","floor":1,"turns":5},{"damage":8,"enemies":"Cultist","floor":4,"turns":3},{"damage":15,"enemies":"2 Louse","floor":5,"turns":2},{"damage":28,"enemies":"Exordium Wildlife","floor":7,"turns":5},{"damage":17,"enemies":"3 Sentries","floor":8,"turns":7},{"damage":12,"enemies":"Lots of Slimes","floor":11,"turns":3},{"damage":10,"enemies":"2 Fungi Beasts","floor":14,"turns":3},{"damage":28,"enemies":"Slime Boss","floor":16,"turns":3}],"seed_played":"8507584965088541791","potions_obtained":[{"floor":5,"key":"Ancient Potion"},{"floor":7,"key":"Explosive Potion"},{"floor":8,"key":"EssenceOfSteel"},{"floor":14,"key":"Dexterity Potion"}],"is_trial":false,"path_per_floor":["M","$","?","M","M","R","M","E","T","R","M","?","R","M","R","B"],"character_chosen":"THE_SIMPLETON","items_purchased":["TheSimpletonMod:GasCan","Orrery"],"campfire_rested":1,"item_purchase_floors":[2,2],"current_hp_per_floor":[61,61,61,57,46,46,24,13,13,33,21,19,19,15,15,0,0],"gold":142,"neow_bonus":"TWO_FIFTY_GOLD","is_daily":false,"chose_seed":false,"campfire_upgraded":3,"win_rate":0.0,"timestamp":1610287655,"path_taken":["M","$","?","M","M","R","M","E","T","R","?","?","R","M","R","BOSS"],"items_purchased_type":["Relic","Relic"],"build_version":"2020-12-22","purchased_purges":1,"victory":false,"max_hp_per_floor":[68,68,68,68,68,68,68,68,68,68,68,68,68,68,68,68,68],"relic_stats":{"counters":[8,29],"obtain_stats":[{"TheSimpletonMod:TheHarvester":0,"Matryoshka":9,"TheSimpletonMod:GasCan":2,"Orrery":2,"TheSimpletonMod:SpudOfTheInnocent":0,"TheSimpletonMod:NightSoil":0,"Unceasing Top":8},{"TheSimpletonMod:TheHarvester":0,"Matryoshka":5,"TheSimpletonMod:GasCan":1,"Orrery":1,"TheSimpletonMod:SpudOfTheInnocent":0,"TheSimpletonMod:NightSoil":0,"Unceasing Top":5},{"TheSimpletonMod:TheHarvester":0,"Matryoshka":20,"TheSimpletonMod:GasCan":5,"Orrery":5,"TheSimpletonMod:SpudOfTheInnocent":0,"TheSimpletonMod:NightSoil":0,"Unceasing Top":20}],"Unceasing Top":[3]},"card_choices":[{"not_picked":["TheSimpletonMod:ToughenUp","TheSimpletonMod:SeedCoat","TheSimpletonMod:PestManagement"],"picked":"SKIP","floor":1},{"not_picked":["TheSimpletonMod:SaladShooter","TheSimpletonMod:Thresh"],"picked":"TheSimpletonMod:Mulch","floor":2},{"not_picked":["TheSimpletonMod:Pruning","TheSimpletonMod:CullingStrike"],"picked":"TheSimpletonMod:SlashAndBurn","floor":2},{"not_picked":["TheSimpletonMod:OnionBloom","TheSimpletonMod:DigIn"],"picked":"TheSimpletonMod:FlashPasteurize","floor":2},{"not_picked":["TheSimpletonMod:Thresh","TheSimpletonMod:SeedCoat"],"picked":"TheSimpletonMod:SpiceUp","floor":4},{"not_picked":["TheSimpletonMod:CropRotation","TheSimpletonMod:Mulch"],"picked":"TheSimpletonMod:Swelter","floor":5},{"not_picked":["TheSimpletonMod:Sunchoke","TheSimpletonMod:Artichokes","TheSimpletonMod:Innovate"],"picked":"SKIP","floor":7},{"not_picked":["TheSimpletonMod:PestManagement","TheSimpletonMod:GoToMarket"],"picked":"TheSimpletonMod:Rototilling","floor":8},{"not_picked":["TheSimpletonMod:DigIn","TheSimpletonMod:Rototilling"],"picked":"TheSimpletonMod:OnionBloom","floor":11},{"not_picked":["TheSimpletonMod:Aerate","TheSimpletonMod:CullingStrike"],"picked":"TheSimpletonMod:Potatoes","floor":14}],"player_experience":1450100,"relics_obtained":[{"floor":8,"key":"Unceasing Top"},{"floor":9,"key":"Matryoshka"}],"event_choices":[{"damage_healed":0,"gold_gain":0,"cards_transformed":["TheSimpletonMod:Strike_TheSimpleton"],"player_choice":"Transformed","damage_taken":0,"max_hp_gain":0,"max_hp_loss":0,"event_name":"Transmorgrifier","floor":3,"gold_loss":0,"cards_obtained":["TheSimpletonMod:Ferment"]},{"damage_healed":0,"gold_gain":0,"player_choice":"Card ","damage_taken":2,"max_hp_gain":0,"max_hp_loss":0,"event_name":"betterThird:BetterScrap","floor":12,"gold_loss":0,"cards_obtained":["Flame Barrier"]}],"is_beta":false,"boss_relics":[],"items_purged_floors":[2],"is_endless":false,"potions_floor_spawned":[5,7,8,14],"killed_by":"Slime Boss","ascension_level":1}}