{"host":"Ceyx","time":1610258048,"event":{"mods":["BaseMod","Beaked The Cultist","Better Third Choice","BetterRewards","Conspire","Downfall","Exacting","Hermit","Hubris","Infinite Spire","Lobotomy","Minty Spire (QoL Compilation)","Permanent Neow","Replay The Spire","Shop Mod","StSLib","The Alterego","The Jungle","The Poker Player"],"gold_per_floor":[11,11,11,46,46,73,89,89,114,114,144,144,144,178,178,178,178],"floor_reached":16,"playtime":950,"items_purged":[],"score":147,"play_id":"b5c2f7a8-545c-43b4-941e-e8c86d623169","local_time":"20210110125408","is_ascension_mode":true,"campfire_choices":[{"floor":8,"key":"REST"},{"data":"alterego_mod:BigMeatyClaws","floor":13,"key":"SMITH"},{"floor":15,"key":"REST"}],"circlet_count":0,"master_deck":["alterego_mod:Strike","alterego_mod:Strike","alterego_mod:Strike","alterego_mod:Strike","alterego_mod:Defend","alterego_mod:Defend","alterego_mod:Defend","alterego_mod:Defend","alterego_mod:Impale+1","alterego_mod:BigMeatyClaws+1","alterego_mod:BrynhildrsRune","alterego_mod:Bounce","alterego_mod:ChallengeComplete","alterego_mod:Cycle","alterego_mod:Undulate","alterego_mod:Complex","alterego_mod:Mirror","alterego_mod:Pet+1","alterego_mod:Bounce","alterego_mod:Rake","Burn","alterego_mod:DiscoLights"],"relics":["infinitespire:DarkRift","hubris:Spice","infinitespire:Cubic Diamond","Toxic Egg 2","ReplayTheSpireMod:TigerMarble","Mango","Replay:Mystery Machine"],"acts_visited":["Exordium"],"potions_floor_usage":[7,16],"damage_taken":[{"damage":1,"enemies":"conspire:RoseBush","floor":1,"turns":6},{"damage":0,"enemies":"2 Louse","floor":4,"turns":3},{"damage":74,"enemies":"Lagavulin","floor":6,"turns":8},{"damage":0,"enemies":"Jaw Worm","floor":7,"turns":3},{"damage":18,"enemies":"Replay:BlueRogue","floor":11,"turns":5},{"damage":28,"enemies":"3 Sentries","floor":14,"turns":6},{"damage":35,"enemies":"The Guardian","floor":16,"turns":4}],"seed_played":"3242958820898389319","potions_obtained":[{"floor":1,"key":"EssenceOfSteel"},{"floor":14,"key":"LiquidBronze"}],"is_trial":false,"path_per_floor":["M","?","?","M","$","E","M","R","T","?","E","?","R","E","R","B"],"character_chosen":"The_Alterego","items_purchased":[],"campfire_rested":2,"item_purchase_floors":[],"current_hp_per_floor":[79,79,79,79,79,5,5,28,28,28,24,24,24,7,34,0,0],"gold":178,"neow_bonus":"ONE_RARE_RELIC","is_daily":false,"chose_seed":false,"campfire_upgraded":1,"win_rate":0.0,"timestamp":1610258048,"path_taken":["M","?","?","M","?","E","?","R","T","?","E","?","R","E","R","BOSS"],"items_purchased_type":[],"build_version":"2020-12-18","purchased_purges":0,"victory":false,"max_hp_per_floor":[79,79,79,79,79,79,79,79,79,79,93,93,93,93,93,93,93],"card_choices":[{"not_picked":["alterego_mod:Punishment","alterego_mod:Cycle"],"picked":"alterego_mod:Bounce","floor":1},{"not_picked":["alterego_mod:TrashNCrash","alterego_mod:MagicResistance","alterego_mod:Mirror"],"picked":"SKIP","floor":4},{"not_picked":["alterego_mod:Cooking+1","alterego_mod:BustOut"],"picked":"alterego_mod:Pet+1","floor":6},{"not_picked":["alterego_mod:MagicResistance+1","alterego_mod:Cycle+1"],"picked":"alterego_mod:Bounce","floor":7},{"not_picked":["alterego_mod:SakuraLabyrinth+1","alterego_mod:DestructionOfProperty+1"],"picked":"alterego_mod:Rake","floor":11},{"not_picked":["alterego_mod:1TonWallop","alterego_mod:Pet+1"],"picked":"alterego_mod:DiscoLights","floor":14}],"player_experience":585452,"relics_obtained":[{"floor":6,"key":"Toxic Egg 2"},{"floor":9,"key":"ReplayTheSpireMod:TigerMarble"},{"floor":11,"key":"Mango"},{"floor":14,"key":"Replay:Mystery Machine"}],"event_choices":[{"damage_healed":0,"gold_gain":0,"player_choice":"Grow","damage_taken":0,"max_hp_gain":0,"max_hp_loss":0,"event_name":"Living Wall","floor":10,"gold_loss":0,"cards_upgraded":["alterego_mod:Impale"]},{"damage_healed":24,"gold_gain":0,"player_choice":"Embrace Burn","damage_taken":0,"max_hp_gain":0,"max_hp_loss":93,"event_name":"betterThird:BetterShining","floor":12,"gold_loss":0}],"is_beta":true,"boss_relics":[],"items_purged_floors":[],"is_endless":false,"potions_floor_spawned":[1,14],"killed_by":"The Guardian","ascension_level":1}}