{"host":"7zrqt28bzi261n1g","time":1610267914,"event":{"mods":["Arknights The Spire","BaseMod","CapriCore","Custom Start","DeckTracker","Hermit","HexUI Lib","KOR Keyword Fix","Koishi","Minty Spire (QoL Compilation)","Prisma Mod","StSLib","The Bug Knight","The Hierophant","The Immortal","The Poker Player","WarShipGirlsR/??á´Ò³R mod"],"gold_per_floor":[1000108,1000128,1000128,999298,999313,999313,998525,998541,998611,998623,998623,998636,998636,998646,998646,998750,998750,998768,998801,998820,998762,998775,998775,998802,998802,998854,998886,998902,998008,998008,998022,998022,998122,998122,998140,997141,997141,996591,996601,996646,996657,996672,996672,996702,996702,996719,996732,996746,996746,996746,996746,996746,995558,995589,995589],"floor_reached":56,"playtime":2991,"items_purged":["Regret","rmod:goodsister","rmod:goodsister","rmod:gendarmerie"],"score":1763,"play_id":"3b13a9c4-b659-4f87-8725-100ce48823be","local_time":"20210110173834","is_ascension_mode":false,"campfire_choices":[{"floor":6.0,"key":"RECALL"},{"data":"rmod:basicallowance","floor":15.0,"key":"SMITH"},{"data":"rmod:abidefaith","floor":23,"key":"SMITH"},{"data":"rmod:goodsister","floor":25,"key":"SMITH"},{"data":"rmod:expeditionaryescort","floor":30,"key":"SMITH"},{"data":"rmod:goodsister","floor":32,"key":"SMITH"},{"data":"rmod:ridicule","floor":49,"key":"SMITH"},{"data":"rmod:salvage","floor":52,"key":"SMITH"}],"circlet_count":0,"master_deck":["rmod:basicallowance+1","rmod:maingunfire","rmod:lonelyqueen","rmod:fuelsupply","rmod:intelligenceanalysis","rmod:salvage+1","rmod:goodsister+1","rmod:supportescort","rmod:fletcherpendant","rmod:maintain+1","rmod:intelligenceanalysis+1","rmod:firesupport+1","rmod:goodsister+1","rmod:smokecover","rmod:firesupport+1","rmod:circuitoustactics","rmod:firesupport+1","rmod:abidefaith+1","rmod:steelsupply","rmod:aviationdawn","rmod:sl","rmod:wife","rmod:shuttlebombing","rmod:salvage+1","rmod:advancebysurprise","rmod:fletcher+1","rmod:luckystar+1","rmod:fletcher+1","rmod:victimresponsibility+1","rmod:fletcherpendant+1","rmod:luckystar+1","rmod:goodfighter+1","rmod:fletcherpendant+1","rmod:expeditionaryescort+1","rmod:fletcherpendant+1","rmod:diamondstrike+1","rmod:sl+1","rmod:firesupport+1","rmod:luckystar+1","rmod:launchingtorpedo+1","rmod:acesubmarine+1","rmod:salvage+1","rmod:bulid+1","rmod:aluminumsupply+1","rmod:maintain+1","rmod:fletcherpendant+1","rmod:stealaluminum+1","rmod:ammunitionsupply+1","rmod:timeschanged+1","rmod:chargemoney+1","rmod:openingtorpedo+1","rmod:punchline+1","rmod:ridicule+1","rmod:fletcherpendant+1","rmod:openingtorpedo+1","rmod:intelligenceanalysis+1","rmod:combined+1","rmod:wolves+1","rmod:firesupport+1","rmod:expeditionaryescort+1","rmod:fletcherpendant+1","rmod:rockthrower+1"],"relics":["rmod:firstchargereward","Bag of Marbles","Regal Pillow","Question Card","Art of War","ClockworkSouvenir","HollowMod:StagPassRelic","Molten Egg 2","Mercury Hourglass","Pandora\u0027s Box","Red Mask","Eternal Feather","PreservedInsect","Mummified Hand","Orichalcum","OrangePellets","Meat on the Bone","Coffee Dripper","Chemical X","Sundial","Peace Pipe","Kunai","Bag of Preparation","Orrery","Ice Cream","Gremlin Horn","Pocketwatch","rmod:equipmentrecovery","Shuriken","Lee\u0027s Waffle","Letter Opener","Pen Nib"],"acts_visited":["Exordium","TheCity","TheBeyond","TheEnding"],"potions_floor_usage":[50,50,55,55],"damage_taken":[{"damage":0.0,"enemies":"Small Slimes","floor":1.0,"turns":2.0},{"damage":0.0,"enemies":"2 Louse","floor":2.0,"turns":1.0},{"damage":6.0,"enemies":"Jaw Worm","floor":5.0,"turns":2.0},{"damage":7.0,"enemies":"Red Slaver","floor":8.0,"turns":3.0},{"damage":0.0,"enemies":"Exordium Wildlife","floor":10.0,"turns":2.0},{"damage":6.0,"enemies":"Blue Slaver","floor":12.0,"turns":3.0},{"damage":0.0,"enemies":"Gremlin Gang","floor":14.0,"turns":3.0},{"damage":0.0,"enemies":"The Guardian","floor":16.0,"turns":1.0},{"damage":0.0,"enemies":"Shell Parasite","floor":18.0,"turns":4.0},{"damage":0,"enemies":"Masked Bandits","floor":19,"turns":1},{"damage":0,"enemies":"3 Byrds","floor":20,"turns":1},{"damage":0,"enemies":"3 Cultists","floor":22,"turns":1},{"damage":0,"enemies":"Slavers","floor":24,"turns":1},{"damage":0,"enemies":"Book of Stabbing","floor":27,"turns":1},{"damage":0,"enemies":"Cultist and Chosen","floor":28,"turns":2},{"damage":0,"enemies":"Centurion and Healer","floor":31,"turns":1},{"damage":0,"enemies":"Collector","floor":33,"turns":1},{"damage":0,"enemies":"3 Darklings","floor":35,"turns":1},{"damage":0,"enemies":"Orb Walker","floor":39,"turns":1},{"damage":0,"enemies":"2 Orb Walkers","floor":40,"turns":1},{"damage":0,"enemies":"3 Darklings","floor":41,"turns":1},{"damage":0,"enemies":"Maw","floor":42,"turns":1},{"damage":0,"enemies":"Nemesis","floor":44,"turns":1},{"damage":0,"enemies":"Sphere and 2 Shapes","floor":46,"turns":1},{"damage":0,"enemies":"3 Darklings","floor":47,"turns":1},{"damage":0,"enemies":"Transient","floor":48,"turns":2},{"damage":0,"enemies":"Awakened One","floor":50,"turns":3},{"damage":0,"enemies":"Shield and Spear","floor":54,"turns":1},{"damage":95,"enemies":"The Heart","floor":55,"turns":4}],"seed_played":"191400895535623410","potions_obtained":[{"floor":10.0,"key":"PowerPotion"},{"floor":14.0,"key":"Strength Potion"},{"floor":16.0,"key":"LiquidBronze"},{"floor":28,"key":"SpeedPotion"},{"floor":31,"key":"AttackPotion"}],"is_trial":false,"path_per_floor":["M","M","?","$","M","R","$","M","T","M","?","M","?","M","R","B",null,"M","?","M","?","M","R","E","R","T","E","M","$","R","M","R","B",null,"M","$","?","$","M","?","M","M","T","E","T","M","M","M","R","B",null,"R","$","E","B",null],"character_chosen":"PRAEFECT","items_purchased":["Question Card","Art of War","ClockworkSouvenir","rmod:intelligenceanalysis","rmod:salvage","rmod:goodsister","rmod:supportescort","HollowMod:StagPassRelic","Molten Egg 2","rmod:intelligenceanalysis+1","rmod:firesupport+1","rmod:goodsister","rmod:smokecover","rmod:gendarmerie","Orichalcum","OrangePellets","Meat on the Bone","rmod:sl","rmod:firesupport+1","rmod:luckystar+1","SpeedPotion","ColorlessPotion","Chemical X","Sundial","Peace Pipe","rmod:salvage+1","rmod:bulid","Kunai","Bag of Preparation","Orrery","Shuriken","Lee\u0027s Waffle","Letter Opener","rmod:wolves+1","rmod:firesupport+1","rmod:expeditionaryescort","BlessingOfTheForge","Explosive Potion"],"campfire_rested":0,"item_purchase_floors":[4,4,4,4,4,4,4,7,7,7,7,7,7,7,29,29,29,29,29,29,29,29,36,36,36,36,36,38,38,38,53,53,53,53,53,53,53,53],"current_hp_per_floor":[3075,3075,3075,3075,3069,3069,3069,3062,3062,3062,3062,3056,3056,3056,3056,3056,3075,3075,3075,3075,3075,3075,3075,3075,3075,3075,3075,3075,3075,3075,3075,3075,3075,3075,3075,3075,3075,3075,3075,3075,3075,3075,3075,3075,3075,3075,3075,3075,3075,3075,3075,3075,3082,3082,2987],"gold":995589,"neow_bonus":"RANDOM_COMMON_RELIC","is_daily":false,"chose_seed":false,"campfire_upgraded":7,"win_rate":0.0,"timestamp":1610267914,"path_taken":["M","M","?","$","M","R","$","M","T","M","?","M","?","M","R","BOSS","M","?","M","?","M","R","E","R","T","E","M","$","R","?","R","BOSS","M","$","?","$","M","?","M","M","T","E","?","M","?","?","R","BOSS","R","$","E","BOSS"],"items_purchased_type":["Relic","Relic","Relic","Card","Card","Card","Card","Relic","Relic","Card","Card","Card","Card","Card","Relic","Relic","Relic","Card","Card","Card","Potion","Potion","Relic","Relic","Relic","Card","Card","Relic","Relic","Relic","Relic","Relic","Relic","Card","Card","Card","Potion","Potion"],"build_version":"2020-12-22","purchased_purges":4,"victory":true,"max_hp_per_floor":[3075,3075,3075,3075,3075,3075,3075,3075,3075,3075,3075,3075,3075,3075,3075,3075,3075,3075,3075,3075,3075,3075,3075,3075,3075,3075,3075,3075,3075,3075,3075,3075,3075,3075,3075,3075,3075,3075,3075,3075,3075,3075,3075,3075,3075,3075,3075,3075,3075,3075,3075,3075,3082,3082,3082],"card_choices":[{"not_picked":["rmod:firesupport","rmod:unsinkable"],"picked":"rmod:lonelyqueen","floor":1.0},{"not_picked":["rmod:supportescort","rmod:shuttlebombing"],"picked":"rmod:fuelsupply","floor":2.0},{"not_picked":["rmod:unsinkable","rmod:selfconfidence","rmod:fuelsupply"],"picked":"rmod:maintain","floor":5.0},{"not_picked":["rmod:unsinkable","rmod:firesupport+1","rmod:rockthrower+1"],"picked":"rmod:goodsister","floor":8.0},{"not_picked":["rmod:supportaircraftcarrier","rmod:secretscript","rmod:aviationdawn"],"picked":"rmod:firesupport+1","floor":10.0},{"not_picked":["rmod:unsinkable","rmod:intelligenceanalysis+1","rmod:aviationdawn"],"picked":"rmod:circuitoustactics","floor":12.0},{"not_picked":["rmod:fuelsupply","rmod:smokecover","rmod:aviationdawn"],"picked":"rmod:firesupport+1","floor":14.0},{"not_picked":["rmod:ridicule","rmod:supriseattacks","rmod:seals"],"picked":"rmod:abidefaith","floor":16.0},{"not_picked":["rmod:wolves+1","rmod:supportescort","rmod:circuitoustactics"],"picked":"rmod:luckystar+1","floor":18.0},{"not_picked":["rmod:sl","rmod:tearstotiara+1","rmod:supportaircraftcarrier"],"picked":"rmod:victimresponsibility+1","floor":19},{"not_picked":["rmod:steelsupply","rmod:supportescort","rmod:maintain"],"picked":"rmod:luckystar+1","floor":20},{"not_picked":["rmod:fletcherpendant+1","rmod:firesupport+1","rmod:shuttlebombing"],"picked":"rmod:goodfighter+1","floor":22},{"not_picked":["rmod:wife+1","rmod:firesupport+1","rmod:victimresponsibility"],"picked":"rmod:fletcherpendant+1","floor":24},{"not_picked":["rmod:sl+1","rmod:aviationdawn","rmod:fletcher+1"],"picked":"rmod:expeditionaryescort","floor":27},{"not_picked":["rmod:luckystar+1","rmod:victimresponsibility","rmod:shuttlebombing"],"picked":"rmod:diamondstrike+1","floor":28},{"not_picked":["rmod:firesupport+1","rmod:supportescort","rmod:circuitoustactics"],"picked":"rmod:launchingtorpedo+1","floor":31},{"not_picked":["rmod:highspeedmaneuver","rmod:expeditionaryescort","rmod:u235"],"picked":"rmod:acesubmarine+1","floor":33},{"not_picked":["rmod:aviationdawn","rmod:circuitoustactics+1","rmod:wife"],"picked":"rmod:tearstotiara+1","floor":35},{"not_picked":["rmod:highspeedmaneuver","rmod:tearstotiara+1","rmod:guardianhero"],"picked":"rmod:aluminumsupply","floor":38},{"not_picked":["rmod:aluminumsupply+1","rmod:desperatesituation","rmod:smokecover+1"],"picked":"rmod:maintain","floor":38},{"not_picked":["rmod:chargemoney","rmod:goodsister","rmod:gendarmerie"],"picked":"rmod:fletcherpendant+1","floor":38},{"not_picked":["rmod:heivgo+1","rmod:spoils","rmod:fuelsupply"],"picked":"rmod:stealaluminum","floor":38},{"not_picked":["rmod:circuitoustactics","rmod:steelsupply","rmod:smokecover+1"],"picked":"rmod:ammunitionsupply+1","floor":38},{"not_picked":["rmod:punchline","rmod:luckystar+1","rmod:wife+1"],"picked":"rmod:timeschanged+1","floor":39},{"not_picked":["rmod:ammunitionsupply+1","rmod:tearstotiara+1","rmod:launchingtorpedo+1"],"picked":"rmod:chargemoney+1","floor":40},{"not_picked":["rmod:victimresponsibility+1","rmod:fuelsupply+1","rmod:wolves+1"],"picked":"rmod:openingtorpedo+1","floor":41},{"not_picked":["rmod:goodfighter+1","rmod:unsinkable+1","rmod:goodsister"],"picked":"rmod:punchline+1","floor":42},{"not_picked":["rmod:aviationdawn","rmod:ammunitionsupply+1","rmod:ring+1"],"picked":"rmod:ridicule","floor":44},{"not_picked":["rmod:aluminumsupply+1","rmod:launchingtorpedo+1","rmod:unsinkable+1"],"picked":"rmod:openingtorpedo+1","floor":46},{"not_picked":["rmod:selfconfidence+1","rmod:salvage+1","rmod:aluminumsupply"],"picked":"rmod:intelligenceanalysis+1","floor":47},{"not_picked":["rmod:ammunitionsupply+1","rmod:ring+1","rmod:intelligenceanalysis+1"],"picked":"rmod:combined+1","floor":48},{"not_picked":["rmod:intelligenceanalysis+1","rmod:gendarmerie","rmod:ammunitionsupply+1"],"picked":"rmod:rockthrower+1","floor":54}],"player_experience":120872,"relics_obtained":[{"floor":9.0,"key":"Mercury Hourglass"},{"floor":19,"key":"Red Mask"},{"floor":24,"key":"PreservedInsect"},{"floor":27,"key":"Mummified Hand"},{"floor":40,"key":"Ice Cream"},{"floor":43,"key":"Gremlin Horn"},{"floor":44,"key":"Pocketwatch"},{"floor":45,"key":"rmod:equipmentrecovery"},{"floor":54,"key":"Pen Nib"}],"event_choices":[{"damage_healed":0.0,"max_hp_gain":0.0,"max_hp_loss":0.0,"gold_gain":0.0,"event_name":"Big Fish","player_choice":"Box","floor":3.0,"gold_loss":0.0,"damage_taken":0.0,"relics_obtained":["Regal Pillow"],"cards_obtained":["Regret"]},{"damage_healed":0.0,"max_hp_gain":0.0,"max_hp_loss":0.0,"gold_gain":0.0,"event_name":"Living Wall","player_choice":"Grow","floor":11.0,"gold_loss":0.0,"damage_taken":0.0,"cards_upgraded":["rmod:maintain"]},{"damage_healed":0.0,"max_hp_gain":0.0,"max_hp_loss":0.0,"gold_gain":0.0,"event_name":"Liars Game","player_choice":"Ignored","floor":13.0,"gold_loss":0.0,"damage_taken":0.0},{"damage_healed":0,"gold_gain":0,"player_choice":"Fought Bandits","damage_taken":0,"max_hp_gain":0,"max_hp_loss":0,"event_name":"Masked Bandits","floor":19,"gold_loss":0},{"damage_healed":0,"gold_gain":0,"player_choice":"Paid Gold","damage_taken":0,"relics_obtained":["Eternal Feather"],"max_hp_gain":0,"max_hp_loss":0,"event_name":"WeMeetAgain","floor":21,"gold_loss":58},{"cards_removed":["rmod:tearstotiara"],"damage_healed":0,"gold_gain":0,"player_choice":"Removed Attack","damage_taken":0,"max_hp_gain":0,"max_hp_loss":0,"event_name":"Falling","floor":37,"gold_loss":0},{"damage_healed":0,"gold_gain":0,"player_choice":"Fight","damage_taken":0,"max_hp_gain":0,"max_hp_loss":0,"event_name":"Mysterious Sphere","floor":40,"gold_loss":0}],"is_beta":false,"boss_relics":[{"not_picked":["Runic Pyramid","SacredBark"],"picked":"Pandora\u0027s Box"},{"not_picked":["Sozu","Empty Cage"],"picked":"Coffee Dripper"}],"items_purged_floors":[4,29,36,53],"is_endless":false,"potions_floor_spawned":[10,14,16,19,28,31,39,44,46,47],"ascension_level":0}}