{"host":"d23wowvt3mehu8rg","time":1610287848,"event":{"mods":["BaseMod","Colored Powertips","Dark Map","Highlight Path","Minty Spire (QoL Compilation)","Slay-I"],"gold_per_floor":[118,128,146,146,146,179,179,194,194,46,76,92,110,122,122,220,220,230,230,250,99,14,41,41,68,68,68,68,68,68],"floor_reached":29,"playtime":1531,"items_purged":["Strike_G","Crippling Poison"],"score":287,"play_id":"2b826a85-5032-4db1-9c5e-e08329555762","local_time":"20210110151048","is_ascension_mode":true,"campfire_choices":[{"data":"Calculated Gamble","floor":15,"key":"SMITH"},{"data":"Unload","floor":28,"key":"SMITH"}],"circlet_count":0,"master_deck":["Strike_G","Strike_G","Strike_G","Strike_G","Defend_G","Defend_G","Defend_G","Defend_G","Defend_G","Survivor","Neutralize+1","Cloak And Dagger","Dash","Deadly Poison","Calculated Gamble+1","Terror","PiercingWail","Predator","Unload+1","Leg Sweep+1","Crippling Poison+1","Blade Dance","Bane+1"],"relics":["Ring of the Snake","Dream Catcher","Boot","Meat on the Bone","Pantograph","Lantern","Philosopher\u0027s Stone","Shuriken","Darkstone Periapt","Mummified Hand","Pen Nib"],"acts_visited":["Exordium","TheCity"],"potions_floor_usage":[11,11,23,23,29],"damage_taken":[{"damage":1,"enemies":"2 Louse","floor":1,"turns":3},{"damage":1,"enemies":"Jaw Worm","floor":2,"turns":4},{"damage":0,"enemies":"Small Slimes","floor":3,"turns":3},{"damage":29,"enemies":"3 Sentries","floor":6,"turns":13},{"damage":12,"enemies":"Exordium Thugs","floor":8,"turns":5},{"damage":17,"enemies":"Gremlin Nob","floor":11,"turns":4},{"damage":0,"enemies":"3 Louse","floor":12,"turns":4},{"damage":2,"enemies":"Gremlin Gang","floor":13,"turns":5},{"damage":0,"enemies":"Blue Slaver","floor":14,"turns":4},{"damage":12,"enemies":"The Guardian","floor":16,"turns":11},{"damage":17,"enemies":"3 Byrds","floor":18,"turns":4},{"damage":16,"enemies":"2 Thieves","floor":20,"turns":4},{"damage":16,"enemies":"Book of Stabbing","floor":23,"turns":4},{"damage":29,"enemies":"Slavers","floor":25,"turns":5},{"damage":37,"enemies":"Gremlin Leader","floor":29,"turns":3}],"seed_played":"-4155466587394861371","potions_obtained":[{"floor":6,"key":"Energy Potion"},{"floor":8,"key":"SteroidPotion"},{"floor":13,"key":"Energy Potion"},{"floor":14,"key":"Fire Potion"},{"floor":25,"key":"SkillPotion"}],"is_trial":false,"path_per_floor":["M","M","M","?","?","E","T","M","T","$","E","M","M","M","R","B",null,"M","?","M","$","?","E","$","E","T","$","R","E"],"character_chosen":"THE_SILENT","items_purchased":["Calculated Gamble","Blade Dance"],"campfire_rested":0,"item_purchase_floors":[10,21],"current_hp_per_floor":[76,75,75,57,57,28,28,28,28,28,23,35,45,45,45,58,77,60,53,49,49,49,45,45,28,28,28,28,0,0],"gold":68,"neow_bonus":"TEN_PERCENT_HP_BONUS","is_daily":false,"chose_seed":false,"campfire_upgraded":2,"win_rate":0.0,"timestamp":1610287848,"path_taken":["M","M","M","?","?","E","?","M","T","?","E","M","M","M","R","BOSS","M","?","M","?","?","E","$","E","T","$","R","E"],"items_purchased_type":["Card","Card"],"build_version":"2020-12-22","purchased_purges":2,"victory":false,"max_hp_per_floor":[77,77,77,77,77,77,77,77,77,77,77,77,77,77,77,77,77,77,77,77,77,77,77,77,77,77,77,77,77,77],"card_choices":[{"not_picked":["Quick Slash","Dagger Spray"],"picked":"Cloak And Dagger","floor":1},{"not_picked":["Quick Slash","Deflect"],"picked":"Dash","floor":2},{"not_picked":["Acrobatics","Prepared"],"picked":"Crippling Poison","floor":3},{"not_picked":["Flechettes","Well Laid Plans","Wraith Form v2"],"picked":"SKIP","floor":6},{"not_picked":["Bane","Slice"],"picked":"Deadly Poison","floor":8},{"not_picked":["Distraction","Caltrops"],"picked":"Terror","floor":11},{"not_picked":["Accuracy","Dagger Throw"],"picked":"PiercingWail","floor":12},{"not_picked":["Outmaneuver","Wraith Form v2","Skewer"],"picked":"SKIP","floor":13},{"not_picked":["Concentrate","Eviscerate"],"picked":"Predator","floor":14},{"not_picked":["Doppelganger","Tools of the Trade"],"picked":"Unload","floor":16},{"not_picked":["Skewer","PiercingWail"],"picked":"Leg Sweep+1","floor":18},{"not_picked":["Tactician","PiercingWail+1"],"picked":"Crippling Poison+1","floor":20},{"not_picked":["Accuracy","Flying Knee"],"picked":"Bane+1","floor":23},{"not_picked":["Sucker Punch+1","Slice","Eviscerate"],"picked":"SKIP","floor":25}],"player_experience":177537,"relics_obtained":[{"floor":6,"key":"Boot"},{"floor":7,"key":"Meat on the Bone"},{"floor":9,"key":"Pantograph"},{"floor":11,"key":"Lantern"},{"floor":23,"key":"Darkstone Periapt"},{"floor":25,"key":"Mummified Hand"},{"floor":26,"key":"Pen Nib"}],"event_choices":[{"damage_healed":0,"gold_gain":0,"player_choice":"Success","damage_taken":18,"relics_obtained":["Dream Catcher"],"max_hp_gain":0,"max_hp_loss":0,"event_name":"Scrap Ooze","floor":4,"gold_loss":0},{"damage_healed":0,"gold_gain":0,"player_choice":"Grow","damage_taken":0,"max_hp_gain":0,"max_hp_loss":0,"event_name":"Living Wall","floor":5,"gold_loss":0,"cards_upgraded":["Neutralize"]},{"damage_healed":0,"gold_gain":0,"player_choice":"Damaged","damage_taken":7,"max_hp_gain":0,"max_hp_loss":0,"event_name":"Wheel of Change","floor":19,"gold_loss":0},{"damage_healed":0,"gold_gain":0,"player_choice":"Obtained Relic","damage_taken":0,"relics_obtained":["Shuriken"],"max_hp_gain":0,"max_hp_loss":0,"event_name":"Addict","floor":22,"gold_loss":85}],"is_beta":false,"boss_relics":[{"not_picked":["Empty Cage","Velvet Choker"],"picked":"Philosopher\u0027s Stone"}],"items_purged_floors":[10,21],"is_endless":false,"potions_floor_spawned":[6,8,13,14,25],"killed_by":"Gremlin Leader","ascension_level":1}}