{"host":"cv77zuuuekizn3ic","time":1610281134,"event":{"mods":["AchievementEnabler","BaseMod","Marisa£®ÏF”Í°°ƒß¿Ì…≥£©","Minty Spire (QoL Compilation)","StSLib","Waifu the Spire","everything is the same but u backflip on backflip","slay the spire mod where everything is the same but ironclad has a cowboy hat"],"gold_per_floor":[119,136,4,4,4,42,42,66,92,132,132,148,161,205,205,294,294,252,20,44,44,57,57,101,101,173,173,197,197,197,197,197,286,286,300,318,318,205,226,226,226,226],"floor_reached":41,"playtime":2428,"items_purged":["Strike_R","Strike_R"],"score":908,"play_id":"b9f2bbce-a743-455d-803d-4028f6402549","local_time":"20210110201854","is_ascension_mode":true,"campfire_choices":[{"data":"Body Slam","floor":7.0,"key":"SMITH"},{"data":"Feed","floor":11.0,"key":"SMITH"},{"data":"Havoc","floor":15.0,"key":"SMITH"},{"floor":23.0,"key":"REST"},{"data":"Pommel Strike","floor":27.0,"key":"SMITH"},{"data":"Demon Form","floor":32.0,"key":"SMITH"},{"data":"Ghostly","floor":40.0,"key":"SMITH"}],"circlet_count":0,"master_deck":["AscendersBane","Strike_R","Strike_R","Strike_R","Defend_R","Defend_R","Defend_R","Defend_R","Bash","Body Slam+1","Clothesline","Evolve+1","Wild Strike","Havoc+1","True Grit","Feed+1","Metallicize","Exhume","Demon Form+1","Feel No Pain+1","Pommel Strike+1","Shrug It Off+1","Shrug It Off","Ghostly","Ghostly","Ghostly+1","Reaper","Burning Pact","Dark Embrace+1"],"relics":["Mark of Pain","Golden Idol","Red Skull","Juzu Bracelet","Blue Candle","Black Star","Toolbox","Centennial Puzzle","Anchor","MealTicket","The Courier","Snecko Eye"],"acts_visited":["Exordium","TheCity","TheBeyond"],"potions_floor_usage":[41],"damage_taken":[{"damage":4.0,"enemies":"2 Louse","floor":1.0,"turns":3.0},{"damage":7.0,"enemies":"Jaw Worm","floor":2.0,"turns":4.0},{"damage":8.0,"enemies":"Gremlin Nob","floor":6.0,"turns":3.0},{"damage":0.0,"enemies":"Cultist","floor":8.0,"turns":3.0},{"damage":20.0,"enemies":"Lagavulin","floor":10.0,"turns":6.0},{"damage":0.0,"enemies":"3 Louse","floor":12.0,"turns":3.0},{"damage":7.0,"enemies":"Exordium Thugs","floor":13.0,"turns":4.0},{"damage":0.0,"enemies":"3 Sentries","floor":14.0,"turns":6.0},{"damage":19.0,"enemies":"Slime Boss","floor":16.0,"turns":9.0},{"damage":29.0,"enemies":"2 Thieves","floor":18.0,"turns":5.0},{"damage":0.0,"enemies":"Chosen","floor":20.0,"turns":5.0},{"damage":54.0,"enemies":"Shelled Parasite and Fungi","floor":22.0,"turns":11.0},{"damage":33.0,"enemies":"Slavers","floor":24.0,"turns":7.0},{"damage":18.0,"enemies":"Snake Plant","floor":28.0,"turns":4.0},{"damage":32.0,"enemies":"Champ","floor":33.0,"turns":13.0},{"damage":0.0,"enemies":"3 Darklings","floor":35.0,"turns":7.0},{"damage":16.0,"enemies":"Orb Walker","floor":36.0,"turns":5.0},{"damage":42.0,"enemies":"Maw","floor":39.0,"turns":9.0},{"damage":42,"enemies":"Nemesis","floor":41,"turns":6}],"seed_played":"-4776751968034642983","potions_obtained":[{"floor":2.0,"key":"Explosive Potion"},{"floor":5.0,"key":"EntropicBrew"},{"floor":5.0,"key":"BlessingOfTheForge"},{"floor":13.0,"key":"PowerPotion"},{"floor":14.0,"key":"AttackPotion"},{"floor":16.0,"key":"Block Potion"},{"floor":18.0,"key":"Regen Potion"},{"floor":20.0,"key":"Explosive Potion"},{"floor":35.0,"key":"Fire Potion"},{"floor":36.0,"key":"Ancient Potion"}],"is_trial":false,"path_per_floor":["M","M","$","?","?","E","R","M","T","E","R","M","M","E","R","B",null,"M","$","M","?","M","R","E","T","T","R","M","?","?","?","R","B",null,"M","M","?","$","M","R","E"],"character_chosen":"IRONCLAD","items_purchased":["Evolve","Wild Strike","Toolbox","Burning Pact"],"campfire_rested":1,"item_purchase_floors":[3,3,19,38],"current_hp_per_floor":[64,57,57,57,57,49,49,49,49,29,29,33,30,34,34,23,72,47,47,51,51,20,51,26,26,26,26,12,12,12,58,58,30,54,66,58,54,69,32,32,0,0],"gold":226,"neow_bonus":"BOSS_RELIC","is_daily":false,"chose_seed":false,"campfire_upgraded":6,"win_rate":0.0,"timestamp":1610281134,"path_taken":["M","M","$","?","?","E","R","?","T","E","R","M","M","E","R","BOSS","M","$","M","?","M","R","E","?","T","R","M","?","?","?","R","BOSS","M","M","?","$","M","R","E"],"items_purchased_type":["Card","Card","Relic","Card"],"build_version":"2020-12-22","purchased_purges":2,"victory":false,"max_hp_per_floor":[75,75,75,68,68,68,68,68,68,68,68,72,76,80,80,88,88,92,92,96,96,104,104,112,112,112,112,116,58,58,58,58,62,62,66,70,70,70,74,74,74,74],"card_choices":[{"not_picked":["Cleave","Seeing Red"],"picked":"Body Slam","floor":1.0},{"not_picked":["Reckless Charge","Warcry"],"picked":"Clothesline","floor":2.0},{"not_picked":["Perfected Strike","Flex"],"picked":"Havoc","floor":6.0},{"not_picked":["Iron Wave","Juggernaut"],"picked":"True Grit","floor":8.0},{"not_picked":["Heavy Blade","Hemokinesis"],"picked":"Feed","floor":10.0},{"not_picked":["Anger","Havoc"],"picked":"Ghostly Armor","floor":12.0},{"not_picked":["Searing Blow","Cleave"],"picked":"Metallicize","floor":13.0},{"not_picked":["Spot Weakness","Anger"],"picked":"Exhume","floor":14.0},{"not_picked":["Brutality","Limit Break"],"picked":"Demon Form","floor":16.0},{"not_picked":["Heavy Blade","Twin Strike"],"picked":"Feel No Pain+1","floor":18.0},{"not_picked":["Headbutt","Blood for Blood+1"],"picked":"Pommel Strike","floor":20.0},{"not_picked":["Sentinel","Iron Wave"],"picked":"Shrug It Off+1","floor":22.0},{"not_picked":["Anger","Dropkick","Fiend Fire"],"picked":"SKIP","floor":24.0},{"not_picked":["Flex","Heavy Blade"],"picked":"Shrug It Off","floor":28.0},{"not_picked":["Brutality","Bludgeon"],"picked":"Reaper","floor":33.0},{"not_picked":["Cleave+1","Pommel Strike","Twin Strike"],"picked":"SKIP","floor":35.0},{"not_picked":["Rage","Thunderclap","Iron Wave"],"picked":"SKIP","floor":36.0},{"not_picked":["Iron Wave","Shrug It Off"],"picked":"Dark Embrace+1","floor":39.0}],"player_experience":834619,"relics_obtained":[{"floor":6.0,"key":"Red Skull"},{"floor":9.0,"key":"Juzu Bracelet"},{"floor":14.0,"key":"Blue Candle"},{"floor":24.0,"key":"Centennial Puzzle"},{"floor":24.0,"key":"Anchor"},{"floor":25.0,"key":"MealTicket"},{"floor":26.0,"key":"The Courier"}],"event_choices":[{"damage_healed":0.0,"max_hp_gain":0.0,"max_hp_loss":7.0,"gold_gain":0.0,"event_name":"Golden Idol","player_choice":"Lose Max HP","floor":4.0,"gold_loss":0.0,"damage_taken":0.0,"relics_obtained":["Golden Idol"]},{"damage_healed":0.0,"max_hp_gain":0.0,"max_hp_loss":0.0,"gold_gain":0.0,"event_name":"Lab","player_choice":"Got Potions","floor":5.0,"gold_loss":0.0,"damage_taken":0.0},{"damage_healed":0.0,"max_hp_gain":0.0,"max_hp_loss":0.0,"gold_gain":0.0,"event_name":"Cursed Tome","player_choice":"Ignored","floor":21.0,"gold_loss":0.0,"damage_taken":0.0},{"damage_healed":0.0,"max_hp_gain":0.0,"max_hp_loss":58.0,"gold_gain":0.0,"event_name":"Ghosts","player_choice":"Became a Ghost","floor":29.0,"gold_loss":0.0,"damage_taken":0.0,"cards_obtained":["Ghostly","Ghostly","Ghostly"]},{"damage_healed":0.0,"max_hp_gain":0.0,"max_hp_loss":0.0,"gold_gain":0.0,"event_name":"Accursed Blacksmith","player_choice":"Forge","floor":30.0,"gold_loss":0.0,"damage_taken":0.0,"cards_upgraded":["Evolve"]},{"cards_removed":["Ghostly Armor"],"damage_healed":46.0,"max_hp_gain":0.0,"max_hp_loss":0.0,"gold_gain":0.0,"event_name":"Bonfire Elementals","player_choice":"Offered Uncommon","floor":31.0,"gold_loss":0.0,"damage_taken":0.0},{"damage_healed":0.0,"max_hp_gain":0.0,"max_hp_loss":0.0,"gold_gain":0.0,"event_name":"The Woman in Blue","player_choice":"Bought 0 Potions","floor":37.0,"gold_loss":0.0,"damage_taken":0.0}],"is_beta":false,"boss_relics":[{"not_picked":["Pandora\u0027s Box","SlaversCollar"],"picked":"Black Star"},{"not_picked":["SacredBark","Calling Bell"],"picked":"Snecko Eye"}],"items_purged_floors":[19,38],"is_endless":false,"potions_floor_spawned":[2,13,14,16,18,20,35,36],"killed_by":"Nemesis","ascension_level":20}}