{"host":"uv231blk40vjdojr","time":1610278225,"event":{"mods":["AchievementEnabler","BaseMod","Bestiary","Minty Spire (QoL Compilation)","Relic Stats"],"gold_per_floor":[116,133,151,31,31,31,51,78,78,89,101,101,114,139,139,244,244,261,15,26,39,6,6,6,39,39,65,65,75,75,88,88,189,189,206,106,106,116,136,168,187,187,187,187,205,222,242,259,259,259],"floor_reached":51,"playtime":1957,"items_purged":["Doubt","Strike_B"],"score":705,"play_id":"0b0291a7-2846-4023-9fbf-19ae25867254","local_time":"20210110123025","is_ascension_mode":false,"campfire_choices":[{"data":"Dualcast","floor":6,"key":"SMITH"},{"data":"Ball Lightning","floor":12,"key":"SMITH"},{"data":"Chaos","floor":15,"key":"SMITH"},{"floor":23,"key":"REST"},{"floor":28,"key":"REST"},{"data":"Sunder","floor":30,"key":"SMITH"},{"data":"Sweeping Beam","floor":32,"key":"SMITH"},{"floor":42,"key":"REST"},{"floor":44,"key":"REST"},{"data":"Consume","floor":49,"key":"SMITH"}],"circlet_count":0,"master_deck":["Strike_B","Strike_B","Strike_B","Defend_B","Defend_B","Defend_B","Defend_B","Zap","Dualcast+1","Doom and Gloom+1","Conserve Battery","Cold Snap","Sunder+1","Core Surge","Sweeping Beam+1","Ball Lightning+1","Chaos+1","Echo Form","Self Repair","Aggregate","Glacier","Seek","Biased Cognition","Consume+1","Doom and Gloom+1","Hologram+1","Capacitor+1","Echo Form","Coolheaded+1"],"relics":["Cracked Core","Bird Faced Urn","Dream Catcher","Tiny Chest","Nunchaku","Velvet Choker","Bottled Tornado","Shuriken","Akabeko","Bronze Scales","Red Mask","Sozu","Blood Vial","Du-Vu Doll","TungstenRod"],"acts_visited":["Exordium","TheCity","TheBeyond"],"potions_floor_usage":[7,16,25,33,39],"damage_taken":[{"damage":5,"enemies":"Cultist","floor":1,"turns":4},{"damage":6,"enemies":"Jaw Worm","floor":2,"turns":3},{"damage":0,"enemies":"Small Slimes","floor":3,"turns":2},{"damage":6,"enemies":"Exordium Thugs","floor":7,"turns":2},{"damage":1,"enemies":"Gremlin Nob","floor":8,"turns":3},{"damage":0,"enemies":"3 Louse","floor":10,"turns":2},{"damage":1,"enemies":"Exordium Wildlife","floor":11,"turns":2},{"damage":1,"enemies":"Lots of Slimes","floor":13,"turns":2},{"damage":16,"enemies":"The Guardian","floor":16,"turns":9},{"damage":12,"enemies":"Spheric Guardian","floor":18,"turns":4},{"damage":46,"enemies":"2 Thieves","floor":20,"turns":4},{"damage":12,"enemies":"Centurion and Healer","floor":21,"turns":4},{"damage":25,"enemies":"Slavers","floor":25,"turns":3},{"damage":8,"enemies":"Masked Bandits","floor":27,"turns":2},{"damage":2,"enemies":"Chosen and Byrds","floor":29,"turns":3},{"damage":21,"enemies":"Cultist and Chosen","floor":31,"turns":7},{"damage":23,"enemies":"Collector","floor":33,"turns":9},{"damage":19,"enemies":"3 Shapes","floor":35,"turns":3},{"damage":0,"enemies":"3 Darklings","floor":38,"turns":5},{"damage":0,"enemies":"Transient","floor":39,"turns":5},{"damage":75,"enemies":"Nemesis","floor":40,"turns":7},{"damage":6,"enemies":"Sphere and 2 Shapes","floor":41,"turns":3},{"damage":9,"enemies":"Jaw Worm Horde","floor":45,"turns":3},{"damage":11,"enemies":"4 Shapes","floor":46,"turns":5},{"damage":17,"enemies":"Writhing Mass","floor":47,"turns":7},{"damage":17,"enemies":"3 Darklings","floor":48,"turns":3},{"damage":18,"enemies":"Awakened One","floor":50,"turns":17}],"seed_played":"1491866123957520884","potions_obtained":[{"floor":2,"key":"DistilledChaos"},{"floor":3,"key":"Fire Potion"},{"floor":7,"key":"FocusPotion"},{"floor":11,"key":"Strength Potion"},{"floor":16,"key":"SmokeBomb"},{"floor":25,"key":"AttackPotion"},{"floor":27,"key":"SkillPotion"}],"is_trial":false,"path_per_floor":["M","M","M","$","?","R","M","E","T","M","M","R","M","T","R","B",null,"M","$","M","M","$","R","?","E","T","?","R","M","R","M","R","B",null,"M","$","T","M","M","E","M","R","T","R","M","M","M","M","R","B",null],"character_chosen":"DEFECT","items_purchased":["Cold Snap","Bottled Tornado","Aggregate"],"campfire_rested":4,"item_purchase_floors":[4,19,22],"current_hp_per_floor":[70,64,64,64,64,64,58,57,57,57,56,56,55,55,55,39,75,63,63,37,27,27,49,49,26,26,20,42,42,42,41,41,29,75,74,74,74,75,75,18,16,38,38,60,64,75,75,75,75,74],"gold":259,"neow_bonus":"ONE_RARE_RELIC","is_daily":false,"chose_seed":false,"campfire_upgraded":6,"win_rate":0.0,"timestamp":1610278225,"path_taken":["M","?","M","$","?","R","M","E","T","M","M","R","M","?","R","BOSS","M","$","M","M","$","R","?","E","T","?","R","M","R","M","R","BOSS","M","$","?","M","M","E","M","R","T","R","M","M","M","M","R","BOSS"],"items_purchased_type":["Card","Relic","Card"],"build_version":"2020-12-22","purchased_purges":2,"victory":true,"max_hp_per_floor":[75,75,75,75,75,75,75,75,75,75,75,75,75,75,75,75,75,75,75,75,75,75,75,75,75,75,75,75,75,75,75,75,75,75,75,75,75,75,75,75,75,75,75,75,75,75,75,75,75,75],"relic_stats":{"Sozu":3,"Blood Vial":7,"Dream Catcher":4,"Nunchaku":[18],"counters":[27,123],"Shuriken":[23],"Bird Faced Urn":[69],"Bronze Scales":[289],"Tiny Chest":1,"obtain_stats":[{"Velvet Choker":17,"Bottled Tornado":19,"Akabeko":25,"Sozu":34,"Blood Vial":37,"Du-Vu Doll":40,"Dream Catcher":8,"Nunchaku":14,"Shuriken":24,"Bird Faced Urn":0,"Bronze Scales":26,"Tiny Chest":9,"Red Mask":27,"Cracked Core":0,"TungstenRod":43},{"Velvet Choker":9,"Bottled Tornado":10,"Akabeko":13,"Sozu":17,"Blood Vial":18,"Du-Vu Doll":21,"Dream Catcher":5,"Nunchaku":8,"Shuriken":12,"Bird Faced Urn":0,"Bronze Scales":13,"Tiny Chest":5,"Red Mask":14,"Cracked Core":0,"TungstenRod":22},{"Velvet Choker":29,"Bottled Tornado":33,"Akabeko":44,"Sozu":65,"Blood Vial":68,"Du-Vu Doll":85,"Dream Catcher":14,"Nunchaku":20,"Shuriken":41,"Bird Faced Urn":0,"Bronze Scales":44,"Tiny Chest":14,"Red Mask":46,"Cracked Core":0,"TungstenRod":88}],"TungstenRod":14},"card_choices":[{"not_picked":["Rip and Tear","Turbo"],"picked":"Doom and Gloom","floor":1},{"not_picked":["Hello World","Hologram","Stack"],"picked":"SKIP","floor":2},{"not_picked":["Steam Power","Leap"],"picked":"Conserve Battery","floor":3},{"not_picked":["Capacitor","Go for the Eyes"],"picked":"Sunder","floor":7},{"not_picked":["Steam Power","Streamline"],"picked":"Core Surge","floor":8},{"not_picked":["Tempest","Scrape"],"picked":"Sweeping Beam","floor":10},{"not_picked":["Sweeping Beam","Reprogram"],"picked":"Ball Lightning","floor":11},{"not_picked":["Redo","Coolheaded"],"picked":"Chaos","floor":13},{"not_picked":["Meteor Strike","Core Surge"],"picked":"Echo Form","floor":16},{"not_picked":["Hello World","Go for the Eyes"],"picked":"Self Repair","floor":18},{"not_picked":["Redo","Compile Driver","Rebound"],"picked":"SKIP","floor":20},{"not_picked":["Beam Cell","Coolheaded","Compile Driver"],"picked":"SKIP","floor":21},{"not_picked":["Reinforced Body","Redo+1"],"picked":"Glacier","floor":23},{"not_picked":["Streamline","Doom and Gloom"],"picked":"Seek","floor":25},{"not_picked":["Go for the Eyes","Leap","Cold Snap"],"picked":"SKIP","floor":29},{"not_picked":["Scrape","Turbo","Conserve Battery"],"picked":"SKIP","floor":31},{"not_picked":["All For One","Meteor Strike"],"picked":"Biased Cognition","floor":33},{"not_picked":["Streamline","Genetic Algorithm+1"],"picked":"Consume","floor":35},{"not_picked":["Sweeping Beam+1","Conserve Battery"],"picked":"Doom and Gloom+1","floor":38},{"not_picked":["Stack","Turbo+1","Streamline+1"],"picked":"SKIP","floor":39},{"not_picked":["Gash","Reprogram"],"picked":"Hologram+1","floor":40},{"not_picked":["Turbo+1","Conserve Battery","Stack"],"picked":"SKIP","floor":41},{"not_picked":["Coolheaded","Loop"],"picked":"Capacitor+1","floor":45},{"not_picked":["Steam+1","Coolheaded"],"picked":"Echo Form","floor":46},{"not_picked":["Steam Power","Gash","Static Discharge"],"picked":"SKIP","floor":47},{"not_picked":["Genetic Algorithm+1","Cold Snap"],"picked":"Coolheaded+1","floor":48}],"player_experience":644701,"relics_obtained":[{"floor":8,"key":"Dream Catcher"},{"floor":9,"key":"Tiny Chest"},{"floor":14,"key":"Nunchaku"},{"floor":25,"key":"Akabeko"},{"floor":26,"key":"Bronze Scales"},{"floor":27,"key":"Red Mask"},{"floor":37,"key":"Blood Vial"},{"floor":40,"key":"Du-Vu Doll"},{"floor":43,"key":"TungstenRod"}],"event_choices":[{"damage_healed":0,"gold_gain":0,"player_choice":"Grow","damage_taken":0,"max_hp_gain":0,"max_hp_loss":0,"event_name":"Living Wall","floor":5,"gold_loss":0,"cards_upgraded":["Doom and Gloom"]},{"damage_healed":0,"gold_gain":0,"player_choice":"Opened","damage_taken":0,"relics_obtained":["Shuriken"],"max_hp_gain":0,"max_hp_loss":0,"event_name":"The Mausoleum","floor":24,"gold_loss":0},{"damage_healed":0,"gold_gain":0,"player_choice":"Fought Bandits","damage_taken":0,"max_hp_gain":0,"max_hp_loss":0,"event_name":"Masked Bandits","floor":27,"gold_loss":0}],"is_beta":false,"boss_relics":[{"not_picked":["Tiny House","Empty Cage"],"picked":"Velvet Choker"},{"not_picked":["Runic Pyramid","Runic Dome"],"picked":"Sozu"}],"items_purged_floors":[4,36],"is_endless":false,"potions_floor_spawned":[2,3,7,11,16,25,27,31,39,46,48],"ascension_level":0}}