{"host":"b3qi48j7z53ln4gi","time":1610319923,"event":{"mods":["100% Spire Juice","2.2 Compatiblity","AchievementEnabler","Act Like it!","BaseMod","Better Note","Better Third Choice","BetterRewards","CapriCore","Colored Powertips","Curses Come First","Dota2Spire","Gensokyo","Gold Saver","GungeonMod","Hallownest","HololiveMod","Infinite Spire","Koishi","Minty Spire (QoL Compilation)","Permanent Neow","Prisma Mod","Reimu£¨ÚÏ???£©","Relic Stats","Remilia£¨?Ú·×é?£©","Remove Card Discount Mod","Say the Spire","Shade Mod","Shop Mod","Spicy Shops","StSLib","Td1madao Mod","The Administrix","The Animator","The Dragon Tamer","The Immortal","The Jungle","The Senshi","The Servant 0.9.4","Wandering Minibosses","¡¼?Úª?ø«¡½REMEMod"],"gold_per_floor":[112,112,130,140,51,51,76,76,76,88,88,74,99,113,113,214,214,258,258,269,289,362,388,388,348,348,348,363,363,382,394,394,489,489,505,505,505],"floor_reached":36,"playtime":3361,"items_purged":["theSenshi:SailorBlock","theSenshi:SailorBlock","theSenshi:SailorKick","Hallownest:curseDreamersLament","Pain","Gensokyo:AllTheWorldsEvil","theSenshi:SailorKick","theSenshi:SailorBlock","theSenshi:SailorKick","theSenshi:SailorKick"],"score":544,"play_id":"d21ea5d1-dc39-4f1c-8c4e-69d7946eea90","local_time":"20210111080523","is_ascension_mode":false,"campfire_choices":[{"data":"theSenshi:MoonTiaraMagic","floor":6.0,"key":"SMITH"},{"data":"theSenshi:MoonPower","floor":8.0,"key":"SMITH"},{"data":"theSenshi:SailorMarsAssists","floor":15.0,"key":"SMITH"},{"data":"theSenshi:MoonCosmicPowerMakeUp","floor":24.0,"key":"SMITH"},{"data":"theSenshi:InTheNameOfTheMoon","floor":27.0,"key":"SMITH"},{"floor":29.0,"key":"RECALL"},{"data":"REME_FirmDetermination","floor":32.0,"key":"SMITH"}],"circlet_count":0,"master_deck":["theSenshi:SailorBlock+1","theSenshi:RoseThrow+1","theSenshi:MoonPrismPowerMakeUp","Moonworks:ForcedRevival","theSenshi:SailorVenusAssists","theSenshi:MoonCosmicPowerMakeUp+1","theSenshi:MoonTiaraMagic+1","theSenshi:MoonTiaraMagic","theSenshi:MoonPower+1","theSenshi:SailorMercuryAssists","infinitespire:Collect","theSenshi:SailorMarsAssists+1","theSenshi:InTheNameOfTheMoon+1","theSenshi:SailorChibiMoonAssists","theSenshi:MoonKick+1","theSenshi:TuxedoMaskAssists+1","REME_TwoStrings+1","REME_FirmDetermination+1","ScarletCoffin","Panache","theSenshi:LunaSensingAllies","theSenshi:SailorV+1"],"relics":["theSenshi:TransformationBroochRelic","theSenshi:CosmicHeartCompactRelic","theSenshi:ChokerRelic","Tiny Chest","War Paint","Dota2Spire:Mjollnir","Gensokyo:LunaticRedEyes","Nunchaku","infinitespire:ShieldingShard","theSenshi:SailorFukuRelic","infinitespire:Lucky Rock","Dota2Spire:MaskOfMadness","REME_LowDesire","Vajra","REME_PuzzleBoxRelic","Question Card","Coffee Dripper","DemoMod:OrangeGuonStone","PreservedInsect","ZunR:ReiMu","DemoMod:GlassGuonStoneRelic","wanderingMiniBosses:ThiefScarf","REME_ComplimentaryCards","Philosopher\u0027s Stone","Regal Pillow","Dota2Spire:OctarineCore"],"acts_visited":["Gensokyo:Gensokyo","TheCity","TheBeyond"],"potions_floor_usage":[],"damage_taken":[{"damage":0.0,"enemies":"Gensokyo:2_Kodama","floor":1.0,"turns":2.0},{"damage":4.0,"enemies":"Gensokyo:Python","floor":3.0,"turns":2.0},{"damage":0.0,"enemies":"Gensokyo:Gryphon","floor":4.0,"turns":2.0},{"damage":13.0,"enemies":"Gensokyo:Aya","floor":7.0,"turns":5.0},{"damage":1.0,"enemies":"Gensokyo:VengefulSpirit","floor":10.0,"turns":3.0},{"damage":0.0,"enemies":"Gensokyo:Mamizou","floor":13.0,"turns":4.0},{"damage":0.0,"enemies":"Gensokyo:Python_and_Kodama","floor":14.0,"turns":1.0},{"damage":18.0,"enemies":"Gensokyo:Yukari","floor":16.0,"turns":6.0},{"damage":0.0,"enemies":"2 Thieves","floor":18.0,"turns":2.0},{"damage":0.0,"enemies":"3 Byrds","floor":20.0,"turns":2.0},{"damage":0.0,"enemies":"Cultist and Chosen","floor":21.0,"turns":3.0},{"damage":0.0,"enemies":"Gremlin Leader","floor":23.0,"turns":2.0},{"damage":0.0,"enemies":"3 Cultists","floor":28.0,"turns":5.0},{"damage":0.0,"enemies":"Shelled Parasite and Fungi","floor":30.0,"turns":2.0},{"damage":0.0,"enemies":"Sentry and Sphere","floor":31.0,"turns":3.0},{"damage":0.0,"enemies":"Automaton","floor":33.0,"turns":4.0},{"damage":0.0,"enemies":"3 Shapes","floor":35.0,"turns":1.0},{"damage":0,"enemies":"3 Darklings","floor":36,"turns":1}],"seed_played":"-5276068482826067734","potions_obtained":[{"floor":3.0,"key":"LiquidMemories"},{"floor":10.0,"key":"Dexterity Potion"},{"floor":13.0,"key":"Ancient Potion"},{"floor":16.0,"key":"Ancient Potion"},{"floor":20.0,"key":"Regen Potion"},{"floor":28.0,"key":"DemoMod:LeadSkinPotion"},{"floor":30.0,"key":"Block Potion"},{"floor":31.0,"key":"EssenceOfSteel"}],"is_trial":false,"path_per_floor":["M","?","M","M","COS","R","E","R","T","M","?","$","E","M","R","B",null,"M","AVR","M","M","T","E","R","?","T","R","M","R","M","M","R","B",null,"M","M"],"character_chosen":"THE_SENSHI","items_purchased":["theSenshi:CosmicHeartCompactRelic","theSenshi:ChokerRelic","Tiny Chest","theSenshi:SailorVenusAssists","War Paint"],"campfire_rested":0,"item_purchase_floors":[0,0,0,0,0],"current_hp_per_floor":[75,75,75,75,75,75,62,62,62,66,66,66,66,74,74,57,75,75,75,75,75,75,75,75,75,75,75,75,75,75,75,75,75,75,75,75,75],"gold":505,"neow_bonus":"","is_daily":false,"chose_seed":false,"campfire_upgraded":6,"win_rate":0.0,"timestamp":1610319923,"path_taken":["M","?","M","M","COS","R","E","R","T","M","?","$","E","?","R","BOSS","M","AVR","M","M","?","E","R","?","T","R","M","R","M","M","R","BOSS","M","M"],"items_purchased_type":["Relic","Relic","Relic","Card","Relic"],"build_version":"2020-12-22","purchased_purges":10,"victory":false,"max_hp_per_floor":[75,75,75,75,75,75,75,75,75,75,75,75,75,75,75,75,75,75,75,75,75,75,75,75,75,75,75,75,75,75,75,75,75,75,75,75,75],"relic_stats":{"Nunchaku":[10],"Regal Pillow":0,"counters":[49,166],"Tiny Chest":1,"PreservedInsect":0,"War Paint":["theSenshi:SailorBlock","theSenshi:RoseThrow"],"Question Card":14,"obtain_stats":[{"DemoMod:GreenGuonStone":38,"Dota2Spire:MaskOfMadness":16,"Vajra":0,"ZunR:ReiMu":25,"DemoMod:GlassGuonStoneRelic":4,"Whetstone":39,"Ginger":0,"Sozu":17,"Centennial Puzzle":33,"infinitespire:ShieldingShard":9,"theSenshi:RoseRelic":9,"Philosopher\u0027s Stone":34,"Dota2Spire:Mjollnir":0,"theSenshi:SailorFukuRelic":13,"wanderingMiniBosses:ThiefScarf":28,"Astrolabe":34,"TentaclePot:ReiMu":0,"DemoMod:OrangeGuonStone":22,"War Paint":0,"Question Card":0,"OrangePellets":24,"theSenshi:TransformationBroochRelic":0,"Bird Faced Urn":24,"DemoMod:Relodestone":30,"Dota2Spire:MonkeyKingBar":35,"theSenshi:CosmicHeartCompactRelic":0,"TH:Anvil":9,"Regal Pillow":36,"Dota2Spire:Vanguard":0,"theSenshi:ChokerRelic":0,"Gensokyo:LunaticRedEyes":2,"theSenshi:TiaraRelic":31,"ClockworkSouvenir":20,"Nunchaku":7,"Toolbox":11,"Tiny Chest":0,"Chemical X":35,"REME_LowDesire":17,"Runic Pyramid":30,"infinitespire:CursedDice":30,"DemoMod:Antibody":26,"PreservedInsect":12,"Omamori":31,"infinitespire:Lucky Rock":13,"Odd Mushroom":11,"CaptainsWheel":31,"Busted Crown":20,"Coffee Dripper":17,"Bag of Marbles":33,"Dota2Spire:OctarineCore":36,"REME_PuzzleBoxRelic":17,"FossilizedHelix":5,"REME_ComplimentaryCards":16},{"DemoMod:GreenGuonStone":19,"Dota2Spire:MaskOfMadness":40,"Vajra":32,"ZunR:ReiMu":44,"DemoMod:GlassGuonStoneRelic":3,"Whetstone":19,"Ginger":20,"Sozu":8,"Centennial Puzzle":47,"infinitespire:ShieldingShard":36,"theSenshi:RoseRelic":4,"Philosopher\u0027s Stone":48,"Dota2Spire:Mjollnir":32,"theSenshi:SailorFukuRelic":38,"wanderingMiniBosses:ThiefScarf":45,"Astrolabe":17,"TentaclePot:ReiMu":32,"DemoMod:OrangeGuonStone":43,"War Paint":32,"Question Card":20,"OrangePellets":12,"theSenshi:TransformationBroochRelic":0,"Bird Faced Urn":12,"DemoMod:Relodestone":16,"Dota2Spire:MonkeyKingBar":48,"theSenshi:CosmicHeartCompactRelic":32,"TH:Anvil":26,"Regal Pillow":49,"Dota2Spire:Vanguard":32,"theSenshi:ChokerRelic":32,"Gensokyo:LunaticRedEyes":33,"theSenshi:TiaraRelic":46,"ClockworkSouvenir":30,"Nunchaku":36,"Toolbox":26,"Tiny Chest":32,"Chemical X":48,"REME_LowDesire":40,"Runic Pyramid":45,"infinitespire:CursedDice":45,"DemoMod:Antibody":13,"PreservedInsect":5,"Omamori":16,"infinitespire:Lucky Rock":38,"Odd Mushroom":5,"CaptainsWheel":46,"Busted Crown":30,"Coffee Dripper":29,"Bag of Marbles":47,"Dota2Spire:OctarineCore":49,"REME_PuzzleBoxRelic":40,"FossilizedHelix":3,"REME_ComplimentaryCards":29},{"DemoMod:GreenGuonStone":78,"Dota2Spire:MaskOfMadness":137,"Vajra":117,"ZunR:ReiMu":151,"DemoMod:GlassGuonStoneRelic":11,"Whetstone":78,"Ginger":80,"Sozu":30,"Centennial Puzzle":161,"infinitespire:ShieldingShard":128,"theSenshi:RoseRelic":14,"Philosopher\u0027s Stone":165,"Dota2Spire:Mjollnir":117,"theSenshi:SailorFukuRelic":135,"wanderingMiniBosses:ThiefScarf":156,"Astrolabe":69,"TentaclePot:ReiMu":117,"DemoMod:OrangeGuonStone":149,"War Paint":117,"Question Card":80,"OrangePellets":45,"theSenshi:TransformationBroochRelic":0,"Bird Faced Urn":45,"DemoMod:Relodestone":62,"Dota2Spire:MonkeyKingBar":165,"theSenshi:CosmicHeartCompactRelic":117,"TH:Anvil":99,"Regal Pillow":166,"Dota2Spire:Vanguard":117,"theSenshi:ChokerRelic":117,"Gensokyo:LunaticRedEyes":119,"theSenshi:TiaraRelic":158,"ClockworkSouvenir":114,"Nunchaku":128,"Toolbox":99,"Tiny Chest":117,"Chemical X":165,"REME_LowDesire":142,"Runic Pyramid":156,"infinitespire:CursedDice":156,"DemoMod:Antibody":48,"PreservedInsect":16,"Omamori":62,"infinitespire:Lucky Rock":135,"Odd Mushroom":16,"CaptainsWheel":158,"Busted Crown":114,"Coffee Dripper":110,"Bag of Marbles":161,"Dota2Spire:OctarineCore":166,"REME_PuzzleBoxRelic":142,"FossilizedHelix":11,"REME_ComplimentaryCards":104}]},"card_choices":[{"not_picked":["theSenshi:KlutzyLuck","theSenshi:SailorMarsAssists"],"picked":"theSenshi:MoonCosmicPowerMakeUp","floor":1.0},{"not_picked":["theSenshi:EncouragingSpeech","theSenshi:Overload"],"picked":"theSenshi:MoonTiaraMagic","floor":3.0},{"not_picked":["theSenshi:SailorVenusAssists","theSenshi:MoonPrincessHalation"],"picked":"theSenshi:MoonTiaraMagic","floor":4.0},{"not_picked":["theSenshi:MoonCosmicPowerMakeUp","theSenshi:InTheNickOfTime"],"picked":"theSenshi:MoonPower","floor":7.0},{"not_picked":["theSenshi:EncouragingSpeech","theSenshi:LunasBite"],"picked":"theSenshi:SailorMercuryAssists","floor":10.0},{"not_picked":["infinitespire:TheBestDefense","infinitespire:UltimateForm"],"picked":"infinitespire:Collect","floor":11.0},{"not_picked":["theSenshi:SupersonicWaves","theSenshi:SailorStarFighterAssists"],"picked":"theSenshi:SailorMarsAssists","floor":13.0},{"not_picked":["theSenshi:SupersonicWaves","theSenshi:SailorMarsAssists","theSenshi:SchoolBag"],"picked":"SKIP","floor":14.0},{"not_picked":["theSenshi:SailorPlutoAssists","theSenshi:SailorCosmosAssists"],"picked":"theSenshi:InTheNameOfTheMoon","floor":16.0},{"not_picked":["theSenshi:InTheNickOfTime","theSenshi:MoonlightKnight","Apotheosis"],"picked":"theSenshi:SailorChibiMoonAssists","floor":18.0},{"not_picked":["theSenshi:MoonCosmicPowerMakeUp","theSenshi:MoonPower","theSenshi:SailorUranusAssists","REME_TwoStrings"],"picked":"theSenshi:MoonKick+1","floor":20.0},{"not_picked":["theSenshi:CrisisMakeUp","theSenshi:SupersonicWaves","theSenshi:MoonKick","REME_AllRoundStrike"],"picked":"theSenshi:TuxedoMaskAssists+1","floor":21.0},{"not_picked":["theSenshi:IWillPunishYou","theSenshi:SaturnsMystery","theSenshi:MoonSpiralHeartAttack","theSenshi:MoonCrisisMakeUp"],"picked":"REME_TwoStrings+1","floor":23.0},{"not_picked":["theSenshi:Sidestep+1","theSenshi:SailorVenusAssists","theSenshi:SailorMarsAssists","theSenshi:PlutosSolemnity"],"picked":"REME_FirmDetermination","floor":28.0},{"not_picked":["theSenshi:MoonCosmicPowerMakeUp","theSenshi:VenusGlamour","theSenshi:NeptunesGrace","theSenshi:MoonKick+1"],"picked":"Panache","floor":30.0},{"not_picked":["theSenshi:PlutosSolemnity","theSenshi:MoonCrystalPowerMakeUp","theSenshi:EncouragingSpeech","theSenshi:SailorMercuryAssists","Thinking Ahead"],"picked":"SKIP","floor":31.0},{"not_picked":["theSenshi:IWillPunishYou","theSenshi:InTheNameOfTheMoon","theSenshi:GlimpseOfThePast","Dark Shackles"],"picked":"theSenshi:LunaSensingAllies","floor":33.0},{"not_picked":["theSenshi:DramaticEntrance","theSenshi:LunasBite","theSenshi:MoonsReflection","DemoMod:Deposit"],"picked":"theSenshi:SailorV+1","floor":35.0}],"player_experience":124718,"relics_obtained":[{"floor":7.0,"key":"Nunchaku"},{"floor":9.0,"key":"infinitespire:ShieldingShard"},{"floor":13.0,"key":"infinitespire:Lucky Rock"},{"floor":17.0,"key":"Vajra"},{"floor":17.0,"key":"REME_PuzzleBoxRelic"},{"floor":22.0,"key":"DemoMod:OrangeGuonStone"},{"floor":23.0,"key":"PreservedInsect"},{"floor":28.0,"key":"wanderingMiniBosses:ThiefScarf"},{"floor":28.0,"key":"REME_ComplimentaryCards"}],"event_choices":[{"damage_healed":0.0,"max_hp_gain":0.0,"max_hp_loss":0.0,"gold_gain":0.0,"event_name":"ZunEvent","player_choice":"Keep O-miki","floor":25.0,"gold_loss":40.0,"damage_taken":0.0,"relics_obtained":["ZunR:ReiMu"]}],"is_beta":false,"boss_relics":[{"not_picked":["Hololive_Finger","REME_DemonsWealth"],"picked":"REME_LowDesire"},{"not_picked":["Astrolabe","Hololive_ChaosS"],"picked":"Philosopher\u0027s Stone"}],"items_purged_floors":[0,0,0,12,12,12,12,12,12,12],"is_endless":false,"potions_floor_spawned":[3,10,13,16,20,28,30,31],"killed_by":"3 Darklings","ascension_level":0}}