{"host":"k9ocgmchziz83yjl","time":1610268945,"event":{"mods":["BaseMod","Friendly Minions","KinomotoSakuraMod(木之本樱)","Marisa（F雨　魔理沙）","Minty Spire (QoL Compilation)","MostiFishMod","Quick Restart","Replay The Spire","RumiaBox-露米娅的神秘盒子","Spicy Shops","StSLib","The Cursed","The Servant 0.9.4","[IsaacMod]以撒尖塔","【功能Mod】混沌之环修复补丁"],"gold_per_floor":[111,111,130,145,145,145,145,145],"floor_reached":7,"playtime":235,"items_purged":[],"score":82,"play_id":"4331658f-d8a2-47cb-9d02-b4bf7c0d2c56","local_time":"20210110165545","is_ascension_mode":true,"campfire_choices":[{"data":"MostiFishMod:PathToVictory","floor":6.0,"key":"SMITH"}],"circlet_count":0,"master_deck":["AscendersBane","Strike_P","Strike_P","Strike_P","Strike_P","Defend_P","Defend_P","Defend_P","Eruption","Vigilance","Scrawl","MostiFishMod:PathToVictory+1"],"relics":["PureWater","DaveBox","HushsDoor","DiscerningMonocle","BloodDonationMachine","Orichalcum","SynthV:TestCard","Shuriken"],"acts_visited":["Exordium"],"potions_floor_usage":[7],"damage_taken":[{"damage":10.0,"enemies":"2 Louse","floor":1.0,"turns":2.0},{"damage":6.0,"enemies":"Small Slimes","floor":3.0,"turns":5.0},{"damage":6.0,"enemies":"Jaw Worm","floor":4.0,"turns":3.0},{"damage":34,"enemies":"Lagavulin","floor":7,"turns":3}],"seed_played":"4460212366375321894","potions_obtained":[{"floor":4.0,"key":"Toxic Potion"}],"is_trial":false,"path_per_floor":["M","?","M","M","T","R","E"],"character_chosen":"WATCHER","items_purchased":[],"campfire_rested":0,"item_purchase_floors":[],"current_hp_per_floor":[51,51,45,39,39,39,5,5],"gold":145,"neow_bonus":"RANDOM_COMMON_RELIC","is_daily":false,"chose_seed":false,"campfire_upgraded":1,"win_rate":0.0,"timestamp":1610268945,"path_taken":["M","?","M","M","?","R","E"],"items_purchased_type":[],"build_version":"2020-12-22","purchased_purges":0,"victory":false,"max_hp_per_floor":[68,68,68,68,68,68,68,68],"card_choices":[{"not_picked":["BowlingBash","Wallop","CrushJoints"],"picked":"SKIP","floor":1.0},{"not_picked":["CutThroughFate","Weave","ClearTheMind","JustLucky"],"picked":"Scrawl","floor":3.0},{"not_picked":["Weave","Replay:Vibes","CutThroughFate","EmptyBody"],"picked":"MostiFishMod:PathToVictory","floor":4.0}],"player_experience":792948,"relics_obtained":[{"floor":1.0,"key":"SynthV:TestCard"},{"floor":5.0,"key":"Shuriken"}],"event_choices":[{"cards_removed":["Defend_P"],"damage_healed":0.0,"max_hp_gain":0.0,"max_hp_loss":0.0,"gold_gain":0.0,"event_name":"Living Wall","player_choice":"Forget","floor":2.0,"gold_loss":0.0,"damage_taken":0.0}],"is_beta":false,"boss_relics":[],"items_purged_floors":[],"is_endless":false,"potions_floor_spawned":[4],"killed_by":"Lagavulin","ascension_level":20}}