{"host":"08t08ld674si40tv","time":1610249029,"event":{"mods":["AchievementEnabler","BaseMod","Colored Map","Minty Spire (QoL Compilation)","StSLib","SuperFastMode"],"gold_per_floor":[110,110,128,128,139,139,139,172,172,172,197,197,122,42,42,121,121,133,133,149,74,74,74,74],"floor_reached":23,"playtime":480,"items_purged":["Strike_B"],"score":341,"play_id":"af2df3bc-2df1-4e60-9def-17f9f46d9f86","local_time":"20210110122349","is_ascension_mode":true,"campfire_choices":[{"data":"Madness","floor":7,"key":"SMITH"},{"floor":10,"key":"REST"},{"data":"Zap","floor":12,"key":"SMITH"},{"data":"Go for the Eyes","floor":15,"key":"SMITH"}],"circlet_count":0,"master_deck":["AscendersBane","Strike_B","Strike_B","Defend_B","Defend_B","Defend_B","Defend_B","Zap+1","Dualcast","Madness+1","Ball Lightning","Go for the Eyes+1","Coolheaded","Static Discharge","Chill","Heatsinks","Echo Form","Cold Snap+1"],"relics":["Cracked Core","Shuriken","Calipers","Molten Egg 2","Cables","Fusion Hammer"],"acts_visited":["Exordium","TheCity"],"potions_floor_usage":[8,20],"damage_taken":[{"damage":4,"enemies":"Small Slimes","floor":1,"turns":4},{"damage":2,"enemies":"Jaw Worm","floor":3,"turns":3},{"damage":0,"enemies":"Cultist","floor":5,"turns":3},{"damage":46,"enemies":"Lagavulin","floor":8,"turns":9},{"damage":34,"enemies":"Gremlin Nob","floor":11,"turns":4},{"damage":15,"enemies":"Hexaghost","floor":16,"turns":10},{"damage":22,"enemies":"3 Byrds","floor":18,"turns":5},{"damage":23,"enemies":"2 Thieves","floor":20,"turns":5},{"damage":37,"enemies":"Gremlin Leader","floor":23,"turns":3}],"seed_played":"-3303380241854003415","potions_obtained":[{"floor":4,"key":"PotionOfCapacity"},{"floor":4,"key":"FairyPotion"},{"floor":11,"key":"GamblersBrew"},{"floor":18,"key":"Block Potion"}],"is_trial":false,"path_per_floor":["M","?","M","?","M","?","R","E","T","R","E","R","?","$","R","B",null,"M","?","M","$","?","E"],"character_chosen":"DEFECT","items_purchased":["Heatsinks"],"campfire_rested":1,"item_purchase_floors":[14],"current_hp_per_floor":[60,55,53,53,53,53,53,7,7,28,18,18,18,18,18,3,54,32,32,9,9,23,0,0],"gold":74,"neow_bonus":"RANDOM_COLORLESS","is_daily":false,"chose_seed":false,"campfire_upgraded":3,"win_rate":0.0,"timestamp":1610249029,"path_taken":["M","?","M","?","?","?","R","E","T","R","E","R","?","$","R","BOSS","M","?","M","$","?","E"],"items_purchased_type":["Card"],"build_version":"2020-12-22","purchased_purges":1,"victory":false,"max_hp_per_floor":[71,71,71,71,71,71,71,71,71,71,71,71,71,71,71,71,71,71,71,71,71,71,71,71],"card_choices":[{"not_picked":["Mind Blast","Purity"],"picked":"Madness","floor":0},{"not_picked":["Chaos","Rebound"],"picked":"Ball Lightning","floor":1},{"not_picked":["Beam Cell","Conserve Battery"],"picked":"Go for the Eyes","floor":3},{"not_picked":["Leap","Redo"],"picked":"Coolheaded","floor":5},{"not_picked":["Turbo","Capacitor"],"picked":"Static Discharge","floor":8},{"not_picked":["Turbo","Fusion"],"picked":"Chill","floor":11},{"not_picked":["Hyperbeam+1","Creative AI"],"picked":"Echo Form","floor":16},{"not_picked":["Sweeping Beam+1","Redo","Gash+1"],"picked":"SKIP","floor":18},{"not_picked":["Leap","Conserve Battery"],"picked":"Cold Snap+1","floor":20}],"player_experience":216577,"relics_obtained":[{"floor":8,"key":"Calipers"},{"floor":9,"key":"Molten Egg 2"},{"floor":11,"key":"Cables"}],"event_choices":[{"damage_healed":0,"gold_gain":0,"player_choice":"Success","damage_taken":5,"relics_obtained":["Shuriken"],"max_hp_gain":0,"max_hp_loss":0,"event_name":"Scrap Ooze","floor":2,"gold_loss":0},{"damage_healed":0,"gold_gain":0,"player_choice":"Got Potions","damage_taken":0,"max_hp_gain":0,"max_hp_loss":0,"event_name":"Lab","floor":4,"gold_loss":0},{"damage_healed":0,"gold_gain":0,"cards_transformed":["Strike_B"],"player_choice":"Change","damage_taken":0,"max_hp_gain":0,"max_hp_loss":0,"event_name":"Living Wall","floor":6,"gold_loss":0,"cards_obtained":["Reprogram"]},{"cards_removed":["Reprogram"],"damage_healed":0,"gold_gain":0,"player_choice":"Card Removal","damage_taken":0,"max_hp_gain":0,"max_hp_loss":0,"event_name":"The Cleric","floor":13,"gold_loss":75},{"damage_healed":0,"gold_gain":0,"player_choice":"Ignored","damage_taken":0,"max_hp_gain":0,"max_hp_loss":0,"event_name":"Ghosts","floor":19,"gold_loss":0},{"damage_healed":14,"gold_gain":0,"player_choice":"Heal","damage_taken":0,"max_hp_gain":0,"max_hp_loss":0,"event_name":"The Library","floor":22,"gold_loss":0}],"is_beta":false,"boss_relics":[{"not_picked":["Inserter","Tiny House"],"picked":"Fusion Hammer"}],"items_purged_floors":[21],"is_endless":false,"potions_floor_spawned":[5,11,18],"killed_by":"Gremlin Leader","ascension_level":15}}