{"host":"3po7ngt2j61s4rmj","time":1610308423,"event":{"mods":["Act Like it!","BaseMod","Hermit","JesterMod","Minty Spire (QoL Compilation)","Relic Stats","Shade Mod","StSLib"],"gold_per_floor":[109,125,300,250,250,278,278,313,313,313,313],"floor_reached":10,"playtime":602,"items_purged":[],"score":93,"play_id":"aa53fedb-456d-4ea1-9255-68be1b285b56","local_time":"20210110125343","is_ascension_mode":true,"campfire_choices":[{"floor":7,"key":"REST"}],"circlet_count":0,"master_deck":["jesterMod:Strike","jesterMod:Strike","jesterMod:Strike","jesterMod:Strike","jesterMod:Sickle","jesterMod:Defend","jesterMod:Defend","jesterMod:Defend","jesterMod:Dodge","jesterMod:Prankster","jesterMod:MudBall","jesterMod:BoilDown","jesterMod:Unleash"],"relics":["jesterMod:JokerCard","StoneCalendar","Incense Burner","Pantograph"],"acts_visited":["Exordium"],"potions_floor_usage":[10],"damage_taken":[{"damage":0,"enemies":"Small Slimes","floor":1,"turns":4},{"damage":3,"enemies":"2 Louse","floor":2,"turns":3},{"damage":45,"enemies":"Lagavulin","floor":6,"turns":8},{"damage":30,"enemies":"Gremlin Nob","floor":8,"turns":4},{"damage":26,"enemies":"Lagavulin","floor":10,"turns":4}],"seed_played":"-6702001670405275963","potions_obtained":[],"is_trial":false,"path_per_floor":["M","M","?","?","?","E","R","E","T","E"],"character_chosen":"THE_JESTER","items_purchased":[],"campfire_rested":1,"item_purchase_floors":[],"current_hp_per_floor":[70,67,67,67,60,15,36,6,6,0,0],"gold":313,"neow_bonus":"BOSS_RELIC","is_daily":false,"chose_seed":false,"campfire_upgraded":0,"win_rate":0.0,"timestamp":1610308423,"path_taken":["M","M","?","?","?","E","R","E","T","E"],"items_purchased_type":[],"build_version":"2020-12-22","purchased_purges":0,"victory":false,"max_hp_per_floor":[70,70,70,70,70,70,70,70,70,70,70],"relic_stats":{"counters":[5,23],"Pantograph":0,"StoneCalendar":[0],"obtain_stats":[{"jesterMod:JokerCard":0,"Pantograph":9,"StoneCalendar":6,"jesterMod:JesterCap":0,"Incense Burner":8},{"jesterMod:JokerCard":0,"Pantograph":4,"StoneCalendar":3,"jesterMod:JesterCap":0,"Incense Burner":4},{"jesterMod:JokerCard":0,"Pantograph":19,"StoneCalendar":15,"jesterMod:JesterCap":0,"Incense Burner":19}]},"card_choices":[{"not_picked":["jesterMod:Tinker","jesterMod:JugglerBlade"],"picked":"jesterMod:Prankster","floor":1},{"not_picked":["jesterMod:SmokeScreen","jesterMod:Patience"],"picked":"jesterMod:MudBall","floor":2},{"not_picked":["jesterMod:Procrastination","jesterMod:QuickStrike"],"picked":"jesterMod:BoilDown","floor":6},{"not_picked":["jesterMod:DancingMad","jesterMod:RecklessStrike"],"picked":"jesterMod:Unleash","floor":8}],"player_experience":1113284,"relics_obtained":[{"floor":6,"key":"StoneCalendar"},{"floor":8,"key":"Incense Burner"},{"floor":9,"key":"Pantograph"}],"event_choices":[{"damage_healed":0,"gold_gain":175,"player_choice":"AGREE","damage_taken":0,"max_hp_gain":0,"max_hp_loss":0,"event_name":"Liars Game","floor":3,"gold_loss":0,"cards_obtained":["Doubt"]},{"cards_removed":["Doubt"],"damage_healed":0,"gold_gain":0,"player_choice":"Card Removal","damage_taken":0,"max_hp_gain":0,"max_hp_loss":0,"event_name":"The Cleric","floor":4,"gold_loss":50},{"cards_removed":["jesterMod:Defend"],"damage_healed":0,"gold_gain":0,"player_choice":"Card Removal","damage_taken":7,"max_hp_gain":0,"max_hp_loss":0,"event_name":"Golden Wing","floor":5,"gold_loss":0}],"is_beta":false,"boss_relics":[],"items_purged_floors":[],"is_endless":false,"potions_floor_spawned":[],"killed_by":"Lagavulin","ascension_level":5}}