{"host":"nxmai6bb3m0amvdf","time":1610244386,"event":{"mods":["Aspiration","BaseMod","Conspire","Energized Spire","Friendly Minions","GifTheSpireLib","Halation","Hubris","Infinite Spire","Ironclad Rager","Jedi Mod","Marked Mod","Mimic Mod","Minty Spire (QoL Compilation)","Replay The Spire","RumiaBox-????????","Spikes Relics","StSLib","Stuff the Spire","Trackpad","vexMod"],"gold_per_floor":[214,84,97,117,117,151,176,176,199,225,245,262,262,273,273,273,273],"floor_reached":16,"playtime":1230,"items_purged":[],"score":232,"play_id":"eed066c3-3df4-4610-b9e6-d5d10265f61b","local_time":"20210110030626","is_ascension_mode":true,"campfire_choices":[{"floor":8,"key":"REST"},{"floor":15,"key":"RECALL"}],"circlet_count":0,"master_deck":["AscendersBane","Strike_R","Strike_R","Strike_R","Strike_R","Strike_R","Defend_R","Defend_R","Defend_R","Defend_R","Bash","Cleave","Bloodletting","Battle Trance","Clash","Thunderclap","Battle Trance","StuffTheSpire:Incineration","Bloodletting","ReplayTheSpireMod:Limb From Limb","Wild Strike","Clothesline"],"relics":["Burning Blood","halation:EternalFortune","Turnip","Snack Pack","Replay:Ringing Soul"],"acts_visited":["Exordium"],"potions_floor_usage":[7,14,16],"damage_taken":[{"damage":8,"enemies":"conspire:RoseBush","floor":1,"turns":4},{"damage":5,"enemies":"Jaw Worm","floor":3,"turns":2},{"damage":3,"enemies":"Small Slimes","floor":4,"turns":2},{"damage":23,"enemies":"3 Sentries","floor":6,"turns":7},{"damage":23,"enemies":"Lagavulin","floor":7,"turns":5},{"damage":35,"enemies":"Gremlin Nob","floor":10,"turns":4},{"damage":15,"enemies":"3 Louse","floor":11,"turns":2},{"damage":17,"enemies":"2 Fungi Beasts","floor":12,"turns":3},{"damage":3,"enemies":"Exordium Thugs","floor":14,"turns":2},{"damage":75,"enemies":"Hexaghost","floor":16,"turns":9}],"seed_played":"3841707498822459177","potions_obtained":[{"floor":1,"key":"Strength Potion"},{"floor":3,"key":"jedi:wingpotion"},{"floor":12,"key":"Adrenaline Potion"},{"floor":14,"key":"Adrenaline Potion"}],"is_trial":false,"path_per_floor":["M","$","M","M","?","E","E","R","T","E","M","M","?","M","R","B"],"character_chosen":"IRONCLAD","items_purchased":["Bloodletting","Battle Trance"],"campfire_rested":1,"item_purchase_floors":[2,2],"current_hp_per_floor":[66,66,67,70,73,56,39,62,62,40,36,30,56,66,66,0,0],"gold":273,"neow_bonus":"HUNDRED_GOLD","is_daily":false,"chose_seed":false,"campfire_upgraded":0,"win_rate":0.0,"timestamp":1610244386,"path_taken":["M","$","M","M","?","E","E","R","T","E","M","M","?","M","R","BOSS"],"items_purchased_type":["Card","Card"],"build_version":"2020-12-22","purchased_purges":0,"victory":false,"max_hp_per_floor":[75,75,75,75,78,78,78,78,78,81,84,87,87,90,90,90,90],"card_choices":[{"not_picked":["hubris:SharpeningStone","hubris:ReadiedAction"],"picked":"Cleave","floor":1},{"not_picked":["jedi:fear","infinitespire:OneForAll"],"picked":"Clash","floor":3},{"not_picked":["jedi:MakeshiftSword","Twin Strike"],"picked":"Thunderclap","floor":4},{"not_picked":["Body Slam","Clothesline"],"picked":"Battle Trance","floor":6},{"not_picked":["Sever Soul","Power Through"],"picked":"StuffTheSpire:Incineration","floor":7},{"not_picked":["Entrench","Sword Boomerang"],"picked":"Bloodletting","floor":10},{"not_picked":["conspire:ExplosiveBarrier","Twin Strike"],"picked":"ReplayTheSpireMod:Limb From Limb","floor":11},{"not_picked":["Perfected Strike","Impervious"],"picked":"Wild Strike","floor":12},{"not_picked":["StuffTheSpire:Pyroclast","jedi:collectorstrike"],"picked":"Clothesline","floor":14}],"player_experience":1068718,"relics_obtained":[{"floor":6,"key":"Turnip"},{"floor":7,"key":"Snack Pack"},{"floor":10,"key":"Replay:Ringing Soul"}],"event_choices":[],"is_beta":false,"boss_relics":[],"items_purged_floors":[],"is_endless":false,"potions_floor_spawned":[1,3,12,14],"killed_by":"Hexaghost","ascension_level":18}}