{"host":"p7j7o00jacnw7qzt","time":1610263105,"event":{"mods":["BaseMod","Colored Map","Colored Powertips","DeckTracker","Highlight Path","Minty Spire (QoL Compilation)","Relic Stats"],"gold_per_floor":[118,43,56,56,56,90,90,108,133,133,168,168,186,201,201,275,275,293,293,293,310,310,344,344,80,103,126,137,187,187,215,227,316,328,354,241,266,278,278,313,313,347,347,373,223,223,238,250,250,250,250,250,250,75,104,104],"floor_reached":57,"playtime":2858,"items_purged":["Strike_R","Strike_R","Strike_R","Defend_R","Defend_R"],"score":2943,"play_id":"c82a809b-0baa-4918-ac81-c8d939a38d5e","local_time":"20210110021825","is_ascension_mode":true,"campfire_choices":[{"data":"Feed","floor":7.0,"key":"SMITH"},{"data":"Shockwave","floor":12.0,"key":"SMITH"},{"data":"Armaments","floor":15.0,"key":"SMITH"},{"data":"Heavy Blade","floor":24.0,"key":"SMITH"},{"data":"Spot Weakness","floor":30.0,"key":"SMITH"},{"floor":32.0,"key":"RECALL"},{"data":"Burning Pact","floor":41.0,"key":"SMITH"},{"data":"Pommel Strike","floor":49.0,"key":"SMITH"},{"data":"Bash","floor":53.0,"key":"SMITH"}],"circlet_count":0,"master_deck":["AscendersBane","Defend_R","Defend_R","Bash+1","Shockwave+1","Pommel Strike+1","Feed+1","Burning Pact+1","Armaments+1","Spot Weakness+1","Reaper","Heavy Blade+1","Inflame","Impervious","Barricade","Shrug It Off","Sentinel+1"],"relics":["Burning Blood","NeowsBlessing","MealTicket","Pen Nib","Tiny Chest","Snecko Eye","Bronze Scales","Lee\u0027s Waffle","Red Skull","MawBank","Velvet Choker","Gambling Chip","Self Forming Clay","Unceasing Top","Toxic Egg 2","Bottled Tornado","Vajra","Torii"],"acts_visited":["Exordium","TheCity","TheBeyond","TheEnding"],"potions_floor_usage":[],"damage_taken":[{"damage":0.0,"enemies":"2 Louse","floor":1.0,"turns":1.0},{"damage":0.0,"enemies":"Cultist","floor":3.0,"turns":1.0},{"damage":0.0,"enemies":"3 Sentries","floor":6.0,"turns":2.0},{"damage":14.0,"enemies":"Jaw Worm","floor":8.0,"turns":5.0},{"damage":23.0,"enemies":"Lagavulin","floor":11.0,"turns":6.0},{"damage":7.0,"enemies":"2 Fungi Beasts","floor":13.0,"turns":5.0},{"damage":6.0,"enemies":"Looter","floor":14.0,"turns":4.0},{"damage":29.0,"enemies":"The Guardian","floor":16.0,"turns":13.0},{"damage":18.0,"enemies":"Spheric Guardian","floor":18.0,"turns":5.0},{"damage":19.0,"enemies":"2 Thieves","floor":21.0,"turns":4.0},{"damage":76.0,"enemies":"Book of Stabbing","floor":23.0,"turns":7.0},{"damage":18.0,"enemies":"Snake Plant","floor":28.0,"turns":4.0},{"damage":13.0,"enemies":"Gremlin Leader","floor":31.0,"turns":5.0},{"damage":75.0,"enemies":"Collector","floor":33.0,"turns":7.0},{"damage":0.0,"enemies":"Orb Walker","floor":35.0,"turns":2.0},{"damage":0.0,"enemies":"Mind Bloom Boss Battle","floor":37.0,"turns":6.0},{"damage":0.0,"enemies":"3 Shapes","floor":38.0,"turns":4.0},{"damage":31.0,"enemies":"Reptomancer","floor":40.0,"turns":5.0},{"damage":38.0,"enemies":"Giant Head","floor":42.0,"turns":8.0},{"damage":28.0,"enemies":"Nemesis","floor":44.0,"turns":7.0},{"damage":0.0,"enemies":"Spire Growth","floor":47.0,"turns":3.0},{"damage":27.0,"enemies":"Writhing Mass","floor":48.0,"turns":4.0},{"damage":116.0,"enemies":"Awakened One","floor":50.0,"turns":7.0},{"damage":59.0,"enemies":"Donu and Deca","floor":51.0,"turns":7.0},{"damage":90,"enemies":"Shield and Spear","floor":55,"turns":8},{"damage":59,"enemies":"The Heart","floor":56,"turns":8}],"seed_played":"9215644509344561388","potions_obtained":[{"floor":1.0,"key":"SpeedPotion"},{"floor":8.0,"key":"EssenceOfSteel"},{"floor":31.0,"key":"BlessingOfTheForge"},{"floor":42.0,"key":"BloodPotion"}],"is_trial":false,"path_per_floor":["M","$","M","?","$","E","R","M","T","?","E","R","M","M","R","B",null,"M","?","?","M","?","E","R","$","T","T","M","?","R","E","R","B",null,"M","$","?","M","?","E","R","E","T","E","$","T","M","M","R","B","B",null,"R","$","E","B",null],"character_chosen":"IRONCLAD","items_purchased":["Lee\u0027s Waffle"],"campfire_rested":0,"item_purchase_floors":[25],"current_hp_per_floor":[74,74,75,75,75,75,75,71,71,71,58,58,61,65,65,46,83,75,75,75,86,86,36,36,114,114,114,106,106,106,111,111,98,116,126,126,130,134,127,127,127,131,131,135,135,135,139,140,140,126,95,137,137,151,122,111],"gold":104,"neow_bonus":"THREE_ENEMY_KILL","is_daily":false,"chose_seed":false,"campfire_upgraded":8,"win_rate":0.0,"timestamp":1610263105,"path_taken":["M","$","M","?","?","E","R","M","T","?","E","R","M","M","R","BOSS","M","?","?","M","?","E","R","$","T","?","M","?","R","E","R","BOSS","M","$","?","M","?","E","R","E","T","E","$","?","M","M","R","BOSS","BOSS","R","$","E","BOSS"],"items_purchased_type":["Relic"],"build_version":"2020-12-22","purchased_purges":5,"victory":true,"max_hp_per_floor":[75,75,75,75,75,75,75,79,79,79,83,83,87,91,91,95,95,99,99,99,103,103,107,107,114,114,114,118,118,118,118,118,122,122,126,126,130,134,127,127,127,131,131,135,135,135,139,143,143,147,151,151,151,151,155,155],"relic_stats":{"Lee\u0027s Waffle":63,"Torii":54,"counters":[26,138],"Self Forming Clay":[204],"Pen Nib":[18],"MawBank":60,"Burning Blood":113,"Bronze Scales":[356],"Gambling Chip":[35],"Snecko Eye":[198,206,211,202],"MealTicket":29,"Tiny Chest":2,"obtain_stats":[{"Lee\u0027s Waffle":25,"NeowsBlessing":0,"Torii":55,"Self Forming Clay":40,"Velvet Choker":34,"Vajra":46,"Pen Nib":9,"Bottled Tornado":44,"MawBank":31,"Burning Blood":0,"Bronze Scales":23,"Gambling Chip":37,"Snecko Eye":17,"MealTicket":6,"Tiny Chest":11,"Toxic Egg 2":43,"Red Skull":26,"Unceasing Top":42},{"Lee\u0027s Waffle":11,"NeowsBlessing":0,"Torii":25,"Self Forming Clay":18,"Velvet Choker":14,"Vajra":20,"Pen Nib":4,"Bottled Tornado":20,"MawBank":13,"Burning Blood":0,"Bronze Scales":11,"Gambling Chip":16,"Snecko Eye":8,"MealTicket":3,"Tiny Chest":5,"Toxic Egg 2":19,"Red Skull":11,"Unceasing Top":19},{"Lee\u0027s Waffle":53,"NeowsBlessing":0,"Torii":130,"Self Forming Clay":86,"Velvet Choker":69,"Vajra":101,"Pen Nib":9,"Bottled Tornado":101,"MawBank":62,"Burning Blood":0,"Bronze Scales":53,"Gambling Chip":77,"Snecko Eye":37,"MealTicket":4,"Tiny Chest":15,"Toxic Egg 2":94,"Red Skull":53,"Unceasing Top":94}],"Unceasing Top":[0]},"card_choices":[{"not_picked":["Dark Embrace","Warcry"],"picked":"Shockwave","floor":1.0},{"not_picked":["Perfected Strike","Ghostly Armor"],"picked":"Pommel Strike","floor":3.0},{"not_picked":["Evolve","Iron Wave"],"picked":"Feed","floor":6.0},{"not_picked":["Uppercut","Cleave","Warcry"],"picked":"SKIP","floor":8.0},{"not_picked":["Iron Wave","Pummel"],"picked":"Burning Pact","floor":11.0},{"not_picked":["Cleave","Infernal Blade"],"picked":"Armaments","floor":13.0},{"not_picked":["Searing Blow","Sentinel"],"picked":"Spot Weakness","floor":14.0},{"not_picked":["Barricade","Offering"],"picked":"Reaper","floor":16.0},{"not_picked":["Armaments","Pommel Strike"],"picked":"Heavy Blade","floor":18.0},{"not_picked":["Havoc+1","Rupture"],"picked":"Inflame","floor":21.0},{"not_picked":["Pommel Strike","Body Slam"],"picked":"Impervious","floor":23.0},{"not_picked":["Wild Strike","Body Slam+1","Headbutt"],"picked":"SKIP","floor":28.0},{"not_picked":["Warcry","Havoc"],"picked":"Barricade","floor":31.0},{"not_picked":["Sword Boomerang+1","Carnage"],"picked":"Shrug It Off","floor":35.0},{"not_picked":["Heavy Blade","Spot Weakness"],"picked":"Sentinel+1","floor":38.0},{"not_picked":["Cleave","Armaments","Twin Strike"],"picked":"SKIP","floor":40.0},{"not_picked":["Pommel Strike","Seeing Red+1","Wild Strike"],"picked":"SKIP","floor":42.0},{"not_picked":["Sever Soul+1","Double Tap+1","Warcry+1"],"picked":"SKIP","floor":44.0},{"not_picked":["Sword Boomerang+1","Dual Wield+1","Flex+1"],"picked":"SKIP","floor":47.0},{"not_picked":["Iron Wave","Clothesline","Uppercut"],"picked":"SKIP","floor":48.0},{"not_picked":["Fire Breathing","Clash","Thunderclap+1"],"picked":"SKIP","floor":55}],"player_experience":1035342,"relics_obtained":[{"floor":6.0,"key":"MealTicket"},{"floor":9.0,"key":"Pen Nib"},{"floor":11.0,"key":"Tiny Chest"},{"floor":23.0,"key":"Bronze Scales"},{"floor":26.0,"key":"Red Skull"},{"floor":31.0,"key":"MawBank"},{"floor":37.0,"key":"Gambling Chip"},{"floor":40.0,"key":"Self Forming Clay"},{"floor":42.0,"key":"Unceasing Top"},{"floor":43.0,"key":"Toxic Egg 2"},{"floor":44.0,"key":"Bottled Tornado"},{"floor":46.0,"key":"Vajra"},{"floor":55,"key":"Torii"}],"event_choices":[{"cards_removed":["Strike_R"],"damage_healed":0.0,"max_hp_gain":0.0,"max_hp_loss":0.0,"gold_gain":0.0,"event_name":"Wheel of Change","player_choice":"Card Removal","floor":4.0,"gold_loss":0.0,"damage_taken":0.0},{"damage_healed":0.0,"max_hp_gain":0.0,"max_hp_loss":0.0,"gold_gain":0.0,"event_name":"Liars Game","player_choice":"Ignored","floor":10.0,"gold_loss":0.0,"damage_taken":0.0},{"cards_removed":["Strike_R"],"damage_healed":0.0,"max_hp_gain":0.0,"max_hp_loss":0.0,"gold_gain":0.0,"event_name":"Back to Basics","player_choice":"Elegance","floor":19.0,"gold_loss":0.0,"damage_taken":0.0},{"damage_healed":0.0,"max_hp_gain":0.0,"max_hp_loss":0.0,"gold_gain":0.0,"event_name":"Vampires","player_choice":"Ignored","floor":20.0,"gold_loss":0.0,"damage_taken":0.0},{"damage_healed":0.0,"max_hp_gain":0.0,"max_hp_loss":0.0,"gold_gain":0.0,"event_name":"Ghosts","player_choice":"Ignored","floor":22.0,"gold_loss":0.0,"damage_taken":0.0},{"damage_healed":0.0,"max_hp_gain":0.0,"max_hp_loss":0.0,"gold_gain":50.0,"event_name":"Nest","player_choice":"Stole From Cult","floor":29.0,"gold_loss":0.0,"damage_taken":0.0},{"damage_healed":0.0,"max_hp_gain":0.0,"max_hp_loss":0.0,"gold_gain":0.0,"event_name":"MindBloom","player_choice":"Fight","floor":37.0,"gold_loss":0.0,"damage_taken":0.0},{"damage_healed":0.0,"max_hp_gain":0.0,"max_hp_loss":7.0,"gold_gain":0.0,"event_name":"Winding Halls","player_choice":"Max HP","floor":39.0,"gold_loss":0.0,"damage_taken":0.0}],"is_beta":false,"boss_relics":[{"not_picked":["SacredBark","Empty Cage"],"picked":"Snecko Eye"},{"not_picked":["Runic Cube","Philosopher\u0027s Stone"],"picked":"Velvet Choker"}],"items_purged_floors":[2,25,36,45,54],"is_endless":false,"potions_floor_spawned":[1,8,31,42,44,47,48],"ascension_level":20}}