{"host":"b7j598ve05halrwk","time":1610264912,"event":{"mods":["2.2 Compatiblity","BaseMod","Block Reminder","DeckTracker","Minty Spire (QoL Compilation)","Relic Stats","Slay the Relics Exporter","StSLib","ojb\u0027s Better Paths Mod","ojb\u0027s Info Mod"],"gold_per_floor":[109,259,259,278,36,74,74,107,107,132,157,157,197,221,221,316,316,341,341,616,15,34,65,79,122,122,122,122,122,161,184,184,280,280,294,313,1,26,51,90,15,15,15,38,79,104,147,147,147,147,147,147,147,9,50,50],"floor_reached":57,"playtime":6360,"items_purged":["Doubt","Regret","Defend_B"],"score":3386,"play_id":"ed3cecb5-abc7-464b-a794-e34305cfedf2","local_time":"20210110024831","is_ascension_mode":true,"campfire_choices":[{"data":"Doom and Gloom","floor":7.0,"key":"SMITH"},{"data":"Go for the Eyes","floor":15.0,"key":"SMITH"},{"data":"Defragment","floor":28.0,"key":"SMITH"},{"data":"Zap","floor":32.0,"key":"SMITH"},{"floor":42.0,"key":"RECALL"},{"data":"Loop","floor":49.0,"key":"SMITH"},{"data":"Dualcast","floor":53,"key":"SMITH"}],"circlet_count":0,"master_deck":["AscendersBane","Strike_B+1","Defend_B","Zap+1","Dualcast+1","Compile Driver","Sweeping Beam+1","Ball Lightning","Leap","Core Surge","Go for the Eyes+1","Doom and Gloom+1","Seek+1","Consume+1","Stack+1","Conserve Battery+1","All For One","Steam Power+1","Steam+1","Consume+1","Auto Shields+1","Redo+1","Defragment+1","Fission+1","Turbo+1","Turbo+1","Stack+1","RitualDagger","Redo+1","Steam Power+1","Meteor Strike","Cold Snap+1","Steam+1","Aggregate+1","Bandage Up+1","Parasite","Hologram+1","Reinforced Body+1","Streamline","Fusion+1","Coolheaded+1","Cold Snap","Parasite","Static Discharge+1","Loop+1","Conserve Battery+1"],"relics":["Cracked Core","NeowsBlessing","Golden Idol","Orrery","Toxic Egg 2","TungstenRod","Bottled Lightning","Incense Burner","Whetstone","Philosopher\u0027s Stone","Bag of Marbles","Pen Nib","Centennial Puzzle","Bag of Preparation","Oddly Smooth Stone","Orichalcum","Inserter","Blood Vial","Lantern","Molten Egg 2","Turnip"],"acts_visited":["Exordium","TheCity","TheBeyond","TheEnding"],"potions_floor_usage":[56],"damage_taken":[{"damage":0.0,"enemies":"2 Louse","floor":1.0,"turns":1.0},{"damage":0.0,"enemies":"Jaw Worm","floor":4.0,"turns":1.0},{"damage":0.0,"enemies":"Gremlin Nob","floor":6.0,"turns":1.0},{"damage":16.0,"enemies":"Lagavulin","floor":8.0,"turns":7.0},{"damage":0.0,"enemies":"Small Slimes","floor":10.0,"turns":2.0},{"damage":0.0,"enemies":"Looter","floor":11.0,"turns":2.0},{"damage":7.0,"enemies":"Gremlin Nob","floor":13.0,"turns":3.0},{"damage":0.0,"enemies":"Slime Boss","floor":16.0,"turns":7.0},{"damage":10.0,"enemies":"2 Thieves","floor":18.0,"turns":4.0},{"damage":0.0,"enemies":"Spheric Guardian","floor":22.0,"turns":3.0},{"damage":5.0,"enemies":"Book of Stabbing","floor":23.0,"turns":5.0},{"damage":0.0,"enemies":"Snake Plant","floor":24.0,"turns":1.0},{"damage":0.0,"enemies":"Slavers","floor":25.0,"turns":1.0},{"damage":0.0,"enemies":"Book of Stabbing","floor":30.0,"turns":4.0},{"damage":6.0,"enemies":"Snecko","floor":31.0,"turns":4.0},{"damage":42.0,"enemies":"Champ","floor":33.0,"turns":13.0},{"damage":0.0,"enemies":"Orb Walker","floor":35.0,"turns":2.0},{"damage":0.0,"enemies":"3 Darklings","floor":36.0,"turns":2.0},{"damage":0.0,"enemies":"Writhing Mass","floor":38.0,"turns":4.0},{"damage":0.0,"enemies":"Maw","floor":39.0,"turns":6.0},{"damage":0.0,"enemies":"Reptomancer","floor":40.0,"turns":4.0},{"damage":0.0,"enemies":"Jaw Worm Horde","floor":44.0,"turns":2.0},{"damage":23.0,"enemies":"Giant Head","floor":45.0,"turns":8.0},{"damage":0.0,"enemies":"Writhing Mass","floor":46.0,"turns":4.0},{"damage":0.0,"enemies":"Nemesis","floor":47.0,"turns":3.0},{"damage":18,"enemies":"Donu and Deca","floor":50,"turns":12},{"damage":0,"enemies":"Awakened One","floor":51,"turns":41},{"damage":0,"enemies":"Shield and Spear","floor":55,"turns":18},{"damage":61,"enemies":"The Heart","floor":56,"turns":10}],"seed_played":"1507159922715772906","potions_obtained":[{"floor":1.0,"key":"Energy Potion"},{"floor":8.0,"key":"PotionOfCapacity"},{"floor":11.0,"key":"Explosive Potion"},{"floor":13.0,"key":"FairyPotion"},{"floor":18.0,"key":"CultistPotion"},{"floor":33.0,"key":"GamblersBrew"},{"floor":35.0,"key":"DuplicationPotion"},{"floor":38.0,"key":"Block Potion"}],"is_trial":false,"path_per_floor":["M","?","?","M","$","E","R","E","T","M","M","?","E","T","R","B",null,"M","?","?","$","M","E","M","E","T","?","R","?","E","M","R","B",null,"M","M","$","M","M","E","?","R","T","M","E","M","E","$","R","B","B",null,"R","$","E","B",null],"character_chosen":"DEFECT","items_purchased":["Orrery","Auto Shields+1","Redo+1","Bag of Marbles","Pen Nib","Defragment","Aggregate+1","Bandage Up+1","LiquidBronze","BlessingOfTheForge"],"campfire_rested":0,"item_purchase_floors":[5,21,21,21,21,21,37,37,54,54],"current_hp_per_floor":[64,64,64,64,64,64,64,48,48,48,48,42,35,35,35,35,57,47,47,47,47,47,42,42,42,42,37,37,37,37,31,31,19,53,53,53,53,59,64,64,64,64,64,64,41,49,51,51,51,41,49,60,60,60,64,9],"gold":50,"neow_bonus":"THREE_ENEMY_KILL","is_daily":false,"chose_seed":false,"campfire_upgraded":6,"win_rate":0.0,"timestamp":1610264911,"path_taken":["M","?","?","M","$","E","R","E","T","M","M","?","E","?","R","BOSS","M","?","?","$","M","E","?","E","T","?","R","?","E","M","R","BOSS","M","M","$","M","M","E","?","R","T","?","E","M","E","$","R","BOSS","BOSS","R","$","E","BOSS"],"items_purchased_type":["Relic","Card","Card","Relic","Relic","Card","Card","Card","Potion","Potion"],"build_version":"2020-12-22","purchased_purges":3,"victory":true,"max_hp_per_floor":[71,71,64,64,64,64,64,64,64,64,64,64,64,64,64,64,64,64,64,64,64,64,64,64,64,64,64,64,64,64,64,64,64,64,64,64,64,64,64,64,64,64,64,64,64,64,64,64,64,64,64,64,64,64,64,64],"relic_stats":{"Blood Vial":10,"Centennial Puzzle":[15],"Inserter":[50],"counters":[29,175],"Golden Idol":232,"Pen Nib":[24],"Turnip":[2],"Bag of Preparation":[32],"Whetstone":["Strike_B","Sweeping Beam"],"Orichalcum":[72],"obtain_stats":[{"Lantern":45,"Inserter":34,"NeowsBlessing":0,"Golden Idol":3,"Oddly Smooth Stone":26,"Pen Nib":21,"Incense Burner":13,"Bag of Preparation":25,"Whetstone":14,"Orichalcum":30,"Blood Vial":40,"Centennial Puzzle":23,"Orrery":5,"Philosopher\u0027s Stone":17,"Molten Egg 2":47,"Turnip":55,"Bag of Marbles":21,"Bottled Lightning":9,"Toxic Egg 2":6,"Cracked Core":0,"TungstenRod":8},{"Lantern":23,"Inserter":16,"NeowsBlessing":0,"Golden Idol":1,"Oddly Smooth Stone":13,"Pen Nib":9,"Incense Burner":7,"Bag of Preparation":13,"Whetstone":7,"Orichalcum":14,"Blood Vial":21,"Centennial Puzzle":11,"Orrery":2,"Philosopher\u0027s Stone":8,"Molten Egg 2":25,"Turnip":28,"Bag of Marbles":9,"Bottled Lightning":4,"Toxic Egg 2":3,"Cracked Core":0,"TungstenRod":4},{"Lantern":87,"Inserter":59,"NeowsBlessing":0,"Golden Idol":1,"Oddly Smooth Stone":38,"Pen Nib":28,"Incense Burner":17,"Bag of Preparation":38,"Whetstone":17,"Orichalcum":42,"Blood Vial":77,"Centennial Puzzle":36,"Orrery":2,"Philosopher\u0027s Stone":24,"Molten Egg 2":94,"Turnip":165,"Bag of Marbles":28,"Bottled Lightning":10,"Toxic Egg 2":3,"Cracked Core":0,"TungstenRod":10}],"TungstenRod":39},"card_choices":[{"not_picked":["Turbo","Stack"],"picked":"Compile Driver","floor":1.0},{"not_picked":["Heatsinks","Undo"],"picked":"Sweeping Beam","floor":4.0},{"not_picked":["Redo","Coolheaded"],"picked":"Ball Lightning","floor":5.0},{"not_picked":["Hologram","Beam Cell"],"picked":"Leap","floor":5.0},{"not_picked":["Ball Lightning","Static Discharge"],"picked":"Core Surge","floor":5.0},{"not_picked":["Sweeping Beam","Scrape"],"picked":"Go for the Eyes","floor":5.0},{"not_picked":["Gash","Leap"],"picked":"Doom and Gloom","floor":5.0},{"not_picked":["Doom and Gloom","Glacier+1"],"picked":"Seek+1","floor":6.0},{"not_picked":["Rebound","Force Field+1"],"picked":"Consume+1","floor":8.0},{"not_picked":["Go for the Eyes","Cold Snap"],"picked":"Stack+1","floor":10.0},{"not_picked":["Melter","Gash","Storm"],"picked":"SKIP","floor":11.0},{"not_picked":["Sweeping Beam","Redo+1"],"picked":"Conserve Battery+1","floor":13.0},{"not_picked":["Meteor Strike","Amplify+1"],"picked":"All For One","floor":16.0},{"not_picked":["Cold Snap","Beam Cell"],"picked":"Steam Power+1","floor":18.0},{"not_picked":["Conserve Battery+1","BootSequence+1"],"picked":"Fission+1","floor":22.0},{"not_picked":["Hello World","Loop"],"picked":"Turbo+1","floor":23.0},{"not_picked":["Redo+1","Reprogram+1"],"picked":"Turbo+1","floor":24.0},{"not_picked":["Force Field+1","Defragment"],"picked":"Stack+1","floor":25.0},{"not_picked":["Consume+1","Blizzard"],"picked":"Redo+1","floor":30.0},{"not_picked":["Chill+1","Turbo+1"],"picked":"Steam Power+1","floor":31.0},{"not_picked":["Buffer","Reboot+1"],"picked":"Meteor Strike","floor":33.0},{"not_picked":["Streamline+1","Stack+1"],"picked":"Cold Snap+1","floor":35.0},{"not_picked":["Leap+1","Conserve Battery+1"],"picked":"Steam+1","floor":36.0},{"not_picked":["Aggregate+1","Steam+1"],"picked":"Hologram+1","floor":38.0},{"not_picked":["Leap+1","Amplify+1","Streamline+1"],"picked":"SKIP","floor":39.0},{"not_picked":["Leap+1","Self Repair"],"picked":"Reinforced Body+1","floor":40.0},{"not_picked":["Cold Snap+1","Redo+1"],"picked":"Coolheaded+1","floor":44.0},{"not_picked":["Self Repair","Fusion+1"],"picked":"Cold Snap","floor":45.0},{"not_picked":["Sunder","Conserve Battery+1"],"picked":"Static Discharge+1","floor":46.0},{"not_picked":["Leap+1","Gash+1"],"picked":"Loop","floor":47.0},{"not_picked":["Turbo+1","Rip and Tear+1"],"picked":"Conserve Battery+1","floor":55}],"player_experience":897400,"relics_obtained":[{"floor":6.0,"key":"Toxic Egg 2"},{"floor":8.0,"key":"TungstenRod"},{"floor":9.0,"key":"Bottled Lightning"},{"floor":13.0,"key":"Incense Burner"},{"floor":14.0,"key":"Whetstone"},{"floor":23.0,"key":"Centennial Puzzle"},{"floor":25.0,"key":"Bag of Preparation"},{"floor":26.0,"key":"Oddly Smooth Stone"},{"floor":30.0,"key":"Orichalcum"},{"floor":40.0,"key":"Blood Vial"},{"floor":45.0,"key":"Lantern"},{"floor":47.0,"key":"Molten Egg 2"},{"floor":55,"key":"Turnip"}],"event_choices":[{"damage_healed":0.0,"max_hp_gain":0.0,"max_hp_loss":0.0,"gold_gain":150.0,"event_name":"Liars Game","player_choice":"AGREE","floor":2.0,"gold_loss":0.0,"damage_taken":0.0,"cards_obtained":["Doubt"]},{"damage_healed":0.0,"max_hp_gain":0.0,"max_hp_loss":7.0,"gold_gain":0.0,"event_name":"Golden Idol","player_choice":"Lose Max HP","floor":3.0,"gold_loss":0.0,"damage_taken":0.0,"relics_obtained":["Golden Idol"]},{"cards_removed":["Strike_B"],"damage_healed":0.0,"max_hp_gain":0.0,"max_hp_loss":0.0,"gold_gain":0.0,"event_name":"Golden Wing","player_choice":"Card Removal","floor":12.0,"gold_loss":0.0,"damage_taken":7.0},{"damage_healed":0.0,"max_hp_gain":0.0,"max_hp_loss":0.0,"gold_gain":0.0,"cards_transformed":["Strike_B","Strike_B"],"event_name":"Drug Dealer","player_choice":"Became Test Subject","floor":19.0,"gold_loss":0.0,"damage_taken":0.0,"cards_obtained":["Steam","Consume"]},{"damage_healed":0.0,"max_hp_gain":0.0,"max_hp_loss":0.0,"gold_gain":275.0,"event_name":"Golden Shrine","player_choice":"Desecrate","floor":20.0,"gold_loss":0.0,"damage_taken":0.0,"cards_obtained":["Regret"]},{"damage_healed":0.0,"max_hp_gain":0.0,"max_hp_loss":0.0,"gold_gain":0.0,"event_name":"Nest","player_choice":"Joined the Cult","floor":27.0,"gold_loss":0.0,"damage_taken":6.0,"cards_obtained":["RitualDagger"]},{"damage_healed":0.0,"max_hp_gain":0.0,"max_hp_loss":0.0,"gold_gain":0.0,"event_name":"Vampires","player_choice":"Ignored","floor":29.0,"gold_loss":0.0,"damage_taken":0.0},{"damage_healed":0.0,"max_hp_gain":0.0,"max_hp_loss":0.0,"gold_gain":0.0,"cards_transformed":["Defend_B","Defend_B"],"event_name":"Designer","player_choice":"Transformed Cards","floor":41.0,"gold_loss":75.0,"damage_taken":0.0,"cards_obtained":["Streamline","Fusion"]}],"is_beta":false,"boss_relics":[{"not_picked":["SacredBark","Cursed Key"],"picked":"Philosopher\u0027s Stone"},{"not_picked":["Black Star","Snecko Eye"],"picked":"Inserter"}],"items_purged_floors":[5,21,37],"is_endless":false,"potions_floor_spawned":[1,8,11,13,16,18,25,30,31,33,35,36,38,39],"ascension_level":20}}