{"host":"2se5dq1do2gp0x9k","time":1610255525,"event":{"mods":["AchievementEnabler","BaseMod","Block Reminder","Colored Map","Colored Powertips","Minty Spire (QoL Compilation)","Relic Stats","StSLib","SuperFastMode"],"gold_per_floor":[110,128,128,128,147,147,204,217,217,217,105,105,135,148,148,222,222,237,237,249,249,249,249],"floor_reached":22,"playtime":729,"items_purged":["Strike_P"],"score":466,"play_id":"2997b867-ea2f-4010-83de-6f401f19ae27","local_time":"20210109211205","is_ascension_mode":true,"campfire_choices":[{"data":"Eruption","floor":6,"key":"SMITH"},{"data":"Protect","floor":10,"key":"SMITH"},{"data":"ThirdEye","floor":12,"key":"SMITH"},{"data":"Consecrate","floor":15,"key":"SMITH"}],"circlet_count":0,"master_deck":["AscendersBane","Defend_P+1","Defend_P+1","Defend_P+1","Defend_P+1","Eruption+1","Vigilance","SignatureMove+1","ThirdEye+1","Protect+1","InnerPeace","DevaForm","Wireheading","Consecrate+1","Protect","Nirvana","FlyingSleeves","InnerPeace"],"relics":["PureWater","NeowsBlessing","Meat on the Bone","Pen Nib","Singing Bowl","Empty Cage"],"acts_visited":["Exordium","TheCity"],"potions_floor_usage":[13,16,22],"damage_taken":[{"damage":0,"enemies":"Cultist","floor":1,"turns":1},{"damage":0,"enemies":"Small Slimes","floor":2,"turns":1},{"damage":0,"enemies":"Jaw Worm","floor":5,"turns":1},{"damage":18,"enemies":"3 Sentries","floor":7,"turns":11},{"damage":2,"enemies":"Red Slaver","floor":8,"turns":2},{"damage":0,"enemies":"Lagavulin","floor":13,"turns":2},{"damage":6,"enemies":"2 Fungi Beasts","floor":14,"turns":4},{"damage":0,"enemies":"Hexaghost","floor":16,"turns":9},{"damage":36,"enemies":"Shell Parasite","floor":18,"turns":7},{"damage":21,"enemies":"Spheric Guardian","floor":20,"turns":6},{"damage":52,"enemies":"Masked Bandits","floor":22,"turns":4}],"seed_played":"-1130240427948688707","potions_obtained":[{"floor":5,"key":"DistilledChaos"},{"floor":8,"key":"Regen Potion"},{"floor":13,"key":"PowerPotion"},{"floor":16,"key":"CultistPotion"}],"is_trial":false,"path_per_floor":["M","M","?","?","M","R","?","M","T","R","$","R","E","M","R","B",null,"M","?","M","?","?"],"character_chosen":"WATCHER","items_purchased":["Wireheading"],"campfire_rested":0,"item_purchase_floors":[11],"current_hp_per_floor":[61,61,41,63,63,63,45,43,43,43,43,43,45,39,39,39,62,38,38,29,29,0,0],"gold":249,"neow_bonus":"THREE_ENEMY_KILL","is_daily":false,"chose_seed":false,"campfire_upgraded":4,"win_rate":0.0,"timestamp":1610255525,"path_taken":["M","M","?","?","M","R","?","M","T","R","?","R","E","M","R","BOSS","M","?","M","?","?"],"items_purchased_type":["Card"],"build_version":"2020-12-22","purchased_purges":1,"victory":false,"max_hp_per_floor":[68,68,68,68,68,68,68,68,68,68,68,68,70,70,70,70,70,70,70,70,70,70,70],"relic_stats":{"Singing Bowl":2,"counters":[11,48],"Pen Nib":[3],"obtain_stats":[{"NeowsBlessing":0,"Singing Bowl":13,"Pen Nib":9,"PureWater":0,"Empty Cage":17,"Meat on the Bone":7},{"NeowsBlessing":0,"Singing Bowl":6,"Pen Nib":5,"PureWater":0,"Empty Cage":8,"Meat on the Bone":3},{"NeowsBlessing":0,"Singing Bowl":18,"Pen Nib":16,"PureWater":0,"Empty Cage":31,"Meat on the Bone":3}],"Meat on the Bone":24},"card_choices":[{"not_picked":["JustLucky","InnerPeace"],"picked":"SignatureMove","floor":1},{"not_picked":["FlyingSleeves","Collect"],"picked":"ThirdEye","floor":2},{"not_picked":["SashWhip","JustLucky"],"picked":"Protect","floor":5},{"not_picked":["BowlingBash","FollowUp"],"picked":"InnerPeace","floor":7},{"not_picked":["EmptyFist","EmptyMind"],"picked":"DevaForm","floor":8},{"not_picked":["Weave","EmptyMind","Pray"],"picked":"Singing Bowl","floor":13},{"not_picked":["Halt","WindmillStrike"],"picked":"Consecrate","floor":14},{"not_picked":["Brilliance","SpiritShield"],"picked":"Alpha","floor":16},{"not_picked":["Prostrate","Sanctity+1"],"picked":"Protect","floor":18},{"not_picked":["WheelKick","CutThroughFate"],"picked":"Nirvana","floor":20}],"player_experience":3832064,"relics_obtained":[{"floor":9,"key":"Pen Nib"},{"floor":13,"key":"Singing Bowl"}],"event_choices":[{"damage_healed":0,"gold_gain":0,"player_choice":"Entered Light","damage_taken":20,"max_hp_gain":0,"max_hp_loss":0,"event_name":"Shining Light","floor":3,"gold_loss":0,"cards_upgraded":["Strike_P","SignatureMove"]},{"damage_healed":22,"gold_gain":0,"player_choice":"Banana","damage_taken":0,"max_hp_gain":0,"max_hp_loss":0,"event_name":"Big Fish","floor":4,"gold_loss":0},{"damage_healed":0,"gold_gain":0,"player_choice":"Searched \u00272\u0027 times","damage_taken":0,"relics_obtained":["Meat on the Bone"],"max_hp_gain":0,"max_hp_loss":0,"event_name":"Dead Adventurer","floor":7,"gold_loss":0},{"damage_healed":0,"gold_gain":0,"player_choice":"Simplicity","damage_taken":0,"max_hp_gain":0,"max_hp_loss":0,"event_name":"Back to Basics","floor":19,"gold_loss":0,"cards_upgraded":["Defend_P","Defend_P","Defend_P","Defend_P"]},{"damage_healed":0,"gold_gain":0,"cards_transformed":["Strike_P","Alpha"],"player_choice":"Became Test Subject","damage_taken":0,"max_hp_gain":0,"max_hp_loss":0,"event_name":"Drug Dealer","floor":21,"gold_loss":0,"cards_obtained":["FlyingSleeves","InnerPeace"]},{"damage_healed":0,"gold_gain":0,"player_choice":"Fought Bandits","damage_taken":0,"max_hp_gain":0,"max_hp_loss":0,"event_name":"Masked Bandits","floor":22,"gold_loss":0}],"is_beta":false,"boss_relics":[{"not_picked":["HolyWater","Snecko Eye"],"picked":"Empty Cage"}],"items_purged_floors":[11],"is_endless":false,"potions_floor_spawned":[5,8,13,14,16],"killed_by":"Masked Bandits","ascension_level":16}}