{"host":"¿à÷økuyou","time":1610281575,"event":{"mods":["ATMod(°¢èªMod)","Act Like it!","BaseMod","BetterRewards","Minty Spire (QoL Compilation)","Quick Restart","RyuuouÁúÍõ","StSLib"],"gold_per_floor":[114,129,129,144,159,159,174,174,199,214,214,244,319,334,334,434,434,449,449,449,449,464,464,479,494,519,519,618,633,663,138,138,238,238,253,253,163,178,193,223,238,238,238,253,93,93,143,143,143,1143],"floor_reached":51,"playtime":1071,"items_purged":["Defend_P"],"score":874,"play_id":"daf7bc32-0030-4517-a893-920636a0050f","local_time":"20210110202615","daily_mods":["Specialized","Diverse","Night Terrors"],"is_ascension_mode":false,"campfire_choices":[{"data":"Eruption","floor":6.0,"key":"SMITH"},{"data":"TalkToTheHand","floor":8.0,"key":"SMITH"},{"data":"Fasting2","floor":11.0,"key":"SMITH"},{"data":"AT_ChampionStep","floor":15.0,"key":"SMITH"},{"data":"Demon Form","floor":23.0,"key":"SMITH"},{"data":"AT_WindFlip","floor":27.0,"key":"SMITH"},{"floor":32,"key":"REST"},{"data":"AT_KingSlayer","floor":42,"key":"SMITH"},{"data":"Ryuuou:NotRegret","floor":49,"key":"SMITH"}],"circlet_count":0,"master_deck":["Defend_P+1","Defend_P+1","Eruption+1","Vigilance+1","AT_WomanClash+1","AT_WomanClash+1","AT_WomanClash+1","AT_EmpoweredMortalDraw+1","TalkToTheHand+1","Fasting2+1","Power Through+1","AT_ChampionStep+1","Demon Form+1","AT_WindFlip+1","Glacier+1","Iron Wave+1","Bite+1","Bite+1","Bite+1","Bite+1","Bite+1","Finisher+1","AT_ShadowStep+1","Battle Trance+1","Blade Dance+1","AT_EmpoweredMortalDraw+1","AT_KingSlayer+1","AT_ThistleTea+1","Backflip+1","Coolheaded+1","Backstab+1","AT_WaterDrop+1","Ryuuou:NotRegret+1","Madness","Madness"],"relics":["PureWater","AT_ATBox","Omamori","Gremlin Horn","Philosopher\u0027s Stone","Enchiridion","Potion Belt","Meat on the Bone","AT_ChloranthyRing","AT_SpeedBoots","DollysMirror","AT_TrinityForce","Boot","Regal Pillow","Strawberry"],"acts_visited":["Exordium","TheCity","TheBeyond"],"potions_floor_usage":[30,30],"damage_taken":[{"damage":2.0,"enemies":"2 Louse","floor":1.0,"turns":2.0},{"damage":1.0,"enemies":"Cultist","floor":2.0,"turns":3.0},{"damage":0.0,"enemies":"Small Slimes","floor":4.0,"turns":3.0},{"damage":0.0,"enemies":"2 Fungi Beasts","floor":5.0,"turns":2.0},{"damage":0.0,"enemies":"3 Louse","floor":7.0,"turns":3.0},{"damage":0.0,"enemies":"Blue Slaver","floor":10.0,"turns":1.0},{"damage":28.0,"enemies":"Lagavulin","floor":12.0,"turns":7.0},{"damage":0.0,"enemies":"Exordium Thugs","floor":14.0,"turns":2.0},{"damage":25.0,"enemies":"Slime Boss","floor":16.0,"turns":7.0},{"damage":11.0,"enemies":"2 Thieves","floor":18.0,"turns":2.0},{"damage":6.0,"enemies":"Chosen","floor":22.0,"turns":3.0},{"damage":24.0,"enemies":"Snake Plant","floor":24.0,"turns":2.0},{"damage":9.0,"enemies":"Cultist and Chosen","floor":25.0,"turns":3.0},{"damage":4.0,"enemies":"Centurion and Healer","floor":29.0,"turns":5.0},{"damage":30,"enemies":"Slavers","floor":30,"turns":3},{"damage":39,"enemies":"Collector","floor":33,"turns":7},{"damage":0,"enemies":"3 Darklings","floor":35,"turns":1},{"damage":0,"enemies":"3 Shapes","floor":38,"turns":1},{"damage":0,"enemies":"Spire Growth","floor":39,"turns":3},{"damage":0,"enemies":"Giant Head","floor":40,"turns":4},{"damage":0,"enemies":"Sphere and 2 Shapes","floor":41,"turns":1},{"damage":0,"enemies":"3 Darklings","floor":44,"turns":1},{"damage":0,"enemies":"Awakened One","floor":50,"turns":2}],"seed_played":"-956745095108410897","potions_obtained":[{"floor":1.0,"key":"Fire Potion"},{"floor":4.0,"key":"DuplicationPotion"},{"floor":10.0,"key":"DuplicationPotion"},{"floor":16.0,"key":"Explosive Potion"},{"floor":18.0,"key":"Weak Potion"},{"floor":39,"key":"StancePotion"},{"floor":40,"key":"Energy Potion"},{"floor":41,"key":"Energy Potion"}],"is_trial":false,"path_per_floor":["M","M","?","M","M","R","M","R","T","M","R","E","?","M","R","B",null,"M","?","?","?","M","R","M","M","T","R","?","M","E","$","R","B",null,"M","?","?","M","M","E","M","R","T","M","$","?","T","?","R","B",null],"character_chosen":"WATCHER","items_purchased":["AT_ChloranthyRing","AT_SpeedBoots","DollysMirror","AT_WaterDrop"],"campfire_rested":1,"item_purchase_floors":[31,31,31,45],"current_hp_per_floor":[70,69,69,69,69,69,69,69,69,69,69,41,30,30,30,5,72,61,61,45,45,45,45,25,22,22,22,22,30,6,6,45,34,45,45,45,45,45,45,45,45,45,45,45,45,45,52,45,45,52],"gold":1143,"neow_bonus":"","is_daily":true,"chose_seed":false,"campfire_upgraded":8,"win_rate":0.0,"timestamp":1610281575,"path_taken":["M","M","?","M","M","R","?","R","T","M","R","E","?","M","R","BOSS","M","?","?","?","M","R","M","M","T","R","?","M","E","$","R","BOSS","M","?","?","M","?","E","M","R","T","?","$","?","?","?","R","BOSS"],"items_purchased_type":["Relic","Relic","Relic","Card"],"build_version":"2020-12-18","purchased_purges":1,"victory":true,"max_hp_per_floor":[72,72,72,72,72,72,72,72,72,72,72,72,72,72,72,72,72,72,72,72,50,50,50,50,50,50,50,50,50,50,50,45,45,45,45,45,45,45,45,45,45,45,45,45,45,45,52,52,52,52],"card_choices":[{"not_picked":["Flame Barrier","PiercingWail"],"picked":"Adaptation","floor":1.0},{"not_picked":["Streamline","Anger","Indignation"],"picked":"SKIP","floor":2.0},{"not_picked":["Flex","Genetic Algorithm"],"picked":"TalkToTheHand","floor":4.0},{"not_picked":["Fusion","CrushJoints","Clothesline"],"picked":"SKIP","floor":5.0},{"not_picked":["Genetic Algorithm","Ball Lightning","Pray"],"picked":"SKIP","floor":7.0},{"not_picked":["Ball Lightning","Go for the Eyes"],"picked":"Fasting2","floor":10.0},{"not_picked":["Gash","Thunderclap"],"picked":"Power Through","floor":12.0},{"not_picked":["Worship","Steam"],"picked":"AT_ChampionStep","floor":14.0},{"not_picked":["Brilliance","Berserk"],"picked":"Demon Form","floor":16.0},{"not_picked":["Compile Driver+1","AT_RobotInSpace+1"],"picked":"AT_WindFlip","floor":18.0},{"not_picked":["Clothesline+1","BowlingBash"],"picked":"Finisher","floor":22.0},{"not_picked":["Streamline","JustLucky"],"picked":"AT_ShadowStep","floor":24.0},{"not_picked":["Gash","AT_ThunderBolt"],"picked":"Battle Trance","floor":25.0},{"not_picked":["AT_ShadowStep","Escape Plan+1"],"picked":"Blade Dance","floor":29.0},{"not_picked":["Flying Knee","AT_ManFootWork","Entrench+1"],"picked":"SKIP","floor":30},{"not_picked":["Bludgeon","Grand Finale"],"picked":"AT_KingSlayer","floor":33},{"not_picked":["Steam+1","Eviscerate+1"],"picked":"AT_ThistleTea+1","floor":35},{"not_picked":["Disarm","Iron Wave+1","Bouncing Flask"],"picked":"SKIP","floor":38},{"not_picked":["Thunderclap+1","PiercingWail","AT_HeatAcrobatics+1"],"picked":"SKIP","floor":39},{"not_picked":["BootSequence+1","Bullet Time"],"picked":"Backflip","floor":40},{"not_picked":["Protect","Rip and Tear+1"],"picked":"Coolheaded+1","floor":41},{"not_picked":["Clash+1","Perfected Strike+1"],"picked":"Backstab","floor":44}],"player_experience":172077,"relics_obtained":[{"floor":9.0,"key":"Omamori"},{"floor":12.0,"key":"Gremlin Horn"},{"floor":20.0,"key":"Enchiridion"},{"floor":26.0,"key":"Potion Belt"},{"floor":30,"key":"Meat on the Bone"},{"floor":40,"key":"Boot"},{"floor":43,"key":"Regal Pillow"},{"floor":47,"key":"Strawberry"}],"event_choices":[{"damage_healed":0.0,"max_hp_gain":0.0,"max_hp_loss":0.0,"gold_gain":0.0,"event_name":"Upgrade Shrine","player_choice":"Upgraded","floor":3.0,"gold_loss":0.0,"damage_taken":0.0,"cards_upgraded":["AT_EmpoweredMortalDraw"]},{"damage_healed":0.0,"max_hp_gain":0.0,"max_hp_loss":0.0,"gold_gain":75.0,"event_name":"World of Goop","player_choice":"Gather Gold","floor":13.0,"gold_loss":0.0,"damage_taken":11.0},{"damage_healed":0.0,"max_hp_gain":0.0,"max_hp_loss":0.0,"gold_gain":0.0,"cards_transformed":["AT_WomanClash","AT_WomanClash"],"event_name":"Drug Dealer","player_choice":"Became Test Subject","floor":19.0,"gold_loss":0.0,"damage_taken":0.0,"cards_obtained":["Glacier","Iron Wave"]},{"damage_healed":0.0,"max_hp_gain":0.0,"max_hp_loss":0.0,"gold_gain":0.0,"event_name":"Cursed Tome","player_choice":"Obtained Book","floor":20.0,"gold_loss":0.0,"damage_taken":16.0},{"damage_healed":0.0,"max_hp_gain":0.0,"max_hp_loss":22.0,"gold_gain":0.0,"event_name":"Vampires","player_choice":"Became a vampire","floor":21.0,"gold_loss":0.0,"damage_taken":0.0,"cards_obtained":["Bite","Bite","Bite","Bite","Bite"]},{"damage_healed":0.0,"max_hp_gain":0.0,"max_hp_loss":0.0,"gold_gain":99.0,"event_name":"Nest","player_choice":"Stole From Cult","floor":28.0,"gold_loss":0.0,"damage_taken":0.0},{"cards_removed":["Adaptation"],"damage_healed":0,"gold_gain":0,"player_choice":"Removed Power","damage_taken":0,"max_hp_gain":0,"max_hp_loss":0,"event_name":"Falling","floor":36,"gold_loss":0},{"cards_removed":["Defend_P"],"damage_healed":0,"gold_gain":0,"player_choice":"Upgrade and Remove","damage_taken":0,"max_hp_gain":0,"max_hp_loss":0,"event_name":"Designer","floor":37,"gold_loss":90,"cards_upgraded":["Bite"]},{"damage_healed":0,"gold_gain":0,"player_choice":"Embrace Madness","damage_taken":7,"max_hp_gain":0,"max_hp_loss":0,"event_name":"Winding Halls","floor":48,"gold_loss":0,"cards_obtained":["Madness","Madness"]}],"is_beta":true,"boss_relics":[{"not_picked":["Empty Cage","Snecko Eye"],"picked":"Philosopher\u0027s Stone"},{"not_picked":["Cursed Key","Fusion Hammer"],"picked":"AT_TrinityForce"}],"items_purged_floors":[31],"is_endless":false,"potions_floor_spawned":[1,4,10,16,18,25,39,40,41],"ascension_level":0}}