{"host":"tnsigirk6wurdark","time":1610268417,"event":{"mods":["BaseMod","Colored Map","Colored Powertips","DeckTracker","Highlight Path","Minty Spire (QoL Compilation)","Quick Restart","Relic Sorter","StSLib","SuperFastMode","Synergy Search"],"gold_per_floor":[111,111,111,19,30,59,59,76,76,88,88,100,112,131,131,203,203,217,232,242,29,29,29,55,55,81,6,6,6,6,18,18,18,18],"floor_reached":33,"playtime":1599,"items_purged":[],"score":454,"play_id":"58191a26-e9e7-4094-9d1d-4c7e25c67951","local_time":"20210110084657","is_ascension_mode":true,"campfire_choices":[{"floor":7,"key":"REST"},{"data":"Strike_G","floor":11,"key":"PURGE"},{"data":"Strike_G","floor":15,"key":"PURGE"},{"floor":23,"key":"REST"},{"floor":25,"key":"REST"},{"floor":32,"key":"REST"}],"circlet_count":0,"master_deck":["AscendersBane","Strike_G","Strike_G","Strike_G","Defend_G+1","Defend_G+1","Defend_G","Defend_G","Defend_G","Survivor","Neutralize","Die Die Die","Calculated Gamble","Footwork","Blade Dance","Slice","Terror","Leg Sweep","Backflip","Sucker Punch","Burst","Quick Slash","Infinite Blades","The Bomb","Backflip","Finisher+1","Envenom","RitualDagger","PiercingWail"],"relics":["Ring of the Snake","TungstenRod","Peace Pipe","Sozu","Bag of Preparation","Akabeko"],"acts_visited":["Exordium","TheCity"],"potions_floor_usage":[6,16,16,18],"damage_taken":[{"damage":8,"enemies":"Jaw Worm","floor":1,"turns":6},{"damage":0,"enemies":"2 Louse","floor":5,"turns":1},{"damage":11,"enemies":"Gremlin Nob","floor":6,"turns":4},{"damage":0,"enemies":"Cultist","floor":8,"turns":3},{"damage":0,"enemies":"Gremlin Gang","floor":10,"turns":1},{"damage":0,"enemies":"Lots of Slimes","floor":12,"turns":1},{"damage":2,"enemies":"Exordium Thugs","floor":13,"turns":6},{"damage":2,"enemies":"Blue Slaver","floor":14,"turns":5},{"damage":21,"enemies":"The Guardian","floor":16,"turns":16},{"damage":18,"enemies":"3 Byrds","floor":18,"turns":11},{"damage":0,"enemies":"Shell Parasite","floor":19,"turns":7},{"damage":18,"enemies":"3 Cultists","floor":20,"turns":9},{"damage":22,"enemies":"Slavers","floor":24,"turns":7},{"damage":3,"enemies":"Snecko","floor":31,"turns":4},{"damage":39,"enemies":"Collector","floor":33,"turns":6}],"seed_played":"-3267793966765881311","potions_obtained":[{"floor":1,"key":"LiquidMemories"},{"floor":12,"key":"Poison Potion"},{"floor":14,"key":"Explosive Potion"},{"floor":16,"key":"SkillPotion"}],"is_trial":false,"path_per_floor":["M","?","?","$","M","E","R","M","T","M","R","M","M","M","R","B",null,"M","M","M","$","$","R","E","R","T","$","?","?","?","M","R","B"],"character_chosen":"THE_SILENT","items_purchased":["Footwork","Blade Dance","The Bomb","Backflip","Envenom"],"campfire_rested":4,"item_purchase_floors":[4,4,21,21,27],"current_hp_per_floor":[51,38,38,38,38,27,46,46,46,46,46,46,44,42,42,21,55,37,37,19,19,19,38,16,35,35,35,30,19,7,4,25,0,0],"gold":18,"neow_bonus":"ONE_RANDOM_RARE_CARD","is_daily":false,"chose_seed":false,"campfire_upgraded":0,"win_rate":0.0,"timestamp":1610268417,"path_taken":["M","?","?","?","M","E","R","?","T","M","R","M","M","?","R","BOSS","M","?","M","?","$","R","E","R","T","?","?","?","?","?","R","BOSS"],"items_purchased_type":["Card","Card","Card","Card","Card"],"build_version":"2020-12-22","purchased_purges":0,"victory":false,"max_hp_per_floor":[66,66,66,66,66,66,66,66,66,66,66,66,66,66,66,66,66,66,66,66,66,66,66,66,66,66,66,66,71,71,71,71,71,71],"card_choices":[{"not_picked":["Blur","Prepared"],"picked":"Calculated Gamble","floor":1},{"not_picked":["Cloak And Dagger","Masterful Stab"],"picked":"Slice","floor":5},{"not_picked":["Outmaneuver","Slice"],"picked":"Terror","floor":6},{"not_picked":["Tactician","Reflex","Bane"],"picked":"SKIP","floor":8},{"not_picked":["PiercingWail","Deflect"],"picked":"Leg Sweep","floor":10},{"not_picked":["Underhanded Strike","Prepared"],"picked":"Backflip","floor":12},{"not_picked":["Terror","Dagger Spray","Glass Knife"],"picked":"SKIP","floor":13},{"not_picked":["Deflect","Bane"],"picked":"Sucker Punch","floor":14},{"not_picked":["Night Terror","Corpse Explosion"],"picked":"Burst","floor":16},{"not_picked":["Underhanded Strike","Dagger Throw","Poisoned Stab"],"picked":"SKIP","floor":18},{"not_picked":["All Out Attack","Tactician"],"picked":"Quick Slash","floor":19},{"not_picked":["Dagger Spray","Underhanded Strike"],"picked":"Infinite Blades","floor":20},{"not_picked":["Endless Agony","Storm of Steel"],"picked":"Finisher+1","floor":24},{"not_picked":["Acrobatics","Quick Slash"],"picked":"PiercingWail","floor":31}],"player_experience":656194,"relics_obtained":[{"floor":6,"key":"TungstenRod"},{"floor":9,"key":"Peace Pipe"},{"floor":24,"key":"Bag of Preparation"},{"floor":26,"key":"Akabeko"}],"event_choices":[{"damage_healed":0,"gold_gain":0,"player_choice":"Entered Light","damage_taken":13,"max_hp_gain":0,"max_hp_loss":0,"event_name":"Shining Light","floor":2,"gold_loss":0,"cards_upgraded":["Defend_G","Defend_G"]},{"damage_healed":0,"gold_gain":0,"player_choice":"Ignored","damage_taken":0,"max_hp_gain":0,"max_hp_loss":0,"event_name":"Liars Game","floor":3,"gold_loss":0},{"damage_healed":0,"gold_gain":0,"player_choice":"Joined the Cult","damage_taken":6,"max_hp_gain":0,"max_hp_loss":0,"event_name":"Nest","floor":28,"gold_loss":0,"cards_obtained":["RitualDagger"]},{"damage_healed":0,"gold_gain":0,"player_choice":"Shed Blood","damage_taken":17,"max_hp_gain":5,"max_hp_loss":0,"event_name":"Forgotten Altar","floor":29,"gold_loss":0},{"damage_healed":0,"gold_gain":0,"player_choice":"Obtained Book","damage_taken":16,"max_hp_gain":0,"max_hp_loss":0,"event_name":"Cursed Tome","floor":30,"gold_loss":0}],"is_beta":false,"boss_relics":[{"not_picked":["Pandora\u0027s Box","Snecko Eye"],"picked":"Sozu"}],"items_purged_floors":[],"is_endless":false,"potions_floor_spawned":[1,12,14,16,18,20,31],"killed_by":"Collector","ascension_level":14}}