{"host":"acw864156wjp8gcv","time":1610308339,"event":{"mods":["2.2 Compatiblity","AchievementEnabler","Ascension Reborn","Aspiration","BaseMod","Beaked The Cultist","Better Altar","Better Match","Better Note","Better Sensory Stone","Better Silent Start","Better Skull","Better Third Choice","Better Vampires","BetterRewards","Challenge The Spire","Colored Map","Colored Powertips","Conspire","Curses Come First","Downfall","Energized Spire","GifTheSpireLib","Halation","Hubris","Infinite Spire","Ironclad Rager","Jedi Mod","Mimic Mod","Minty Spire (QoL Compilation)","Permanent Neow","Relic Sorter","Replay The Spire","Shop Mod","Spicy Shops","Spikes Relics","StSLib","Stuff the Spire","The Blue Laboratory","The Construct","The Jungle","Wandering Minibosses","everything is the same but u backflip on backflip","vexMod"],"gold_per_floor":[115,135,155,155,174,174,208,208,208,220,244,257,257,257,257,373,373,387,297,247,266,278,278,320,320,363,363,381,398,416,444,458,590,604,641,655,682,712,745,795,809,723,778,792,806,836,872,920,934,948,962,976,718,756,756],"floor_reached":56,"playtime":1630,"items_purged":["construct:Strike_Gold+2","construct:Analyze+2"],"score":475,"play_id":"c24c60ca-66b8-4581-8345-5cbe6c44ee93","local_time":"20210110135219","is_ascension_mode":true,"campfire_choices":[{"data":"construct:ShieldBurst+1","floor":6,"key":"SMITH"},{"data":"construct:Dampening+1","floor":8,"key":"SMITH"},{"data":"construct:Defend_Gold+1","floor":15,"key":"SMITH"},{"data":"construct:Defend_Gold+1","floor":23,"key":"SMITH"},{"data":"construct:Defend_Gold+1","floor":25,"key":"SMITH"},{"data":"construct:Analyze+1","floor":27,"key":"SMITH"},{"data":"construct:Reinforce+1","floor":41,"key":"SMITH"},{"data":"construct:Defend_Gold+1","floor":41,"key":"SMITH"},{"floor":44,"key":"RECALL"},{"data":"construct:Boost+1","floor":49,"key":"SMITH"},{"data":"infinitespire:Collect","floor":49,"key":"SMITH"},{"data":"construct:AttackMode+1","floor":52,"key":"SMITH"}],"circlet_count":0,"master_deck":["construct:Defend_Gold+2","construct:Defend_Gold+2","construct:Defend_Gold+2","construct:Defend_Gold+2","construct:Defend_Gold+2","construct:AttackMode+2","construct:Dampening+2","construct:DefenseMode+2","construct:ShieldBurst+2","construct:Reinforce+2","construct:QuickAttack+2","infinitespire:Collect+1","construct:Boost+2"],"relics":["construct:ClockworkPhoenix","hubris:OldNail","StoneCalendar","Blood Vial","Thread and Needle","Pocketwatch","construct:WeddingRing","Potion Belt","ReplayTheSpireMod:Shallot","wanderingMiniBosses:CarrionFlame","MawBank","Gremlin Horn","CherryCoatedStake","Replay:Arrowhead","Gremlin Food","Mango","halation:SwordOfLegend","Boot","halation:LettersToHer","Replay:Baseball"],"acts_visited":["Exordium","TheCity","TheBeyond","TheEnding"],"potions_floor_usage":[],"damage_taken":[{"damage":0,"enemies":"Cultist","floor":1,"turns":1},{"damage":0,"enemies":"Jaw Worm","floor":2,"turns":2},{"damage":0,"enemies":"Small Slimes","floor":3,"turns":1},{"damage":0,"enemies":"3 Louse","floor":5,"turns":2},{"damage":0,"enemies":"Gremlin Nob","floor":7,"turns":2},{"damage":0,"enemies":"Exordium Wildlife","floor":10,"turns":1},{"damage":0,"enemies":"Large Slime","floor":11,"turns":1},{"damage":0,"enemies":"3 Louse","floor":12,"turns":1},{"damage":3,"enemies":"The Guardian","floor":16,"turns":3},{"damage":0,"enemies":"Chosen","floor":18,"turns":2},{"damage":0,"enemies":"3 Byrds","floor":21,"turns":1},{"damage":0,"enemies":"3 Cultists","floor":22,"turns":1},{"damage":0,"enemies":"Slavers","floor":24,"turns":1},{"damage":0,"enemies":"Chosen and Byrds","floor":26,"turns":3},{"damage":0,"enemies":"Chosen and Byrds","floor":28,"turns":1},{"damage":0,"enemies":"Snake Plant","floor":29,"turns":1},{"damage":0,"enemies":"Cultist and Chosen","floor":30,"turns":1},{"damage":0,"enemies":"Shelled Parasite and Fungi","floor":31,"turns":2},{"damage":0,"enemies":"Automaton","floor":33,"turns":3},{"damage":3,"enemies":"3 Shapes","floor":35,"turns":1},{"damage":0,"enemies":"Orb Walker","floor":37,"turns":2},{"damage":0,"enemies":"Maw","floor":38,"turns":3},{"damage":0,"enemies":"Transient","floor":39,"turns":5},{"damage":13,"enemies":"R_Hoarder","floor":40,"turns":7},{"damage":0,"enemies":"Sphere and 2 Shapes","floor":43,"turns":2},{"damage":7,"enemies":"Sphere and 2 Shapes","floor":46,"turns":2},{"damage":0,"enemies":"Jaw Worm Horde","floor":47,"turns":2},{"damage":0,"enemies":"Giant Head","floor":48,"turns":2},{"damage":0,"enemies":"Time Eater","floor":50,"turns":1},{"damage":0,"enemies":"Shield and Spear","floor":54,"turns":1},{"damage":9,"enemies":"The Heart","floor":55,"turns":5}],"seed_played":"6894921328412909215","potions_obtained":[{"floor":5,"key":"Adrenaline Potion"},{"floor":5,"key":"Energy Potion"},{"floor":7,"key":"blueLaboratory:FruitPunch"},{"floor":24,"key":"Weak Potion"},{"floor":24,"key":"Energy Potion"},{"floor":38,"key":"blueLaboratory:FruitPunch"}],"is_trial":false,"path_per_floor":["M","M","M","?","M","R","E","R","T","M","M","M","?","?","R","B",null,"M","?","?","M","M","R","E","R","MIM","R","M","M","M","M","R_BF","B",null,"M","?","M","M","M","E","R","NS","MIM","R","AVR","M","M","E","R","B",null,"R","$","E","B",null],"character_chosen":"THE_CONSTRUCT_MOD","items_purchased":["halation:LettersToHer"],"campfire_rested":0,"item_purchase_floors":[53],"current_hp_per_floor":[90,90,90,90,90,90,90,90,90,90,90,90,90,72,72,79,95,95,95,95,95,95,95,95,95,95,95,95,95,95,95,95,100,100,97,97,100,100,100,87,87,87,110,110,110,106,109,112,114,119,119,119,119,119,117],"gold":756,"neow_bonus":"UPGRADE_CARD","is_daily":false,"chose_seed":false,"campfire_upgraded":11,"win_rate":0.0,"timestamp":1610308339,"path_taken":["M","?","M","?","M","R","E","R","T","M","?","M","?","?","R","BOSS","M","?","?","M","?","R","E","R","MIM","R","M","?","M","M","R_BF","BOSS","M","?","?","M","M","E","R","NS","MIM","R","AVR","M","M","E","R","BOSS","R","$","E","BOSS"],"items_purchased_type":["Relic"],"build_version":"2020-12-22","purchased_purges":2,"victory":true,"max_hp_per_floor":[90,90,90,90,90,90,90,90,90,90,90,90,90,90,90,95,95,95,95,95,95,95,95,95,95,95,95,95,95,95,95,95,100,100,100,100,100,100,100,100,100,100,114,114,114,114,114,114,114,119,119,119,119,119,124],"card_choices":[{"not_picked":["construct:SyphonStrike+1","construct:Backup","construct:Versatility+1"],"picked":"SKIP","floor":1},{"not_picked":["construct:Failsafe","construct:CripplingShot","construct:Disrupt"],"picked":"SKIP","floor":2},{"not_picked":["construct:HeavyBolt","construct:Isolate","construct:Versatility+1"],"picked":"SKIP","floor":3},{"not_picked":["construct:ShiftStrike+1","construct:ModeShift+1","construct:Forcefield"],"picked":"SKIP","floor":5},{"not_picked":["construct:Reserves","construct:Isolate+1"],"picked":"construct:Dampening+1","floor":7},{"not_picked":["construct:HardReboot","construct:Forcefield+1","construct:Chainstrike"],"picked":"SKIP","floor":7},{"not_picked":["construct:ElectricArmor+1","construct:HeavyBolt+1","construct:Backup"],"picked":"SKIP","floor":10},{"not_picked":["construct:ElectricArmor+1","construct:HeavyBolt+1","construct:Backup"],"picked":"SKIP","floor":10},{"not_picked":["construct:FocusedBeam+1","construct:Boost","construct:ScrapCannon"],"picked":"SKIP","floor":11},{"not_picked":["construct:FierceBash+1","construct:Analyze","construct:SuppressiveFire"],"picked":"SKIP","floor":12},{"not_picked":["construct:FocusedBeam","construct:Versatility","construct:UnbalancingBlast"],"picked":"SKIP","floor":18},{"not_picked":["construct:SuppressiveFire","construct:CriticalHit","construct:SweepLaser+1"],"picked":"SKIP","floor":21},{"not_picked":["construct:SuppressiveFire","construct:CriticalHit","construct:SweepLaser+1"],"picked":"SKIP","floor":21},{"not_picked":["construct:ScopeCore","construct:ClusterMines","construct:ScrapCannon+1"],"picked":"SKIP","floor":22},{"not_picked":["construct:FocusedBeam","construct:SaveState+1","construct:Disrupt"],"picked":"SKIP","floor":24},{"not_picked":["construct:HeavyBolt","construct:Forcefield+1"],"picked":"construct:Analyze+1","floor":26},{"not_picked":["construct:PanicFire","construct:SweepLaser+1"],"picked":"construct:Reinforce+1","floor":28},{"not_picked":["construct:ScrapCannon+1","construct:Forcefield","construct:Backfire"],"picked":"SKIP","floor":29},{"not_picked":["construct:PowerUp+1","construct:Tumble+1"],"picked":"construct:ElectricArmor+1","floor":30},{"not_picked":["construct:FocusedBeam","construct:SaveState+1"],"picked":"construct:QuickAttack+1","floor":31},{"not_picked":["construct:Analyze+1","construct:PowerUp+1","construct:Forcefield"],"picked":"SKIP","floor":35},{"not_picked":["construct:ChargeShot+1","construct:MetalShell+1","construct:Autoturret"],"picked":"SKIP","floor":37},{"not_picked":["construct:ElectricArmor+1","construct:Accumulate+1","construct:Autoturret"],"picked":"SKIP","floor":38},{"not_picked":["construct:HardReboot+1","construct:FierceBash","construct:Construct_Overclock+1"],"picked":"SKIP","floor":39},{"not_picked":["construct:HardReboot+1","construct:FierceBash","construct:Construct_Overclock+1"],"picked":"SKIP","floor":39},{"not_picked":["construct:ChargeShot","construct:Disrupt+1","construct:Hazardproof+1"],"picked":"SKIP","floor":40},{"not_picked":["construct:HeavyBolt+1","construct:HardReboot+1","construct:VentSteam+1"],"picked":"SKIP","floor":46},{"not_picked":["construct:Enhance+1","construct:Boost","construct:ShiftingStance"],"picked":"SKIP","floor":47},{"not_picked":["construct:Accumulate+1","construct:SyphonStrike+1"],"picked":"construct:Boost+1","floor":48},{"not_picked":["construct:ScrapCannon","construct:SpinDrive","construct:ShiftGuard"],"picked":"SKIP","floor":54},{"not_picked":["construct:ScrapCannon","construct:SpinDrive","construct:ShiftGuard"],"picked":"SKIP","floor":54}],"player_experience":145353,"relics_obtained":[{"floor":5,"key":"hubris:OldNail"},{"floor":7,"key":"StoneCalendar"},{"floor":9,"key":"Blood Vial"},{"floor":9,"key":"Thread and Needle"},{"floor":16,"key":"Pocketwatch"},{"floor":24,"key":"Potion Belt"},{"floor":26,"key":"ReplayTheSpireMod:Shallot"},{"floor":26,"key":"wanderingMiniBosses:CarrionFlame"},{"floor":30,"key":"MawBank"},{"floor":31,"key":"Gremlin Horn"},{"floor":33,"key":"CherryCoatedStake"},{"floor":40,"key":"Gremlin Food"},{"floor":43,"key":"Mango"},{"floor":46,"key":"halation:SwordOfLegend"},{"floor":48,"key":"Boot"},{"floor":54,"key":"Replay:Baseball"}],"event_choices":[{"cards_removed":["construct:Strike_Gold"],"damage_healed":0,"gold_gain":0,"player_choice":"Offered Basic","damage_taken":0,"max_hp_gain":0,"max_hp_loss":0,"event_name":"Bonfire Elementals","floor":4,"gold_loss":0},{"damage_healed":0,"gold_gain":0,"player_choice":"Ignored","damage_taken":257,"max_hp_gain":0,"max_hp_loss":0,"event_name":"betterThird:BetterSerpent","floor":13,"gold_loss":0},{"damage_healed":90,"gold_gain":0,"player_choice":"Upgrade","damage_taken":18,"max_hp_gain":0,"max_hp_loss":90,"event_name":"betterThird:BetterShining","floor":14,"gold_loss":0,"cards_upgraded":["construct:Strike_Gold","construct:Defend_Gold"]},{"cards_removed":["construct:Strike_Gold"],"damage_healed":0,"gold_gain":0,"player_choice":"Upgrade and Remove","damage_taken":0,"max_hp_gain":0,"max_hp_loss":0,"event_name":"Designer","floor":19,"gold_loss":90,"cards_upgraded":["construct:Strike_Gold"]},{"damage_healed":0,"gold_gain":0,"player_choice":"Bet on Murderer","damage_taken":0,"max_hp_gain":0,"max_hp_loss":0,"event_name":"The Joust","floor":20,"gold_loss":50},{"damage_healed":0,"gold_gain":0,"player_choice":"Got Potions","damage_taken":0,"max_hp_gain":0,"max_hp_loss":0,"event_name":"Lab","floor":36,"gold_loss":0}],"is_beta":false,"boss_relics":[{"not_picked":["halation:MonkeysPaw","ReplayTheSpireMod:DimensionalGlitch"],"picked":"construct:WeddingRing"},{"not_picked":["Replay:Bronze Core","Runic Pyramid","Snecko Eye"]}],"items_purged_floors":[53,53],"is_endless":false,"potions_floor_spawned":[1,3,5,11,16,21,24,28,35,39],"ascension_level":-20}}