{"host":"f5y45f7z7ziu0smp","time":1610284514,"event":{"mods":["AchievementEnabler","BaseMod","Koishi","Marisa£¨Ùöéë¡¡Øª×âÞÞ£©","Minty Spire (QoL Compilation)","StSLib","SuperFastMode"],"gold_per_floor":[116,116,39,64,14,50,50,89,89,110,188,211,224,73,73,197,197,197,197,197,197,197,197,197,41,41,41,41,41,41,41,41,41,41,41,41,41,41,41,41,41,41,41,41,41,41,41,41,41,41],"floor_reached":51,"playtime":1333,"items_purged":["Defend_R"],"score":907,"play_id":"6992ebb1-0032-4af0-b514-b465cda76ff0","local_time":"20210110221514","is_ascension_mode":true,"campfire_choices":[{"data":"Seeing Red","floor":7,"key":"SMITH"},{"data":"Double Tap","floor":15,"key":"SMITH"},{"data":"Searing Blow+1","floor":24,"key":"SMITH"},{"data":"Searing Blow+2","floor":28,"key":"SMITH"},{"data":"Searing Blow+3","floor":32,"key":"SMITH"},{"data":"Searing Blow+5","floor":40,"key":"SMITH"},{"data":"Searing Blow+6","floor":42,"key":"SMITH"},{"data":"Searing Blow+7","floor":44,"key":"SMITH"},{"data":"Searing Blow+8","floor":46,"key":"SMITH"},{"data":"Searing Blow+9","floor":49,"key":"SMITH"}],"circlet_count":0,"master_deck":["Strike_R","Strike_R","Strike_R","Strike_R","Strike_R","Defend_R","Defend_R","Bash","Headbutt","Seeing Red+1","Anger","Feed","Double Tap+1","Clash","Sword Boomerang","Perfected Strike","Thunderclap","Clash","Offering","Searing Blow+10","RitualDagger","Twin Strike","Rage","Clash","Headbutt","Battle Trance","Battle Trance","Perfected Strike","Pommel Strike+1","Wild Strike+1","Pommel Strike","Twin Strike+1","Exhume","Perfected Strike+1","Flex+1","Flex+1"],"relics":["Burning Blood","NeowsBlessing","Golden Idol","Singing Bowl","Red Skull","Ornamental Fan","Potion Belt","Ectoplasm","Prayer Wheel","Orrery","Mummified Hand","Omamori","Calipers","Sundial","Philosopher\u0027s Stone","Gremlin Horn"],"acts_visited":["Exordium","TheCity","TheBeyond"],"potions_floor_usage":[8,8,22,27,33,50,50,50],"damage_taken":[{"damage":0,"enemies":"Jaw Worm","floor":1,"turns":1},{"damage":0,"enemies":"2 Louse","floor":4,"turns":1},{"damage":0,"enemies":"Gremlin Nob","floor":6,"turns":1},{"damage":26,"enemies":"3 Sentries","floor":8,"turns":6},{"damage":0,"enemies":"Small Slimes","floor":10,"turns":3},{"damage":32,"enemies":"Lagavulin Event","floor":11,"turns":5},{"damage":7,"enemies":"Red Slaver","floor":12,"turns":3},{"damage":0,"enemies":"3 Louse","floor":13,"turns":2},{"damage":0,"enemies":"Slime Boss","floor":16,"turns":5},{"damage":12,"enemies":"Shell Parasite","floor":18,"turns":2},{"damage":8,"enemies":"Chosen","floor":19,"turns":2},{"damage":18,"enemies":"Snake Plant","floor":22,"turns":2},{"damage":12,"enemies":"Slavers","floor":23,"turns":3},{"damage":18,"enemies":"Gremlin Leader","floor":27,"turns":4},{"damage":9,"enemies":"Colosseum Slavers","floor":30,"turns":2},{"damage":0,"enemies":"Colosseum Nobs","floor":30,"turns":3},{"damage":8,"enemies":"3 Cultists","floor":31,"turns":3},{"damage":27,"enemies":"Collector","floor":33,"turns":5},{"damage":8,"enemies":"Orb Walker","floor":35,"turns":2},{"damage":0,"enemies":"3 Darklings","floor":37,"turns":2},{"damage":0,"enemies":"Spire Growth","floor":38,"turns":2},{"damage":12,"enemies":"Writhing Mass","floor":45,"turns":2},{"damage":0,"enemies":"Transient","floor":47,"turns":5},{"damage":0,"enemies":"Spire Growth","floor":48,"turns":1},{"damage":99,"enemies":"Donu and Deca","floor":50,"turns":7}],"seed_played":"-6482966684268790616","potions_obtained":[{"floor":4,"key":"SneckoOil"},{"floor":6,"key":"Explosive Potion"},{"floor":13,"key":"LiquidBronze"},{"floor":19,"key":"Explosive Potion"},{"floor":23,"key":"Weak Potion"},{"floor":30,"key":"Explosive Potion"},{"floor":38,"key":"GamblersBrew"},{"floor":48,"key":"Block Potion"}],"is_trial":false,"path_per_floor":["M","?","$","M","?","E","R","E","T","M","?","M","M","$","R","B",null,"M","M","?","?","M","E","R","$","T","E","R","$","?","M","R","B",null,"M","?","M","M","?","R","?","R","T","R","M","R","M","M","R","B",null],"character_chosen":"IRONCLAD","items_purchased":["Seeing Red","Thunderclap","Clash","Orrery"],"campfire_rested":0,"item_purchase_floors":[3,14,14,25],"current_hp_per_floor":[80,60,60,66,66,72,72,57,57,66,40,42,48,48,48,57,94,88,91,85,85,76,73,73,75,75,65,65,65,74,74,74,53,117,115,115,119,121,121,121,121,121,121,121,115,115,123,127,127,34],"gold":41,"neow_bonus":"THREE_ENEMY_KILL","is_daily":false,"chose_seed":false,"campfire_upgraded":10,"win_rate":0.0,"timestamp":1610284514,"path_taken":["M","?","$","M","?","E","R","E","T","M","?","M","M","$","R","BOSS","M","M","?","?","?","E","R","?","T","E","R","$","?","M","R","BOSS","M","?","?","M","?","R","?","R","T","R","M","R","M","M","R","BOSS"],"items_purchased_type":["Card","Card","Card","Relic"],"build_version":"2020-12-22","purchased_purges":1,"victory":true,"max_hp_per_floor":[80,80,80,80,80,80,80,85,85,88,88,91,91,91,91,94,94,94,99,99,99,102,105,105,107,107,109,109,109,115,117,117,117,117,117,117,119,121,121,121,121,121,121,121,121,121,123,127,127,127],"card_choices":[{"not_picked":["Clash","Shrug It Off"],"picked":"Headbutt","floor":1},{"not_picked":["Shrug It Off","Barricade"],"picked":"Anger","floor":4},{"not_picked":["Headbutt","Hemokinesis"],"picked":"Feed","floor":6},{"not_picked":["Carnage","Iron Wave","Blood for Blood"],"picked":"Singing Bowl","floor":8},{"not_picked":["Iron Wave","True Grit"],"picked":"Double Tap","floor":10},{"not_picked":["Pommel Strike","Armaments"],"picked":"Clash","floor":11},{"not_picked":["Spot Weakness","Havoc"],"picked":"Sword Boomerang","floor":12},{"not_picked":["Heavy Blade","True Grit"],"picked":"Perfected Strike","floor":13},{"not_picked":["Juggernaut","Impervious"],"picked":"Offering","floor":16},{"not_picked":["Heavy Blade","Armaments"],"picked":"Searing Blow","floor":18},{"not_picked":["Uppercut","Carnage+1","Clothesline"],"picked":"Singing Bowl","floor":19},{"not_picked":["Dual Wield+1","Reckless Charge+1"],"picked":"Twin Strike","floor":22},{"not_picked":["Wild Strike","Anger"],"picked":"Rage","floor":23},{"not_picked":["Clothesline","Evolve"],"picked":"Clash","floor":25},{"not_picked":["Feel No Pain","Warcry"],"picked":"Headbutt","floor":25},{"not_picked":["True Grit","Disarm"],"picked":"Battle Trance","floor":25},{"not_picked":["Warcry","Spot Weakness"],"picked":"Battle Trance","floor":25},{"not_picked":["Demon Form","Searing Blow","Evolve"],"picked":"Singing Bowl","floor":25},{"not_picked":["Second Wind+1","Clash","Bludgeon"],"picked":"Singing Bowl","floor":27},{"not_picked":["Rampage+1","Cleave+1"],"picked":"Perfected Strike","floor":30},{"not_picked":["True Grit","Armaments+1","Rupture"],"picked":"Singing Bowl","floor":31},{"not_picked":["Clothesline","Fiend Fire"],"picked":"Pommel Strike+1","floor":31},{"not_picked":["Feed","Exhume"],"picked":"Brutality","floor":33},{"not_picked":["Sword Boomerang","Iron Wave+1"],"picked":"Wild Strike+1","floor":35},{"not_picked":["Headbutt","Metallicize"],"picked":"Pommel Strike","floor":35},{"not_picked":["Entrench","Havoc","True Grit+1"],"picked":"Singing Bowl","floor":37},{"not_picked":["Clash","Clothesline"],"picked":"Twin Strike+1","floor":37},{"not_picked":["Searing Blow","Flame Barrier+1","Entrench+1"],"picked":"Singing Bowl","floor":38},{"not_picked":["Havoc+1","Uppercut+1"],"picked":"Exhume","floor":38},{"not_picked":["Body Slam+1","Cleave"],"picked":"Perfected Strike+1","floor":45},{"not_picked":["Seeing Red","Sever Soul"],"picked":"Flex+1","floor":45},{"not_picked":["Inflame","Clothesline+1"],"picked":"Flex+1","floor":47},{"not_picked":["Headbutt","Rampage+1","Shockwave+1"],"picked":"Singing Bowl","floor":47},{"not_picked":["Body Slam+1","Reckless Charge+1","Flex+1"],"picked":"Singing Bowl","floor":48},{"not_picked":["Rampage+1","Shrug It Off+1","Heavy Blade+1"],"picked":"Singing Bowl","floor":48}],"player_experience":83866,"relics_obtained":[{"floor":6,"key":"Singing Bowl"},{"floor":8,"key":"Red Skull"},{"floor":9,"key":"Ornamental Fan"},{"floor":11,"key":"Potion Belt"},{"floor":23,"key":"Prayer Wheel"},{"floor":26,"key":"Mummified Hand"},{"floor":27,"key":"Omamori"},{"floor":30,"key":"Calipers"},{"floor":30,"key":"Sundial"},{"floor":43,"key":"Gremlin Horn"}],"event_choices":[{"damage_healed":0,"gold_gain":0,"player_choice":"Take Damage","damage_taken":20,"relics_obtained":["Golden Idol"],"max_hp_gain":0,"max_hp_loss":0,"event_name":"Golden Idol","floor":2,"gold_loss":0},{"cards_removed":["Defend_R"],"damage_healed":0,"gold_gain":0,"player_choice":"Card Removal","damage_taken":0,"max_hp_gain":0,"max_hp_loss":0,"event_name":"The Cleric","floor":5,"gold_loss":50},{"damage_healed":0,"gold_gain":0,"player_choice":"Searched \u00271\u0027 times","damage_taken":0,"max_hp_gain":0,"max_hp_loss":0,"event_name":"Dead Adventurer","floor":11,"gold_loss":0},{"damage_healed":0,"gold_gain":0,"player_choice":"Joined the Cult","damage_taken":6,"max_hp_gain":0,"max_hp_loss":0,"event_name":"Nest","floor":20,"gold_loss":0,"cards_obtained":["RitualDagger"]},{"damage_healed":0,"gold_gain":0,"player_choice":"Forge","damage_taken":0,"max_hp_gain":0,"max_hp_loss":0,"event_name":"Accursed Blacksmith","floor":21,"gold_loss":0,"cards_upgraded":["Searing Blow"]},{"damage_healed":0,"gold_gain":0,"player_choice":"Fight","damage_taken":0,"max_hp_gain":0,"max_hp_loss":0,"event_name":"Colosseum","floor":30,"gold_loss":0},{"damage_healed":0,"gold_gain":0,"player_choice":"Fought Nobs","damage_taken":0,"max_hp_gain":0,"max_hp_loss":0,"event_name":"Colosseum","floor":30,"gold_loss":0},{"damage_healed":0,"gold_gain":0,"player_choice":"Upgraded","damage_taken":0,"max_hp_gain":0,"max_hp_loss":0,"event_name":"Upgrade Shrine","floor":36,"gold_loss":0,"cards_upgraded":["Searing Blow"]},{"cards_removed":["Brutality"],"damage_healed":0,"gold_gain":0,"player_choice":"Removed Power","damage_taken":0,"max_hp_gain":0,"max_hp_loss":0,"event_name":"Falling","floor":39,"gold_loss":0},{"damage_healed":0,"gold_gain":100,"player_choice":"Pray","damage_taken":0,"max_hp_gain":0,"max_hp_loss":0,"event_name":"Golden Shrine","floor":41,"gold_loss":0}],"is_beta":false,"boss_relics":[{"not_picked":["SacredBark","Runic Dome"],"picked":"Ectoplasm"},{"not_picked":["Tiny House","Black Blood"],"picked":"Philosopher\u0027s Stone"}],"items_purged_floors":[14],"is_endless":false,"potions_floor_spawned":[4,6,13,19,23,30,30,38,48],"ascension_level":1}}