{"host":"2s2u0oiujacicbpp","time":1610296321,"event":{"mods":["Act Like it!","Arknights The Spire","BaseMod","Colored Powertips","Conspire","Downfall","Gensokyo","Hallownest","Hermit","Hero for Fun","Hubris","Infinite Spire","Koishi","Marisa????????","Minty Spire (QoL Compilation)","Remilia??????","Replay The Spire","Robot Space Explorer","Shop Mod","StSLib","Td1madao Mod","The Bug Knight","The Cursed","The Death Knight","The Dragon Tamer","The Hierophant","The Jungle","The Marked","The Necromancer","The Runesmith","The Servant 0.9.4","vexMod"],"gold_per_floor":[110,129,147,158,333,360,360,379,405,433,64,87,87,99,99,198,298,298,298],"floor_reached":18,"playtime":1265,"items_purged":["Doubt"],"score":172,"play_id":"75da7da2-ae9a-4e28-9504-ce1d2b3bb6c2","local_time":"20210110173201","is_ascension_mode":false,"campfire_choices":[{"data":"Whirlwind_of_Bones","floor":7.0,"key":"SMITH"},{"floor":15.0,"key":"DIG"}],"circlet_count":0,"master_deck":["Strike_W","Strike_W","Strike_W","Strike_W","Defend_W","Defend_W","Defend_W","Defend_W","Negative_Energy_Arrows","Bone_Wall","Death_March_Dance","Bone_Spikes","Bone_Spikes","Negative_Energy_Shield","Whirlwind_of_Bones+1","Bone_Armor","Blood_Is_Power","Blood_Wake","Negative_Energy_Javelin+1","Spectral_Armor","Summon_Death_Knight","CurseOfTheBell"],"relics":["Vampire_Amulet","NeowsBlessing","Toy Ornithopter","Lantern","Gremlin Food","Strange Spoon","Odd Mushroom","Question Card","Replay:Grab Bag","Philosopher\u0027s Stone","Replay:Wanted Poster","Calling Bell","infinitespire:Lucky Rock","infinitespire:Broken Mirror","Calipers"],"acts_visited":["Exordium"],"potions_floor_usage":[],"damage_taken":[{"damage":0.0,"enemies":"Cultist","floor":1.0,"turns":1.0},{"damage":0.0,"enemies":"Jaw Worm","floor":2.0,"turns":2.0},{"damage":0.0,"enemies":"Small Slimes","floor":3.0,"turns":3.0},{"damage":2.0,"enemies":"3 Louse","floor":4.0,"turns":4.0},{"damage":32.0,"enemies":"Lagavulin","floor":6.0,"turns":11.0},{"damage":0.0,"enemies":"2 Fungi Beasts","floor":8.0,"turns":3.0},{"damage":22.0,"enemies":"HollowMod:MossKnight","floor":10.0,"turns":9.0},{"damage":5.0,"enemies":"The Mushroom Lair","floor":12.0,"turns":2.0},{"damage":0.0,"enemies":"Blue Slaver","floor":14.0,"turns":4.0},{"damage":38.0,"enemies":"Fading Forest","floor":16.0,"turns":11.0},{"damage":9,"enemies":"theJungle:5_Spyders","floor":18,"turns":2}],"seed_played":"6870885315149121095","potions_obtained":[{"floor":2.0,"key":"hexamod:EctoCoolerPotion"},{"floor":4.0,"key":"Weak Potion"},{"floor":6.0,"key":"Reflective Coating"},{"floor":12.0,"key":"BlessingOfTheForge"},{"floor":16.0,"key":"Strength Potion"}],"is_trial":false,"path_per_floor":["M","M","M","M","?","E","R","M","T","E","$","?","?","M","R","B",null,"M"],"character_chosen":"NECROMANCER","items_purchased":["Blood_Wake","Strange Spoon"],"campfire_rested":0,"item_purchase_floors":[11,11],"current_hp_per_floor":[75,75,75,75,75,45,45,49,49,33,33,34,34,36,36,25,75,66,66],"gold":298,"neow_bonus":"THREE_ENEMY_KILL","is_daily":false,"chose_seed":false,"campfire_upgraded":1,"win_rate":0.0,"timestamp":1610296321,"path_taken":["M","?","M","M","?","E","R","M","T","E","$","?","?","M","R","BOSS","M"],"items_purchased_type":["Card","Relic"],"build_version":"2020-12-22","purchased_purges":1,"victory":false,"max_hp_per_floor":[75,75,75,75,75,75,75,75,75,75,75,75,75,75,75,75,75,75,75],"card_choices":[{"not_picked":["Negative_Energy_Shield","Finger_Of_Death"],"picked":"Death_March_Dance","floor":1.0},{"not_picked":["Cloudkill","Consume_Illness"],"picked":"Bone_Spikes","floor":2.0},{"not_picked":["Blood_Whip","Blood_Curse"],"picked":"Bone_Spikes","floor":3.0},{"not_picked":["Plague_Bolt","Blood_Whip"],"picked":"Negative_Energy_Shield","floor":4.0},{"not_picked":["Blood_Curse","Bone_Armory"],"picked":"Whirlwind_of_Bones","floor":6.0},{"not_picked":["Negative_Energy_Mist","Death_Coil"],"picked":"Bone_Armor","floor":8.0},{"not_picked":["Vampiric_Strike","Finger_Of_Death"],"picked":"Blood_Is_Power","floor":10.0},{"not_picked":["Death_Coil","Thousand_Bone_Knives"],"picked":"Negative_Energy_Javelin","floor":12.0},{"not_picked":["Grasp_Heart","Bone_Spikes"],"picked":"Spectral_Armor","floor":14.0},{"not_picked":["Blood_Wake","Grasp_Heart","Blood_Magic"],"picked":"Summon_Death_Knight","floor":16.0}],"player_experience":214884,"relics_obtained":[{"floor":6.0,"key":"Toy Ornithopter"},{"floor":9.0,"key":"Lantern"},{"floor":10.0,"key":"Gremlin Food"},{"floor":12.0,"key":"Odd Mushroom"},{"floor":15.0,"key":"Question Card"},{"floor":17,"key":"infinitespire:Lucky Rock"},{"floor":17,"key":"infinitespire:Broken Mirror"},{"floor":17,"key":"Calipers"}],"event_choices":[{"damage_healed":0.0,"max_hp_gain":0.0,"max_hp_loss":0.0,"gold_gain":175.0,"event_name":"Liars Game","player_choice":"AGREE","floor":5.0,"gold_loss":0.0,"damage_taken":0.0,"cards_obtained":["Doubt"]},{"damage_healed":0.0,"max_hp_gain":0.0,"max_hp_loss":0.0,"gold_gain":0.0,"event_name":"Mushrooms","player_choice":"Fought Mushrooms","floor":12.0,"gold_loss":0.0,"damage_taken":0.0}],"is_beta":false,"boss_relics":[{"not_picked":["Ring of Chaos","Busted Crown"],"picked":"Replay:Grab Bag"},{"not_picked":["Runic Dome","ChewingGum"],"picked":"Philosopher\u0027s Stone"},{"not_picked":["Ectoplasm","infinitespire:Cupcake"],"picked":"Replay:Wanted Poster"},{"not_picked":["SlaversCollar","Astrolabe"],"picked":"Calling Bell"}],"items_purged_floors":[11],"is_endless":false,"potions_floor_spawned":[2,4,6,12,16],"killed_by":"theJungle:5_Spyders","ascension_level":0}}