{"host":"kig4ty9d1aubg29s","time":1610276891,"event":{"mods":["BaseMod","Minty Spire (QoL Compilation)","READ ME - Guardian Mod","READ ME - Snecko Mod","StSLib","The Cursed","The Gatherer","The Hierophant","The Runesmith"],"gold_per_floor":[118,118,43,43,63,94,94,125,173,173,183,183,193,203,203,281,281,298,308,308,223,51,80,80,100,150,150,167,167,180,213,213,290,290,304,17,17,30,53,53,78,78,159,159,159,0,12,29,29,29,29,29],"floor_reached":51,"playtime":1886,"items_purged":[],"score":1471,"play_id":"81f6e45c-15b7-4119-93ac-79f9f270e05f","local_time":"20210110200811","is_ascension_mode":true,"campfire_choices":[{"data":"Zap","floor":7.0,"key":"SMITH"},{"floor":10.0,"key":"REST"},{"data":"Loop","floor":12.0,"key":"SMITH"},{"data":"Loop","floor":15.0,"key":"SMITH"},{"floor":24.0,"key":"REST"},{"floor":27.0,"key":"REST"},{"floor":32,"key":"REST"},{"data":"Storm","floor":40,"key":"SMITH"},{"floor":42,"key":"REST"},{"data":"Thunder Strike","floor":45,"key":"SMITH"},{"data":"Echo Form","floor":49,"key":"SMITH"}],"circlet_count":0,"master_deck":["AscendersBane","Strike_B+1","Strike_B+1","Strike_B+1","Strike_B+1","Defend_B+1","Defend_B+1","Defend_B+1","Defend_B+1","Zap+1","Dualcast","Loop+1","Ball Lightning","Consume","Fusion","Cold Snap","Loop+1","Darkness","Echo Form","CurseOfTheBell","Steam","Coolheaded+1","Loop+1","White Noise","Creative AI+1","Stack","Self Repair","Aggregate","Echo Form+1","Double Energy","Storm+1","Aggregate","Madness","Madness","Thunder Strike+1","Redo+1","Sweeping Beam+1"],"relics":["Cracked Core","NeowsBlessing","Centennial Puzzle","DataDisk","Gambling Chip","Blood Vial","Calling Bell","Lantern","Gremlin Horn","FossilizedHelix","HornCleat","DollysMirror","Ancient Tea Set","Tiny Chest","MealTicket","Sozu","Anchor","Omamori","Dream Catcher","Pantograph","Red Mask"],"acts_visited":["Exordium","TheCity","TheBeyond"],"potions_floor_usage":[31,33],"damage_taken":[{"damage":0.0,"enemies":"Jaw Worm","floor":1.0,"turns":1.0},{"damage":0.0,"enemies":"2 Louse","floor":5.0,"turns":1.0},{"damage":0.0,"enemies":"Lagavulin","floor":6.0,"turns":1.0},{"damage":40.0,"enemies":"3 Sentries","floor":8.0,"turns":5.0},{"damage":0.0,"enemies":"Cultist","floor":11.0,"turns":2.0},{"damage":12.0,"enemies":"2 Fungi Beasts","floor":13.0,"turns":2.0},{"damage":8.0,"enemies":"Blue Slaver","floor":14.0,"turns":2.0},{"damage":20.0,"enemies":"Hexaghost","floor":16.0,"turns":5.0},{"damage":17.0,"enemies":"3 Byrds","floor":18.0,"turns":3.0},{"damage":13.0,"enemies":"Shell Parasite","floor":19.0,"turns":6.0},{"damage":28.0,"enemies":"Gremlin Leader","floor":23.0,"turns":6.0},{"damage":0.0,"enemies":"Snecko","floor":25.0,"turns":3.0},{"damage":9.0,"enemies":"Centurion and Healer","floor":28.0,"turns":6.0},{"damage":27,"enemies":"Shelled Parasite and Fungi","floor":30,"turns":5},{"damage":28,"enemies":"Slavers","floor":31,"turns":4},{"damage":17,"enemies":"Collector","floor":33,"turns":6},{"damage":0,"enemies":"3 Shapes","floor":35,"turns":3},{"damage":0,"enemies":"Orb Walker","floor":38,"turns":4},{"damage":49,"enemies":"Nemesis","floor":41,"turns":7},{"damage":0,"enemies":"Writhing Mass","floor":47,"turns":4},{"damage":16,"enemies":"4 Shapes","floor":48,"turns":3},{"damage":34,"enemies":"Time Eater","floor":50,"turns":6},{"damage":72,"enemies":"Donu and Deca","floor":51,"turns":4}],"seed_played":"5281236780209488066","potions_obtained":[{"floor":1.0,"key":"Fruit Juice"},{"floor":5.0,"key":"Swift Potion"},{"floor":6.0,"key":"Regen Potion"},{"floor":13.0,"key":"Swift Potion"},{"floor":18.0,"key":"Explosive Potion"},{"floor":23.0,"key":"SkillPotion"},{"floor":31,"key":"LiquidBronze"}],"is_trial":false,"path_per_floor":["M","?","?","$","M","E","R","E","T","R","M","R","M","M","R","B",null,"M","M","?","?","$","E","R","M","T","R","M","?","M","E","R","B",null,"M","$","?","M","T","R","E","R","T","$","R","?","M","M","R","B","B"],"character_chosen":"DEFECT","items_purchased":["DollysMirror","Storm","Anchor","Aggregate"],"campfire_rested":5,"item_purchase_floors":[22,36,36,36],"current_hp_per_floor":[64,64,64,64,64,69,69,43,43,65,67,67,57,51,51,33,65,50,39,39,39,39,13,35,37,37,59,52,52,27,1,23,8,59,68,76,62,71,71,71,31,53,53,68,68,68,70,63,63,42,0,0],"gold":29,"neow_bonus":"THREE_ENEMY_KILL","is_daily":false,"chose_seed":false,"campfire_upgraded":6,"win_rate":0.0,"timestamp":1610276891,"path_taken":["M","?","?","?","M","E","R","E","T","R","?","R","M","M","R","BOSS","M","M","?","?","?","E","R","M","T","R","?","?","M","E","R","BOSS","M","$","?","M","?","R","E","R","T","?","R","?","?","M","R","BOSS","BOSS"],"items_purchased_type":["Relic","Card","Relic","Card"],"build_version":"2020-12-22","purchased_purges":0,"victory":false,"max_hp_per_floor":[71,71,71,71,71,76,76,76,76,76,76,76,76,76,76,76,76,76,76,76,76,76,76,76,76,76,76,76,76,76,76,76,76,76,76,76,76,76,76,76,76,76,76,76,76,76,76,76,76,76,76,76],"card_choices":[{"not_picked":["Rip and Tear","Compile Driver"],"picked":"Loop","floor":1.0},{"not_picked":["Coolheaded","Blizzard"],"picked":"Ball Lightning","floor":5.0},{"not_picked":["BootSequence","Biased Cognition"],"picked":"Consume","floor":6.0},{"not_picked":["Tempest","Hyperbeam"],"picked":"Fusion","floor":8.0},{"not_picked":["BootSequence","Gash"],"picked":"Cold Snap","floor":11.0},{"not_picked":["Rebound","Ball Lightning"],"picked":"Loop","floor":13.0},{"not_picked":["Go for the Eyes","Steam Power"],"picked":"Darkness","floor":14.0},{"not_picked":["Biased Cognition","Amplify"],"picked":"Echo Form","floor":16.0},{"not_picked":["Barrage","Streamline"],"picked":"Steam","floor":18.0},{"not_picked":["Sunder","Sweeping Beam+1"],"picked":"Coolheaded+1","floor":19.0},{"not_picked":["Ball Lightning","Coolheaded"],"picked":"White Noise","floor":23.0},{"not_picked":["Streamline","Doom and Gloom"],"picked":"Creative AI","floor":25.0},{"not_picked":["Coolheaded","Beam Cell"],"picked":"Stack","floor":28.0},{"not_picked":["Recycle","Barrage"],"picked":"Self Repair","floor":30},{"not_picked":["Darkness+1","Go for the Eyes"],"picked":"Aggregate","floor":31},{"not_picked":["Meteor Strike","Biased Cognition"],"picked":"Echo Form","floor":33},{"not_picked":["Cold Snap","Hologram+1"],"picked":"Double Energy","floor":35},{"not_picked":["Gash","Streamline"],"picked":"Thunder Strike","floor":38},{"not_picked":["Rebound+1","Gash+1"],"picked":"Redo+1","floor":41},{"not_picked":["Darkness+1","Rebound+1"],"picked":"Sweeping Beam+1","floor":42},{"not_picked":["Streamline","Gash+1","Leap"],"picked":"SKIP","floor":47},{"not_picked":["Reboot","Sweeping Beam","Coolheaded"],"picked":"SKIP","floor":48}],"player_experience":1928900,"relics_obtained":[{"floor":6.0,"key":"DataDisk"},{"floor":8.0,"key":"Gambling Chip"},{"floor":9.0,"key":"Blood Vial"},{"floor":17.0,"key":"Lantern"},{"floor":17.0,"key":"Gremlin Horn"},{"floor":17.0,"key":"FossilizedHelix"},{"floor":23.0,"key":"Ancient Tea Set"},{"floor":26.0,"key":"Tiny Chest"},{"floor":31,"key":"MealTicket"},{"floor":39,"key":"Omamori"},{"floor":41,"key":"Dream Catcher"},{"floor":43,"key":"Pantograph"}],"event_choices":[{"damage_healed":0.0,"max_hp_gain":0.0,"max_hp_loss":0.0,"gold_gain":0.0,"event_name":"Big Fish","player_choice":"Box","floor":2.0,"gold_loss":0.0,"damage_taken":0.0,"relics_obtained":["Centennial Puzzle"],"cards_obtained":["Regret"]},{"cards_removed":["Regret"],"damage_healed":0.0,"max_hp_gain":0.0,"max_hp_loss":0.0,"gold_gain":0.0,"event_name":"The Cleric","player_choice":"Card Removal","floor":3.0,"gold_loss":75.0,"damage_taken":0.0},{"damage_healed":0.0,"max_hp_gain":0.0,"max_hp_loss":0.0,"gold_gain":0.0,"event_name":"Back to Basics","player_choice":"Simplicity","floor":20.0,"gold_loss":0.0,"damage_taken":0.0,"cards_upgraded":["Strike_B","Strike_B","Strike_B","Strike_B","Defend_B","Defend_B","Defend_B","Defend_B"]},{"damage_healed":0.0,"max_hp_gain":0.0,"max_hp_loss":0.0,"gold_gain":0.0,"event_name":"Addict","player_choice":"Obtained Relic","floor":21.0,"gold_loss":85.0,"damage_taken":0.0,"relics_obtained":["HornCleat"]},{"damage_healed":0.0,"max_hp_gain":0.0,"max_hp_loss":0.0,"gold_gain":0.0,"event_name":"Upgrade Shrine","player_choice":"Upgraded","floor":29.0,"gold_loss":0.0,"damage_taken":0.0,"cards_upgraded":["Creative AI"]},{"damage_healed":0,"gold_gain":0,"player_choice":"Embrace Madness","damage_taken":14,"max_hp_gain":0,"max_hp_loss":0,"event_name":"Winding Halls","floor":37,"gold_loss":0,"cards_obtained":["Madness","Madness"]},{"damage_healed":0,"gold_gain":0,"player_choice":"Paid","damage_taken":0,"relics_obtained":["Red Mask"],"max_hp_gain":0,"max_hp_loss":0,"event_name":"Tomb of Lord Red Mask","floor":46,"gold_loss":159}],"is_beta":false,"boss_relics":[{"not_picked":["Cursed Key","Runesmith:UraniumAnvil"],"picked":"Calling Bell"},{"not_picked":["Coffee Dripper","Philosopher\u0027s Stone"],"picked":"Sozu"}],"items_purged_floors":[],"is_endless":false,"potions_floor_spawned":[1,5,6,13,18,23,31,38,41],"killed_by":"Donu and Deca","ascension_level":20}}