{"host":"1c17lcvl7acx821p","time":1610306700,"event":{"mods":["AchievementEnabler","BaseMod","Colored Map","Minty Spire (QoL Compilation)","StSLib"],"gold_per_floor":[118,137,150,150,163,163,177,207,207,282,132,142,142,157,157,259,259,270,285,299,141,151,176,192,192,192,192,221,221,53,85,85,182,182,201,251,268,14,14,41,61,87,135,135,162,162,188,45,45,45],"floor_reached":51,"playtime":3728,"items_purged":["Strike_R","Strike_R"],"score":1130,"play_id":"5df79e14-4008-47c5-acd1-b18c938c2d2f","local_time":"20210110212500","is_ascension_mode":true,"campfire_choices":[{"data":"Havoc","floor":6.0,"key":"SMITH"},{"data":"Whirlwind","floor":15.0,"key":"SMITH"},{"data":"Feed","floor":27,"key":"SMITH"},{"data":"Impervious","floor":29,"key":"SMITH"},{"data":"Clothesline","floor":32,"key":"SMITH"},{"data":"Warcry","floor":44,"key":"SMITH"},{"data":"Demon Form","floor":46,"key":"SMITH"},{"data":"Demon Form","floor":49,"key":"SMITH"}],"circlet_count":0,"master_deck":["Strike_R","Defend_R","Defend_R+1","Defend_R","Bash","Headbutt","Disarm+1","Havoc+1","Shrug It Off","Warcry+1","Whirlwind+1","Anger","Inflame","Impervious+1","Shrug It Off","Clothesline+1","Feed+1","Intimidate+1","True Grit+1","Finesse","Demon Form+1","Master of Strategy","Corruption","Seeing Red+1","Warcry","Demon Form+1"],"relics":["Burning Blood","Meat on the Bone","Potion Belt","Orrery","Runic Pyramid","Blood Vial","Enchiridion","War Paint","InkBottle","Bottled Lightning","Sozu","Champion Belt","Sling","Bird Faced Urn","Singing Bowl","Bag of Marbles","Happy Flower","Eternal Feather","TheAbacus"],"acts_visited":["Exordium","TheCity","TheBeyond"],"potions_floor_usage":[16,23,23,31,33,34,50,50,50,50,50],"damage_taken":[{"damage":3.0,"enemies":"2 Louse","floor":1.0,"turns":2.0},{"damage":7.0,"enemies":"Small Slimes","floor":2.0,"turns":3.0},{"damage":1.0,"enemies":"Cultist","floor":3.0,"turns":3.0},{"damage":13.0,"enemies":"Looter","floor":5.0,"turns":4.0},{"damage":33.0,"enemies":"Exordium Wildlife","floor":7.0,"turns":10.0},{"damage":10.0,"enemies":"Lagavulin","floor":8.0,"turns":9.0},{"damage":5.0,"enemies":"Large Slime","floor":12.0,"turns":5.0},{"damage":17.0,"enemies":"Exordium Thugs","floor":14.0,"turns":8.0},{"damage":44,"enemies":"Slime Boss","floor":16,"turns":11},{"damage":0,"enemies":"Shell Parasite","floor":18,"turns":8},{"damage":6,"enemies":"Chosen","floor":19,"turns":8},{"damage":18,"enemies":"Centurion and Healer","floor":20,"turns":9},{"damage":11,"enemies":"Snake Plant","floor":22,"turns":6},{"damage":7,"enemies":"Slavers","floor":23,"turns":3},{"damage":22,"enemies":"Sentry and Sphere","floor":24,"turns":8},{"damage":0,"enemies":"Gremlin Leader","floor":28,"turns":8},{"damage":1,"enemies":"Book of Stabbing","floor":31,"turns":7},{"damage":46,"enemies":"Collector","floor":33,"turns":10},{"damage":4,"enemies":"3 Darklings","floor":35,"turns":4},{"damage":0,"enemies":"Mind Bloom Boss Battle","floor":36,"turns":6},{"damage":2,"enemies":"Orb Walker","floor":37,"turns":4},{"damage":8,"enemies":"Giant Head","floor":40,"turns":7},{"damage":6,"enemies":"Writhing Mass","floor":41,"turns":7},{"damage":6,"enemies":"Reptomancer","floor":42,"turns":6},{"damage":9,"enemies":"Giant Head","floor":45,"turns":7},{"damage":22,"enemies":"Nemesis","floor":47,"turns":5},{"damage":33,"enemies":"Awakened One","floor":50,"turns":6}],"seed_played":"-9063126405411521919","potions_obtained":[{"floor":3.0,"key":"Dexterity Potion"},{"floor":7.0,"key":"EssenceOfSteel"},{"floor":8.0,"key":"BloodPotion"},{"floor":12.0,"key":"EssenceOfSteel"},{"floor":16,"key":"SkillPotion"},{"floor":20,"key":"DistilledChaos"},{"floor":24,"key":"HeartOfIron"},{"floor":33,"key":"EntropicBrew"}],"is_trial":false,"path_per_floor":["M","M","M","?","M","R","M","E","T","?","$","M","?","M","R","B",null,"M","M","M","$","M","E","M","?","T","R","E","R","$","E","R","B",null,"M","?","M","$","?","E","M","E","T","R","E","R","E","$","R","B",null],"character_chosen":"IRONCLAD","items_purchased":["Orrery","Finesse","Master of Strategy","Sling","TheAbacus"],"campfire_rested":0,"item_purchase_floors":[11,21,30,38,48],"current_hp_per_floor":[75,74,79,72,65,65,38,34,34,23,23,36,36,37,37,27,67,76,79,70,70,65,64,53,37,37,37,61,61,61,72,72,50,91,95,107,112,112,112,114,120,126,126,126,127,127,124,124,136,121],"gold":45,"neow_bonus":"REMOVE_CARD","is_daily":false,"chose_seed":false,"campfire_upgraded":8,"win_rate":0.0,"timestamp":1610306700,"path_taken":["M","M","M","?","M","R","M","E","T","?","$","M","?","M","R","BOSS","M","M","M","$","M","E","?","?","T","R","E","R","$","E","R","BOSS","M","?","M","$","?","E","M","E","T","R","E","R","E","$","R","BOSS"],"items_purchased_type":["Relic","Card","Card","Relic","Relic"],"build_version":"2020-12-22","purchased_purges":2,"victory":true,"max_hp_per_floor":[80,80,80,80,80,80,80,80,80,80,80,80,80,80,80,80,80,83,86,89,89,89,89,92,92,92,92,96,96,96,100,100,104,104,104,108,112,112,112,116,120,126,126,126,130,130,136,136,136,140],"card_choices":[{"not_picked":["Havoc","Flex"],"picked":"Headbutt","floor":1.0},{"not_picked":["Clothesline","Heavy Blade"],"picked":"Disarm","floor":2.0},{"not_picked":["Blood for Blood","Anger"],"picked":"Havoc","floor":3.0},{"not_picked":["Twin Strike","Heavy Blade"],"picked":"Shrug It Off","floor":5.0},{"not_picked":["Rupture","Hemokinesis"],"picked":"Warcry","floor":7.0},{"not_picked":["Clash","Flex"],"picked":"Whirlwind","floor":8.0},{"not_picked":["Armaments","Combust"],"picked":"Anger","floor":11.0},{"not_picked":["Rupture","Entrench"],"picked":"Inflame","floor":11.0},{"not_picked":["Bloodletting","Clash"],"picked":"Impervious","floor":11.0},{"not_picked":["Infernal Blade","Intimidate"],"picked":"Shrug It Off","floor":11.0},{"not_picked":["Armaments","Searing Blow"],"picked":"Clothesline","floor":11.0},{"not_picked":["Twin Strike","Wild Strike"],"picked":"Shrug It Off","floor":12.0},{"not_picked":["Clothesline","Headbutt","Warcry"],"picked":"SKIP","floor":14.0},{"not_picked":["Juggernaut","Fiend Fire"],"picked":"Feed","floor":16},{"not_picked":["Ghostly Armor","Anger+1"],"picked":"Intimidate+1","floor":18},{"not_picked":["Ghostly Armor+1","Wild Strike","Iron Wave+1"],"picked":"SKIP","floor":19},{"not_picked":["Thunderclap","Rage"],"picked":"True Grit+1","floor":20},{"not_picked":["Combust","Infernal Blade+1","True Grit"],"picked":"SKIP","floor":22},{"not_picked":["Heavy Blade","Headbutt","Perfected Strike"],"picked":"SKIP","floor":23},{"not_picked":["Clothesline+1","Infernal Blade","Havoc"],"picked":"SKIP","floor":24},{"not_picked":["Dropkick","Flex+1"],"picked":"Demon Form","floor":28},{"not_picked":["Twin Strike","Dual Wield+1","Heavy Blade"],"picked":"SKIP","floor":31},{"not_picked":["Twin Strike","Dual Wield+1","Heavy Blade"],"picked":"SKIP","floor":31},{"not_picked":["Barricade","Brutality"],"picked":"Corruption","floor":33},{"not_picked":["Iron Wave+1","Thunderclap+1"],"picked":"Seeing Red+1","floor":35},{"not_picked":["Iron Wave","Rupture+1","Armaments+1"],"picked":"SKIP","floor":37},{"not_picked":["Flex","Rage","Twin Strike+1"],"picked":"SKIP","floor":40},{"not_picked":["Flex","Rage","Twin Strike+1"],"picked":"SKIP","floor":40},{"not_picked":["Rupture","Carnage"],"picked":"Warcry","floor":41},{"not_picked":["Dual Wield","Perfected Strike","Iron Wave"],"picked":"Singing Bowl","floor":42},{"not_picked":["Headbutt","Whirlwind+1"],"picked":"Demon Form","floor":45},{"not_picked":["Sword Boomerang","Battle Trance+1","Headbutt+1"],"picked":"Singing Bowl","floor":47}],"player_experience":24010,"relics_obtained":[{"floor":8.0,"key":"Meat on the Bone"},{"floor":9.0,"key":"Potion Belt"},{"floor":23,"key":"Blood Vial"},{"floor":25,"key":"Enchiridion"},{"floor":26,"key":"War Paint"},{"floor":28,"key":"InkBottle"},{"floor":31,"key":"Bottled Lightning"},{"floor":36,"key":"Champion Belt"},{"floor":40,"key":"Bird Faced Urn"},{"floor":42,"key":"Singing Bowl"},{"floor":43,"key":"Bag of Marbles"},{"floor":45,"key":"Happy Flower"},{"floor":47,"key":"Eternal Feather"}],"event_choices":[{"cards_removed":["Strike_R"],"damage_healed":0.0,"max_hp_gain":0.0,"max_hp_loss":0.0,"gold_gain":0.0,"event_name":"Golden Wing","player_choice":"Card Removal","floor":4.0,"gold_loss":0.0,"damage_taken":7.0},{"damage_healed":0.0,"max_hp_gain":0.0,"max_hp_loss":0.0,"gold_gain":75.0,"event_name":"World of Goop","player_choice":"Gather Gold","floor":10.0,"gold_loss":0.0,"damage_taken":11.0},{"cards_removed":["Strike_R"],"damage_healed":0.0,"max_hp_gain":0.0,"max_hp_loss":0.0,"gold_gain":0.0,"event_name":"Bonfire Elementals","player_choice":"Offered Basic","floor":13.0,"gold_loss":0.0,"damage_taken":0.0},{"damage_healed":0,"gold_gain":0,"player_choice":"Obtained Book","damage_taken":16,"max_hp_gain":0,"max_hp_loss":0,"event_name":"Cursed Tome","floor":25,"gold_loss":0},{"damage_healed":0,"gold_gain":0,"player_choice":"Fight","damage_taken":0,"max_hp_gain":0,"max_hp_loss":0,"event_name":"MindBloom","floor":36,"gold_loss":0},{"cards_removed":["Shrug It Off"],"damage_healed":0,"gold_gain":0,"player_choice":"Removed Skill","damage_taken":0,"max_hp_gain":0,"max_hp_loss":0,"event_name":"Falling","floor":39,"gold_loss":0}],"is_beta":false,"boss_relics":[{"not_picked":["Black Blood","SacredBark"],"picked":"Runic Pyramid"},{"not_picked":["Velvet Choker","Empty Cage"],"picked":"Sozu"}],"items_purged_floors":[21,38],"is_endless":false,"potions_floor_spawned":[3,7,8,12,16,20,24,33,40,41,47],"ascension_level":7}}