{"host":"uvd23xk3ig6bv7xx","time":1610302826,"event":{"mods":["BaseMod","Colored Powertips","Minty Spire (QoL Compilation)","Quick Restart","StSLib","SuperFastMode","¡¾ÒÅÎï¿¨ÅÆ¡¿REMEMod"],"gold_per_floor":[215,57,73,93,112,142,158,168,168,186,186,298,310,337,349,361,361],"floor_reached":16,"playtime":415,"items_purged":[],"score":106,"play_id":"6cf82f70-8e3b-48e3-8bdd-4ef34af0d375","local_time":"20210111022026","is_ascension_mode":false,"campfire_choices":[{"data":"Whirlwind","floor":13.0,"key":"SMITH"},{"data":"Double Tap","floor":15.0,"key":"SMITH"}],"circlet_count":0,"master_deck":["Strike_R","Strike_R","Strike_R","Strike_R","Strike_R","Defend_R","Defend_R","Defend_R","Defend_R","Bash","Double Tap+1","Whirlwind+1","Flash of Steel","Shrug It Off","Clash","Headbutt","Offering","Flame Barrier","Entrench"],"relics":["Burning Blood","REME_ComplimentaryCards","Paper Frog","InkBottle","MawBank"],"acts_visited":["Exordium"],"potions_floor_usage":[],"damage_taken":[{"damage":6.0,"enemies":"Cultist","floor":1.0,"turns":3.0},{"damage":6.0,"enemies":"Jaw Worm","floor":3.0,"turns":3.0},{"damage":8.0,"enemies":"2 Louse","floor":4.0,"turns":2.0},{"damage":7.0,"enemies":"Blue Slaver","floor":5.0,"turns":3.0},{"damage":22.0,"enemies":"Lagavulin","floor":6.0,"turns":6.0},{"damage":11.0,"enemies":"3 Louse","floor":7.0,"turns":3.0},{"damage":6.0,"enemies":"Gremlin Gang","floor":8.0,"turns":1.0},{"damage":16.0,"enemies":"Looter","floor":10.0,"turns":2.0},{"damage":8.0,"enemies":"Blue Slaver","floor":14.0,"turns":2.0},{"damage":45,"enemies":"Hexaghost","floor":16,"turns":7}],"seed_played":"-1219364995356050369","potions_obtained":[{"floor":3.0,"key":"HeartOfIron"},{"floor":6.0,"key":"EssenceOfSteel"},{"floor":7.0,"key":"Fire Potion"},{"floor":14.0,"key":"Regen Potion"}],"is_trial":false,"path_per_floor":["M","$","M","M","M","E","M","M","T","M","T","?","R","M","R","B"],"character_chosen":"IRONCLAD","items_purchased":["Whirlwind","Flash of Steel"],"campfire_rested":0,"item_purchase_floors":[2,2],"current_hp_per_floor":[80,80,80,78,77,61,56,56,56,46,46,46,46,44,44,0,0],"gold":361,"neow_bonus":"HUNDRED_GOLD","is_daily":false,"chose_seed":false,"campfire_upgraded":2,"win_rate":0.0,"timestamp":1610302826,"path_taken":["M","$","M","M","M","E","M","M","T","M","?","?","R","M","R","BOSS"],"items_purchased_type":["Card","Card"],"build_version":"2020-12-22","purchased_purges":0,"victory":false,"max_hp_per_floor":[80,80,80,80,80,80,80,80,80,80,80,80,80,80,80,80,80],"card_choices":[{"not_picked":["Spot Weakness","Warcry","Perfected Strike"],"picked":"SKIP","floor":1.0},{"not_picked":["Feel No Pain","Sword Boomerang"],"picked":"Shrug It Off","floor":3.0},{"not_picked":["Disarm","Perfected Strike"],"picked":"Clash","floor":4.0},{"not_picked":["Feel No Pain","True Grit"],"picked":"Headbutt","floor":5.0},{"not_picked":["Feel No Pain","Flex"],"picked":"Offering","floor":6.0},{"not_picked":["Rampage","Burning Pact"],"picked":"Flame Barrier","floor":7.0},{"not_picked":["Sever Soul","Clothesline","Pummel"],"picked":"SKIP","floor":8.0},{"not_picked":["Thunderclap","Clash"],"picked":"Entrench","floor":10.0},{"not_picked":["Cleave","Clothesline","Spot Weakness"],"picked":"SKIP","floor":14.0}],"player_experience":324709,"relics_obtained":[{"floor":6.0,"key":"Paper Frog"},{"floor":9.0,"key":"InkBottle"},{"floor":11.0,"key":"MawBank"}],"event_choices":[{"damage_healed":0.0,"max_hp_gain":0.0,"max_hp_loss":0.0,"gold_gain":100.0,"event_name":"Golden Shrine","player_choice":"Pray","floor":12.0,"gold_loss":0.0,"damage_taken":0.0}],"is_beta":false,"boss_relics":[],"items_purged_floors":[],"is_endless":false,"potions_floor_spawned":[3,6,7,14],"killed_by":"Hexaghost","ascension_level":0}}