{"host":"y76x98twjnyyxs83","time":1610322357,"event":{"mods":["BaseMod","Colored Powertips","Minty Spire (QoL Compilation)","Permanent Neow","Quick Restart","Rare Cards Sparkle","Relic Stats","StSLib"],"gold_per_floor":[159,178,191,341,213,213,244,254,254,279,16,16,16,16],"floor_reached":13,"playtime":521,"items_purged":["Doubt","Strike_P"],"score":236,"play_id":"a904b488-bfdc-4428-b020-de07fc0f557d","local_time":"20210111074557","is_ascension_mode":true,"campfire_choices":[{"data":"CrushJoints","floor":6,"key":"SMITH"}],"circlet_count":0,"master_deck":["AscendersBane","Strike_P","Strike_P","Defend_P","Defend_P","Defend_P","Defend_P","Eruption","Vigilance+1","CrushJoints+1","Wallop","FlyingSleeves","Adaptation","Crescendo","Wireheading","FearNoEvil","Tantrum","SandsOfTime"],"relics":["Tiny House","TungstenRod","Pantograph","Singing Bowl"],"acts_visited":["Exordium"],"potions_floor_usage":[7,8,13],"damage_taken":[{"damage":5,"enemies":"2 Louse","floor":1,"turns":4},{"damage":9,"enemies":"Small Slimes","floor":2,"turns":5},{"damage":7,"enemies":"Jaw Worm","floor":3,"turns":3},{"damage":0,"enemies":"Gremlin Nob","floor":7,"turns":2},{"damage":11,"enemies":"Lots of Slimes","floor":8,"turns":3},{"damage":26,"enemies":"Lagavulin","floor":10,"turns":6},{"damage":18,"enemies":"3 Sentries","floor":13,"turns":2}],"seed_played":"2671386639236280680","potions_obtained":[{"floor":0,"key":"PowerPotion"},{"floor":3,"key":"FearPotion"},{"floor":7,"key":"PowerPotion"}],"is_trial":false,"path_per_floor":["M","M","M","?","$","R","E","M","T","E","$","?","E"],"character_chosen":"WATCHER","items_purchased":["Crescendo","Tantrum","SandsOfTime"],"campfire_rested":0,"item_purchase_floors":[5,11,11],"current_hp_per_floor":[61,52,45,45,45,45,45,34,34,10,10,10,0,0],"gold":16,"neow_bonus":"BOSS_RELIC","is_daily":false,"chose_seed":false,"campfire_upgraded":1,"win_rate":0.0,"timestamp":1610322357,"path_taken":["M","M","M","?","$","R","E","M","T","E","$","?","E"],"items_purchased_type":["Card","Card","Card"],"build_version":"2020-12-22","purchased_purges":2,"victory":false,"max_hp_per_floor":[73,73,73,73,73,73,73,73,73,75,75,75,75,75],"relic_stats":{"Singing Bowl":2,"counters":[7,25],"Pantograph":0,"obtain_stats":[{"Tiny House":0,"Singing Bowl":10,"Pantograph":9,"PureWater":0,"TungstenRod":7},{"Tiny House":0,"Singing Bowl":6,"Pantograph":5,"PureWater":0,"TungstenRod":4},{"Tiny House":0,"Singing Bowl":23,"Pantograph":17,"PureWater":0,"TungstenRod":14}],"TungstenRod":7},"card_choices":[{"not_picked":["BowlingBash","SashWhip"],"picked":"CrushJoints","floor":0},{"not_picked":["DeceiveReality","Protect"],"picked":"Wallop","floor":1},{"not_picked":["Indignation","FlurryOfBlows"],"picked":"FlyingSleeves","floor":2},{"not_picked":["CrushJoints","WaveOfTheHand"],"picked":"Adaptation","floor":3},{"not_picked":["Prostrate","ReachHeaven"],"picked":"Wireheading","floor":7},{"not_picked":["Crescendo","PathToVictory"],"picked":"FearNoEvil","floor":8},{"not_picked":["SignatureMove","ThirdEye","Devotion"],"picked":"Singing Bowl","floor":10}],"player_experience":1118667,"relics_obtained":[{"floor":7,"key":"TungstenRod"},{"floor":9,"key":"Pantograph"},{"floor":10,"key":"Singing Bowl"}],"event_choices":[{"damage_healed":0,"gold_gain":150,"player_choice":"AGREE","damage_taken":0,"max_hp_gain":0,"max_hp_loss":0,"event_name":"Liars Game","floor":4,"gold_loss":0,"cards_obtained":["Doubt"]},{"cards_removed":["Strike_P"],"damage_healed":0,"gold_gain":0,"player_choice":"Forget","damage_taken":0,"max_hp_gain":0,"max_hp_loss":0,"event_name":"Living Wall","floor":12,"gold_loss":0}],"is_beta":false,"boss_relics":[],"items_purged_floors":[5,11],"is_endless":false,"potions_floor_spawned":[3,7],"killed_by":"3 Sentries","ascension_level":20}}