{"host":"bgq1kh73gni2z7sn","time":1610294297,"event":{"mods":["BaseMod","Block Reminder","Highlight Path","Infinite Spire","Minty Spire (QoL Compilation)","Quick Restart","StSLib"],"gold_per_floor":[114,17,27,44,44,76,76,103,150,150,178,178,212,60,60,161,161,172,191,191,35,35,68,68,81,81,81,81,81,110,136,136,257,257,267,267,121,140,140,175,201,241,319,345,345],"floor_reached":44,"playtime":4696,"items_purged":[],"score":729,"play_id":"462ccab7-e0b2-4688-a9d5-2632e459d2e9","local_time":"20210110165817","is_ascension_mode":true,"campfire_choices":[{"data":"Flex","floor":7,"key":"SMITH"},{"floor":10,"key":"REST"},{"floor":15,"key":"REST"},{"floor":24,"key":"REST"},{"floor":27,"key":"REST"},{"floor":29,"key":"REST"},{"floor":32,"key":"REST"}],"circlet_count":0,"master_deck":["Strike_R","Strike_R+1","Strike_R","Strike_R","Strike_R+1","Defend_R","Defend_R","Defend_R","Defend_R","Bash","Flex+1","Trip","True Grit","Offering","Iron Wave","Rupture","Bloodletting","Infernal Blade","Thunderclap","Hemokinesis","Shrug It Off","Offering","Pommel Strike","Thunderclap","J.A.X.","Clash+1","Perfected Strike+1","Iron Wave+1","Spot Weakness","Limit Break","Perfected Strike+1","Body Slam+1","Clothesline+1","Feel No Pain+1","Armaments+1"],"relics":["Burning Blood","PreservedInsect","HornCleat","Omamori","Whetstone","infinitespire:ShieldingShard","Matryoshka","infinitespire:Burning Sword","WarpedTongs","Juzu Bracelet","infinitespire:PuzzleCube","Boot","infinitespire:Midas Blood","Ancient Tea Set","Singing Bowl","Mark of Pain","HandDrill","Bag of Marbles","Shuriken","Bottled Tornado"],"acts_visited":["Exordium","TheCity","TheBeyond"],"potions_floor_usage":[6,18,19,33,38,38,38,40,42],"damage_taken":[{"damage":16,"enemies":"2 Louse","floor":1,"turns":3},{"damage":1,"enemies":"Cultist","floor":3,"turns":4},{"damage":10,"enemies":"Small Slimes","floor":4,"turns":3},{"damage":6,"enemies":"Gremlin Nob","floor":6,"turns":2},{"damage":26,"enemies":"Lagavulin","floor":8,"turns":5},{"damage":26,"enemies":"3 Sentries","floor":11,"turns":7},{"damage":3,"enemies":"Gremlin Nob","floor":13,"turns":2},{"damage":69,"enemies":"Slime Boss","floor":16,"turns":10},{"damage":10,"enemies":"Chosen","floor":18,"turns":3},{"damage":4,"enemies":"Spheric Guardian","floor":19,"turns":3},{"damage":76,"enemies":"Slavers","floor":23,"turns":6},{"damage":31,"enemies":"Snake Plant","floor":25,"turns":2},{"damage":16,"enemies":"Centurion and Healer","floor":30,"turns":2},{"damage":20,"enemies":"Chosen and Byrds","floor":31,"turns":4},{"damage":27,"enemies":"Collector","floor":33,"turns":6},{"damage":0,"enemies":"3 Shapes","floor":35,"turns":2},{"damage":6,"enemies":"3 Darklings","floor":38,"turns":2},{"damage":6,"enemies":"Reptomancer","floor":40,"turns":2},{"damage":29,"enemies":"4 Shapes","floor":41,"turns":5},{"damage":14,"enemies":"Giant Head","floor":42,"turns":5},{"damage":46,"enemies":"Nightmare","floor":44,"turns":4}],"seed_played":"-4053836100432879654","potions_obtained":[{"floor":3,"key":"LiquidMemories"},{"floor":11,"key":"FearPotion"},{"floor":13,"key":"Strength Potion"},{"floor":31,"key":"PowerPotion"},{"floor":36,"key":"Energy Potion"},{"floor":36,"key":"CultistPotion"},{"floor":36,"key":"DistilledChaos"},{"floor":38,"key":"FearPotion"},{"floor":40,"key":"Weak Potion"},{"floor":41,"key":"SneckoOil"},{"floor":42,"key":"BlessingOfTheForge"}],"is_trial":false,"path_per_floor":["M","$","M","M","?","E","R","E","T","R","E","?","E","$","R","B",null,"M","M","?","$","?","E","R","M","T","R","T","R","M","M","R","B",null,"M","?","$","M","?","E","M","E","T","NM"],"character_chosen":"IRONCLAD","items_purchased":["Trip","Thunderclap","Hemokinesis","Shrug It Off","Juzu Bracelet","HandDrill"],"campfire_rested":6,"item_purchase_floors":[2,14,14,14,21,37],"current_hp_per_floor":[70,70,75,71,71,71,71,51,51,75,55,55,58,58,80,17,80,76,78,78,78,78,8,32,7,7,31,31,55,45,31,55,34,80,80,80,80,80,76,76,53,45,45,0,0],"gold":345,"neow_bonus":"RANDOM_COMMON_RELIC","is_daily":false,"chose_seed":false,"campfire_upgraded":1,"win_rate":0.0,"timestamp":1610294297,"path_taken":["M","$","M","M","?","E","R","E","T","R","E","?","E","$","R","BOSS","M","?","?","$","?","E","R","M","T","R","?","R","M","M","R","BOSS","M","?","?","M","?","E","M","E","T","NM"],"items_purchased_type":["Card","Card","Card","Card","Relic","Relic"],"build_version":"2020-12-22","purchased_purges":0,"victory":false,"max_hp_per_floor":[80,80,80,80,80,80,80,80,80,80,80,80,80,80,80,80,80,80,80,80,80,80,80,80,80,80,80,80,80,80,80,80,80,80,80,80,80,80,76,76,76,76,76,76,76],"card_choices":[{"not_picked":["Havoc","Pummel"],"picked":"Flex","floor":1},{"not_picked":["infinitespire:OneForAll","Havoc"],"picked":"True Grit","floor":3},{"not_picked":["Ghostly Armor","Searing Blow"],"picked":"Offering","floor":4},{"not_picked":["Intimidate","Rupture"],"picked":"Iron Wave","floor":6},{"not_picked":["Battle Trance","Ghostly Armor"],"picked":"Rupture","floor":8},{"not_picked":["Clothesline","Heavy Blade"],"picked":"Bloodletting","floor":11},{"not_picked":["Perfected Strike","Entrench"],"picked":"Infernal Blade","floor":13},{"not_picked":["Double Tap","Berserk"],"picked":"Offering","floor":16},{"not_picked":["Clothesline","True Grit"],"picked":"Pommel Strike","floor":18},{"not_picked":["Sever Soul","Iron Wave"],"picked":"Thunderclap","floor":19},{"not_picked":["Headbutt+1","Wild Strike"],"picked":"Clash+1","floor":23},{"not_picked":["Warcry","Evolve"],"picked":"Perfected Strike+1","floor":25},{"not_picked":["Second Wind","Armaments"],"picked":"Iron Wave+1","floor":30},{"not_picked":["Infernal Blade","Searing Blow"],"picked":"Spot Weakness","floor":31},{"not_picked":["Feed","Barricade"],"picked":"Limit Break","floor":33},{"not_picked":["Warcry","Pommel Strike+1"],"picked":"Perfected Strike+1","floor":35},{"not_picked":["Pummel","Feed"],"picked":"Body Slam+1","floor":38},{"not_picked":["Combust+1","Searing Blow"],"picked":"Clothesline+1","floor":40},{"not_picked":["Pommel Strike","Shrug It Off+1"],"picked":"Feel No Pain+1","floor":41},{"not_picked":["Wild Strike","Exhume"],"picked":"Armaments+1","floor":42}],"player_experience":96500,"relics_obtained":[{"floor":6,"key":"HornCleat"},{"floor":8,"key":"Omamori"},{"floor":9,"key":"Whetstone"},{"floor":11,"key":"infinitespire:ShieldingShard"},{"floor":13,"key":"Matryoshka"},{"floor":23,"key":"infinitespire:PuzzleCube"},{"floor":26,"key":"Boot"},{"floor":26,"key":"infinitespire:Midas Blood"},{"floor":28,"key":"Ancient Tea Set"},{"floor":28,"key":"Singing Bowl"},{"floor":40,"key":"Bag of Marbles"},{"floor":42,"key":"Shuriken"},{"floor":43,"key":"Bottled Tornado"}],"event_choices":[{"damage_healed":0,"gold_gain":0,"player_choice":"Ignored","damage_taken":0,"max_hp_gain":0,"max_hp_loss":0,"event_name":"Purifier","floor":12,"gold_loss":0},{"damage_healed":0,"gold_gain":0,"player_choice":"Rummage","damage_taken":0,"relics_obtained":["WarpedTongs"],"max_hp_gain":0,"max_hp_loss":0,"event_name":"Accursed Blacksmith","floor":20,"gold_loss":0,"cards_obtained":["Pain"]},{"damage_healed":0,"gold_gain":0,"player_choice":"Obtain J.A.X.","damage_taken":0,"max_hp_gain":0,"max_hp_loss":0,"event_name":"Drug Dealer","floor":22,"gold_loss":0,"cards_obtained":["J.A.X."]},{"damage_healed":0,"gold_gain":0,"player_choice":"Got Potions","damage_taken":0,"max_hp_gain":0,"max_hp_loss":0,"event_name":"Lab","floor":36,"gold_loss":0},{"damage_healed":0,"gold_gain":0,"player_choice":"Max HP","damage_taken":0,"max_hp_gain":0,"max_hp_loss":4,"event_name":"Winding Halls","floor":39,"gold_loss":0}],"is_beta":false,"boss_relics":[{"not_picked":["Coffee Dripper","Astrolabe"],"picked":"infinitespire:Burning Sword"},{"not_picked":["Runic Dome","Tiny House"],"picked":"Mark of Pain"}],"items_purged_floors":[],"is_endless":false,"potions_floor_spawned":[3,11,13,31,38,40,41,42],"killed_by":"Nightmare","ascension_level":4}}