{"host":"crjmoxe2wwb87pm5","time":1610254061,"event":{"mods":["BaseMod","Colored Map","GifTheSpireLib","Infinite Spire","Minty Spire (QoL Compilation)","Replay The Spire","StSLib"],"gold_per_floor":[111,130,144,144,144,176,33,108,131,131,144,161,161,131,131,230,230,246,171,191,191,191],"floor_reached":21,"playtime":1740,"items_purged":[],"score":179,"play_id":"76ec6926-28cf-4b51-8971-6af15e03cbab","local_time":"20210109234741","is_ascension_mode":false,"campfire_choices":[{"floor":10,"key":"REST"},{"floor":15,"key":"REST"}],"circlet_count":0,"master_deck":["Strike_G","Strike_G","Defend_G","Defend_G","Defend_G","Defend_G","Defend_G","Survivor","Hidden Blade","Cloak And Dagger","Fluid Movement+1","Terror","A Thousand Cuts","Deflect","Prepared","Cloak And Dagger","Envenom","Eviscerate+1","Distraction+1","Calculated Gamble"],"relics":["Runic Pyramid","Bag of Preparation","Orichalcum","Potion Belt","Astrolabe"],"acts_visited":["Exordium","TheCity"],"potions_floor_usage":[6,12,12,21,21],"damage_taken":[{"damage":0,"enemies":"Small Slimes","floor":1,"turns":4},{"damage":0,"enemies":"2 Louse","floor":2,"turns":3},{"damage":5,"enemies":"Jaw Worm","floor":3,"turns":4},{"damage":36,"enemies":"Lagavulin","floor":6,"turns":9},{"damage":17,"enemies":"Lots of Slimes","floor":11,"turns":5},{"damage":12,"enemies":"Exordium Thugs","floor":12,"turns":10},{"damage":0,"enemies":"Looter","floor":14,"turns":4},{"damage":13,"enemies":"The Guardian","floor":16,"turns":18},{"damage":6,"enemies":"Chosen","floor":18,"turns":7},{"damage":20,"enemies":"3 Byrds","floor":20,"turns":5},{"damage":20,"enemies":"3 Cultists","floor":21,"turns":5}],"seed_played":"-6443342167189441651","potions_obtained":[{"floor":2,"key":"Strength Potion"},{"floor":6,"key":"Poison Potion"},{"floor":11,"key":"Dexterity Potion"},{"floor":16,"key":"Block Potion"},{"floor":18,"key":"LifebloodPotion"}],"is_trial":false,"path_per_floor":["M","M","M","?","?","E","$","?","T","R","M","M","?","M","R","B",null,"M","?","M","M"],"character_chosen":"THE_SILENT","items_purchased":["A Thousand Cuts"],"campfire_rested":2,"item_purchase_floors":[7],"current_hp_per_floor":[70,70,65,65,58,22,22,11,11,32,15,3,3,3,24,11,70,64,64,44,24,24],"gold":191,"neow_bonus":"BOSS_RELIC","is_daily":false,"chose_seed":false,"campfire_upgraded":0,"win_rate":0.0,"timestamp":1610254061,"path_taken":["M","M","M","?","?","E","$","?","T","R","M","M","?","M","R","BOSS","M","?","M","M"],"items_purchased_type":["Card"],"build_version":"2020-12-22","purchased_purges":0,"victory":false,"max_hp_per_floor":[70,70,70,70,70,70,70,70,70,70,70,70,70,70,70,70,70,70,70,70,70,70],"card_choices":[{"not_picked":["Slice","Well Laid Plans","Flying Knee"],"picked":"SKIP","floor":1},{"not_picked":["Setup","Dagger Spray"],"picked":"Hidden Blade","floor":2},{"not_picked":["Sucker Punch","Dagger Spray"],"picked":"Cloak And Dagger","floor":3},{"not_picked":["Predator","Well Laid Plans"],"picked":"Terror","floor":6},{"not_picked":["Caltrops","Flechettes"],"picked":"Deflect","floor":11},{"not_picked":["Unload","Crippling Poison"],"picked":"Prepared","floor":12},{"not_picked":["Dagger Throw","Dagger Spray"],"picked":"Cloak And Dagger","floor":14},{"not_picked":["Tools of the Trade","ReplayTheSpireMod:From All Sides"],"picked":"Envenom","floor":16},{"not_picked":["Acrobatics+1","Expertise"],"picked":"Calculated Gamble","floor":18},{"not_picked":["Bane","PiercingWail","Flying Knee"],"picked":"SKIP","floor":20}],"player_experience":129524,"relics_obtained":[{"floor":6,"key":"Orichalcum"},{"floor":9,"key":"Potion Belt"}],"event_choices":[{"damage_healed":0,"gold_gain":0,"player_choice":"Success","damage_taken":7,"relics_obtained":["Bag of Preparation"],"max_hp_gain":0,"max_hp_loss":0,"event_name":"Scrap Ooze","floor":5,"gold_loss":0},{"damage_healed":0,"gold_gain":75,"player_choice":"Gather Gold","damage_taken":11,"max_hp_gain":0,"max_hp_loss":0,"event_name":"World of Goop","floor":8,"gold_loss":0},{"damage_healed":0,"gold_gain":0,"player_choice":"Ignored","damage_taken":0,"max_hp_gain":0,"max_hp_loss":0,"event_name":"Golden Wing","floor":13,"gold_loss":0},{"cards_removed":["Replay:Poison Smokescreen"],"damage_healed":0,"gold_gain":0,"player_choice":"Gave Gold","damage_taken":0,"max_hp_gain":0,"max_hp_loss":0,"event_name":"Beggar","floor":19,"gold_loss":75}],"is_beta":false,"boss_relics":[{"not_picked":["Black Star","ReplayTheSpireMod:SealedPack"],"picked":"Astrolabe"}],"items_purged_floors":[],"is_endless":false,"potions_floor_spawned":[2,6,11,16,18],"killed_by":"3 Cultists","ascension_level":0}}