{"host":"ci7ivtocgfxh0ueo","time":1610242417,"event":{"mods":["BaseMod","GifTheSpireLib","Minty Spire (QoL Compilation)","StSLib"],"gold_per_floor":[113,113,113,113,113,137,151,167,190,190,7,7,26,26,26,116,116,132,132,146,146,146,146,146,146,218,218,234,359,377,28,28,121,121,140,159,459,144,144,144,169,184,208,0,34,50,50,66,66,66],"floor_reached":51,"playtime":1482,"items_purged":["Pain"],"score":1253,"play_id":"4f0e9f80-ac58-4207-a688-645b9bb0cc45","local_time":"20210110093337","is_ascension_mode":true,"campfire_choices":[{"floor":10,"key":"REST"},{"data":"CarveReality","floor":12,"key":"SMITH"},{"floor":15,"key":"REST"},{"data":"Scrawl","floor":23,"key":"SMITH"},{"data":"FearNoEvil","floor":25,"key":"SMITH"},{"data":"Judgement","floor":27,"key":"SMITH"},{"data":"MentalFortress","floor":32,"key":"SMITH"},{"data":"ClearTheMind","floor":40,"key":"SMITH"},{"floor":47,"key":"REST"},{"floor":49,"key":"REST"}],"circlet_count":0,"master_deck":["AscendersBane","Strike_P","Defend_P","Defend_P","Defend_P","Defend_P+1","Eruption+1","Vigilance+1","CarveReality+1","FearNoEvil+1","WheelKick","Judgement+1","Scrawl+1","Wallop+1","BowlingBash","EmptyFist","MentalFortress+1","ClearTheMind+1","Perseverance","DeusExMachina","BattleHymn+1","SandsOfTime+1","Meditate+1","LessonLearned","LikeWater+1","Parasite","ClearTheMind+1"],"relics":["PureWater","NeowsBlessing","Golden Idol","War Paint","WarpedTongs","Regal Pillow","SlaversCollar","Thread and Needle","The Courier","Turnip","Yang","Pear","Astrolabe","Toolbox","Pen Nib","Bag of Preparation","Boot","Red Mask"],"acts_visited":["Exordium","TheCity","TheBeyond"],"potions_floor_usage":[13,16,20,29,29,29,33,33,50],"damage_taken":[{"damage":0,"enemies":"Cultist","floor":1,"turns":1},{"damage":0,"enemies":"2 Louse","floor":6,"turns":1},{"damage":0,"enemies":"Jaw Worm","floor":7,"turns":1},{"damage":9,"enemies":"3 Louse","floor":8,"turns":2},{"damage":10,"enemies":"Gremlin Gang","floor":13,"turns":3},{"damage":21,"enemies":"The Guardian","floor":16,"turns":9},{"damage":0,"enemies":"3 Byrds","floor":18,"turns":3},{"damage":1,"enemies":"2 Thieves","floor":20,"turns":3},{"damage":0,"enemies":"Snecko","floor":28,"turns":2},{"damage":10,"enemies":"Colosseum Slavers","floor":29,"turns":2},{"damage":0,"enemies":"Colosseum Nobs","floor":29,"turns":2},{"damage":5,"enemies":"Centurion and Healer","floor":30,"turns":5},{"damage":0,"enemies":"Automaton","floor":33,"turns":10},{"damage":7,"enemies":"3 Darklings","floor":35,"turns":4},{"damage":0,"enemies":"Orb Walker","floor":36,"turns":3},{"damage":8,"enemies":"Spire Growth","floor":41,"turns":4},{"damage":5,"enemies":"Jaw Worm Horde","floor":42,"turns":4},{"damage":38,"enemies":"Maw","floor":45,"turns":8},{"damage":0,"enemies":"Writhing Mass","floor":46,"turns":5},{"damage":5,"enemies":"Sphere and 2 Shapes","floor":48,"turns":2},{"damage":16,"enemies":"Donu and Deca","floor":50,"turns":7}],"seed_played":"8264830824492850056","potions_obtained":[{"floor":8,"key":"Dexterity Potion"},{"floor":13,"key":"AttackPotion"},{"floor":16,"key":"Energy Potion"},{"floor":20,"key":"GamblersBrew"},{"floor":30,"key":"ColorlessPotion"},{"floor":33,"key":"SteroidPotion"},{"floor":36,"key":"SteroidPotion"},{"floor":42,"key":"FairyPotion"},{"floor":45,"key":"PowerPotion"}],"is_trial":false,"path_per_floor":["M","?","?","?","?","M","M","M","T","R","$","R","M","$","R","B",null,"M","$","M","?","T","R","?","R","T","R","M","?","M","$","R","B",null,"M","M","?","$","T","R","M","M","T","?","M","M","R","M","R","B",null],"character_chosen":"WATCHER","items_purchased":["EntropicBrew","Pear","MentalFortress","ClearTheMind","Perseverance","LessonLearned","Toolbox","Pen Nib"],"campfire_rested":4,"item_purchase_floors":[11,31,31,31,31,38,38,38],"current_hp_per_floor":[61,38,38,12,12,12,12,3,3,38,38,38,28,28,63,42,62,62,62,61,68,68,68,68,68,68,68,68,58,53,63,63,63,74,67,67,67,67,67,67,59,54,54,54,16,16,54,49,78,62],"gold":66,"neow_bonus":"THREE_ENEMY_KILL","is_daily":false,"chose_seed":false,"campfire_upgraded":6,"win_rate":0.0,"timestamp":1610242417,"path_taken":["M","?","?","?","?","M","?","M","T","R","$","R","?","$","R","BOSS","M","$","?","?","?","R","?","R","T","R","M","?","M","$","R","BOSS","M","M","?","$","?","R","M","M","T","?","M","M","R","M","R","BOSS"],"items_purchased_type":["Potion","Relic","Card","Card","Card","Card","Relic","Relic"],"build_version":"2020-12-22","purchased_purges":1,"victory":true,"max_hp_per_floor":[68,68,68,68,68,68,68,68,68,68,68,68,68,68,68,68,68,68,68,68,68,68,68,68,68,68,68,68,68,68,78,78,78,78,78,78,78,78,78,78,78,78,78,78,78,78,78,78,78,78],"card_choices":[{"not_picked":["Halt","EmptyBody"],"picked":"CarveReality","floor":1},{"not_picked":["FollowUp","JustLucky"],"picked":"FearNoEvil","floor":6},{"not_picked":["PathToVictory","ThirdEye","Perseverance"],"picked":"SKIP","floor":7},{"not_picked":["Halt","Protect"],"picked":"WheelKick","floor":8},{"not_picked":["Protect","FlyingSleeves"],"picked":"Judgement","floor":13},{"not_picked":["DevaForm","SpiritShield"],"picked":"Scrawl","floor":16},{"not_picked":["Consecrate","WreathOfFlame"],"picked":"Wallop+1","floor":18},{"not_picked":["CutThroughFate","Vengeance"],"picked":"BowlingBash","floor":20},{"not_picked":["FollowUp+1","WaveOfTheHand"],"picked":"EmptyFist","floor":28},{"not_picked":["Prostrate","Consecrate","CutThroughFate"],"picked":"SKIP","floor":30},{"not_picked":["MasterReality","Brilliance"],"picked":"DeusExMachina","floor":33},{"not_picked":["CrushJoints","Evaluate","Study"],"picked":"SKIP","floor":35},{"not_picked":["Wallop","InnerPeace+1","Tantrum"],"picked":"SKIP","floor":36},{"not_picked":["WindmillStrike+1","Wallop","BowlingBash+1"],"picked":"SKIP","floor":41},{"not_picked":["Wireheading+1","JustLucky"],"picked":"LikeWater+1","floor":42},{"not_picked":["Prostrate","InnerPeace","JustLucky"],"picked":"SKIP","floor":45},{"not_picked":["CrushJoints","Worship+1","Pray"],"picked":"SKIP","floor":46},{"not_picked":["PathToVictory","FollowUp"],"picked":"ClearTheMind+1","floor":48}],"player_experience":1336683,"relics_obtained":[{"floor":9,"key":"Regal Pillow"},{"floor":22,"key":"Thread and Needle"},{"floor":26,"key":"The Courier"},{"floor":29,"key":"Turnip"},{"floor":29,"key":"Yang"},{"floor":39,"key":"Bag of Preparation"},{"floor":43,"key":"Boot"}],"event_choices":[{"damage_healed":0,"gold_gain":0,"player_choice":"Take Damage","damage_taken":23,"relics_obtained":["Golden Idol"],"max_hp_gain":0,"max_hp_loss":0,"event_name":"Golden Idol","floor":2,"gold_loss":0},{"damage_healed":0,"gold_gain":0,"player_choice":"Grow","damage_taken":0,"max_hp_gain":0,"max_hp_loss":0,"event_name":"Living Wall","floor":3,"gold_loss":0,"cards_upgraded":["Eruption"]},{"damage_healed":0,"gold_gain":0,"player_choice":"Success","damage_taken":26,"relics_obtained":["War Paint"],"max_hp_gain":0,"max_hp_loss":0,"event_name":"Scrap Ooze","floor":4,"gold_loss":0},{"damage_healed":0,"gold_gain":0,"player_choice":"Rummage","damage_taken":0,"relics_obtained":["WarpedTongs"],"max_hp_gain":0,"max_hp_loss":0,"event_name":"Accursed Blacksmith","floor":5,"gold_loss":0,"cards_obtained":["Pain"]},{"damage_healed":14,"gold_gain":0,"player_choice":"Heal","damage_taken":0,"max_hp_gain":0,"max_hp_loss":0,"event_name":"The Library","floor":21,"gold_loss":0},{"damage_healed":0,"gold_gain":0,"player_choice":"Ignored","damage_taken":0,"max_hp_gain":0,"max_hp_loss":0,"event_name":"Cursed Tome","floor":24,"gold_loss":0},{"damage_healed":0,"gold_gain":0,"player_choice":"Fight","damage_taken":0,"max_hp_gain":0,"max_hp_loss":0,"event_name":"Colosseum","floor":29,"gold_loss":0},{"damage_healed":0,"gold_gain":0,"player_choice":"Fought Nobs","damage_taken":0,"max_hp_gain":0,"max_hp_loss":0,"event_name":"Colosseum","floor":29,"gold_loss":0},{"damage_healed":0,"gold_gain":300,"player_choice":"Gold","damage_taken":0,"max_hp_gain":0,"max_hp_loss":0,"event_name":"Wheel of Change","floor":37,"gold_loss":0},{"damage_healed":0,"gold_gain":0,"player_choice":"Paid","damage_taken":0,"relics_obtained":["Red Mask"],"max_hp_gain":0,"max_hp_loss":0,"event_name":"Tomb of Lord Red Mask","floor":44,"gold_loss":208}],"is_beta":false,"boss_relics":[{"not_picked":["Empty Cage","Fusion Hammer"],"picked":"SlaversCollar"},{"not_picked":["Runic Pyramid","Busted Crown"],"picked":"Astrolabe"}],"items_purged_floors":[11],"is_endless":false,"potions_floor_spawned":[8,13,16,18,20,30,33,36,42,45,46],"ascension_level":17}}