{"host":"dvpvhz1t6etneyb3","time":1610242540,"event":{"mods":["AchievementEnabler","BaseMod","Colored Map","Highlight Path","Minty Spire (QoL Compilation)","Permanent Neow","Quick Restart"],"gold_per_floor":[10,27,43,62,62,62,95,95,95,95,136,136,204,238,238,332,332,311,311,350,13,13,13],"floor_reached":22,"playtime":966,"items_purged":[],"score":400,"play_id":"4f732bfd-4a5e-4d05-b6a9-c3e7671975d9","local_time":"20210109203540","is_ascension_mode":true,"campfire_choices":[{"data":"Streamline","floor":6.0,"key":"SMITH"},{"floor":8.0,"key":"REST"},{"floor":15.0,"key":"REST"}],"circlet_count":0,"master_deck":["AscendersBane","Strike_B","Strike_B","Strike_B","Strike_B","Defend_B","Defend_B","Defend_B","Defend_B","Zap","Dualcast","Glacier","Rebound","Streamline+1","Ball Lightning","Genetic Algorithm","Undo","Fission","Ball Lightning"],"relics":["Cracked Core","Torii","Golden Idol","Tiny Chest","Juzu Bracelet","Shuriken","Mercury Hourglass","The Courier","Velvet Choker","Letter Opener","Red Mask","Eternal Feather","Orichalcum"],"acts_visited":["Exordium","TheCity"],"potions_floor_usage":[16],"damage_taken":[{"damage":1.0,"enemies":"Jaw Worm","floor":1.0,"turns":5.0},{"damage":0.0,"enemies":"2 Louse","floor":2.0,"turns":1.0},{"damage":1.0,"enemies":"Small Slimes","floor":3.0,"turns":4.0},{"damage":0.0,"enemies":"Blue Slaver","floor":4.0,"turns":5.0},{"damage":8.0,"enemies":"Gremlin Nob","floor":7.0,"turns":4.0},{"damage":17.0,"enemies":"3 Sentries","floor":11.0,"turns":6.0},{"damage":9.0,"enemies":"3 Sentries","floor":13.0,"turns":7.0},{"damage":24.0,"enemies":"Gremlin Nob","floor":14.0,"turns":4.0},{"damage":3,"enemies":"The Guardian","floor":16,"turns":13},{"damage":14,"enemies":"2 Thieves","floor":18,"turns":4},{"damage":36,"enemies":"Masked Bandits","floor":20,"turns":5},{"damage":17,"enemies":"Chosen","floor":22,"turns":3}],"seed_played":"-2598072148942431640","potions_obtained":[{"floor":2.0,"key":"Ancient Potion"},{"floor":3.0,"key":"BlessingOfTheForge"},{"floor":14.0,"key":"PotionOfCapacity"}],"is_trial":false,"path_per_floor":["M","M","M","M","?","R","E","R","T","?","E","?","?","E","R","B",null,"M","T","?","$","M"],"character_chosen":"DEFECT","items_purchased":["Eternal Feather","Orichalcum"],"campfire_rested":2,"item_purchase_floors":[21,21],"current_hp_per_floor":[63,63,62,62,38,38,30,51,51,56,39,39,30,6,28,25,63,49,49,13,13,0,0],"gold":13,"neow_bonus":"ONE_RARE_RELIC","is_daily":false,"chose_seed":false,"campfire_upgraded":1,"win_rate":0.0,"timestamp":1610242540,"path_taken":["M","M","M","M","?","R","E","R","T","?","E","?","?","E","R","BOSS","M","?","?","$","M"],"items_purchased_type":["Relic","Relic"],"build_version":"2020-12-22","purchased_purges":0,"victory":false,"max_hp_per_floor":[71,71,71,71,71,71,71,71,71,76,76,76,76,76,76,76,76,76,76,76,76,76,76],"card_choices":[{"not_picked":["Leap","Streamline"],"picked":"Glacier","floor":1.0},{"not_picked":["Hologram","Coolheaded"],"picked":"Rebound","floor":2.0},{"not_picked":["Beam Cell","Rebound","Creative AI"],"picked":"SKIP","floor":3.0},{"not_picked":["Aggregate","White Noise"],"picked":"Streamline","floor":4.0},{"not_picked":["Cold Snap","Storm"],"picked":"Ball Lightning","floor":7.0},{"not_picked":["Double Energy","Consume","BootSequence"],"picked":"SKIP","floor":11.0},{"not_picked":["Cold Snap","Tempest"],"picked":"Genetic Algorithm","floor":13.0},{"not_picked":["Barrage","Redo"],"picked":"Undo","floor":14.0},{"not_picked":["Thunder Strike","All For One"],"picked":"Fission","floor":16},{"not_picked":["Chaos","Turbo","Redo"],"picked":"SKIP","floor":18},{"not_picked":["Auto Shields","Redo"],"picked":"Ball Lightning","floor":20}],"player_experience":2030190,"relics_obtained":[{"floor":7.0,"key":"Tiny Chest"},{"floor":9.0,"key":"Juzu Bracelet"},{"floor":11.0,"key":"Shuriken"},{"floor":13.0,"key":"Mercury Hourglass"},{"floor":14.0,"key":"The Courier"},{"floor":19,"key":"Letter Opener"},{"floor":20,"key":"Red Mask"}],"event_choices":[{"damage_healed":0.0,"max_hp_gain":0.0,"max_hp_loss":0.0,"gold_gain":0.0,"event_name":"Golden Idol","player_choice":"Take Damage","floor":5.0,"gold_loss":0.0,"damage_taken":24.0,"relics_obtained":["Golden Idol"]},{"damage_healed":0.0,"max_hp_gain":5.0,"max_hp_loss":0.0,"gold_gain":0.0,"event_name":"Big Fish","player_choice":"Donut","floor":10.0,"gold_loss":0.0,"damage_taken":0.0},{"damage_healed":0.0,"max_hp_gain":0.0,"max_hp_loss":0.0,"gold_gain":0.0,"event_name":"Shining Light","player_choice":"Ignored","floor":12.0,"gold_loss":0.0,"damage_taken":0.0},{"damage_healed":0.0,"max_hp_gain":0.0,"max_hp_loss":0.0,"gold_gain":30.0,"event_name":"Dead Adventurer","player_choice":"Searched \u00273\u0027 times","floor":13.0,"gold_loss":0.0,"damage_taken":0.0},{"damage_healed":0,"gold_gain":0,"player_choice":"Fought Bandits","damage_taken":0,"max_hp_gain":0,"max_hp_loss":0,"event_name":"Masked Bandits","floor":20,"gold_loss":0}],"is_beta":false,"boss_relics":[{"not_picked":["Nuclear Battery","Astrolabe"],"picked":"Velvet Choker"}],"items_purged_floors":[],"is_endless":false,"potions_floor_spawned":[2,3,14],"killed_by":"Chosen","ascension_level":20}}