{"host":"ig7tc0uedzltt2sr","time":1610263499,"event":{"mods":["BaseMod","Better Twitch Integration","Block Reminder","Colored Map","Colored Powertips","Communication Mod","Current Relic Mod","GifTheSpireLib","HexUI Lib","Minty Spire (QoL Compilation)","Quick Restart","Random Character Button","Rare Cards Sparkle","Relic Sorter","Relic Stats","Slay the Relics Exporter","StSLib","SuperFastMode","Synergy Search","Twitch Decklist","Twitch Utils","everything is the same but u backflip on backflip","slay the spire mod where everything is the same but ironclad has a cowboy hat"],"gold_per_floor":[118,118,137,137,152,168,135,135,135],"floor_reached":8,"playtime":39,"items_purged":[],"score":50,"play_id":"82136cef-c1e1-43cd-8587-144678d2fab1","local_time":"20210109232459","is_ascension_mode":false,"campfire_choices":[],"circlet_count":0,"master_deck":["Strike_R","Strike_R","Strike_R","Strike_R","Strike_R","Defend_R","Defend_R","Defend_R","Defend_R","Bash"],"relics":["Burning Blood","NeowsBlessing"],"acts_visited":["Exordium"],"potions_floor_usage":[],"damage_taken":[{"damage":0,"enemies":"Jaw Worm","floor":1,"turns":1},{"damage":0,"enemies":"Cultist","floor":3,"turns":1},{"damage":0,"enemies":"Small Slimes","floor":5,"turns":1},{"damage":12,"enemies":"2 Fungi Beasts","floor":6,"turns":3},{"damage":39,"enemies":"Exordium Thugs","floor":7,"turns":5},{"damage":45,"enemies":"3 Sentries","floor":8,"turns":4}],"seed_played":"-991971614960521119","potions_obtained":[{"floor":2,"key":"Swift Potion"},{"floor":2,"key":"SteroidPotion"},{"floor":2,"key":"Explosive Potion"},{"floor":6,"key":"GamblersBrew"}],"is_trial":false,"path_per_floor":["M","?","M","$","M","M","M","E"],"character_chosen":"IRONCLAD","items_purchased":[],"campfire_rested":0,"item_purchase_floors":[],"current_hp_per_floor":[80,80,80,80,80,74,41,0,0],"gold":135,"neow_bonus":"THREE_ENEMY_KILL","is_daily":false,"chose_seed":false,"campfire_upgraded":0,"win_rate":0.0,"timestamp":1610263499,"path_taken":["M","?","M","$","M","M","M","E"],"items_purchased_type":[],"build_version":"2020-12-22","purchased_purges":0,"victory":false,"max_hp_per_floor":[80,80,80,80,80,80,80,80,80],"relic_stats":{"counters":[6,15],"obtain_stats":[{"NeowsBlessing":0,"Burning Blood":0},{"NeowsBlessing":0,"Burning Blood":0},{"NeowsBlessing":0,"Burning Blood":0}],"Burning Blood":12},"card_choices":[{"not_picked":["Sword Boomerang","Sever Soul","Flex"],"picked":"SKIP","floor":1},{"not_picked":["Heavy Blade","Sword Boomerang","Warcry"],"picked":"SKIP","floor":3},{"not_picked":["Reaper","Sentinel","Iron Wave"],"picked":"SKIP","floor":5},{"not_picked":["Thunderclap","Body Slam","Cleave"],"picked":"SKIP","floor":6},{"not_picked":["Clash","Power Through","Body Slam"],"picked":"SKIP","floor":7}],"player_experience":1498828,"relics_obtained":[],"event_choices":[{"damage_healed":0,"gold_gain":0,"player_choice":"Got Potions","damage_taken":0,"max_hp_gain":0,"max_hp_loss":0,"event_name":"Lab","floor":2,"gold_loss":0}],"is_beta":false,"boss_relics":[],"items_purged_floors":[],"is_endless":false,"potions_floor_spawned":[5,6],"killed_by":"3 Sentries","ascension_level":0}}