{"host":"6swbl1yqdi8v28pk","time":1610319300,"event":{"mods":["AchievementEnabler","BaseMod","Colored Map","Minty Spire (QoL Compilation)","Quick Restart"],"gold_per_floor":[118,133,133,133,52,78,78,98,179,179,198,198,208,237,237,335,335,345,364,364,377,69,69,79,79,106,106,139,139,39,54,54,152,152,172,172,1,12,29,54,54,65,65,65,83,103,123,56,56,56],"floor_reached":51,"playtime":2324,"items_purged":["Strike_R","Strike_R"],"score":809,"play_id":"9ed9cac9-f1f5-41b4-9911-4f715253d652","local_time":"20210110165500","is_ascension_mode":false,"campfire_choices":[{"data":"Feed","floor":7,"key":"SMITH"},{"data":"Clothesline","floor":10,"key":"SMITH"},{"data":"Flame Barrier","floor":12,"key":"SMITH"},{"data":"Warcry","floor":15,"key":"SMITH"},{"data":"Seeing Red","floor":23,"key":"SMITH"},{"data":"Demon Form","floor":25,"key":"SMITH"},{"data":"Pommel Strike","floor":27,"key":"SMITH"},{"data":"Inflame","floor":29,"key":"SMITH"},{"data":"Bash","floor":32,"key":"SMITH"},{"floor":41,"key":"REST"},{"floor":44,"key":"REST"},{"floor":49,"key":"REST"}],"circlet_count":0,"master_deck":["Strike_R","Strike_R","Strike_R","Defend_R","Defend_R","Defend_R","Bash+1","Ghostly Armor","Clothesline+1","Feed+1","Anger","Flex","Flame Barrier+1","Warcry+1","Twin Strike","Demon Form+1","Flex","Anger+1","Seeing Red+1","Inflame+1","Pommel Strike+1","Anger","Reaper","Anger","Apotheosis","Battle Trance+1","Heavy Blade+1","Whirlwind","Uppercut+1","Shrug It Off+1","Disarm+1","Parasite","Clash+1","Rage"],"relics":["Black Blood","NeowsBlessing","MealTicket","HornCleat","Mercury Hourglass","Self Forming Clay","Nunchaku","Strawberry","Matryoshka","Fusion Hammer","Eternal Feather","Centennial Puzzle","Orichalcum"],"acts_visited":["Exordium","TheCity","TheBeyond"],"potions_floor_usage":[14,14,16,28,33,33,33,45,50,50,50],"damage_taken":[{"damage":0,"enemies":"Small Slimes","floor":1,"turns":1},{"damage":0,"enemies":"Cultist","floor":2,"turns":1},{"damage":0,"enemies":"Lagavulin","floor":6,"turns":1},{"damage":3,"enemies":"Jaw Worm","floor":8,"turns":4},{"damage":4,"enemies":"Large Slime","floor":11,"turns":6},{"damage":0,"enemies":"2 Fungi Beasts","floor":13,"turns":4},{"damage":4,"enemies":"3 Sentries","floor":14,"turns":4},{"damage":31,"enemies":"The Guardian","floor":16,"turns":12},{"damage":0,"enemies":"3 Byrds","floor":18,"turns":2},{"damage":12,"enemies":"Shell Parasite","floor":19,"turns":8},{"damage":13,"enemies":"Snake Plant","floor":21,"turns":5},{"damage":27,"enemies":"Centurion and Healer","floor":24,"turns":7},{"damage":30,"enemies":"Book of Stabbing","floor":28,"turns":7},{"damage":0,"enemies":"Sentry and Sphere","floor":31,"turns":4},{"damage":55,"enemies":"Automaton","floor":33,"turns":8},{"damage":9,"enemies":"3 Shapes","floor":35,"turns":3},{"damage":5,"enemies":"3 Darklings","floor":38,"turns":5},{"damage":18,"enemies":"4 Shapes","floor":39,"turns":4},{"damage":44,"enemies":"Giant Head","floor":40,"turns":8},{"damage":16,"enemies":"Transient","floor":42,"turns":5},{"damage":17,"enemies":"3 Darklings","floor":45,"turns":5},{"damage":25,"enemies":"Spire Growth","floor":46,"turns":5},{"damage":9,"enemies":"Writhing Mass","floor":47,"turns":5},{"damage":105,"enemies":"Donu and Deca","floor":50,"turns":8}],"seed_played":"2307724741251758621","potions_obtained":[{"floor":2,"key":"Explosive Potion"},{"floor":4,"key":"LiquidBronze"},{"floor":4,"key":"FearPotion"},{"floor":8,"key":"Fire Potion"},{"floor":19,"key":"SpeedPotion"},{"floor":21,"key":"Ancient Potion"},{"floor":24,"key":"Strength Potion"},{"floor":28,"key":"Block Potion"},{"floor":35,"key":"Explosive Potion"},{"floor":42,"key":"Ancient Potion"},{"floor":45,"key":"Ancient Potion"},{"floor":47,"key":"Dexterity Potion"}],"is_trial":false,"path_per_floor":["M","M","?","?","$","E","R","M","T","R","M","R","M","E","R","B",null,"M","M","?","M","$","R","M","R","T","R","E","R","$","M","R","B",null,"M","?","$","M","M","E","R","M","T","R","M","M","M","$","R","B",null],"character_chosen":"IRONCLAD","items_purchased":["Feed","Inflame","Nunchaku","Apotheosis","Rage"],"campfire_rested":3,"item_purchase_floors":[5,22,22,37,48],"current_hp_per_floor":[80,80,77,77,80,80,80,84,84,84,84,84,88,92,92,67,92,92,96,96,95,96,96,85,85,92,92,74,74,89,105,105,62,111,115,115,115,119,117,85,123,119,119,123,118,109,112,127,127,34],"gold":56,"neow_bonus":"THREE_ENEMY_KILL","is_daily":false,"chose_seed":false,"campfire_upgraded":9,"win_rate":0.0,"timestamp":1610319300,"path_taken":["M","M","?","?","$","E","R","M","T","R","M","R","M","E","R","BOSS","M","?","?","M","$","R","M","R","T","R","E","R","$","M","R","BOSS","M","?","$","M","M","E","R","M","T","R","M","M","M","$","R","BOSS"],"items_purchased_type":["Card","Card","Relic","Card","Card"],"build_version":"2020-12-22","purchased_purges":2,"victory":true,"max_hp_per_floor":[80,80,80,80,80,80,80,84,84,84,84,84,88,92,92,92,92,92,96,96,96,96,96,100,100,107,107,107,107,107,111,111,111,111,115,115,115,119,123,123,123,123,123,123,123,127,127,127,127,127],"card_choices":[{"not_picked":["Clash","Cleave"],"picked":"Ghostly Armor","floor":1},{"not_picked":["Clothesline","Sever Soul","Shrug It Off"],"picked":"SKIP","floor":2},{"not_picked":["Sever Soul","Shrug It Off"],"picked":"Clothesline","floor":2},{"not_picked":["Shockwave","Pummel"],"picked":"Anger","floor":6},{"not_picked":["Dropkick","Wild Strike"],"picked":"Flex","floor":8},{"not_picked":["Fiend Fire","Body Slam"],"picked":"Flame Barrier","floor":11},{"not_picked":["Sword Boomerang","Armaments"],"picked":"Warcry","floor":13},{"not_picked":["Entrench","Spot Weakness"],"picked":"Twin Strike","floor":14},{"not_picked":["Bludgeon","Exhume"],"picked":"Demon Form","floor":16},{"not_picked":["Reckless Charge","Havoc"],"picked":"Flex","floor":18},{"not_picked":["True Grit+1","Seeing Red"],"picked":"Anger+1","floor":19},{"not_picked":["Havoc","Cleave","Second Wind"],"picked":"SKIP","floor":21},{"not_picked":["Reckless Charge","Spot Weakness"],"picked":"Pommel Strike","floor":24},{"not_picked":["Burning Pact","Warcry","Spot Weakness"],"picked":"SKIP","floor":28},{"not_picked":["Spot Weakness","Intimidate"],"picked":"Anger","floor":31},{"not_picked":["Feed","Bludgeon"],"picked":"Reaper","floor":33},{"not_picked":["Iron Wave","Pommel Strike"],"picked":"Anger","floor":35},{"not_picked":["Havoc","Warcry"],"picked":"Battle Trance+1","floor":38},{"not_picked":["Rampage","Dark Embrace"],"picked":"Heavy Blade+1","floor":39},{"not_picked":["Inflame","Twin Strike+1"],"picked":"Whirlwind","floor":40},{"not_picked":["Brutality","Flex+1"],"picked":"Uppercut+1","floor":42},{"not_picked":["Headbutt","Twin Strike+1"],"picked":"Shrug It Off+1","floor":45},{"not_picked":["Sever Soul+1","Dark Embrace"],"picked":"Disarm+1","floor":46},{"not_picked":["Perfected Strike+1","Cleave+1"],"picked":"Clash+1","floor":47}],"player_experience":92117,"relics_obtained":[{"floor":6,"key":"HornCleat"},{"floor":9,"key":"Mercury Hourglass"},{"floor":14,"key":"Self Forming Clay"},{"floor":26,"key":"Strawberry"},{"floor":28,"key":"Matryoshka"},{"floor":40,"key":"Eternal Feather"},{"floor":43,"key":"Centennial Puzzle"},{"floor":43,"key":"Orichalcum"}],"event_choices":[{"damage_healed":0,"gold_gain":0,"player_choice":"Success","damage_taken":3,"relics_obtained":["MealTicket"],"max_hp_gain":0,"max_hp_loss":0,"event_name":"Scrap Ooze","floor":3,"gold_loss":0},{"damage_healed":0,"gold_gain":0,"player_choice":"Got Potions","damage_taken":0,"max_hp_gain":0,"max_hp_loss":0,"event_name":"Lab","floor":4,"gold_loss":0},{"damage_healed":0,"gold_gain":0,"player_choice":"Read","damage_taken":0,"max_hp_gain":0,"max_hp_loss":0,"event_name":"The Library","floor":20,"gold_loss":0,"cards_obtained":["Seeing Red"]},{"cards_removed":["Defend_R"],"damage_healed":0,"gold_gain":0,"player_choice":"Removed Skill","damage_taken":0,"max_hp_gain":0,"max_hp_loss":0,"event_name":"Falling","floor":36,"gold_loss":0}],"is_beta":false,"boss_relics":[{"not_picked":["Calling Bell","Black Star"],"picked":"Black Blood"},{"not_picked":["SlaversCollar","Runic Cube"],"picked":"Fusion Hammer"}],"items_purged_floors":[22,30],"is_endless":false,"potions_floor_spawned":[2,8,11,13,19,21,24,28,35,42,45,47],"ascension_level":0}}