{"host":"bvr4vhlu71s3njyz","time":1610241599,"event":{"mods":["2.2 Compatiblity","AchievementEnabler","Act Like it!","Aspiration","Astrologer","Bard","BaseMod","Beaked The Cultist","Better Altar","Better Match","Better Note","Better Sensory Stone","Better Skull","Better Third Choice","CCEM","Conjunction","Downfall","Fiend Mod","Friendly Minions","Gremlin Mod","GungeonMod","Hallownest","Hermit","Hubris","Infinite Spire","Jorbs\u0027s Wanderer Trilogy","Mad Scientist","Mimic Mod","Minty Spire (QoL Compilation)","Potionbrewer","Quarter Circle Forward PUNCH!","QueenMod","Replay The Spire","Robot Space Explorer","Shade Mod","Shedinja","Slumbering Mod","StSLib","The Blackbeard","The Bladedancer","The Bug Knight","The Caster","The Clintock","The Construct","The Cursed","The Dragon Tamer","The Exalted","The Forsaken","The Hayseed","The Hierophant","The Judge","The Mystic","The Necromancer","The Poker Player","The Runesmith","The Sage","The Showman","TheArtist","TheFirefly","TheLocksmith","Trackpad","Wandering Minibosses","thorton","vexMod"],"gold_per_floor":[114,129,141,162,181,181,210,210,285,350,365,365,445,462,462,565,565,584,584,584,597,612,612,712,712,712,742,742,752,767,782,782,935,935,1012,1012,1067,556,369,427,469,512,545,593,593,642,617,675,675,675],"floor_reached":51,"playtime":9337,"items_purged":[],"score":1226,"play_id":"12f9a5f4-98f1-49bf-8282-9cdcf05d6896","local_time":"20210109201959","is_ascension_mode":false,"campfire_choices":[{"floor":6,"key":"REST"},{"data":"RobotSpaceExplorer:SurgingShield","floor":8,"key":"SMITH"},{"data":"RobotSpaceExplorer:MetalStrike","floor":15,"key":"SMITH"},{"data":"RobotSpaceExplorer:StunGrenade","floor":23,"key":"SMITH"},{"data":"RobotSpaceExplorer:MiniLasers","floor":25,"key":"SMITH"},{"floor":32,"key":"REST"},{"floor":45,"key":"REST"},{"data":"RobotSpaceExplorer:ShockMissile","floor":49,"key":"SMITH"}],"circlet_count":0,"master_deck":["RobotSpaceExplorer:Strike","RobotSpaceExplorer:Strike","RobotSpaceExplorer:Strike","RobotSpaceExplorer:Defend","RobotSpaceExplorer:Defend","RobotSpaceExplorer:Defend","RobotSpaceExplorer:Defend","RobotSpaceExplorer:Scan+1","RobotSpaceExplorer:MiniLasers+1","RobotSpaceExplorer:SurgingShield+1","RobotSpaceExplorer:LuckyStrike+1","RobotSpaceExplorer:SurgingStrike+1","RobotSpaceExplorer:MetalStrike+1","RobotSpaceExplorer:ScrapShield+1","RobotSpaceExplorer:Jetpack+1","RobotSpaceExplorer:StunGrenade+1","RobotSpaceExplorer:Multitool+1","RobotSpaceExplorer:Autoloader+1","RobotSpaceExplorer:ShovelStrike+1","RobotSpaceExplorer:MiniDrones+1","RobotSpaceExplorer:StarDust+1","RobotSpaceExplorer:ShockMissile+1","RobotSpaceExplorer:Blitz+1","RobotSpaceExplorer:IronShell+1","RobotSpaceExplorer:StarLightning+1","RobotSpaceExplorer:DroneSwarm+1","RobotSpaceExplorer:MakeshiftVolley+1","RobotSpaceExplorer:Counterblock","ReplayTheSpireMod:Book of Names+1","expansioncontent:DashGenerateEvil+1","Bandage Up","RobotSpaceExplorer:FranticSearch+1","Panacea","RobotSpaceExplorer:PlasmaMissile+1","RobotSpaceExplorer:BigMissile","RobotSpaceExplorer:LaserBurst","RobotSpaceExplorer:RigExplosive","RobotSpaceExplorer:ScrapMissile+1","RobotSpaceExplorer:PowerGlove+1"],"relics":["RobotSpaceExplorer:RoboCore","qcfpunch:Fighting_Gloves","DemoMod:PinkGuonStone","CCEMRelics:DissonantTune","theForsaken:ScaryMask","ReplayTheSpireMod:Ninjato","trackpad:Trackpad","Replay:Wax Seal","DemoMod:PoisonVial","qcfpunch:Extra_Skeleton","infinitespire:EvilPickle","Bromod:ArcaneEnergize","qcfpunch:Duffel_Bag","Bromod:ArcaneTrickery","Lantern","DemoMod:Orange","trackpad:Compendium"],"acts_visited":["Exordium","TheCity","TheBeyond"],"potions_floor_usage":[7,16,27,28,31,33,37,37,44,50,50],"damage_taken":[{"damage":0,"enemies":"2 Louse","floor":1,"turns":3},{"damage":1,"enemies":"Jaw Worm","floor":2,"turns":4},{"damage":0,"enemies":"infinitespire:Voidling","floor":3,"turns":3},{"damage":0,"enemies":"Blue Slaver","floor":5,"turns":7},{"damage":5,"enemies":"theSlumbering:Adrasteia","floor":7,"turns":8},{"damage":9,"enemies":"Lagavulin Event","floor":10,"turns":9},{"damage":0,"enemies":"Looter","floor":11,"turns":3},{"damage":0,"enemies":"Gremlin Gang","floor":14,"turns":3},{"damage":3,"enemies":"The Guardian","floor":16,"turns":16},{"damage":0,"enemies":"Shell Parasite","floor":18,"turns":7},{"damage":0,"enemies":"Chosen","floor":21,"turns":4},{"damage":3,"enemies":"Snecko","floor":22,"turns":5},{"damage":0,"enemies":"Book of Stabbing","floor":27,"turns":5},{"damage":10,"enemies":"Book of Stabbing","floor":28,"turns":4},{"damage":0,"enemies":"Chosen and Byrds","floor":29,"turns":4},{"damage":2,"enemies":"Sentry and Sphere","floor":30,"turns":5},{"damage":30,"enemies":"Snecko","floor":31,"turns":7},{"damage":0,"enemies":"Pondfish","floor":33,"turns":9},{"damage":12,"enemies":"3 Darklings","floor":35,"turns":5},{"damage":51,"enemies":"2 Orb Walkers","floor":37,"turns":6},{"damage":0,"enemies":"R_Hoarder","floor":40,"turns":4},{"damage":0,"enemies":"3 Shapes","floor":41,"turns":6},{"damage":8,"enemies":"3 Darklings","floor":42,"turns":5},{"damage":0,"enemies":"Writhing Mass","floor":43,"turns":9},{"damage":0,"enemies":"Writhing Mass","floor":44,"turns":6},{"damage":0,"enemies":"Sphere and 2 Shapes","floor":46,"turns":4},{"damage":0,"enemies":"4 Shapes","floor":48,"turns":6},{"damage":22,"enemies":"Donu and Deca","floor":50,"turns":7}],"seed_played":"880537832792530297","potions_obtained":[{"floor":1,"key":"Languid Potion"},{"floor":3,"key":"Conjunction:LightningMarble"},{"floor":5,"key":"potionbrewer:ToxicPotion"},{"floor":10,"key":"Languid Potion"},{"floor":21,"key":"Elixir"},{"floor":27,"key":"SkillPotion"},{"floor":30,"key":"RobotSpaceExplorer:PlasmaFlask"},{"floor":31,"key":"Languid Potion"},{"floor":35,"key":"Swift Potion"},{"floor":41,"key":"potionbrewer:DiscountPotion"},{"floor":42,"key":"potionbrewer:CleansingPotion"}],"is_trial":false,"path_per_floor":["M","M","M","?","M","R","E","R","T","?","M","?","T","M","R","B",null,"M","?","?","M","M","R","?","R","T","E","?","M","M","M","R","B",null,"M","?","?","?","$","E","M","M","MIM","M","R","M","?","M","R","B",null],"character_chosen":"RobotSpaceExplorer","items_purchased":["expansioncontent:DashGenerateEvil"],"campfire_rested":3,"item_purchase_floors":[39],"current_hp_per_floor":[75,74,74,44,44,66,68,68,68,59,59,67,67,67,67,64,82,82,55,55,55,52,52,52,52,52,58,48,48,46,16,42,42,88,76,76,25,25,25,25,29,35,51,57,87,91,91,95,95,77],"gold":675,"neow_bonus":"UPGRADE_CARD","is_daily":false,"chose_seed":false,"campfire_upgraded":5,"win_rate":0.0,"timestamp":1610241599,"path_taken":["M","M","M","?","?","R","E","R","T","?","M","?","?","?","R","BOSS","M","?","?","M","?","R","?","R","T","E","?","M","M","M","R","BOSS","M","?","?","?","$","E","M","M","MIM","M","R","M","?","M","R","BOSS"],"items_purchased_type":["Card"],"build_version":"2020-12-22","purchased_purges":0,"victory":true,"max_hp_per_floor":[75,75,75,75,75,75,82,82,82,82,82,82,82,82,82,82,82,82,82,82,82,82,82,82,82,82,88,88,88,88,88,88,88,88,88,88,88,88,88,88,88,88,100,100,100,100,100,100,100,100],"card_choices":[{"not_picked":["RobotSpaceExplorer:SlimeMissile","RobotSpaceExplorer:ImprovisedAttack"],"picked":"RobotSpaceExplorer:SurgingShield","floor":1},{"not_picked":["RobotSpaceExplorer:SlimeMissile","RobotSpaceExplorer:Ammunition"],"picked":"RobotSpaceExplorer:LuckyStrike","floor":2},{"not_picked":["RobotSpaceExplorer:SurgingShield","RobotSpaceExplorer:SelfCleaning"],"picked":"RobotSpaceExplorer:SurgingStrike","floor":3},{"not_picked":["RobotSpaceExplorer:Probe","RobotSpaceExplorer:SwiftStep"],"picked":"RobotSpaceExplorer:MetalStrike","floor":4},{"not_picked":["RobotSpaceExplorer:Ammunition","RobotSpaceExplorer:PowerGlove"],"picked":"RobotSpaceExplorer:ScrapShield","floor":5},{"not_picked":["RobotSpaceExplorer:JunkDive","RobotSpaceExplorer:MakeshiftVolley"],"picked":"RobotSpaceExplorer:Jetpack","floor":7},{"not_picked":["RobotSpaceExplorer:ImprovisedAttack","RobotSpaceExplorer:FrostMissile"],"picked":"RobotSpaceExplorer:StunGrenade","floor":10},{"not_picked":["RobotSpaceExplorer:MiniDrones","RobotSpaceExplorer:FrostMissile"],"picked":"RobotSpaceExplorer:Multitool","floor":11},{"not_picked":["RobotSpaceExplorer:MetalStrike","RobotSpaceExplorer:SurgingStrike","RobotSpaceExplorer:ShockKick"],"picked":"SKIP","floor":14},{"not_picked":["RobotSpaceExplorer:HighVoltage","RobotSpaceExplorer:Blaster"],"picked":"RobotSpaceExplorer:Autoloader","floor":16},{"not_picked":["RobotSpaceExplorer:SurgingStrike","RobotSpaceExplorer:DoubleFind"],"picked":"RobotSpaceExplorer:ShovelStrike+1","floor":18},{"not_picked":["RobotSpaceExplorer:RigExplosive","RobotSpaceExplorer:SlimeMissile"],"picked":"RobotSpaceExplorer:MiniDrones","floor":21},{"not_picked":["RobotSpaceExplorer:ScrapShield+1","RobotSpaceExplorer:JunkDive"],"picked":"RobotSpaceExplorer:StarDust+1","floor":22},{"not_picked":["RobotSpaceExplorer:Electroshield","RobotSpaceExplorer:FreezingShield"],"picked":"RobotSpaceExplorer:ShockMissile","floor":27},{"not_picked":["RobotSpaceExplorer:MiniDrones+1","RobotSpaceExplorer:Electropulse"],"picked":"RobotSpaceExplorer:Blitz","floor":29},{"not_picked":["RobotSpaceExplorer:SurgingShield","RobotSpaceExplorer:GlueShot"],"picked":"RobotSpaceExplorer:IronShell","floor":30},{"not_picked":["RobotSpaceExplorer:StarDust","RobotSpaceExplorer:PowerCollector"],"picked":"RobotSpaceExplorer:StarLightning+1","floor":31},{"not_picked":["RobotSpaceExplorer:Accelerator","RobotSpaceExplorer:ShockMissile"],"picked":"RobotSpaceExplorer:DroneSwarm","floor":33},{"not_picked":["RobotSpaceExplorer:SlimeMissile+1","RobotSpaceExplorer:MetalStrike+1"],"picked":"RobotSpaceExplorer:MakeshiftVolley+1","floor":35},{"not_picked":["RobotSpaceExplorer:MetalStrike+1","RobotSpaceExplorer:FrostMissile+1"],"picked":"RobotSpaceExplorer:Counterblock","floor":37},{"not_picked":["hubris:InfiniteBlow","Replay:Fractal Strike"],"picked":"ReplayTheSpireMod:Book of Names","floor":38},{"not_picked":[],"picked":"Bandage Up","floor":40},{"not_picked":["RobotSpaceExplorer:GlueShot+1","RobotSpaceExplorer:MetalStrike+1"],"picked":"RobotSpaceExplorer:FranticSearch+1","floor":40},{"not_picked":[],"picked":"Panacea","floor":41},{"not_picked":["RobotSpaceExplorer:Blitz+1","RobotSpaceExplorer:SwiftStep"],"picked":"RobotSpaceExplorer:PlasmaMissile+1","floor":41},{"not_picked":["RobotSpaceExplorer:MiniDrones+1","RobotSpaceExplorer:GlueShot"],"picked":"RobotSpaceExplorer:BigMissile","floor":42},{"not_picked":["RobotSpaceExplorer:Counterblock+1","RobotSpaceExplorer:SlimeMissile"],"picked":"RobotSpaceExplorer:LaserBurst","floor":43},{"not_picked":["RobotSpaceExplorer:ScrapMissile+1","RobotSpaceExplorer:SwiftStep+1"],"picked":"RobotSpaceExplorer:RigExplosive","floor":44},{"not_picked":["RobotSpaceExplorer:DoubleFind+1","RobotSpaceExplorer:MiniDrones+1"],"picked":"RobotSpaceExplorer:ScrapMissile+1","floor":46},{"not_picked":["RobotSpaceExplorer:BigMissile+1","RobotSpaceExplorer:SurgingStrike+1"],"picked":"RobotSpaceExplorer:PowerGlove","floor":48}],"player_experience":1277721,"relics_obtained":[{"floor":4,"key":"qcfpunch:Fighting_Gloves"},{"floor":7,"key":"DemoMod:PinkGuonStone"},{"floor":9,"key":"CCEMRelics:DissonantTune"},{"floor":13,"key":"ReplayTheSpireMod:Ninjato"},{"floor":26,"key":"DemoMod:PoisonVial"},{"floor":27,"key":"vexMod:BerryBomb"},{"floor":37,"key":"qcfpunch:Duffel_Bag"},{"floor":40,"key":"Bromod:ArcaneTrickery"},{"floor":42,"key":"Lantern"},{"floor":43,"key":"DemoMod:Orange"},{"floor":44,"key":"trackpad:Compendium"}],"event_choices":[{"damage_healed":0,"gold_gain":0,"player_choice":"Searched \u00273\u0027 times","damage_taken":0,"relics_obtained":["theForsaken:ScaryMask"],"max_hp_gain":0,"max_hp_loss":0,"event_name":"Dead Adventurer","floor":10,"gold_loss":0},{"damage_healed":0,"gold_gain":0,"player_choice":"UP RE ","damage_taken":31,"relics_obtained":["Replay:Wax Seal"],"max_hp_gain":0,"max_hp_loss":0,"event_name":"betterSkull:BetterSkull","floor":19,"gold_loss":0,"cards_upgraded":["RobotSpaceExplorer:LuckyStrike"]},{"damage_healed":0,"gold_gain":100,"player_choice":"Pray","damage_taken":0,"max_hp_gain":0,"max_hp_loss":0,"event_name":"Golden Shrine","floor":24,"gold_loss":0},{"damage_healed":0,"gold_gain":0,"player_choice":"Fight","damage_taken":0,"max_hp_gain":0,"max_hp_loss":0,"event_name":"Mysterious Sphere","floor":37,"gold_loss":0}],"is_beta":false,"boss_relics":[{"not_picked":["qcfpunch:Dark_Gi","Calling Bell"],"picked":"trackpad:Trackpad"},{"not_picked":["hubris:Stopwatch","Ring of Chaos"],"picked":"Bromod:ArcaneEnergize"}],"items_purged_floors":[],"is_endless":false,"potions_floor_spawned":[1,3,5,10,21,27,30,31,35,41,42,48],"ascension_level":0}}