{"host":"byizzf0lry06owoh","time":1610276977,"event":{"mods":["Act Like it!","Aspiration","BaseMod","BetterRewards","Card Forge","Conspire","Downfall","Friendly Minions","GifTheSpireLib","Hallownest","Hubris","Infinite Spire","Minty Spire (QoL Compilation)","Relic Sorter","Replay The Spire","SIMod","StSLib","Wandering Minibosses"],"gold_per_floor":[115,115,0,0,57,57,73,100,125,125,151,167,201,343,343,445,445,463,238,323,56,56,56,67,92,118,138,138],"floor_reached":27,"playtime":2220,"items_purged":[],"score":326,"play_id":"e51c3600-070d-423c-8072-2f47cb0da9b5","local_time":"20210110030937","is_ascension_mode":false,"campfire_choices":[{"data":"Prepared","floor":6,"key":"SMITH"},{"data":"After Image","floor":10,"key":"SMITH"},{"data":"Tactician","floor":15,"key":"SMITH"},{"data":"Transmutation","floor":23,"key":"SMITH"}],"circlet_count":0,"master_deck":["infinitespire:TheBestDefense+1","Survivor","Neutralize","Phantasmal Killer","Deflect","Tactician+1","Prepared+1","Noxious Fumes","ReplayTheSpireMod:Black Plague","conspire:DoublingDagger","After Image+1","infinitespire:Neurotoxin","Reflex","Deflect","Envenom","Die Die Die","Hidden Blade","Fluid Movement","SignatureMove","Deadly Poison","Well Laid Plans","expansioncontent:LastStand","Transmutation+1","Metallicize+1","hexamod:GhostShield"],"relics":["Ring of the Snake","Seething Fire","Hammer of Thor","Anvil of the Gods","Meat on the Bone","infinitespire:PuzzleCube","Potion Belt","Replay:Wax Seal","Pandora\u0027s Box","PrismaticShard","BargainBundle","Toy Ornithopter","Replay:Baseball"],"acts_visited":["Hallownest:Greenpath","Hallownest:CityofTears"],"potions_floor_usage":[16,21,24,25,27,27],"damage_taken":[{"damage":2,"enemies":"Hallownest:monsterHuskWarrior","floor":1,"turns":4},{"damage":1,"enemies":"Hallownest:2_Baldur","floor":7,"turns":3},{"damage":1,"enemies":"Hallownest:eliteVengeflyKing","floor":8,"turns":7},{"damage":0,"enemies":"Hallownest:eliteCrystalGuardian","floor":11,"turns":4},{"damage":0,"enemies":"Hallownest:2_Tiktiks_and_1_Crawlid","floor":12,"turns":4},{"damage":1,"enemies":"Hallownest:eliteCrystalGuardian","floor":13,"turns":5},{"damage":8,"enemies":"Hallownest:monsterFoolEater","floor":14,"turns":6},{"damage":0,"enemies":"Hallownest:BossFalseKnight","floor":16,"turns":6},{"damage":4,"enemies":"Hallownest:Flukemon_and_Top","floor":18,"turns":5},{"damage":12,"enemies":"Hallownest:2_Mistakes","floor":20,"turns":10},{"damage":6,"enemies":"Hallownest:2_Husk_Sentries","floor":24,"turns":3},{"damage":4,"enemies":"Nightmare","floor":25,"turns":6},{"damage":29,"enemies":"Hallownest:3_Mistakes","floor":27,"turns":7}],"seed_played":"-5785721513292005332","potions_obtained":[{"floor":1,"key":"Toxic Potion"},{"floor":7,"key":"Dexterity Potion"},{"floor":8,"key":"champ:CounterPotion"},{"floor":13,"key":"Slimebound:ThreeZeroPotion"},{"floor":14,"key":"GhostInAJar"},{"floor":20,"key":"Explosive Potion"},{"floor":24,"key":"BlessingOfTheForge"},{"floor":25,"key":"CunningPotion"}],"is_trial":false,"path_per_floor":["M","?","$","?","?","R","M","E","T","R","?","M","E","M","R","B",null,"M","$","M","$","?","R","M","NM","T","M"],"character_chosen":"THE_SILENT","items_purchased":["Prepared","Noxious Fumes","PrismaticShard","Fluid Movement","BargainBundle","Deadly Poison","Well Laid Plans","expansioncontent:LastStand","Fruit Juice","ColorlessPotion","Transmutation"],"campfire_rested":0,"item_purchase_floors":[3,3,19,19,21,21,21,21,21,21,21],"current_hp_per_floor":[68,68,68,52,52,52,51,50,50,50,50,50,49,41,41,41,70,66,66,54,59,59,59,53,49,49,40,40],"gold":138,"neow_bonus":"ONE_RANDOM_RARE_CARD","is_daily":false,"chose_seed":false,"campfire_upgraded":4,"win_rate":0.0,"timestamp":1610276977,"path_taken":["M","?","$","?","?","R","M","E","T","R","?","M","E","M","R","BOSS","M","$","M","$","?","R","M","NM","T","M"],"items_purchased_type":["Card","Card","Relic","Card","Relic","Card","Card","Card","Potion","Potion","Card"],"build_version":"2020-12-22","purchased_purges":0,"victory":false,"max_hp_per_floor":[70,70,70,70,70,70,70,70,70,70,70,70,70,70,70,70,70,70,70,70,75,75,75,75,75,75,75,75],"card_choices":[{"not_picked":["Toxin Wave","Outmaneuver"],"picked":"Deflect","floor":1},{"not_picked":["infinitespire:Menacing","hubris:Rewind"],"picked":"ReplayTheSpireMod:Black Plague","floor":4},{"not_picked":["PiercingWail","Slice"],"picked":"conspire:DoublingDagger","floor":7},{"not_picked":["Sucker Punch","Deadly Poison"],"picked":"After Image","floor":8},{"not_picked":["Hidden Blade","Slice"],"picked":"infinitespire:Neurotoxin","floor":11},{"not_picked":["PiercingWail","Deflect"],"picked":"Reflex","floor":12},{"not_picked":["Masterful Stab","Wraith Form v2","Outmaneuver"],"picked":"SKIP","floor":13},{"not_picked":["All Out Attack","Outmaneuver"],"picked":"Deflect","floor":14},{"not_picked":["Die Die Die","aspiration:Lunge"],"picked":"Envenom","floor":16},{"not_picked":["Predator","Deflect"],"picked":"Hidden Blade","floor":18},{"not_picked":["FarmExpert","Sword Boomerang"],"picked":"SignatureMove","floor":20},{"not_picked":["ThunderCloud","PinkiePromise"],"picked":"Metallicize+1","floor":24},{"not_picked":["Slice","Perfected Strike"],"picked":"hexamod:GhostShield","floor":25},{"not_picked":["Slimebound:GoopSpray","Whirlwind","sneckomod:DiceBlock"],"picked":"SKIP","floor":27}],"player_experience":56358,"relics_obtained":[{"floor":8,"key":"Meat on the Bone"},{"floor":9,"key":"infinitespire:PuzzleCube"},{"floor":11,"key":"Potion Belt"},{"floor":13,"key":"Replay:Wax Seal"},{"floor":25,"key":"Toy Ornithopter"},{"floor":26,"key":"Replay:Baseball"}],"event_choices":[],"is_beta":false,"boss_relics":[{"not_picked":["Fusion Hammer","Snecko Eye"],"picked":"Pandora\u0027s Box"}],"items_purged_floors":[],"is_endless":true,"potions_floor_spawned":[1,7,8,13,14,20,24,25],"killed_by":"Hallownest:3_Mistakes","ascension_level":0}}