{"host":"z9grmtg2w0nmz8n1","time":1610243114,"event":{"mods":["Aspiration","Bard","BaseMod","Beaked The Cultist","Better Altar","Better Match","Better Note","Better Sensory Stone","Better Skull","Better Third Choice","BetterRewards","CCEM","Colored Map","Conspire","Downfall","GifTheSpireLib","Googly Eyes","Halation","Hermit","Highlight Path","Hubris","Hunter ??","Jedi Mod","Jorbs\u0027s Wanderer Trilogy","Mad Scientist","Marisa????????","Minty Spire (QoL Compilation)","Permanent Neow","Replay The Spire","Shade Mod","Shop Mod","Spicy Shops","StSLib","Stuff the Spire","The Bug Knight","The Construct","The Necromancer","The Runesmith","The Witch"],"gold_per_floor":[114,67,67,67,81,111,111,143,197,197,208,208,208,218,218,314,364,382,307,407,427,427,459,470,502,502,514,514,514],"floor_reached":28,"playtime":931,"items_purged":["Strike_B"],"score":279,"play_id":"5986990f-e012-4b49-b7b1-891edd5d28f8","local_time":"20210109234514","is_ascension_mode":true,"campfire_choices":[{"floor":7,"key":"RECALL"},{"floor":13,"key":"REST"}],"circlet_count":0,"master_deck":["Strike_B","Strike_B","Defend_B","Defend_B","Defend_B","Defend_B","Zap+1","Dualcast","Streamline+1","Gash","Sweeping Beam","Ball Lightning+1","Beam Cell","Leap","Gash","Gash","Auto Shields"],"relics":["Cracked Core","hubris:Towel","Juzu Bracelet","StoneCalendar","Tiny House","jedi:cryingmask","CCEMRelics:PorcelainBowl","CCEMRelics:CocoNut"],"acts_visited":["Exordium","TheCity"],"potions_floor_usage":[8,18,25,27,28],"damage_taken":[{"damage":1,"enemies":"Cultist","floor":1,"turns":3},{"damage":1,"enemies":"Jaw Worm","floor":5,"turns":3},{"damage":40,"enemies":"Lagavulin","floor":6,"turns":5},{"damage":17,"enemies":"3 Sentries","floor":8,"turns":5},{"damage":5,"enemies":"Small Slimes","floor":11,"turns":2},{"damage":4,"enemies":"Blue Slaver","floor":14,"turns":4},{"damage":43,"enemies":"Slime Boss","floor":16,"turns":7},{"damage":7,"enemies":"Shell Parasite","floor":18,"turns":3},{"damage":5,"enemies":"Chosen","floor":21,"turns":4},{"damage":21,"enemies":"Gremlin Leader","floor":23,"turns":7},{"damage":11,"enemies":"conspire:HollyBat","floor":24,"turns":6},{"damage":17,"enemies":"HollowMod:Nosk","floor":25,"turns":6},{"damage":36,"enemies":"Snake Plant","floor":27,"turns":5},{"damage":12,"enemies":"3 Cultists","floor":28,"turns":2}],"seed_played":"-1410688236425549420","potions_obtained":[{"floor":6,"key":"AttackPotion"},{"floor":11,"key":"sneckomod:MuddlingPotion"},{"floor":14,"key":"FearPotion"},{"floor":17,"key":"Energy Potion"},{"floor":21,"key":"Elixir"},{"floor":23,"key":"conspire:TimeTravelPotion"},{"floor":24,"key":"FocusPotion"},{"floor":25,"key":"Dexterity Potion"}],"is_trial":false,"path_per_floor":["M","$","?","$","M","E","R","E","T","?","M","?","R","M","R_BF","B",null,"M","$","?","M","?","E","M","E","T","M","M"],"character_chosen":"DEFECT","items_purchased":["Gash"],"campfire_rested":1,"item_purchase_floors":[2],"current_hp_per_floor":[74,74,74,74,73,33,33,16,16,9,4,4,26,22,44,1,80,73,73,73,68,68,47,36,19,24,9,0,0],"gold":514,"neow_bonus":"RANDOM_EVENT","is_daily":false,"chose_seed":false,"campfire_upgraded":0,"win_rate":0.0,"timestamp":1610243114,"path_taken":["M","?","?","?","M","E","R","E","T","?","M","?","R","M","R_BF","BOSS","M","$","?","M","?","E","M","E","T","M","M"],"items_purchased_type":["Card"],"build_version":"2020-12-22","purchased_purges":1,"victory":false,"max_hp_per_floor":[75,75,75,75,75,75,75,75,75,75,75,75,75,75,75,75,80,80,80,80,80,80,80,80,80,85,85,85,85],"card_choices":[{"not_picked":["jedi:BurstLightning","Turbo","Hologram"],"picked":"SKIP","floor":1},{"not_picked":["Recycle","Loop"],"picked":"Sweeping Beam","floor":5},{"not_picked":["Hologram","Skim","StuffTheSpire:NuclearReactor"],"picked":"SKIP","floor":6},{"not_picked":["Barrage","jedi:sharpshooter"],"picked":"Ball Lightning","floor":8},{"not_picked":["StuffTheSpire:EventHorizon","Redo","ReplayTheSpireMod:Dual Polarity"],"picked":"SKIP","floor":11},{"not_picked":["Turbo","Leap"],"picked":"Beam Cell","floor":14},{"not_picked":["Chaos","Capacitor"],"picked":"Leap","floor":17},{"not_picked":["StuffTheSpire:Plugnplay","jedi:BurstFrost"],"picked":"Gash","floor":18},{"not_picked":["StuffTheSpire:Plugnplay","StuffTheSpire:ShieldGenerator+1"],"picked":"Gash","floor":21},{"not_picked":["Hyperbeam","Sunder","StuffTheSpire:CleanHardDrive+1"],"picked":"SKIP","floor":23},{"not_picked":["Barrage+1","StuffTheSpire:LoadUp"],"picked":"Auto Shields","floor":24},{"not_picked":["Darkness+1","Fusion","Barrage"],"picked":"SKIP","floor":25},{"not_picked":["conspire:Rain","Streamline","Rip and Tear+1"],"picked":"SKIP","floor":27}],"player_experience":824927,"relics_obtained":[{"floor":6,"key":"Juzu Bracelet"},{"floor":8,"key":"StoneCalendar"},{"floor":23,"key":"jedi:cryingmask"},{"floor":25,"key":"CCEMRelics:PorcelainBowl"},{"floor":26,"key":"CCEMRelics:CocoNut"}],"event_choices":[{"cards_removed":["Strike_B"],"damage_healed":0,"gold_gain":0,"player_choice":"Card Removal","damage_taken":7,"max_hp_gain":0,"max_hp_loss":0,"event_name":"Golden Wing","floor":10,"gold_loss":0},{"damage_healed":0,"gold_gain":100,"player_choice":"Pray","damage_taken":0,"max_hp_gain":0,"max_hp_loss":0,"event_name":"Golden Shrine","floor":20,"gold_loss":0},{"damage_healed":0,"gold_gain":0,"player_choice":"Upgraded","damage_taken":0,"max_hp_gain":0,"max_hp_loss":0,"event_name":"Upgrade Shrine","floor":22,"gold_loss":0,"cards_upgraded":["Zap"]}],"is_beta":false,"boss_relics":[{"not_picked":["Runic Dome","Ectoplasm"],"picked":"Tiny House"}],"items_purged_floors":[19],"is_endless":false,"potions_floor_spawned":[6,11,14,21,23,24,25],"killed_by":"3 Cultists","ascension_level":1}}