{"host":"qrt7o4dq2qslzw13","time":1610251186,"event":{"mods":["AchievementEnabler","BaseMod","Colored Map","Colored Powertips","Minty Spire (QoL Compilation)","Quick Restart","StSLib","SuperFastMode"],"gold_per_floor":[117,117,42,58,32,32,44,44,112,112,132,132,40,55,55,156,156,171,191,202,43,61,96,96,115,115,115,125,145,161,174,174,274,274,292,309,322,79,96,96,116,116,116,116,129,140,190,190,190,190],"floor_reached":51,"playtime":2252,"items_purged":["Decay"],"score":717,"play_id":"83353d65-f86e-4363-a973-11313d5fea0b","local_time":"20210109225946","is_ascension_mode":false,"campfire_choices":[{"data":"Blur","floor":6.0,"key":"SMITH"},{"data":"Footwork","floor":10.0,"key":"SMITH"},{"data":"Glass Knife","floor":12.0,"key":"SMITH"},{"data":"Neutralize","floor":15.0,"key":"SMITH"},{"data":"Tools of the Trade","floor":24.0,"key":"SMITH"},{"data":"Trip","floor":27.0,"key":"SMITH"},{"floor":32.0,"key":"REST"},{"data":"Magnetism","floor":40.0,"key":"SMITH"},{"data":"Deflect","floor":42.0,"key":"SMITH"},{"data":"Calculated Gamble","floor":44,"key":"SMITH"},{"floor":49,"key":"REST"}],"circlet_count":0,"master_deck":["Strike_G","Strike_G","Strike_G","Strike_G","Strike_G","Defend_G","Defend_G","Defend_G","Defend_G","Defend_G","Survivor","Neutralize+1","Prepared","Blur+1","Deflect+1","Footwork+1","Glass Knife+1","Backstab","Flying Knee","Calculated Gamble+1","Tools of the Trade+1","Trip+1","Noxious Fumes","Deflect","Deflect","Distraction","Underhanded Strike+1","Endless Agony+1","Escape Plan","Accuracy","Magnetism+1","Prepared","Dramatic Entrance","Dramatic Entrance"],"relics":["Ring of the Snake","Calipers","Unceasing Top","FaceOfCleric","Ornamental Fan","Busted Crown","HornCleat","Pear","WristBlade","Akabeko","Dead Branch"],"acts_visited":["Exordium","TheCity","TheBeyond"],"potions_floor_usage":[50,50],"damage_taken":[{"damage":0.0,"enemies":"Small Slimes","floor":1.0,"turns":3.0},{"damage":2.0,"enemies":"Cultist","floor":4.0,"turns":4.0},{"damage":1.0,"enemies":"Jaw Worm","floor":7.0,"turns":8.0},{"damage":0.0,"enemies":"2 Fungi Beasts","floor":11.0,"turns":7.0},{"damage":0.0,"enemies":"Lots of Slimes","floor":14.0,"turns":5.0},{"damage":19.0,"enemies":"The Guardian","floor":16.0,"turns":24.0},{"damage":0.0,"enemies":"Shell Parasite","floor":18.0,"turns":6.0},{"damage":6.0,"enemies":"2 Thieves","floor":19.0,"turns":4.0},{"damage":0.0,"enemies":"Centurion and Healer","floor":20.0,"turns":10.0},{"damage":6.0,"enemies":"Snake Plant","floor":22.0,"turns":6.0},{"damage":2.0,"enemies":"Gremlin Leader","floor":23.0,"turns":13.0},{"damage":3.0,"enemies":"Cultist and Chosen","floor":25.0,"turns":6.0},{"damage":0.0,"enemies":"Sentry and Sphere","floor":28.0,"turns":6.0},{"damage":0.0,"enemies":"3 Cultists","floor":29.0,"turns":7.0},{"damage":16.0,"enemies":"Shelled Parasite and Fungi","floor":30.0,"turns":4.0},{"damage":16.0,"enemies":"Snake Plant","floor":31.0,"turns":5.0},{"damage":2.0,"enemies":"Collector","floor":33.0,"turns":15.0},{"damage":0.0,"enemies":"3 Shapes","floor":35.0,"turns":4.0},{"damage":12.0,"enemies":"3 Darklings","floor":36.0,"turns":6.0},{"damage":0.0,"enemies":"Maw","floor":37.0,"turns":8.0},{"damage":0.0,"enemies":"Spire Growth","floor":39.0,"turns":6.0},{"damage":0.0,"enemies":"Jaw Worm Horde","floor":41.0,"turns":5.0},{"damage":0,"enemies":"Maw","floor":45,"turns":8},{"damage":0,"enemies":"Transient","floor":46,"turns":5},{"damage":6,"enemies":"2 Orb Walkers","floor":47,"turns":5},{"damage":13,"enemies":"Donu and Deca","floor":50,"turns":11}],"seed_played":"-2970377781750261291","potions_obtained":[{"floor":1.0,"key":"Energy Potion"},{"floor":4.0,"key":"BlessingOfTheForge"},{"floor":14.0,"key":"Poison Potion"},{"floor":20.0,"key":"Poison Potion"},{"floor":22.0,"key":"GhostInAJar"},{"floor":28.0,"key":"FearPotion"},{"floor":33.0,"key":"CunningPotion"},{"floor":37.0,"key":"GamblersBrew"},{"floor":41.0,"key":"Fire Potion"}],"is_trial":false,"path_per_floor":["M","?","$","M","$","R","M","?","T","R","M","R","$","M","R","B",null,"M","M","M","$","M","E","R","M","T","R","M","M","M","M","R","B",null,"M","M","M","$","M","R","M","R","T","R","M","M","?","?","R","B",null],"character_chosen":"THE_SILENT","items_purchased":["Deflect","Backstab","Flying Knee","Trip","Noxious Fumes","Accuracy","Magnetism"],"campfire_rested":2,"item_purchase_floors":[5,13,13,21,21,38,38],"current_hp_per_floor":[70,70,70,68,68,68,67,67,67,67,68,68,68,69,69,51,73,74,69,70,70,65,64,64,62,72,72,73,74,59,44,71,70,94,95,84,85,85,86,86,87,87,87,87,88,89,84,74,102,90],"gold":190,"neow_bonus":"ONE_RARE_RELIC","is_daily":false,"chose_seed":false,"campfire_upgraded":9,"win_rate":0.0,"timestamp":1610251186,"path_taken":["M","?","$","M","?","R","M","?","T","R","M","R","$","M","R","BOSS","M","M","M","$","M","E","R","M","T","R","M","?","?","M","R","BOSS","M","M","M","$","M","R","?","R","T","R","M","M","?","?","R","BOSS"],"items_purchased_type":["Card","Card","Card","Card","Card","Card","Card"],"build_version":"2020-12-22","purchased_purges":1,"victory":true,"max_hp_per_floor":[70,70,70,70,70,70,70,70,70,70,71,71,71,72,72,73,73,74,75,76,76,77,78,78,79,89,89,90,91,92,93,93,94,94,95,96,97,97,98,98,99,99,99,99,100,101,102,102,102,103],"card_choices":[{"not_picked":["Dagger Throw","Outmaneuver"],"picked":"Prepared","floor":1.0},{"not_picked":["Predator","Deadly Poison"],"picked":"Blur","floor":4.0},{"not_picked":["Outmaneuver","Expertise"],"picked":"Footwork","floor":7.0},{"not_picked":["Dagger Throw","Prepared"],"picked":"Glass Knife","floor":11.0},{"not_picked":["Poisoned Stab","Dagger Throw"],"picked":"Calculated Gamble","floor":14.0},{"not_picked":["Bullet Time","Doppelganger"],"picked":"Tools of the Trade","floor":16.0},{"not_picked":["Dodge and Roll"],"picked":"SKIP","floor":18.0},{"not_picked":["Sucker Punch+1"],"picked":"SKIP","floor":19.0},{"not_picked":["Deadly Poison+1"],"picked":"SKIP","floor":20.0},{"not_picked":["Flying Knee"],"picked":"SKIP","floor":22.0},{"not_picked":[],"picked":"Deflect","floor":23.0},{"not_picked":[],"picked":"Deflect","floor":25.0},{"not_picked":[],"picked":"Distraction","floor":28.0},{"not_picked":[],"picked":"Underhanded Strike+1","floor":29.0},{"not_picked":[],"picked":"Endless Agony+1","floor":30.0},{"not_picked":["Sucker Punch"],"picked":"SKIP","floor":31.0},{"not_picked":["Underhanded Strike"],"picked":"SKIP","floor":35.0},{"not_picked":["Sucker Punch"],"picked":"SKIP","floor":36.0},{"not_picked":[],"picked":"Escape Plan","floor":37.0},{"not_picked":["Acrobatics"],"picked":"SKIP","floor":39.0},{"not_picked":["Flying Knee+1"],"picked":"SKIP","floor":41.0},{"not_picked":[],"picked":"Prepared","floor":45},{"not_picked":["Bane+1"],"picked":"SKIP","floor":46},{"not_picked":[],"picked":"Dramatic Entrance","floor":48},{"not_picked":[],"picked":"Dramatic Entrance","floor":48}],"player_experience":530168,"relics_obtained":[{"floor":9.0,"key":"Ornamental Fan"},{"floor":23.0,"key":"HornCleat"},{"floor":26.0,"key":"Pear"},{"floor":43.0,"key":"Akabeko"},{"floor":47,"key":"Dead Branch"}],"event_choices":[{"damage_healed":0.0,"max_hp_gain":0.0,"max_hp_loss":0.0,"gold_gain":0.0,"event_name":"WeMeetAgain","player_choice":"Gave Potion","floor":2.0,"gold_loss":0.0,"damage_taken":0.0,"relics_obtained":["Unceasing Top"]},{"damage_healed":0.0,"max_hp_gain":0.0,"max_hp_loss":0.0,"gold_gain":0.0,"event_name":"FaceTrader","player_choice":"Trade","floor":8.0,"gold_loss":0.0,"damage_taken":0.0,"relics_obtained":["FaceOfCleric"]},{"damage_healed":0,"gold_gain":0,"player_choice":"Fight","damage_taken":0,"max_hp_gain":0,"max_hp_loss":0,"event_name":"Mysterious Sphere","floor":47,"gold_loss":0},{"damage_healed":0,"gold_gain":0,"player_choice":"Memory 3","damage_taken":10,"max_hp_gain":0,"max_hp_loss":0,"event_name":"SensoryStone","floor":48,"gold_loss":0}],"is_beta":false,"boss_relics":[{"not_picked":["Philosopher\u0027s Stone","Tiny House"],"picked":"Busted Crown"},{"not_picked":["Velvet Choker","Empty Cage"],"picked":"WristBlade"}],"items_purged_floors":[3],"is_endless":false,"potions_floor_spawned":[1,4,14,20,22,28,33,37,41],"ascension_level":0}}