{"host":"5ezk7t18wcb10u1o","time":1610276566,"event":{"mods":["BaseMod","Bestiary","Colored Powertips","Minty Spire (QoL Compilation)","Relic Sorter"],"gold_per_floor":[117,42,42,57,75,75,107,107,130,140,140,150,150,150,150,150,150],"floor_reached":16,"playtime":697,"items_purged":["Defend_B"],"score":200,"play_id":"f3e4804a-0fc7-4b62-8289-af1507b36ce7","local_time":"20210110110246","is_ascension_mode":true,"campfire_choices":[{"data":"Zap","floor":6,"key":"SMITH"},{"floor":8,"key":"REST"},{"floor":11,"key":"REST"},{"data":"Reinforced Body","floor":13,"key":"SMITH"},{"data":"Auto Shields","floor":15,"key":"SMITH"}],"circlet_count":0,"master_deck":["AscendersBane","Strike_B","Strike_B","Strike_B","Defend_B","Defend_B","Defend_B","Zap+1","Dualcast","Auto Shields+1","Chill","Compile Driver","Reinforced Body+1","Doom and Gloom","Genetic Algorithm"],"relics":["Cracked Core","PreservedInsect","Pen Nib"],"acts_visited":["Exordium"],"potions_floor_usage":[16],"damage_taken":[{"damage":0,"enemies":"Cultist","floor":1,"turns":3},{"damage":7,"enemies":"Small Slimes","floor":4,"turns":3},{"damage":3,"enemies":"2 Louse","floor":5,"turns":2},{"damage":24,"enemies":"Lagavulin","floor":7,"turns":7},{"damage":21,"enemies":"Exordium Thugs","floor":10,"turns":9},{"damage":10,"enemies":"3 Louse","floor":12,"turns":3},{"damage":68,"enemies":"Hexaghost","floor":16,"turns":11}],"seed_played":"-3281703801361368176","potions_obtained":[{"floor":7,"key":"Regen Potion"},{"floor":12,"key":"Ancient Potion"}],"is_trial":false,"path_per_floor":["M","$","?","M","M","R","E","R","T","M","R","M","R","$","R","B"],"character_chosen":"DEFECT","items_purchased":[],"campfire_rested":2,"item_purchase_floors":[],"current_hp_per_floor":[71,71,71,64,61,61,37,60,60,39,62,52,52,52,52,0,0],"gold":150,"neow_bonus":"TEN_PERCENT_HP_BONUS","is_daily":false,"chose_seed":false,"campfire_upgraded":3,"win_rate":0.0,"timestamp":1610276566,"path_taken":["M","?","?","M","M","R","E","R","T","M","R","?","R","?","R","BOSS"],"items_purchased_type":[],"build_version":"2020-12-22","purchased_purges":1,"victory":false,"max_hp_per_floor":[78,78,78,78,78,78,78,78,78,78,78,78,78,78,78,78,78],"card_choices":[{"not_picked":["Ball Lightning","Darkness"],"picked":"Auto Shields","floor":1},{"not_picked":["FTL","Conserve Battery"],"picked":"Chill","floor":4},{"not_picked":["Rebound","Stack"],"picked":"Compile Driver","floor":5},{"not_picked":["Rebound","Coolheaded"],"picked":"Reinforced Body","floor":7},{"not_picked":["Ball Lightning","Glacier"],"picked":"Doom and Gloom","floor":10},{"not_picked":["Heatsinks","Conserve Battery"],"picked":"Genetic Algorithm","floor":12}],"player_experience":1114824,"relics_obtained":[{"floor":7,"key":"PreservedInsect"},{"floor":9,"key":"Pen Nib"}],"event_choices":[{"cards_removed":["Strike_B"],"damage_healed":0,"gold_gain":0,"player_choice":"Offered Basic","damage_taken":0,"max_hp_gain":0,"max_hp_loss":0,"event_name":"Bonfire Elementals","floor":3,"gold_loss":0}],"is_beta":false,"boss_relics":[],"items_purged_floors":[2],"is_endless":false,"potions_floor_spawned":[7,12],"killed_by":"Hexaghost","ascension_level":20}}