{"host":"djfsqftupta9xgss","time":1610262546,"event":{"mods":["ATMod(阿瑾Mod)","Act Like it!","BaseMod","Gensokyo","Minty Spire (QoL Compilation)","MostiFishMod","Pale of the Ancients","Replay The Spire","Spicy Shops","StSLib","TestMod"],"gold_per_floor":[110,40,40,51,71,98,108,134,215,35,35,46,80,90,90,361,361,380,380,630,1030,541,1167,1167,1797,1844,1844,1031,1842,1868,2481,2481,3153,3153,3162,3181,3118,3118,3118,3142,3142,3169,3169,3822,4462,4462,3821,3908,3908,4028,4052,4693,4753,4800,4365,4365,4403,4403,3748,3748,3868],"floor_reached":62,"playtime":2884,"items_purged":["Strike_B","Strike_B","Strike_B","Defend_B","Zap","Dualcast","Creative AI"],"score":3609,"play_id":"8e7ac267-5c24-4476-a8ab-8d4d768d0b30","local_time":"20210110150906","is_ascension_mode":true,"campfire_choices":[{"floor":11.0,"key":"RECALL"},{"data":"Defragment","floor":24.0,"key":"SMITH"},{"floor":32,"key":"DIG"},{"data":"MostiFishMod:DeathFromBelow","floor":41,"key":"SMITH"},{"data":"testmod-EternalityOfKhronos","floor":46,"key":"SMITH"},{"data":"Gensokyo:FourOfAKind","floor":56,"key":"SMITH"},{"data":"Gensokyo:FourOfAKind","floor":58,"key":"SMITH"}],"circlet_count":0,"master_deck":["Defend_B+1","Defend_B+1","Defend_B","AT_FamilyPortrait","Defragment+1","Self Repair","Storm","AT_ThreeBodyProblem","MostiFishMod:Prepare","MostiFishMod:DeathFromBelow+1","Gensokyo:FourOfAKind+1","Gensokyo:FourOfAKind+1","Gensokyo:FourOfAKind","Gensokyo:FourOfAKind","testmod-EternalityOfKhronos+1","Fission+1","Gensokyo:LifeforceConverter","Capacitor","Hologram","MostiFishMod:ReadyAimFire+1","AT_StudyProgram+1","Double Energy","MostiFishMod:ReadyAimFire+1"],"relics":["Cracked Core","AT_ATBox","Membership Card","testmod-TurbochargingSystem","NeowsBlessing","SynthV:TestCard","AT_RedTearstoneRing","DaveBox","ArrowTower","CaptainsWheel","testmod-Déjàvu","BirthdayGift-Icosahedron","testmod-Antiphasic","Coffee Dripper","testmod-Charity","BirthdayGift-Tetrahedron","Singing Bowl","Pear","Boot","Replay:Frozen Program","Runic Capacitor","Gremlin Horn","Mercury Hourglass","War Paint","Geode","AT_BladeRuinedKing","Golden Egg","BargainBundle","ChiLing","Chi","Ling","Question Card","Dream Catcher","Omamori","Bottled Lightning","testmod-InjuryResistance","testmod-LifeArmor","Ice Cream","AT_MibuBalloonWealth","testmod-Fortitude","TimeFreeze","Strawberry","Bronze Scales","Dodecahedron","Replay:Bottled Steam","paleoftheancients:Timepiece","paleoftheancients:KeyRelic","Letter Opener","paleoftheancients:SoulOfTheSilent","Whetstone","TheAbacus","Toy Ornithopter","Snack Pack","Strange Spoon","testmod-CrystalShield","Blue Candle","Dead Branch","Anchor","DollysMirror"],"acts_visited":["Exordium","Gensokyo:Gensokyo","Gensokyo:Gensokyoer","Gensokyo:Gensokyoest"],"potions_floor_usage":[31,45],"damage_taken":[{"damage":0.0,"enemies":"Gensokyo:Python","floor":1.0,"turns":1.0},{"damage":0.0,"enemies":"Gensokyo:2_Kodama","floor":4.0,"turns":1.0},{"damage":0.0,"enemies":"Gensokyo:3_Fairies","floor":5.0,"turns":1.0},{"damage":7.0,"enemies":"Gensokyo:Cirno","floor":6.0,"turns":5.0},{"damage":8.0,"enemies":"Gensokyo:Kitsune","floor":7.0,"turns":2.0},{"damage":7.0,"enemies":"Gensokyo:Mamizou","floor":8.0,"turns":6.0},{"damage":0.0,"enemies":"Gensokyo:5_Fairies","floor":12.0,"turns":2.0},{"damage":0.0,"enemies":"Gensokyo:Aya","floor":13.0,"turns":2.0},{"damage":0.0,"enemies":"Gensokyo:VengefulSpirit","floor":14.0,"turns":2.0},{"damage":0.0,"enemies":"Gensokyo:Kokoro","floor":16.0,"turns":4.0},{"damage":0.0,"enemies":"Gensokyo:2_Gloops","floor":18.0,"turns":1.0},{"damage":9.0,"enemies":"Gensokyo:Koishi","floor":23.0,"turns":3.0},{"damage":0.0,"enemies":"Gensokyo:Tenshi","floor":25.0,"turns":1.0},{"damage":3.0,"enemies":"Gensokyo:CosmicMonolith","floor":29.0,"turns":3.0},{"damage":16.0,"enemies":"Gensokyo:Koishi","floor":30.0,"turns":3.0},{"damage":26,"enemies":"Gensokyo:Swordslinger","floor":31,"turns":3},{"damage":1,"enemies":"Gensokyo:Kaguya","floor":33,"turns":2},{"damage":0,"enemies":"Gensokyo:3_Boulders","floor":35,"turns":1},{"damage":0,"enemies":"Gensokyo:3_Bats","floor":36,"turns":1},{"damage":4,"enemies":"Gensokyo:Doremy","floor":40,"turns":2},{"damage":1,"enemies":"Gensokyo:Kasen","floor":42,"turns":1},{"damage":2,"enemies":"Gensokyo:Doremy","floor":44,"turns":2},{"damage":5,"enemies":"Gensokyo:Rafflesia","floor":45,"turns":1},{"damage":0,"enemies":"Gensokyo:3_Boulders","floor":48,"turns":1},{"damage":0,"enemies":"Gensokyo:Yuyuko","floor":50,"turns":1},{"damage":2,"enemies":"Gensokyo:Scarlet_Devils","floor":51,"turns":2},{"damage":4,"enemies":"Gensokyo:Scarlet_Devils","floor":52,"turns":4},{"damage":2,"enemies":"Gensokyo:Scarlet_Devils","floor":53,"turns":2},{"damage":0,"enemies":"Gensokyo:Scarlet_Devils","floor":57,"turns":1},{"damage":2,"enemies":"paleoftheancients:N","floor":61,"turns":4}],"seed_played":"8416836811449500337","potions_obtained":[{"floor":1.0,"key":"CultistPotion"},{"floor":6.0,"key":"LiquidMemories"},{"floor":7.0,"key":"testmod-SpacePotion"},{"floor":13.0,"key":"Strength Potion"},{"floor":16.0,"key":"Strength Potion"},{"floor":29.0,"key":"Milkshake"},{"floor":35,"key":"Block Potion"},{"floor":45,"key":"LiquidMemories"},{"floor":54,"key":"Fruit Juice"}],"is_trial":false,"path_per_floor":["M","?","?","M","M","E","M","E","T","COS","R","M","E","M","R","B",null,"M","?","?","?","COS","E","R","E","T","?","$","M","E","M","R","B",null,"M","M","$","?","?","E","R","E","T","E","M","R","$","M","R","B","B","M","M","?","$","R","M","R","$","?","B",null],"character_chosen":"DEFECT","items_purchased":["Replay:Frozen Program","Runic Capacitor","Gremlin Horn","Mercury Hourglass","War Paint","testmod-EternalityOfKhronos","Elixir","LiquidMemories","BargainBundle","ChiLing","Question Card","Dream Catcher","Omamori","Bottled Lightning","TimeFreeze","Strawberry","Bronze Scales","Dodecahedron","MostiFishMod:ReadyAimFire","Replay:Bottled Steam","TheAbacus","Toy Ornithopter","Snack Pack","Strange Spoon","testmod-CrystalShield","Blue Candle","Dead Branch","Anchor","DollysMirror"],"campfire_rested":0,"item_purchase_floors":[28,28,28,28,28,28,28,28,37,37,37,37,37,37,47,47,47,47,47,47,55,55,55,55,59,59,59,59,59],"current_hp_per_floor":[64,64,64,64,64,59,51,51,51,51,51,52,60,64,64,65,70,71,71,66,66,66,62,62,84,85,56,56,59,66,57,57,59,73,77,81,81,81,81,86,86,87,87,90,95,95,102,108,108,113,119,121,127,90,90,90,116,116,116,116,138],"gold":3868,"neow_bonus":"THREE_ENEMY_KILL","is_daily":false,"chose_seed":false,"campfire_upgraded":5,"win_rate":0.0,"timestamp":1610262546,"path_taken":["M","?","?","M","M","E","?","E","T","COS","R","M","E","M","R","BOSS","M","?","?","?","COS","E","R","E","T","?","$","M","E","M","R","BOSS","M","M","$","?","?","E","R","E","T","E","M","R","$","M","R","BOSS","BOSS","M","M","?","$","R","M","R","$","?","BOSS"],"items_purchased_type":["Relic","Relic","Relic","Relic","Relic","Card","Potion","Potion","Relic","Relic","Relic","Relic","Relic","Relic","Relic","Relic","Relic","Relic","Card","Relic","Relic","Relic","Relic","Relic","Relic","Relic","Relic","Relic","Relic"],"build_version":"2020-12-22","purchased_purges":7,"victory":true,"max_hp_per_floor":[71,71,71,71,71,71,71,71,71,71,71,71,71,71,71,71,71,71,71,66,66,66,70,70,84,85,56,56,61,66,75,75,77,77,80,83,83,83,83,86,86,87,87,90,95,95,102,108,108,113,119,122,127,130,130,130,134,134,134,134,139],"card_choices":[{"not_picked":["AT_HeatAcrobatics","Leap","Steam"],"picked":"SKIP","floor":1.0},{"not_picked":["Streamline","Rip and Tear","Force Field","Steam"],"picked":"Defragment","floor":4.0},{"not_picked":["Steam Power","Barrage","AT_HeatAcrobatics","AT_EMC2"],"picked":"Coolheaded","floor":5.0},{"not_picked":["Auto Shields","Doom and Gloom","Sunder","Conserve Battery","Force Field"],"picked":"SKIP","floor":6.0},{"not_picked":["Gash","Undo","MostiFishMod:Impulse","Cold Snap"],"picked":"Self Repair","floor":7.0},{"not_picked":["Cold Snap","AT_ThreeBodyProblem","Thunder Strike","Go for the Eyes"],"picked":"Storm","floor":8.0},{"not_picked":["MostiFishMod:FluxCapactior","Reprogram","Steam","MostiFishMod:GatherIntelligence"],"picked":"AT_ThreeBodyProblem","floor":12.0},{"not_picked":["AT_HeatAcrobatics","Rebound","Scrape","Ball Lightning"],"picked":"Turbo","floor":13.0},{"not_picked":["Sunder","Compile Driver","Cold Snap","AT_RobotInSpace"],"picked":"Glacier","floor":14.0},{"not_picked":["MostiFishMod:Nova","Reboot","AT_RightCognition","MostiFishMod:InterfaceCompatibility"],"picked":"MostiFishMod:Prepare","floor":16.0},{"not_picked":["Stack+1","Cold Snap","Reprogram","AT_EMC2","Rebound"],"picked":"SKIP","floor":18.0},{"not_picked":["Streamline","Turbo","Rebound+1","Coolheaded","Leap"],"picked":"Singing Bowl","floor":23.0},{"not_picked":["Conserve Battery","Ball Lightning","MostiFishMod:Exploitation","MostiFishMod:FluxCapactior+1","Redo"],"picked":"Singing Bowl","floor":25.0},{"not_picked":["Ball Lightning","Turbo","Redo","Doom and Gloom","Steam"],"picked":"Singing Bowl","floor":29.0},{"not_picked":["MostiFishMod:Tomorrow","Rainbow","Electrodynamics","Creative AI","MostiFishMod:SeaWaves"],"picked":"Singing Bowl","floor":30.0},{"not_picked":["Blizzard","Redo","Rip and Tear","MostiFishMod:PushDownKick","Gash"],"picked":"Singing Bowl","floor":30.0},{"not_picked":["Leap","Steam Power","Sweeping Beam+1","MostiFishMod:PushDownKick","MostiFishMod:ReprogramOld"],"picked":"Singing Bowl","floor":31},{"not_picked":["Electrodynamics","Echo Form","MostiFishMod:ATRI","MostiFishMod:Hijack"],"picked":"Fission","floor":33},{"not_picked":["Glacier","Self Repair","Rip and Tear","Blizzard+1","FTL"],"picked":"Singing Bowl","floor":35},{"not_picked":["Gash+1","Scrape+1","Cold Snap","Force Field","Sweeping Beam"],"picked":"Singing Bowl","floor":36},{"not_picked":["Redo","Go for the Eyes","MostiFishMod:Nova","Lockon","Hello World","MostiFishMod:ReprogramOld"],"picked":"Singing Bowl","floor":40},{"not_picked":["Sweeping Beam","Scrape","AT_ThunderBolt+1","Rebound+1","Conserve Battery"],"picked":"Capacitor","floor":42},{"not_picked":["Barrage","Tempest","Sweeping Beam+1","Rebound","Rip and Tear+1"],"picked":"Hologram","floor":44},{"not_picked":["Hologram","AT_RobotInSpace","AT_EMC2","Blizzard","MostiFishMod:Impulse+1","Steam"],"picked":"Singing Bowl","floor":45},{"not_picked":["MostiFishMod:FluxCapactior+1","MostiFishMod:Nova","Stack","Steam Power","Conserve Battery","Aggregate"],"picked":"Singing Bowl","floor":48},{"not_picked":["Steam","Streamline","Hologram","Gash+1","MostiFishMod:ReprogramOld"],"picked":"AT_StudyProgram+1","floor":52},{"not_picked":["Turbo+1","Hologram+1","FTL","AT_ThunderBolt","Glacier","Cold Snap"],"picked":"Singing Bowl","floor":53},{"not_picked":["Ball Lightning","Leap","Barrage","Aggregate","Coolheaded+1","Turbo"],"picked":"Singing Bowl","floor":54},{"not_picked":["Rainbow","Barrage","Hologram","Auto Shields+1","MostiFishMod:FluxCapactior"],"picked":"Double Energy","floor":54},{"not_picked":["Fusion","Defragment","Coolheaded","Conserve Battery","Chaos","Capacitor"],"picked":"Singing Bowl","floor":57}],"player_experience":376553,"relics_obtained":[{"floor":1.0,"key":"SynthV:TestCard"},{"floor":6.0,"key":"CaptainsWheel"},{"floor":8.0,"key":"testmod-Déjàvu"},{"floor":13.0,"key":"testmod-Antiphasic"},{"floor":23.0,"key":"Singing Bowl"},{"floor":25.0,"key":"Pear"},{"floor":26.0,"key":"Boot"},{"floor":30.0,"key":"AT_BladeRuinedKing"},{"floor":32,"key":"Golden Egg"},{"floor":40,"key":"testmod-LifeArmor"},{"floor":42,"key":"Ice Cream"},{"floor":43,"key":"AT_MibuBalloonWealth"},{"floor":44,"key":"testmod-Fortitude"},{"floor":52,"key":"paleoftheancients:SoulOfTheSilent"},{"floor":53,"key":"paleoftheancients:SoulOfTheCollector"},{"floor":54,"key":"Whetstone"},{"floor":57,"key":"paleoftheancients:SoulOfTheVixen"}],"event_choices":[{"damage_healed":0.0,"max_hp_gain":0.0,"max_hp_loss":0.0,"gold_gain":0.0,"event_name":"给自己的盒子","player_choice":"Swap Relic","floor":3.0,"relics_lost":["DaveBox"],"gold_loss":0.0,"damage_taken":0.0,"relics_obtained":["DaveBox"]},{"damage_healed":0.0,"max_hp_gain":0.0,"max_hp_loss":0.0,"gold_gain":400.0,"event_name":"恩洛斯的盘子","player_choice":"Sell","floor":21.0,"relics_lost":["testmod-TestBox"],"gold_loss":0.0,"damage_taken":0.0}],"is_beta":false,"boss_relics":[{"not_picked":["FrostBlade","ShadowXiaoBlade"],"picked":"Coffee Dripper"},{"not_picked":["testmod-Prudence","ExusiaiGun","OneHitWonderSystem"]}],"items_purged_floors":[28,28,37,37,47,55,59],"is_endless":false,"potions_floor_spawned":[1,6,7,13,16,18,29,35,42,45,53],"ascension_level":20}}