{"host":"ek3xvuouaw6vk9if","time":1610312043,"event":{"mods":["BaseMod","BetterRewards","Minty Spire (QoL Compilation)","Permanent Neow","Quick Restart","Relic Stats","Replay The Spire","StSLib","The Bladedancer"],"gold_per_floor":[118,133,133,148,148,148,148],"floor_reached":6,"playtime":197,"items_purged":[],"score":36,"play_id":"84e4539b-5723-432e-ab7b-9e38a6a299b9","local_time":"20210110155403","is_ascension_mode":false,"campfire_choices":[],"circlet_count":0,"master_deck":["blademaster:Strike","blademaster:Strike","blademaster:Strike","blademaster:Strike","blademaster:Defend","blademaster:Defend","blademaster:Defend","blademaster:Defend","blademaster:RagingBlow","blademaster:HighVoltage","blademaster:RagingBlow","blademaster:Havoc","blademaster:Safeguard","blademaster:Vortex","Injury"],"relics":["blademaster:DancersAmulet","Golden Idol"],"acts_visited":["Exordium"],"potions_floor_usage":[],"damage_taken":[{"damage":0,"enemies":"Jaw Worm","floor":1,"turns":2},{"damage":0,"enemies":"Small Slimes","floor":2,"turns":4},{"damage":0,"enemies":"Cultist","floor":4,"turns":2},{"damage":77,"enemies":"Gremlin Nob","floor":6,"turns":5}],"seed_played":"-52358229868280017","potions_obtained":[],"is_trial":false,"path_per_floor":["M","M","?","M","?","E"],"character_chosen":"THE_BLADEMASTER","items_purchased":[],"campfire_rested":0,"item_purchase_floors":[],"current_hp_per_floor":[75,75,75,75,75,0,0],"gold":148,"neow_bonus":"ONE_RANDOM_RARE_CARD","is_daily":false,"chose_seed":false,"campfire_upgraded":0,"win_rate":0.0,"timestamp":1610312043,"path_taken":["M","M","?","M","?","E"],"items_purchased_type":[],"build_version":"2020-12-22","purchased_purges":0,"victory":false,"max_hp_per_floor":[75,75,75,75,75,75,75],"relic_stats":{"counters":[4,13],"Golden Idol":0,"obtain_stats":[{"Golden Idol":5,"blademaster:DancersAmulet":0},{"Golden Idol":3,"blademaster:DancersAmulet":0},{"Golden Idol":8,"blademaster:DancersAmulet":0}]},"card_choices":[{"not_picked":["blademaster:ThunderSlash","blademaster:AwakeningDefend"],"picked":"blademaster:Havoc","floor":1},{"not_picked":["blademaster:Havoc","blademaster:Sharpen"],"picked":"blademaster:Safeguard","floor":2},{"not_picked":["blademaster:Frontflip","blademaster:ChargingUp"],"picked":"blademaster:Vortex","floor":4}],"player_experience":515074,"relics_obtained":[],"event_choices":[{"damage_healed":0,"gold_gain":0,"player_choice":"Leave","damage_taken":0,"max_hp_gain":0,"max_hp_loss":0,"event_name":"The Cleric","floor":3,"gold_loss":0},{"damage_healed":0,"gold_gain":0,"player_choice":"Take Wound","damage_taken":0,"relics_obtained":["Golden Idol"],"max_hp_gain":0,"max_hp_loss":0,"event_name":"Golden Idol","floor":5,"gold_loss":0,"cards_obtained":["Injury"]}],"is_beta":false,"boss_relics":[],"items_purged_floors":[],"is_endless":false,"potions_floor_spawned":[],"killed_by":"Gremlin Nob","ascension_level":0}}