{"host":"c97twqu0op5dg8i4","time":1610270312,"event":{"mods":["BaseMod","Minty Spire (QoL Compilation)","Permanent Neow"],"gold_per_floor":[109,129,129,129,58,99,99,139,164,164,129,129,54,97,97,220,220,220,220],"floor_reached":18,"playtime":498,"items_purged":["Strike_R"],"score":218,"play_id":"fd33d2e6-22bf-4347-a4ea-67f79c1a7c5f","local_time":"20210110041832","is_ascension_mode":true,"campfire_choices":[{"floor":7,"key":"REST"},{"data":"Inflame","floor":10,"key":"SMITH"},{"data":"Uppercut","floor":15,"key":"SMITH"}],"circlet_count":0,"master_deck":["Strike_R","Strike_R","Strike_R+1","Strike_R","Defend_R","Defend_R","Defend_R","Defend_R","Bash+1","Uppercut+1","Armaments+1","Inflame+1","Iron Wave","True Grit","Shrug It Off","Reaper"],"relics":["Black Blood","Golden Idol","Lantern","Bird Faced Urn","Vajra","White Beast Statue","Ornamental Fan"],"acts_visited":["Exordium","TheCity"],"potions_floor_usage":[6],"damage_taken":[{"damage":7,"enemies":"2 Louse","floor":1,"turns":3},{"damage":7,"enemies":"Small Slimes","floor":2,"turns":3},{"damage":7,"enemies":"Gremlin Nob","floor":6,"turns":3},{"damage":37,"enemies":"3 Sentries","floor":8,"turns":9},{"damage":12,"enemies":"Gremlin Nob","floor":14,"turns":3},{"damage":51,"enemies":"Hexaghost","floor":16,"turns":13},{"damage":72,"enemies":"3 Byrds","floor":18,"turns":8}],"seed_played":"-4960216915798710948","potions_obtained":[{"floor":2,"key":"Fire Potion"},{"floor":8,"key":"Explosive Potion"},{"floor":14,"key":"Swift Potion"},{"floor":16,"key":"BlessingOfTheForge"}],"is_trial":false,"path_per_floor":["M","M","?","?","$","E","R","E","T","R","?","?","$","E","R","B",null,"M"],"character_chosen":"IRONCLAD","items_purchased":["Inflame"],"campfire_rested":1,"item_purchase_floors":[5],"current_hp_per_floor":[79,78,58,42,42,41,65,34,34,34,54,54,54,50,50,7,62,4,4],"gold":220,"neow_bonus":"UPGRADE_CARD","is_daily":false,"chose_seed":false,"campfire_upgraded":2,"win_rate":0.0,"timestamp":1610270312,"path_taken":["M","M","?","?","$","E","R","E","T","R","?","?","$","E","R","BOSS","M"],"items_purchased_type":["Card"],"build_version":"2020-12-22","purchased_purges":1,"victory":false,"max_hp_per_floor":[80,80,80,80,80,80,80,80,80,80,80,80,80,80,80,80,80,80,80],"card_choices":[{"not_picked":["Iron Wave","Flex"],"picked":"Uppercut","floor":1},{"not_picked":["Carnage","Anger"],"picked":"Armaments","floor":2},{"not_picked":["Pummel","Armaments"],"picked":"Iron Wave","floor":6},{"not_picked":["Searing Blow","Impervious"],"picked":"True Grit","floor":8},{"not_picked":["Body Slam","Twin Strike"],"picked":"Shrug It Off","floor":14},{"not_picked":["Immolate","Double Tap"],"picked":"Reaper","floor":16}],"player_experience":286915,"relics_obtained":[{"floor":6,"key":"Lantern"},{"floor":8,"key":"Bird Faced Urn"},{"floor":9,"key":"Vajra"},{"floor":14,"key":"Ornamental Fan"}],"event_choices":[{"damage_healed":0,"gold_gain":0,"player_choice":"Take Damage","damage_taken":20,"relics_obtained":["Golden Idol"],"max_hp_gain":0,"max_hp_loss":0,"event_name":"Golden Idol","floor":3,"gold_loss":0},{"damage_healed":0,"gold_gain":0,"player_choice":"Entered Light","damage_taken":16,"max_hp_gain":0,"max_hp_loss":0,"event_name":"Shining Light","floor":4,"gold_loss":0,"cards_upgraded":["Strike_R","Armaments"]},{"damage_healed":20,"gold_gain":0,"player_choice":"Healed","damage_taken":0,"max_hp_gain":0,"max_hp_loss":0,"event_name":"The Cleric","floor":11,"gold_loss":35},{"damage_healed":0,"gold_gain":0,"player_choice":"Gave Potion","damage_taken":0,"relics_obtained":["White Beast Statue"],"max_hp_gain":0,"max_hp_loss":0,"event_name":"WeMeetAgain","floor":12,"gold_loss":0}],"is_beta":false,"boss_relics":[{"not_picked":["Fusion Hammer","Coffee Dripper"],"picked":"Black Blood"}],"items_purged_floors":[13],"is_endless":false,"potions_floor_spawned":[2,8,14,16],"killed_by":"3 Byrds","ascension_level":5}}