{"host":"jm9833yuloeli2yd","time":1610302875,"event":{"mods":["BaseMod","Better Altar","Better Match","Better Note","Better Sensory Stone","Better Skull","Better Third Choice","Better Vampires","BetterRewards","Colored Map","Colored Powertips","DeckTracker","Minty Spire (QoL Compilation)","Permanent Neow","Quick Restart","Slay-I","StSLib","SuperFastMode"],"gold_per_floor":[110,121,132,142,142,142,160,189,215,215,250,37,37,51,51,126,126,142,162,174,188,205,205,235,235,287,299,327,327,343,376,376,450,450,467,467,467],"floor_reached":36,"playtime":1351,"items_purged":["Strike_B"],"score":1136,"play_id":"40d0dbd3-15ca-4231-be0c-3dd9b4995457","local_time":"20210110132115","is_ascension_mode":true,"campfire_choices":[{"floor":6.0,"key":"REST"},{"data":"Machine Learning","floor":13.0,"key":"SMITH"},{"data":"Consume","floor":15.0,"key":"SMITH"},{"floor":23.0,"key":"REST"},{"data":"Seek","floor":25.0,"key":"SMITH"},{"data":"Go for the Eyes","floor":32,"key":"SMITH"}],"circlet_count":0,"master_deck":["AscendersBane","Zap+1","Dualcast+1","Self Repair","Go for the Eyes+1","Barrage","Sweeping Beam","Steam","Coolheaded","Cold Snap","Machine Learning+1","Consume+1","Biased Cognition","Meteor Strike+1","Barrage+1","Go for the Eyes+1","Loop","Conserve Battery","Seek+1","White Noise","Capacitor+1","Capacitor","White Noise","Hologram","Ghostly","Ghostly","Ghostly","Machine Learning","Coolheaded+1","Buffer","Consume","Blizzard","Rebound","Compile Driver"],"relics":["Cracked Core","Mummified Hand","Medical Kit","Mango","Smiling Mask","CultistMask","War Paint","OrangePellets","Astrolabe","Art of War","Ancient Tea Set","StrikeDummy","Red Mask","Pandora\u0027s Box"],"acts_visited":["Exordium","TheCity","TheBeyond"],"potions_floor_usage":[28,36,36],"damage_taken":[{"damage":0.0,"enemies":"Small Slimes","floor":1.0,"turns":3.0},{"damage":11.0,"enemies":"2 Louse","floor":2.0,"turns":2.0},{"damage":3.0,"enemies":"Cultist","floor":3.0,"turns":4.0},{"damage":44.0,"enemies":"Exordium Wildlife","floor":4.0,"turns":6.0},{"damage":0.0,"enemies":"Looter","floor":7.0,"turns":4.0},{"damage":19.0,"enemies":"3 Sentries","floor":8.0,"turns":6.0},{"damage":12.0,"enemies":"Lagavulin","floor":11.0,"turns":10.0},{"damage":1.0,"enemies":"Blue Slaver","floor":14.0,"turns":3.0},{"damage":16.0,"enemies":"The Guardian","floor":16.0,"turns":15.0},{"damage":9.0,"enemies":"Shell Parasite","floor":18.0,"turns":5.0},{"damage":10.0,"enemies":"2 Thieves","floor":19.0,"turns":4.0},{"damage":23.0,"enemies":"Snake Plant","floor":20.0,"turns":3.0},{"damage":28.0,"enemies":"3 Cultists","floor":21.0,"turns":6.0},{"damage":21.0,"enemies":"Shelled Parasite and Fungi","floor":22.0,"turns":6.0},{"damage":16.0,"enemies":"Book of Stabbing","floor":24.0,"turns":8.0},{"damage":6.0,"enemies":"Cultist and Chosen","floor":27.0,"turns":6.0},{"damage":7,"enemies":"Gremlin Leader","floor":28,"turns":6},{"damage":13,"enemies":"Chosen and Byrds","floor":30,"turns":6},{"damage":6,"enemies":"Masked Bandits","floor":31,"turns":5},{"damage":2,"enemies":"Champ","floor":33,"turns":10},{"damage":0,"enemies":"3 Shapes","floor":35,"turns":2},{"damage":50,"enemies":"2 Orb Walkers","floor":36,"turns":2}],"seed_played":"-7042830400740585378","potions_obtained":[{"floor":1.0,"key":"CultistPotion"},{"floor":3.0,"key":"Dexterity Potion"},{"floor":11.0,"key":"GamblersBrew"},{"floor":19.0,"key":"Ancient Potion"},{"floor":20.0,"key":"LiquidMemories"},{"floor":22.0,"key":"LiquidMemories"},{"floor":24.0,"key":"DuplicationPotion"},{"floor":31,"key":"Fire Potion"}],"is_trial":false,"path_per_floor":["M","M","M","M","?","R","M","E","T","?","E","$","R","M","R","B",null,"M","M","M","M","M","R","E","R","T","M","E","?","M","?","R","B",null,"M","?"],"character_chosen":"DEFECT","items_purchased":["Mummified Hand","Self Repair","Medical Kit","OrangePellets"],"campfire_rested":2,"item_purchase_floors":[0,0,0,12],"current_hp_per_floor":[64,60,64,27,6,27,34,36,36,36,31,31,31,37,37,28,71,69,66,50,29,15,40,31,31,31,32,32,32,26,27,27,32,40,40,0,0],"gold":467,"neow_bonus":"","is_daily":false,"chose_seed":false,"campfire_upgraded":4,"win_rate":0.0,"timestamp":1610302875,"path_taken":["M","M","M","M","?","R","M","E","T","?","E","$","R","M","R","BOSS","M","M","M","M","M","R","E","R","T","?","E","?","M","?","R","BOSS","M","?"],"items_purchased_type":["Relic","Card","Relic","Relic"],"build_version":"2020-12-22","purchased_purges":1,"victory":false,"max_hp_per_floor":[71,71,71,71,71,71,71,85,85,85,85,85,85,85,85,85,85,85,85,85,85,85,85,85,85,85,85,85,42,42,42,42,42,42,42,42,42],"card_choices":[{"not_picked":["Beam Cell","Sweeping Beam"],"picked":"Go for the Eyes","floor":1.0},{"not_picked":["Streamline","Beam Cell"],"picked":"Barrage","floor":2.0},{"not_picked":["Beam Cell","Rebound"],"picked":"Sweeping Beam","floor":3.0},{"not_picked":["Barrage","Streamline"],"picked":"Steam","floor":4.0},{"not_picked":["Conserve Battery","Go for the Eyes"],"picked":"Coolheaded","floor":7.0},{"not_picked":["Barrage","Turbo"],"picked":"Cold Snap","floor":8.0},{"not_picked":["Redo","Beam Cell"],"picked":"Machine Learning","floor":11.0},{"not_picked":["Chill","Skim"],"picked":"Consume","floor":14.0},{"not_picked":["Creative AI","Fission"],"picked":"Biased Cognition","floor":16.0},{"not_picked":["Conserve Battery","Undo"],"picked":"Loop","floor":18.0},{"not_picked":["Rebound","Leap"],"picked":"Conserve Battery","floor":19.0},{"not_picked":["Undo","Redo+1"],"picked":"Seek","floor":20.0},{"not_picked":["Go for the Eyes","Reinforced Body"],"picked":"White Noise","floor":21.0},{"not_picked":["Go for the Eyes","Tempest"],"picked":"Capacitor+1","floor":22.0},{"not_picked":["Rebound","Beam Cell"],"picked":"Capacitor","floor":24.0},{"not_picked":["Coolheaded","Rebound"],"picked":"White Noise","floor":27.0},{"not_picked":["Cold Snap","Beam Cell"],"picked":"Hologram","floor":28},{"not_picked":["Consume","BootSequence"],"picked":"Machine Learning","floor":30},{"not_picked":["BootSequence","Darkness"],"picked":"Coolheaded+1","floor":31},{"not_picked":["Core Surge","Machine Learning"],"picked":"Buffer","floor":33},{"not_picked":["Rebound+1","Redo","Streamline+1"],"picked":"SKIP","floor":35}],"player_experience":1302969,"relics_obtained":[{"floor":8.0,"key":"Mango"},{"floor":9.0,"key":"Smiling Mask"},{"floor":11.0,"key":"War Paint"},{"floor":24.0,"key":"Art of War"},{"floor":26.0,"key":"Ancient Tea Set"},{"floor":28,"key":"StrikeDummy"},{"floor":31,"key":"Red Mask"}],"event_choices":[{"damage_healed":27.0,"max_hp_gain":0.0,"max_hp_loss":71.0,"gold_gain":0.0,"event_name":"betterThird:BetterShining","player_choice":"Upgrade","floor":5.0,"gold_loss":0.0,"damage_taken":21.0,"cards_upgraded":["Defend_B","Defend_B"]},{"damage_healed":0.0,"max_hp_gain":0.0,"max_hp_loss":0.0,"gold_gain":0.0,"event_name":"FaceTrader","player_choice":"Trade","floor":10.0,"gold_loss":0.0,"damage_taken":0.0,"relics_obtained":["CultistMask"]},{"damage_healed":0,"gold_gain":0,"player_choice":"Became a Ghost","damage_taken":0,"max_hp_gain":0,"max_hp_loss":43,"event_name":"Ghosts","floor":29,"gold_loss":0,"cards_obtained":["Ghostly","Ghostly","Ghostly"]},{"damage_healed":0,"gold_gain":0,"player_choice":"Fought Bandits","damage_taken":0,"max_hp_gain":0,"max_hp_loss":0,"event_name":"Masked Bandits","floor":31,"gold_loss":0},{"damage_healed":0,"gold_gain":0,"player_choice":"Fight","damage_taken":0,"max_hp_gain":0,"max_hp_loss":0,"event_name":"Mysterious Sphere","floor":36,"gold_loss":0}],"is_beta":false,"boss_relics":[{"not_picked":["Calling Bell","Black Star"],"picked":"Astrolabe"},{"not_picked":["FrozenCore","Cursed Key"],"picked":"Pandora\u0027s Box"}],"items_purged_floors":[12],"is_endless":false,"potions_floor_spawned":[1,3,11,19,20,22,24,31,33],"killed_by":"2 Orb Walkers","ascension_level":20}}