{"host":"bplbr8uekuotory4","time":1610278931,"event":{"mods":["Act Like it!","BaseMod","Custom Start","Gensokyo","GungeonMod","Hermit","KinomotoSakuraMod(ƒæ÷Æ±æ”£)","Koishi","Marisa£®ÏF”Í°°ƒß¿Ì…≥£©","Minty Spire (QoL Compilation)","Prisma Mod","Quick Restart","Reimu£®≤©¿ˆ¡È√Œ£©","SOS£®Àπ∞Õ¥Ô÷Æ◊”£©","Spicy Shops","StSLib","TestMod","The Mystic","The Runesmith","The Saiyan","The Servant 0.9.4","Yuri Mod","[IsaacMod]“‘»ˆº‚À˛"],"gold_per_floor":[110,110,122,122,48,48,88,88,88,103,103,103,103,124,124,253,253,278,278,297,297,297,336,350,384,384,384,399,399,424,458,458,578,578,593,593,611,611,611,626,659,659,659,697,720,720,764,787,787,787,787,787,787,818,825],"floor_reached":56,"playtime":2516,"items_purged":["Strike_G","Decay","Defend_G","Strike_G","Defend_G","Defend_G","Bullet Time","Eviscerate","Dagger Spray","Crippling Poison+1","Storm of Steel","Die Die Die","Outmaneuver+1"],"score":2540,"play_id":"3c8bb606-19bb-44be-99a7-12c027451a88","local_time":"20210110194211","is_ascension_mode":true,"campfire_choices":[{"data":"Malaise","floor":6,"key":"SMITH"},{"data":"Accuracy","floor":8,"key":"SMITH"},{"data":"Crippling Poison","floor":12,"key":"SMITH"},{"data":"Poisoned Stab","floor":15,"key":"SMITH"},{"data":"Blade Dance","floor":29,"key":"SMITH"},{"data":"Finisher","floor":32,"key":"SMITH"},{"floor":49,"key":"RECALL"},{"data":"Terror","floor":52,"key":"SMITH"}],"circlet_count":0,"master_deck":["AscendersBane","Neutralize+1","Accuracy+1","Blade Dance+1","Finisher+1","Burst","Terror+1"],"relics":["Ring of the Snake","testmod-TestBox","HushsDoor","SteamSale","testmod-ChristmasGift","NeowsBlessing","Golden Idol","Membership Card","DemoMod:PinkGuonStone","DemoMod:Bottle","StrikeDummy","Frozen Eye","DemoMod:GnawedKey","Snake Skull","testmod-IndustrialRevolution","testmod-ArcanaOfDestiny","Potion Belt","Toolbox","Toy Ornithopter","Ancient Tea Set","Regal Pillow","testmod-TurbochargingSystem","testmod-Nine","GuppysTail","GuppysHead","Enchiridion","Chemical X","DemoMod:JetPack","Turnip","TheBible","Medical Kit","Anchor","DemoMod:GlassGuonStoneRelic","TuHaoJin","TheBattery","Bag of Marbles","Ornamental Fan","TheAbacus","Ninja Scroll","Dream Catcher","Pandora\u0027s Box","GuppysCollar","Damocles","Molten Egg 2","BookofShadows","PreservedInsect","Art of War","DemoMod:MeltedRock","OrangePellets","TentaclePot:ReiMu","Orichalcum","Strange Spoon","testmod-AssaultLearning","testmod-Fortitude","Whetstone","MealTicket","testmod-Alchemist","Omamori","White Beast Statue","DemoMod:GreenGuonStone","Oddly Smooth Stone","Runesmith:AutoHammer","BFFS","Lantern","SalivaCoin","DemoMod:MonsterBlood","DoctorsRemote","Chaos","DemoMod:PartiallyEatenCheese","Gremlin Horn","DemoMod:DecoyRelic","testmod-Maize","Pantograph","Charon\u0027s Ashes","DemoMod:MemoryAlloy","testmod-KeyOfTheVoid","Astrolabe","testmod-Prudence","RuthlessExorcism:ReiMu"],"acts_visited":["Exordium","TheCity","TheBeyond","TheEnding"],"potions_floor_usage":[16,16,16,16,16,16,16,18,23,23,33,33,38,55,55,55,55,55,55,55,55,55],"damage_taken":[{"damage":0,"enemies":"2 Louse","floor":1,"turns":1},{"damage":0,"enemies":"Jaw Worm","floor":3,"turns":1},{"damage":0,"enemies":"Gremlin Nob","floor":7,"turns":1},{"damage":0,"enemies":"Cultist","floor":10,"turns":4},{"damage":0,"enemies":"Large Slime","floor":14,"turns":3},{"damage":0,"enemies":"Slime Boss","floor":16,"turns":3},{"damage":0,"enemies":"Chosen","floor":18,"turns":3},{"damage":0,"enemies":"Shell Parasite","floor":20,"turns":4},{"damage":0,"enemies":"Gremlin Leader","floor":23,"turns":3},{"damage":0,"enemies":"Snecko","floor":24,"turns":2},{"damage":1,"enemies":"Book of Stabbing","floor":25,"turns":4},{"damage":0,"enemies":"3 Cultists","floor":28,"turns":1},{"damage":0,"enemies":"Centurion and Healer","floor":30,"turns":1},{"damage":0,"enemies":"Gremlin Leader","floor":31,"turns":2},{"damage":0,"enemies":"Automaton","floor":33,"turns":3},{"damage":0,"enemies":"3 Shapes","floor":35,"turns":1},{"damage":0,"enemies":"3 Darklings","floor":37,"turns":1},{"damage":0,"enemies":"Writhing Mass","floor":40,"turns":1},{"damage":0,"enemies":"Reptomancer","floor":41,"turns":1},{"damage":0,"enemies":"Nemesis","floor":44,"turns":1},{"damage":0,"enemies":"Maw","floor":45,"turns":2},{"damage":0,"enemies":"Giant Head","floor":47,"turns":1},{"damage":0,"enemies":"4 Shapes","floor":48,"turns":1},{"damage":0,"enemies":"Donu and Deca","floor":50,"turns":1},{"damage":0,"enemies":"Shield and Spear","floor":54,"turns":1},{"damage":0,"enemies":"The Heart","floor":55,"turns":2}],"seed_played":"8515329816216733077","potions_obtained":[{"floor":1,"key":"Explosive Potion"},{"floor":10,"key":"testmod-TestPotion"},{"floor":16,"key":"CunningPotion"},{"floor":18,"key":"testmod-SpacePotion"},{"floor":35,"key":"Poison Potion"},{"floor":41,"key":"AttackPotion"}],"is_trial":false,"path_per_floor":["M","$","M","?","$","R","E","R","T","M","?","R","$","M","R","B",null,"M","?","M","$","?","E","M","E","T","$","M","R","M","E","R","B",null,"M","?","M","$","$","M","E","?","T","E","M","$","E","M","R","B",null,"R","$","E","B",null],"character_chosen":"THE_SILENT","items_purchased":["Membership Card","DemoMod:PinkGuonStone","DemoMod:Bottle","StrikeDummy","Frozen Eye","DemoMod:GnawedKey","Explosive Potion","Block Potion","Dexterity Potion","Accuracy","Malaise","Snake Skull","Toolbox","Toy Ornithopter","Ancient Tea Set","Regal Pillow","testmod-TurbochargingSystem","GamblersBrew","EssenceOfSteel","Dramatic Entrance","GuppysTail","GuppysHead","Chemical X","DemoMod:WeirdEgg","Turnip","TheBible","Medical Kit","Die Die Die","ColorlessPotion","FairyPotion","TheBattery","Bag of Marbles","Ornamental Fan","TheAbacus","Ninja Scroll","GuppysCollar","Damocles","PreservedInsect","Art of War","DemoMod:MeltedRock","OrangePellets","TentaclePot:ReiMu","Orichalcum","testmod-SpacePotion","ColorlessPotion","Energy Potion","Strange Spoon","testmod-AssaultLearning","testmod-Fortitude","Whetstone","DemoMod:LeadSkinPotion","BFFS","Lantern","SalivaCoin","DemoMod:MonsterBlood","DoctorsRemote","Chaos","testmod-Maize","Pantograph","Charon\u0027s Ashes","DemoMod:MemoryAlloy","testmod-KeyOfTheVoid","Astrolabe"],"campfire_rested":0,"item_purchase_floors":[5,5,5,5,5,5,5,5,5,5,5,5,13,13,13,13,13,13,13,13,17,17,21,21,21,21,21,21,21,21,27,27,27,27,27,34,34,38,38,38,38,38,38,38,38,38,39,39,39,39,39,46,46,46,46,46,46,53,53,53,53,53,53],"current_hp_per_floor":[63,63,63,46,53,53,53,53,53,56,41,41,41,46,46,77,52,52,36,40,40,40,52,52,52,52,52,52,52,52,52,52,52,22,22,22,22,22,22,22,22,22,22,22,22,29,29,29,29,29,29,29,29,29,29],"gold":825,"neow_bonus":"THREE_ENEMY_KILL","is_daily":false,"chose_seed":false,"campfire_upgraded":7,"win_rate":0.0,"timestamp":1610278931,"path_taken":["M","$","M","?","$","R","E","R","T","M","?","R","$","M","R","BOSS","M","?","M","$","?","E","?","E","T","$","?","R","M","E","R","BOSS","M","?","?","?","$","M","E","?","T","E","M","$","E","M","R","BOSS","R","$","E","BOSS"],"items_purchased_type":["Relic","Relic","Relic","Relic","Relic","Relic","Potion","Potion","Potion","Card","Card","Relic","Relic","Relic","Relic","Relic","Relic","Potion","Potion","Card","Relic","Relic","Relic","Relic","Relic","Relic","Relic","Card","Potion","Potion","Relic","Relic","Relic","Relic","Relic","Relic","Relic","Relic","Relic","Relic","Relic","Relic","Relic","Potion","Potion","Potion","Relic","Relic","Relic","Relic","Undefined","Relic","Relic","Relic","Relic","Relic","Card","Relic","Relic","Relic","Relic","Relic","Relic"],"build_version":"2020-12-22","purchased_purges":13,"victory":true,"max_hp_per_floor":[70,70,70,70,77,77,77,77,77,77,77,77,77,77,77,77,52,52,52,52,52,52,52,52,52,52,52,52,52,52,52,52,52,22,22,22,22,22,22,22,22,22,22,22,22,29,29,29,29,29,29,29,29,29,29],"card_choices":[{"not_picked":["PiercingWail","Dodge and Roll"],"picked":"Poisoned Stab","floor":1},{"not_picked":["Dash","Deflect"],"picked":"Crippling Poison","floor":3},{"not_picked":["Acrobatics","Blade Dance"],"picked":"Bomb","floor":7},{"not_picked":["All Out Attack","Flechettes","Leg Sweep"],"picked":"SKIP","floor":10},{"not_picked":["Slice","Dagger Spray","Flying Knee"],"picked":"SKIP","floor":14},{"not_picked":["Poisoned Stab","Crippling Poison"],"picked":"Eviscerate","floor":18},{"not_picked":["Cloak And Dagger","Skewer"],"picked":"Blade Dance","floor":20},{"not_picked":["Prepared","Night Terror","Sucker Punch"],"picked":"SKIP","floor":23},{"not_picked":["Prepared","Deflect"],"picked":"Finisher","floor":24},{"not_picked":["Sucker Punch","Quick Slash","A Thousand Cuts"],"picked":"SKIP","floor":25},{"not_picked":["Poisoned Stab","Concentrate","Terror"],"picked":"SKIP","floor":28},{"not_picked":["Choke","Poisoned Stab+1","Flechettes"],"picked":"SKIP","floor":30},{"not_picked":["Flying Knee","Setup","Skewer+1"],"picked":"SKIP","floor":31},{"not_picked":["Venomology","Die Die Die"],"picked":"Storm of Steel","floor":33},{"not_picked":["Outmaneuver+1","Slice+1","Backflip"],"picked":"SKIP","floor":35},{"not_picked":["testmod-Mystery+1","BettingIsNotGood"],"picked":"Flash of Steel+1","floor":36},{"not_picked":["Prepared+1","Blur","Calculated Gamble+1"],"picked":"SKIP","floor":37},{"not_picked":["Dagger Spray+1","Glass Knife+1","Outmaneuver"],"picked":"SKIP","floor":40},{"not_picked":["Distraction+1","Noxious Fumes+1","Outmaneuver"],"picked":"SKIP","floor":41},{"not_picked":["Dodge and Roll+1","Accuracy+1","A Thousand Cuts"],"picked":"SKIP","floor":44},{"not_picked":["PiercingWail","Riddle With Holes+1","All Out Attack+1"],"picked":"SKIP","floor":45},{"not_picked":["Deflect","Crippling Poison+1","Backstab+1"],"picked":"SKIP","floor":47},{"not_picked":["Deflect","Crippling Poison+1","Backstab+1"],"picked":"SKIP","floor":47},{"not_picked":["Bane+1","Accuracy","Deadly Poison"],"picked":"SKIP","floor":48},{"not_picked":["Dagger Spray+1","Heel Hook+1","Deflect"],"picked":"SKIP","floor":54}],"player_experience":1173003,"relics_obtained":[{"floor":7,"key":"testmod-IndustrialRevolution"},{"floor":9,"key":"testmod-ArcanaOfDestiny"},{"floor":19,"key":"Enchiridion"},{"floor":23,"key":"Anchor"},{"floor":25,"key":"TuHaoJin"},{"floor":31,"key":"Dream Catcher"},{"floor":35,"key":"Molten Egg 2"},{"floor":37,"key":"BookofShadows"},{"floor":40,"key":"MealTicket"},{"floor":41,"key":"testmod-Alchemist"},{"floor":41,"key":"Omamori"},{"floor":43,"key":"White Beast Statue"},{"floor":44,"key":"DemoMod:GreenGuonStone"},{"floor":44,"key":"Oddly Smooth Stone"},{"floor":45,"key":"Runesmith:AutoHammer"},{"floor":47,"key":"DemoMod:PartiallyEatenCheese"},{"floor":47,"key":"Gremlin Horn"},{"floor":48,"key":"DemoMod:DecoyRelic"},{"floor":54,"key":"testmod-Prudence"},{"floor":54,"key":"RuthlessExorcism:ReiMu"}],"event_choices":[{"damage_healed":0,"gold_gain":0,"player_choice":"Take Damage","damage_taken":17,"relics_obtained":["Golden Idol"],"max_hp_gain":0,"max_hp_loss":0,"event_name":"Golden Idol","floor":4,"gold_loss":0},{"damage_healed":0,"gold_gain":0,"player_choice":"Obtained Book","damage_taken":16,"max_hp_gain":0,"max_hp_loss":0,"event_name":"Cursed Tome","floor":19,"gold_loss":0},{"damage_healed":0,"gold_gain":0,"player_choice":"Ignored","damage_taken":0,"max_hp_gain":0,"max_hp_loss":0,"event_name":"Vampires","floor":22,"gold_loss":0},{"damage_healed":0,"gold_gain":0,"player_choice":"Memory 1","damage_taken":0,"max_hp_gain":0,"max_hp_loss":0,"event_name":"SensoryStone","floor":36,"gold_loss":0},{"cards_removed":["Malaise"],"damage_healed":0,"gold_gain":0,"player_choice":"Removed Skill","damage_taken":0,"max_hp_gain":0,"max_hp_loss":0,"event_name":"Falling","floor":42,"gold_loss":0}],"is_beta":false,"boss_relics":[{"not_picked":["Runesmith:UraniumAnvil","Ectoplasm"],"picked":"testmod-Nine"},{"not_picked":[]},{"not_picked":["ChampionBelt","Runic Pyramid"],"picked":"Pandora\u0027s Box"},{"not_picked":[]}],"items_purged_floors":[5,13,17,21,21,27,34,38,38,39,39,46,53],"is_endless":false,"potions_floor_spawned":[1,7,10,16,18,24,30,35,40,41,44,45,47,48,54],"ascension_level":10}}