{"host":"c6u7e77myxvw4d0m","time":1610316410,"event":{"mods":["AchievementEnabler","BaseMod","Bestiary","Colored Map","Colored Powertips","Minty Spire (QoL Compilation)","Rare Cards Sparkle","Relic Stats","everything is the same but u backflip on backflip"],"gold_per_floor":[119,119,144,124,142,178,208,220,232,262,299,311,361,394,406,547,559,595,623,653,665,665],"floor_reached":21,"playtime":1340,"items_purged":[],"score":302,"play_id":"e810cf0f-f878-4c7a-b03e-87ed54d587ba","local_time":"20210111000650","is_ascension_mode":true,"campfire_choices":[{"floor":12.0,"key":"REST"},{"floor":15.0,"key":"REST"}],"circlet_count":0,"master_deck":["AscendersBane","Strike_G","Strike_G","Strike_G","Strike_G","Strike_G","Defend_G","Defend_G","Defend_G","Defend_G","Defend_G","Survivor","Neutralize","Dagger Throw","Footwork","Dagger Spray","Noxious Fumes","Catalyst","Terror","Dodge and Roll","Quick Slash","Acrobatics","Phantasmal Killer","Crippling Poison+1","Eviscerate","Underhanded Strike+1"],"relics":["Philosopher\u0027s Stone","Golden Idol","MawBank","Bag of Marbles","Mercury Hourglass","Black Star"],"acts_visited":["Exordium","TheCity"],"potions_floor_usage":[21],"damage_taken":[{"damage":1.0,"enemies":"2 Louse","floor":1.0,"turns":3.0},{"damage":0.0,"enemies":"Small Slimes","floor":3.0,"turns":3.0},{"damage":0.0,"enemies":"Cultist","floor":5.0,"turns":4.0},{"damage":55.0,"enemies":"Lagavulin","floor":6.0,"turns":16.0},{"damage":0.0,"enemies":"Looter","floor":7.0,"turns":3.0},{"damage":0.0,"enemies":"Gremlin Gang","floor":10.0,"turns":3.0},{"damage":1.0,"enemies":"2 Fungi Beasts","floor":11.0,"turns":4.0},{"damage":21.0,"enemies":"Gremlin Nob","floor":13.0,"turns":5.0},{"damage":4.0,"enemies":"Exordium Wildlife","floor":14.0,"turns":3.0},{"damage":2.0,"enemies":"Hexaghost","floor":16.0,"turns":8.0},{"damage":14.0,"enemies":"Chosen","floor":18.0,"turns":3.0},{"damage":27.0,"enemies":"3 Byrds","floor":19.0,"turns":4.0},{"damage":11,"enemies":"3 Cultists","floor":20,"turns":5},{"damage":6,"enemies":"Snake Plant","floor":21,"turns":2}],"seed_played":"2920726334111300599","potions_obtained":[{"floor":3.0,"key":"Dexterity Potion"},{"floor":4.0,"key":"Dexterity Potion"},{"floor":6.0,"key":"Dexterity Potion"},{"floor":14.0,"key":"Strength Potion"},{"floor":20,"key":"DistilledChaos"}],"is_trial":false,"path_per_floor":["M","?","M","?","M","E","M","?","T","M","M","R","E","M","R","B",null,"M","M","M","M"],"character_chosen":"THE_SILENT","items_purchased":[],"campfire_rested":2,"item_purchase_floors":[],"current_hp_per_floor":[62,62,62,62,62,7,7,7,7,7,6,27,6,2,23,21,58,44,17,6,0,0],"gold":665,"neow_bonus":"BOSS_RELIC","is_daily":false,"chose_seed":false,"campfire_upgraded":0,"win_rate":0.0,"timestamp":1610316410,"path_taken":["M","?","M","?","M","E","?","?","T","M","M","R","E","M","R","BOSS","M","M","M","M"],"items_purchased_type":[],"build_version":"2020-12-22","purchased_purges":0,"victory":false,"max_hp_per_floor":[70,70,70,70,70,70,70,70,70,70,70,70,70,70,70,70,70,70,70,70,70,70],"relic_stats":{"counters":[14,66],"Golden Idol":79,"Black Star":0,"MawBank":180,"obtain_stats":[{"Golden Idol":2,"Philosopher\u0027s Stone":0,"Bag of Marbles":9,"Black Star":17,"MawBank":6,"Ring of the Snake":0,"Mercury Hourglass":13},{"Golden Idol":1,"Philosopher\u0027s Stone":0,"Bag of Marbles":5,"Black Star":10,"MawBank":4,"Ring of the Snake":0,"Mercury Hourglass":8},{"Golden Idol":3,"Philosopher\u0027s Stone":0,"Bag of Marbles":29,"Black Star":52,"MawBank":26,"Ring of the Snake":0,"Mercury Hourglass":41}],"Mercury Hourglass":[122]},"card_choices":[{"not_picked":["Blade Dance","Flying Knee"],"picked":"Dagger Throw","floor":1.0},{"not_picked":["Acrobatics","Leg Sweep"],"picked":"Footwork","floor":3.0},{"not_picked":["Concentrate","Flying Knee"],"picked":"Dagger Spray","floor":5.0},{"not_picked":["Concentrate","Choke"],"picked":"Noxious Fumes","floor":6.0},{"not_picked":["Flying Knee","Acrobatics"],"picked":"Catalyst","floor":7.0},{"not_picked":["Bullet Time","Backflip"],"picked":"Terror","floor":10.0},{"not_picked":["Sucker Punch","Dash"],"picked":"Dodge and Roll","floor":11.0},{"not_picked":["Deflect","Escape Plan"],"picked":"Quick Slash","floor":13.0},{"not_picked":["Expertise","Endless Agony"],"picked":"Acrobatics","floor":14.0},{"not_picked":["Grand Finale","Tools of the Trade"],"picked":"Phantasmal Killer","floor":16.0},{"not_picked":["Dagger Throw","Eviscerate"],"picked":"Crippling Poison+1","floor":18.0},{"not_picked":["Dagger Throw+1","Heel Hook"],"picked":"Eviscerate","floor":19.0},{"not_picked":["Escape Plan","Slice"],"picked":"Underhanded Strike+1","floor":20}],"player_experience":318017,"relics_obtained":[{"floor":6.0,"key":"MawBank"},{"floor":9.0,"key":"Bag of Marbles"},{"floor":13.0,"key":"Mercury Hourglass"}],"event_choices":[{"damage_healed":0.0,"max_hp_gain":0.0,"max_hp_loss":0.0,"gold_gain":0.0,"event_name":"Golden Idol","player_choice":"Take Wound","floor":2.0,"gold_loss":0.0,"damage_taken":0.0,"relics_obtained":["Golden Idol"],"cards_obtained":["Injury"]},{"damage_healed":0.0,"max_hp_gain":0.0,"max_hp_loss":0.0,"gold_gain":0.0,"event_name":"The Woman in Blue","player_choice":"Bought 1 Potion","floor":4.0,"gold_loss":0.0,"damage_taken":0.0},{"cards_removed":["Injury"],"damage_healed":0.0,"max_hp_gain":0.0,"max_hp_loss":0.0,"gold_gain":0.0,"event_name":"Fountain of Cleansing","player_choice":"Removed Curses","floor":8.0,"gold_loss":0.0,"damage_taken":0.0}],"is_beta":false,"boss_relics":[{"not_picked":["Astrolabe","Sozu"],"picked":"Black Star"}],"items_purged_floors":[],"is_endless":false,"potions_floor_spawned":[3,5,6,14,20],"killed_by":"Snake Plant","ascension_level":11}}