{"host":"w5vfr18i2ft1pzo2","time":1610313726,"event":{"mods":["AchievementEnabler","Act Like it!","Aspiration","BaseMod","Better Third Choice","BetterRewards","Colored Map","Colored Powertips","Conspire","Curses Come First","DNKmod","Defuse TimeMaze Blight","Dota2Spire","Elementarium","Energized Spire","Evolution","Force Act Four","Fox Events","Friendly Minions","Gensokyo","GifTheSpireLib","Gold Saver","GungeonMod","Halation","Hallownest","Hubris","Hyrulean Relics","Infinite Spire","Jedi Mod","Marisa????????","Minty Spire (QoL Compilation)","MostiFishMod","Poor People Problems","Prisma Mod","Remilia??????","Replay The Spire","SacredBarkPlus","Small Relic Pack","Spicy Shops","Spikes Relics","StSLib","Stuff the Spire","SuperFastMode","Synergy Search","The Blue Laboratory","The Servant 0.9.4","Trackpad","Treasure Hunter","Uncapped","Wandering Minibosses","Yakumo Yukari mod","noobMod","vexMod","??????REMEMod"],"gold_per_floor":[6698,6745,6745,6761,6761,6796,6824,6853,6979,7008,7035,7064,7093,6524,6524,6600,6600,6625,6625,6636,6526,6558,6594,6622,6656,6656,6696,6696,6430,6110,6138,6138,6212,6212,6236,6286,6318,6318,6222,6247,6278,6303,6326,6361,6390,6419,6446,6480,6480,6480,6485,6485,6485,6203,6237,6242],"floor_reached":57,"playtime":3236,"items_purged":["ThirdEye","EmptyBody","SashWhip+1","BowlingBash"],"score":4210,"play_id":"00ee4d8b-c68e-484a-87ad-ebb939ac0142","local_time":"20210111052206","daily_mods":["Time Dilation","Flight","DeadlyEvents","Elite Swarm","Lethality"],"is_ascension_mode":true,"campfire_choices":[{"floor":15.0,"key":"RECALL"},{"data":"Blasphemy","floor":53,"key":"SMITH"}],"circlet_count":1,"master_deck":["AscendersBane","FollowUp+1","CrushJoints+1","Eruption","Vigilance+1","Nirvana+1","LessonLearned+1","TH:CopperCoins+1","Vault+1","MostiFishMod:AdrenalineArouse+1","Scrawl+1","TH:TreasureMap+1","TH:TreasureMap","MostiFishMod:StarLaLaLa","TH:CursedSword","MostiFishMod:DisColor+1","TH:TreasureMap","Establishment","Secret Weapon","TH:CursedSword+1","Blasphemy+1","Evaluate","TH:BikiniMail","MostiFishMod:StarLaLaLa+1","TH:BikiniMail","REME_CRH+1","REME_CRH+1","TH:BikiniMail","MostiFishMod:OutWit","TH:DeckOfManyThings","MostiFishMod:DisColor+1","TH:BikiniMail","TH:BikiniMail","Devotion+1","Tantrum","REME_MagicPocketWatch+1","TH:EnergyPotion","Omniscience+1","MostiFishMod:Adaptation+1","TH:TreasureMap+1","REME_WorshipGod+1","MostiFishMod:Nomercy","TH:BikiniMail","LessonLearned+1","Replay:Fractal Strike+1","jedi:forcepush","TH:BikiniMail+1","Ragnarok","TH:TreasureMap","LessonLearned","TH:BikiniMail+1","TH:BikiniMail","TH:TreasureMap+1","TH:TreasureMap","Devotion","TH:BikiniMail","Vault+1","TH:BikiniMail","REME_WorshipGod","TH:TreasureMap","Apotheosis","TH:TreasureMap","ReplayTheSpireMod:Private Reserves"],"relics":["PureWater","EVO:Axolotl","DaveBox","ice","REME_ComplimentaryCards","SynthV:TestCard","Circlet","zeldaRelics:CourageTriforce","HollowDreamFlower","zeldaRelics:WisdomTriforce","zeldaRelics:PowerTriforce","Lee\u0027s Waffle","trackpad:IceCube","SacredBark","wanderingMiniBosses:ThiefScarf","jedi:hotpepper","Dota2Spire:EyeOfSkadi","Onion Ring","Garlic","halation:Thesaurus","Blue Candle","infinitespire:Joker Card","DemoMod:RiddleOfLead","Dota2Spire:DrumOfEndurance","REME_LowDesire","Dota2Spire:UrnOfShadows","Oddly Smooth Stone","Replay:Bottled Eggs","InkBottle","Dota2Spire:Vanguard","trackpad:PetRock","Dota2Spire:Desolator","Question Card","halation:KoshaPiece","DianDianMeat","StuffTheSpire:Rhapsscallions","Kunai"],"acts_visited":["Exordium","TheCity","TheBeyond","TheEnding"],"potions_floor_usage":[50,50],"damage_taken":[{"damage":0.0,"enemies":"2 Louse","floor":1.0,"turns":2.0},{"damage":0.0,"enemies":"Colosseum Slavers","floor":2.0,"turns":2.0},{"damage":0.0,"enemies":"Jaw Worm","floor":4.0,"turns":2.0},{"damage":0.0,"enemies":"Gremlin Nob","floor":6.0,"turns":1.0},{"damage":0.0,"enemies":"3 Sentries","floor":7.0,"turns":1.0},{"damage":0.0,"enemies":"Lagavulin","floor":8.0,"turns":4.0},{"damage":0.0,"enemies":"3 Sentries","floor":10.0,"turns":3.0},{"damage":0.0,"enemies":"Gremlin Nob","floor":11.0,"turns":1.0},{"damage":0.0,"enemies":"3 Sentries","floor":12.0,"turns":2.0},{"damage":0.0,"enemies":"Replay:BlueRogue","floor":13.0,"turns":2.0},{"damage":39.0,"enemies":"Fading Forest","floor":16.0,"turns":14.0},{"damage":0.0,"enemies":"2 Thieves","floor":18.0,"turns":5.0},{"damage":0.0,"enemies":"Chosen","floor":20.0,"turns":1.0},{"damage":0.0,"enemies":"Slavers","floor":22.0,"turns":3.0},{"damage":8.0,"enemies":"REME_1_Revenger","floor":23.0,"turns":4.0},{"damage":0.0,"enemies":"conspire:SneckoGhost","floor":24.0,"turns":1.0},{"damage":0.0,"enemies":"Replay:Snechameleon","floor":25.0,"turns":1.0},{"damage":0.0,"enemies":"Nightmare","floor":27.0,"turns":4.0},{"damage":0.0,"enemies":"Replay:Snechameleon","floor":31.0,"turns":1.0},{"damage":0.0,"enemies":"Champ","floor":33.0,"turns":3.0},{"damage":64.0,"enemies":"3 Shapes","floor":35.0,"turns":8.0},{"damage":2.0,"enemies":"Reptomancer","floor":37.0,"turns":5.0},{"damage":0.0,"enemies":"Nightmare","floor":40.0,"turns":4.0},{"damage":1.0,"enemies":"Reptomancer","floor":41.0,"turns":1.0},{"damage":35.0,"enemies":"Giant Head","floor":42.0,"turns":7.0},{"damage":0.0,"enemies":"Reptomancer","floor":44.0,"turns":3.0},{"damage":19.0,"enemies":"R_Hoarder","floor":45.0,"turns":5.0},{"damage":0.0,"enemies":"Giant Head","floor":46.0,"turns":4.0},{"damage":0.0,"enemies":"Nemesis","floor":47.0,"turns":2.0},{"damage":1.0,"enemies":"R_Hoarder","floor":48.0,"turns":3.0},{"damage":18,"enemies":"Replay:Hell Engine","floor":50,"turns":3},{"damage":59,"enemies":"Awakened One","floor":51,"turns":7},{"damage":38,"enemies":"Shield and Spear","floor":55,"turns":7},{"damage":117,"enemies":"The Heart","floor":56,"turns":8}],"seed_played":"-3767423423536974357","potions_obtained":[{"floor":2.0,"key":"Explosive Potion"},{"floor":6.0,"key":"blueLaboratory:HorrorPotion"},{"floor":10.0,"key":"GamblersBrew"},{"floor":12.0,"key":"GamblersBrew"},{"floor":13.0,"key":"Dota2Spire:HealingSalve"},{"floor":16.0,"key":"blueLaboratory:PhilterOfMotion"},{"floor":20.0,"key":"blueLaboratory:NullPotion"},{"floor":23.0,"key":"Strength Potion"},{"floor":24.0,"key":"blueLaboratory:RememoryPotion"},{"floor":31.0,"key":"blueLaboratory:TrueEctoplasm"},{"floor":41.0,"key":"blueLaboratory:RememoryPotion"},{"floor":42.0,"key":"Milkshake"},{"floor":55,"key":"Block Potion"}],"is_trial":true,"path_per_floor":["M","?","?","M","?","E","E","E","T","E","E","E","E","$","R_BF","B",null,"M","AVR","M","?","E","E","E","E","T","NM","?","$","$","E","R_BF","B",null,"M","?","E","AVR","$","NM","E","E","T","E","E","E","E","E","R_BF","B","B",null,"R","$","E","B",null],"character_chosen":"WATCHER","items_purchased":["Lee\u0027s Waffle","trackpad:IceCube","Secret Weapon","halation:Thesaurus","Tantrum","REME_MagicPocketWatch","jedi:forcepush","StuffTheSpire:Rhapsscallions"],"campfire_rested":0,"item_purchase_floors":[14,14,14,29,30,30,39,54],"current_hp_per_floor":[81,81,81,81,81,81,81,85,85,88,88,88,88,95,95,56,85,89,71,71,71,71,63,70,74,74,74,79,79,79,79,79,79,84,20,20,84,84,84,84,83,49,49,53,38,42,46,51,80,74,19,78,78,78,48,11],"gold":6242,"neow_bonus":"","is_daily":false,"chose_seed":false,"campfire_upgraded":1,"win_rate":0.0,"timestamp":1610313726,"path_taken":["M","?","?","?","?","E","E","E","T","E","E","E","E","$","R_BF","BOSS","M","AVR","M","?","?","E","E","E","T","NM","?","$","$","E","R_BF","BOSS","M","?","?","AVR","$","NM","?","E","T","E","?","E","?","E","R_BF","BOSS","BOSS","R","$","E","BOSS"],"items_purchased_type":["Relic","Relic","Card","Relic","Card","Card","Card","Relic"],"build_version":"2020-12-22","purchased_purges":4,"victory":true,"max_hp_per_floor":[88,88,88,88,88,88,88,88,88,88,88,88,88,95,95,95,95,95,71,71,71,71,71,74,74,74,74,79,79,79,79,79,79,84,84,84,84,84,84,84,84,87,87,92,95,96,96,98,98,98,98,98,98,98,102,184],"card_choices":[{"not_picked":["EmptyFist","Replay:BluntJabs","Replay:AtTheReady"],"picked":"SKIP","floor":1.0},{"not_picked":["ReachHeaven","REME_Repentance","Replay:BluntJabs","FollowUp"],"picked":"Nirvana","floor":2.0},{"not_picked":["Collect","SashWhip","ClearTheMind","WreathOfFlame"],"picked":"CutThroughFate","floor":4.0},{"not_picked":["MostiFishMod:Unraveling","MasterReality","SpiritShield","REME_CRH"],"picked":"LessonLearned","floor":6.0},{"not_picked":["TH:EnergyPotion","TH:DeckOfManyThings","TH:Mimic"],"picked":"TH:CopperCoins","floor":6.0},{"not_picked":["MostiFishMod:KamiSmash","Judgement","ConjureBlade","Devotion"],"picked":"Vault","floor":7.0},{"not_picked":["TH:BikiniMail","TH:EnergyPotion","TH:CopperCoins","TH:PixieDust"],"picked":"SKIP","floor":7.0},{"not_picked":["TH:BikiniMail","TH:EnergyPotion","TH:CopperCoins","TH:PixieDust"],"picked":"SKIP","floor":7.0},{"not_picked":["TH:ElvenBoots","TH:TreasureMap","TH:Mimic"],"picked":"TH:EnergyPotion","floor":8.0},{"not_picked":["REME_WorshipGod","MostiFishMod:Dust","SpiritShield","jedi:nirvanicrebirth"],"picked":"Scrawl","floor":8.0},{"not_picked":["TH:PixieDust","TH:CopperCoins","TH:DeckOfManyThings","TH:Mimic"],"picked":"SKIP","floor":9.0},{"not_picked":["TH:ElvenBoots","TH:PixieDust","TH:EnergyPotion"],"picked":"TH:TreasureMap","floor":10.0},{"not_picked":["ConjureBlade","Replay:AllIn","MostiFishMod:StarWish","MasterReality","Brilliance"],"picked":"SKIP","floor":10.0},{"not_picked":["TH:DeckOfManyThings","TH:PixieDust","TH:EnergyPotion"],"picked":"TH:TreasureMap","floor":11.0},{"not_picked":["MostiFishMod:Minus","MostiFishMod:Disappear","Replay:LoomingThreat","MostiFishMod:Adaptation"],"picked":"MostiFishMod:StarLaLaLa","floor":11.0},{"not_picked":["TH:DeckOfManyThings","TH:Mimic","TH:ElvenBoots"],"picked":"TH:CursedSword","floor":12.0},{"not_picked":["Devotion","Establishment","Replay:LoomingThreat","DeusExMachina"],"picked":"MostiFishMod:DisColor","floor":12.0},{"not_picked":["TH:CopperCoins","TH:Mimic","TH:PixieDust"],"picked":"TH:TreasureMap","floor":13.0},{"not_picked":["Wish","MostiFishMod:Disappear","MostiFishMod:Pointsdynamics","MostiFishMod:Unraveling"],"picked":"Establishment","floor":13.0},{"not_picked":["TH:Mimic","TH:ElvenBoots","TH:DeckOfManyThings"],"picked":"TH:CursedSword","floor":16.0},{"not_picked":["MasterReality","Brilliance","MostiFishMod:StarHerder","Replay:AllIn"],"picked":"Blasphemy","floor":16.0},{"not_picked":["REME_Repentance","PathToVictory","Crescendo","Study+1"],"picked":"Evaluate","floor":18.0},{"not_picked":["Replay:BluntJabs","REME_Repentance+1","Study","EmptyFist","BowlingBash+1"],"picked":"SKIP","floor":20.0},{"not_picked":["TH:PixieDust","TH:ElvenBoots","TH:CursedSword"],"picked":"TH:BikiniMail","floor":22.0},{"not_picked":["MostiFishMod:OutWit","MostiFishMod:StarHerder","DeusExMachina","MostiFishMod:Unraveling"],"picked":"MostiFishMod:StarLaLaLa","floor":22.0},{"not_picked":["TH:TreasureMap","TH:ElvenBoots","TH:CursedSword"],"picked":"TH:BikiniMail","floor":23.0},{"not_picked":["REME_EmptyShield","MostiFishMod:ScryFuture","jedi:nirvanicrebirth","Replay:AllIn"],"picked":"REME_CRH","floor":23.0},{"not_picked":["Judgement","MostiFishMod:ScryFuture"],"picked":"REME_CRH","floor":24.0},{"not_picked":["TH:EnergyPotion","TH:PixieDust","TH:ArmorSpikes"],"picked":"TH:BikiniMail","floor":24.0},{"not_picked":["MostiFishMod:Moonprays","MostiFishMod:Dust","SpiritShield","MostiFishMod:Unraveling"],"picked":"MostiFishMod:OutWit","floor":24.0},{"not_picked":["TH:CursedSword","TH:PixieDust","TH:CopperCoins"],"picked":"TH:DeckOfManyThings","floor":25.0},{"not_picked":["MostiFishMod:StarOceanP","MostiFishMod:CyberBuddha","MostiFishMod:Minus","MostiFishMod:OutWit"],"picked":"MostiFishMod:DisColor","floor":25.0},{"not_picked":["TH:ElvenBoots","TH:CursedSword","TH:ArmorSpikes"],"picked":"TH:BikiniMail","floor":26.0},{"not_picked":["TH:ElvenBoots","TH:TreasureMap","TH:CopperCoins"],"picked":"TH:BikiniMail","floor":27.0},{"not_picked":["DeusExMachina","REME_WorshipGod","MostiFishMod:Minus","Replay:AllIn"],"picked":"Devotion","floor":27.0},{"not_picked":["TH:CopperCoins","TH:PixieDust","TH:ElvenBoots"],"picked":"TH:EnergyPotion","floor":31.0},{"not_picked":["DevaForm","Wish","Scrawl","Replay:AllIn"],"picked":"Omniscience","floor":31.0},{"not_picked":["TH:ElvenBoots","TH:BikiniMail","TH:ArmorSpikes"],"picked":"TH:TreasureMap","floor":33.0},{"not_picked":["MostiFishMod:StarOceanP","MostiFishMod:OutWit","Judgement","ConjureBlade"],"picked":"REME_WorshipGod","floor":33.0},{"not_picked":["Halt","MostiFishMod:Clarity","ClearTheMind","PathToVictory"],"picked":"MostiFishMod:Nomercy","floor":35.0},{"not_picked":["TH:PixieDust","TH:DeckOfManyThings","TH:EnergyPotion"],"picked":"TH:BikiniMail","floor":37.0},{"not_picked":["MostiFishMod:Minus","SpiritShield","MostiFishMod:StarLaLaLa","jedi:nirvanicrebirth"],"picked":"LessonLearned","floor":37.0},{"not_picked":["TH:ArmorSpikes","TH:DeckOfManyThings","TH:CopperCoins"],"picked":"TH:BikiniMail","floor":40.0},{"not_picked":["Wish","MostiFishMod:CyberBuddha","MostiFishMod:StarHerder","MostiFishMod:Moonprays","StuffTheSpire:PlasmaPulse"],"picked":"Ragnarok","floor":40.0},{"not_picked":["TH:CursedSword","TH:DeckOfManyThings","TH:BikiniMail"],"picked":"TH:TreasureMap","floor":41.0},{"not_picked":["MostiFishMod:Moonprays","MostiFishMod:Pointsdynamics","MostiFishMod:DisColor","Wish","ReplayTheSpireMod:Private Reserves"],"picked":"LessonLearned","floor":41.0},{"not_picked":["TH:Mimic","TH:CopperCoins","TH:EnergyPotion"],"picked":"TH:BikiniMail","floor":42.0},{"not_picked":["MostiFishMod:Unraveling","MostiFishMod:Moonprays","MostiFishMod:StarWish","ConjureBlade","MostiFishMod:Disappear","HandOfGreed"],"picked":"SKIP","floor":42.0},{"not_picked":["TH:TreasureMap","TH:CursedSword","TH:PixieDust"],"picked":"TH:BikiniMail","floor":43.0},{"not_picked":["TH:CursedSword","TH:EnergyPotion","TH:Mimic"],"picked":"TH:TreasureMap","floor":44.0},{"not_picked":["DeusExMachina","MostiFishMod:CyberBuddha","Wish","MostiFishMod:StarOceanP","Brilliance","Impatience"],"picked":"SKIP","floor":44.0},{"not_picked":["TH:PixieDust","TH:ElvenBoots","TH:CopperCoins"],"picked":"TH:TreasureMap","floor":45.0},{"not_picked":["SpiritShield","Judgement","MostiFishMod:Minus","MostiFishMod:OutWit","Madness"],"picked":"Devotion","floor":45.0},{"not_picked":["TH:Mimic","TH:ElvenBoots","TH:DeckOfManyThings"],"picked":"TH:BikiniMail","floor":46.0},{"not_picked":["Establishment","Alpha","MostiFishMod:StarWish","MostiFishMod:DustFall","DemoMod:Deposit"],"picked":"Vault","floor":46.0},{"not_picked":["TH:EnergyPotion","TH:ElvenBoots","TH:CursedSword","TH:Mimic"],"picked":"TH:BikiniMail","floor":47.0},{"not_picked":["Establishment","MostiFishMod:Dust","MostiFishMod:OutWit","MostiFishMod:ScryFuture","Brilliance","REME_AllRoundStrike"],"picked":"REME_WorshipGod","floor":47.0},{"not_picked":["TH:EnergyPotion","TH:BikiniMail","TH:ElvenBoots","TH:CursedSword"],"picked":"TH:TreasureMap","floor":48.0},{"not_picked":["Replay:AllIn","Scrawl","DeusExMachina","Judgement","MostiFishMod:DisColor","MostiFishMod:OutWit"],"picked":"Apotheosis","floor":48.0},{"not_picked":["TH:CopperCoins","TH:DeckOfManyThings","TH:EnergyPotion","TH:PixieDust"],"picked":"TH:TreasureMap","floor":55},{"not_picked":["MostiFishMod:OutWit","DeusExMachina","MostiFishMod:Dust","Judgement","MostiFishMod:Adaptation","Establishment"],"picked":"ReplayTheSpireMod:Private Reserves","floor":55}],"player_experience":279618,"relics_obtained":[{"floor":1.0,"key":"SynthV:TestCard"},{"floor":2.0,"key":"foxEvents:LuckyCharm"},{"floor":6.0,"key":"zeldaRelics:CouragePiece"},{"floor":7.0,"key":"zeldaRelics:CouragePiece"},{"floor":8.0,"key":"zeldaRelics:CouragePiece"},{"floor":10.0,"key":"zeldaRelics:WisdomPiece"},{"floor":11.0,"key":"zeldaRelics:WisdomPiece"},{"floor":12.0,"key":"zeldaRelics:WisdomPiece"},{"floor":13.0,"key":"zeldaRelics:PowerPiece"},{"floor":18.0,"key":"wanderingMiniBosses:ThiefScarf"},{"floor":22.0,"key":"zeldaRelics:PowerPiece"},{"floor":23.0,"key":"zeldaRelics:PowerPiece"},{"floor":24.0,"key":"Dota2Spire:EyeOfSkadi"},{"floor":25.0,"key":"Onion Ring"},{"floor":26.0,"key":"Garlic"},{"floor":27.0,"key":"ReplayTheSpireMod:Shallot"},{"floor":31.0,"key":"infinitespire:Joker Card"},{"floor":37.0,"key":"Dota2Spire:DrumOfEndurance"},{"floor":38.0,"key":"Dota2Spire:UrnOfShadows"},{"floor":38.0,"key":"Oddly Smooth Stone"},{"floor":40.0,"key":"Replay:Bottled Eggs"},{"floor":41.0,"key":"InkBottle"},{"floor":42.0,"key":"Dota2Spire:Vanguard"},{"floor":44.0,"key":"trackpad:PetRock"},{"floor":45.0,"key":"Dota2Spire:Desolator"},{"floor":46.0,"key":"Question Card"},{"floor":47.0,"key":"halation:KoshaPiece"},{"floor":48.0,"key":"DianDianMeat"},{"floor":55,"key":"Kunai"}],"event_choices":[{"damage_healed":0.0,"max_hp_gain":0.0,"max_hp_loss":0.0,"gold_gain":0.0,"event_name":"FaceTrader","player_choice":"Leave","floor":3.0,"gold_loss":0.0,"damage_taken":0.0},{"cards_removed":["ThirdEye"],"damage_healed":0.0,"max_hp_gain":0.0,"max_hp_loss":0.0,"gold_gain":0.0,"event_name":"Designer","player_choice":"Upgrade and Remove","floor":21.0,"gold_loss":110.0,"damage_taken":0.0,"cards_upgraded":["TH:CursedSword"]},{"cards_removed":["TH:EnergyPotion"],"damage_healed":0.0,"max_hp_gain":10.0,"max_hp_loss":0.0,"gold_gain":0.0,"event_name":"Bonfire Elementals","player_choice":"Offered Rare","floor":28.0,"gold_loss":0.0,"damage_taken":0.0},{"damage_healed":0.0,"max_hp_gain":0.0,"max_hp_loss":0.0,"gold_gain":0.0,"cards_transformed":["Evaluate"],"event_name":"Transmorgrifier","player_choice":"Transformed","floor":32.0,"gold_loss":0.0,"damage_taken":0.0,"cards_obtained":["MostiFishMod:Adaptation"]},{"damage_healed":0.0,"max_hp_gain":0.0,"max_hp_loss":0.0,"gold_gain":50.0,"event_name":"Golden Shrine","player_choice":"Pray","floor":36.0,"gold_loss":0.0,"damage_taken":0.0}],"is_beta":false,"boss_relics":[{"not_picked":["Fusion Hammer","aspiration:RandomNobGenerator"],"picked":"SacredBark"},{"not_picked":["conspire:RunicOctahedron","Replay:Ancient Bell"],"picked":"DemoMod:RiddleOfLead"}],"items_purged_floors":[14,19,29,30],"is_endless":false,"potions_floor_spawned":[2,6,10,12,13,16,20,23,24,31,33,41,42,44,47,48,55],"ascension_level":20}}