{"host":"nnt34ungdh9fkcmy","time":1610318348,"event":{"mods":["BaseMod","Downfall","Minty Spire (QoL Compilation)","StSLib","SuperFastMode"],"gold_per_floor":[99,99,99,119,134,134,134,176,113,125,167,193,130,52,62,157,157,157,170,170,55,55,75,156,189,189,200,200,232,249,216,233,233,233,233],"floor_reached":33,"playtime":1926,"items_purged":["Regret","champ:Defend","champ:Strike"],"score":293,"play_id":"974519b4-dc24-4fb5-8d00-c121982fe3ee","local_time":"20210110153908","is_ascension_mode":false,"campfire_choices":[{"data":"champ:Taunt","floor":1,"key":"SMITH"},{"floor":9,"key":"RECALL"},{"floor":13,"key":"REST"},{"data":"champ:ViciousMockery","floor":18,"key":"SMITH"},{"data":"champ:SwordSigil","floor":26,"key":"SMITH"}],"circlet_count":0,"master_deck":["champ:Strike+1","champ:Strike","champ:Defend","champ:Defend+1","champ:Defend","champ:Execute+1","champ:Taunt+1","champ:ViciousMockery+1","champ:Shatter","champ:FlashCut","champ:SkillfulDodge","champ:EnragedBash","champ:FaceSlap","champ:CalledShot+1","champ:RapidStrikes","champ:SwordSigil+1","champ:Encircle+1","champ:StanceDance+1","champ:GutPunch"],"relics":["Black Star","champ:LiftRelic","MawBank","CaptainsWheel","Frozen Egg 2","downfall:HeartBlessingGreen","Eternal Feather","Art of War","Shuriken","downfall:HeartBlessingRed","Runic Pyramid","champ:GladiatorsBookOfMartialProwess","Letter Opener","Blood Vial","Regal Pillow","White Beast Statue","Ice Cream","Kunai"],"acts_visited":["Exordium","TheCity"],"potions_floor_usage":[16,25,33],"damage_taken":[{"damage":5,"enemies":"Small Slimes","floor":4,"turns":3},{"damage":5,"enemies":"2 Louse","floor":5,"turns":3},{"damage":55,"enemies":"3 Sentries","floor":8,"turns":14},{"damage":40,"enemies":"Lagavulin","floor":11,"turns":8},{"damage":7,"enemies":"Cultist","floor":12,"turns":3},{"damage":17,"enemies":"downfall:FleeingMerchant","floor":14,"turns":4},{"damage":5,"enemies":"Blue Slaver","floor":15,"turns":3},{"damage":18,"enemies":"downfall:Ironclad","floor":16,"turns":9},{"damage":10,"enemies":"Shell Parasite","floor":19,"turns":7},{"damage":6,"enemies":"downfall:FleeingMerchant","floor":21,"turns":4},{"damage":20,"enemies":"Snake Plant","floor":23,"turns":4},{"damage":32,"enemies":"Slavers","floor":25,"turns":6},{"damage":7,"enemies":"Centurion and Healer","floor":27,"turns":6},{"damage":45,"enemies":"Gremlin Leader","floor":29,"turns":6},{"damage":11,"enemies":"Snecko","floor":30,"turns":4},{"damage":14,"enemies":"downfall:FleeingMerchant","floor":31,"turns":4},{"damage":27,"enemies":"Snake Plant","floor":32,"turns":4},{"damage":59,"enemies":"downfall:Watcher","floor":33,"turns":4}],"seed_played":"2339164408007315480","potions_obtained":[{"floor":4,"key":"ColorlessPotion"},{"floor":11,"key":"LiquidBronze"},{"floor":12,"key":"Dexterity Potion"},{"floor":16,"key":"Weak Potion"},{"floor":25,"key":"Energy Potion"},{"floor":30,"key":"AttackPotion"}],"is_trial":false,"path_per_floor":["R","?","?","M","M","?","T","E","R","T","E","M","R","$","M","B",null,"R","M","?","$","?","M","T","E","R","M","T","E","M","$","M","B"],"character_chosen":"THE_CHAMP","items_purchased":["Kunai"],"campfire_rested":1,"item_purchase_floors":[31],"current_hp_per_floor":[90,90,90,90,90,90,90,50,50,50,23,21,57,55,55,53,90,90,90,90,89,89,74,74,49,58,60,60,47,49,48,44,0,0,0],"gold":233,"neow_bonus":"BOSS_RELIC","is_daily":false,"chose_seed":false,"campfire_upgraded":3,"win_rate":0.0,"timestamp":1610318348,"path_taken":["R","?","?","M","M","?","T","E","R","?","E","?","R","$","M","BOSS","R","M","?","$","?","M","T","E","R","M","?","E","M","$","M","BOSS"],"items_purchased_type":["Relic"],"build_version":"2020-12-22","purchased_purges":3,"victory":false,"max_hp_per_floor":[90,90,90,90,90,90,90,90,90,90,90,90,90,90,90,90,90,90,90,90,90,90,90,90,90,90,90,90,90,90,90,90,90,90,90],"card_choices":[{"not_picked":["champ:CalledShot","champ:Circumvent"],"picked":"champ:ViciousMockery","floor":4},{"not_picked":["champ:ShieldSigil","champ:AdrenalArmor"],"picked":"champ:Shatter","floor":5},{"not_picked":["champ:BladeFlurry","champ:PerfectedStrike"],"picked":"champ:FlashCut","floor":8},{"not_picked":["champ:HeartStrike","champ:EnragedBash"],"picked":"champ:SkillfulDodge","floor":11},{"not_picked":["champ:Riposte","champ:Circumvent"],"picked":"champ:EnragedBash","floor":12},{"not_picked":["champ:GladiatorsShout","champ:BladeFlurry"],"picked":"champ:FaceSlap","floor":14},{"not_picked":["champ:Circumvent","champ:RecklessLeap"],"picked":"champ:CalledShot+1","floor":15},{"not_picked":["champ:CalledShot+1","champ:Circumvent"],"picked":"champ:RapidStrikes","floor":19},{"not_picked":["champ:TornadoPunch","champ:RecklessLeap","champ:BerserkersShout"],"picked":"SKIP","floor":21},{"not_picked":["champ:DefensiveShout+1","champ:Shatter"],"picked":"champ:SwordSigil","floor":23},{"not_picked":["champ:BringItOn","champ:FocusedGladiator+1","champ:CrownThrow"],"picked":"SKIP","floor":25},{"not_picked":["champ:FocusedDefense","champ:BringItOn"],"picked":"champ:Encircle+1","floor":27},{"not_picked":["champ:SkillfulDodge+1","champ:CrownThrow"],"picked":"champ:StanceDance+1","floor":29},{"not_picked":["champ:Riposte+1","champ:TornadoPunch+1","champ:Balance"],"picked":"SKIP","floor":30},{"not_picked":["champ:DeathBlow+1","champ:FalseCounter"],"picked":"champ:GutPunch","floor":31},{"not_picked":["champ:DeathBlow","champ:BringItOn","champ:CrookedStrike"],"picked":"SKIP","floor":32}],"player_experience":212949,"relics_obtained":[{"floor":7,"key":"MawBank"},{"floor":8,"key":"CaptainsWheel"},{"floor":8,"key":"Frozen Egg 2"},{"floor":10,"key":"Eternal Feather"},{"floor":11,"key":"Art of War"},{"floor":11,"key":"Shuriken"},{"floor":24,"key":"Letter Opener"},{"floor":25,"key":"Blood Vial"},{"floor":25,"key":"Regal Pillow"},{"floor":29,"key":"White Beast Statue"},{"floor":29,"key":"Ice Cream"}],"event_choices":[{"damage_healed":0,"gold_gain":0,"player_choice":"Ignored","damage_taken":0,"max_hp_gain":0,"max_hp_loss":0,"event_name":"Vampires","floor":20,"gold_loss":0}],"is_beta":false,"boss_relics":[{"not_picked":["champ:PowerArmor","Sozu"],"picked":"Runic Pyramid"}],"items_purged_floors":[14,21,31],"is_endless":false,"potions_floor_spawned":[4,11,12,16,23,25,30,31,32],"killed_by":"downfall:Watcher","ascension_level":0}}