{"host":"x3qmax6e7jj3tga5","time":1610257225,"event":{"mods":["BaseMod","Custom Start","Minty Spire (QoL Compilation)","StSLib"],"gold_per_floor":[117,25,25,38,38,69,69,34,34,34,63,63,78,8,8,103,103,121,135,216,236,256,285,285,299,299,319,319,338,365,382,382,481,481,524,524,540,540,555,555,586,586,586,49,94,120,180,220,220,220,220],"floor_reached":50,"playtime":4645,"items_purged":[],"score":604,"play_id":"5e84d280-191d-45db-9d9f-2486afdeca96","local_time":"20210109234025","is_ascension_mode":false,"campfire_choices":[{"data":"Eruption","floor":10.0,"key":"SMITH"},{"data":"Tantrum","floor":12.0,"key":"SMITH"},{"data":"TalkToTheHand","floor":15.0,"key":"SMITH"},{"data":"Omniscience","floor":24.0,"key":"SMITH"},{"floor":28.0,"key":"REST"},{"floor":32.0,"key":"REST"},{"floor":40,"key":"REST"},{"data":"Wallop","floor":42,"key":"SMITH"},{"floor":49,"key":"REST"}],"circlet_count":0,"master_deck":["Strike_P","Strike_P","Defend_P","Defend_P","Eruption+1","Vigilance","FollowUp","Flash of Steel","FlyingSleeves","EmptyBody","Tantrum+1","ThirdEye","TalkToTheHand+1","Omniscience+1","CrushJoints","Meditate","Tantrum+1","Wireheading+1","CutThroughFate","JustLucky","Ragnarok","Wallop+1","Wish","Master of Strategy+1","Madness+1","Consecrate"],"relics":["Empty Cage","Yang","Tiny Chest","Blue Candle","Pear","SlaversCollar","HornCleat","Happy Flower","Turnip","Ornamental Fan","Busted Crown","Bottled Tornado","Bird Faced Urn","Membership Card","Toxic Egg 2","Gremlin Horn","Vajra"],"acts_visited":["Exordium","TheCity","TheBeyond"],"potions_floor_usage":[],"damage_taken":[{"damage":7.0,"enemies":"Cultist","floor":1.0,"turns":3.0},{"damage":2.0,"enemies":"Jaw Worm","floor":4.0,"turns":3.0},{"damage":0.0,"enemies":"Gremlin Nob","floor":6.0,"turns":2.0},{"damage":0.0,"enemies":"Lagavulin","floor":11.0,"turns":6.0},{"damage":0.0,"enemies":"2 Louse","floor":13.0,"turns":2.0},{"damage":22.0,"enemies":"Hexaghost","floor":16.0,"turns":9.0},{"damage":20.0,"enemies":"2 Thieves","floor":18.0,"turns":5.0},{"damage":0.0,"enemies":"Chosen","floor":19.0,"turns":4.0},{"damage":0.0,"enemies":"Sentry and Sphere","floor":21.0,"turns":3.0},{"damage":7.0,"enemies":"Chosen and Byrds","floor":22.0,"turns":6.0},{"damage":9.0,"enemies":"Book of Stabbing","floor":23.0,"turns":4.0},{"damage":11.0,"enemies":"Snake Plant","floor":25.0,"turns":4.0},{"damage":6.0,"enemies":"3 Cultists","floor":27.0,"turns":4.0},{"damage":0.0,"enemies":"Chosen and Byrds","floor":29.0,"turns":4.0},{"damage":19.0,"enemies":"Gremlin Leader","floor":30.0,"turns":5.0},{"damage":9.0,"enemies":"Snake Plant","floor":31.0,"turns":4.0},{"damage":31.0,"enemies":"Champ","floor":33.0,"turns":9.0},{"damage":24,"enemies":"3 Darklings","floor":35,"turns":5},{"damage":0,"enemies":"3 Shapes","floor":37,"turns":3},{"damage":8,"enemies":"Sphere and 2 Shapes","floor":39,"turns":5},{"damage":2,"enemies":"Nemesis","floor":41,"turns":7},{"damage":6,"enemies":"4 Shapes","floor":45,"turns":5},{"damage":13,"enemies":"Giant Head","floor":46,"turns":6},{"damage":15,"enemies":"3 Darklings","floor":47,"turns":3},{"damage":0,"enemies":"Maw","floor":48,"turns":5},{"damage":78,"enemies":"Time Eater","floor":50,"turns":11}],"seed_played":"5118691560280371287","potions_obtained":[{"floor":1.0,"key":"DistilledChaos"},{"floor":6.0,"key":"Strength Potion"},{"floor":19.0,"key":"SteroidPotion"},{"floor":21.0,"key":"FearPotion"},{"floor":25.0,"key":"DistilledChaos"},{"floor":35,"key":"Fire Potion"}],"is_trial":false,"path_per_floor":["M","$","T","M","?","E","?","?","T","R","E","R","M","$","R","B",null,"M","M","T","M","M","E","R","M","T","M","R","M","E","M","R","B",null,"M","?","M","?","M","R","E","R","T","$","M","E","M","M","R","B"],"character_chosen":"WATCHER","items_purchased":["Flash of Steel","TalkToTheHand","Membership Card","Toxic Egg 2","Gremlin Horn","Master of Strategy+1","Madness+1","Consecrate"],"campfire_rested":4,"item_purchase_floors":[2,14,44,44,44,44,44,44],"current_hp_per_floor":[65,65,65,63,56,56,56,72,72,72,82,82,82,82,82,60,82,62,62,62,62,55,46,46,35,35,29,53,53,34,25,49,18,82,58,58,58,58,50,73,71,71,71,71,67,56,41,43,66,0,0],"gold":220,"neow_bonus":"BOSS_RELIC","is_daily":false,"chose_seed":false,"campfire_upgraded":5,"win_rate":0.0,"timestamp":1610257225,"path_taken":["M","?","?","M","?","E","?","?","T","R","E","R","M","?","R","BOSS","M","M","?","?","M","E","R","M","T","M","R","M","E","M","R","BOSS","M","?","M","?","M","R","E","R","T","$","M","E","M","M","R","BOSS"],"items_purchased_type":["Card","Card","Relic","Relic","Relic","Card","Card","Card"],"build_version":"2020-12-22","purchased_purges":0,"victory":false,"max_hp_per_floor":[72,72,72,72,72,72,72,72,72,72,82,82,82,82,82,82,82,82,82,82,82,82,82,82,82,82,82,82,82,82,82,82,82,82,82,78,78,78,78,78,78,78,78,78,78,78,78,78,78,78,78],"card_choices":[{"not_picked":["Perseverance","CrushJoints"],"picked":"FollowUp","floor":1.0},{"not_picked":["LikeWater","FollowUp"],"picked":"FlyingSleeves","floor":4.0},{"not_picked":["FollowUp","Consecrate"],"picked":"EmptyBody","floor":6.0},{"not_picked":["Worship","ThirdEye"],"picked":"Tantrum","floor":11.0},{"not_picked":["DeusExMachina","PathToVictory"],"picked":"ThirdEye","floor":13.0},{"not_picked":["ConjureBlade","Judgement"],"picked":"Omniscience","floor":16.0},{"not_picked":["Evaluate","PathToVictory+1"],"picked":"CrushJoints","floor":18.0},{"not_picked":["BowlingBash+1","Prostrate"],"picked":"Meditate","floor":19.0},{"not_picked":["BowlingBash","WindmillStrike","Evaluate"],"picked":"SKIP","floor":21.0},{"not_picked":["Judgement","FlurryOfBlows"],"picked":"Tantrum+1","floor":22.0},{"not_picked":["Perseverance","Consecrate"],"picked":"Wireheading+1","floor":23.0},{"not_picked":["Conclude","Evaluate"],"picked":"CutThroughFate","floor":25.0},{"not_picked":["SashWhip","FlyingSleeves","Crescendo"],"picked":"SKIP","floor":27.0},{"not_picked":["Evaluate","Vengeance"],"picked":"JustLucky","floor":29.0},{"not_picked":["ThirdEye","PathToVictory+1"],"picked":"Ragnarok","floor":30.0},{"not_picked":["EmptyBody","SashWhip"],"picked":"Wallop","floor":31.0},{"not_picked":["Devotion","Blasphemy"],"picked":"Wish","floor":33.0},{"not_picked":["BowlingBash"],"picked":"SKIP","floor":35},{"not_picked":["Prostrate+1"],"picked":"SKIP","floor":37},{"not_picked":["SandsOfTime"],"picked":"SKIP","floor":39},{"not_picked":["SashWhip"],"picked":"SKIP","floor":41},{"not_picked":["PathToVictory+1"],"picked":"SKIP","floor":45},{"not_picked":["Ragnarok"],"picked":"SKIP","floor":46},{"not_picked":["Indignation+1"],"picked":"SKIP","floor":47},{"not_picked":["CarveReality"],"picked":"SKIP","floor":48}],"player_experience":290528,"relics_obtained":[{"floor":3.0,"key":"Yang"},{"floor":6.0,"key":"Tiny Chest"},{"floor":9.0,"key":"Blue Candle"},{"floor":11.0,"key":"Pear"},{"floor":20.0,"key":"HornCleat"},{"floor":23.0,"key":"Happy Flower"},{"floor":26.0,"key":"Turnip"},{"floor":30.0,"key":"Ornamental Fan"},{"floor":41,"key":"Bottled Tornado"},{"floor":43,"key":"Bird Faced Urn"},{"floor":46,"key":"Vajra"}],"event_choices":[{"cards_removed":["Strike_P"],"damage_healed":0.0,"max_hp_gain":0.0,"max_hp_loss":0.0,"gold_gain":0.0,"event_name":"Golden Wing","player_choice":"Card Removal","floor":5.0,"gold_loss":0.0,"damage_taken":7.0},{"damage_healed":0.0,"max_hp_gain":0.0,"max_hp_loss":0.0,"gold_gain":0.0,"event_name":"Liars Game","player_choice":"Ignored","floor":7.0,"gold_loss":0.0,"damage_taken":0.0},{"damage_healed":18.0,"max_hp_gain":0.0,"max_hp_loss":0.0,"gold_gain":0.0,"event_name":"The Cleric","player_choice":"Healed","floor":8.0,"gold_loss":35.0,"damage_taken":0.0},{"damage_healed":0,"gold_gain":0,"player_choice":"Max HP","damage_taken":0,"max_hp_gain":0,"max_hp_loss":4,"event_name":"Winding Halls","floor":36,"gold_loss":0},{"cards_removed":["Defend_P"],"damage_healed":0,"gold_gain":0,"player_choice":"Removed Skill","damage_taken":0,"max_hp_gain":0,"max_hp_loss":0,"event_name":"Falling","floor":38,"gold_loss":0}],"is_beta":false,"boss_relics":[{"not_picked":["Astrolabe","Ectoplasm"],"picked":"SlaversCollar"},{"not_picked":["Philosopher\u0027s Stone","SacredBark"],"picked":"Busted Crown"}],"items_purged_floors":[],"is_endless":false,"potions_floor_spawned":[1,6,19,21,25,27,29,35,39,41,48],"killed_by":"Time Eater","ascension_level":0}}