{"host":"jm9833yuloeli2yd","time":1610300704,"event":{"mods":["BaseMod","Better Altar","Better Match","Better Note","Better Sensory Stone","Better Skull","Better Third Choice","Better Vampires","BetterRewards","Colored Map","Colored Powertips","DeckTracker","Minty Spire (QoL Compilation)","Permanent Neow","Quick Restart","Slay-I","StSLib","SuperFastMode"],"gold_per_floor":[114,11,11,26,41,71,71,101,126,91,106,121,136,166,166,266,266,251,251,251,251,251],"floor_reached":21,"playtime":910,"items_purged":[],"score":249,"play_id":"891f5726-dc15-4d74-ba70-8c30cc670306","local_time":"20210110124504","daily_mods":["Specialized","Diverse","Night Terrors"],"is_ascension_mode":false,"campfire_choices":[{"data":"Finisher","floor":7,"key":"SMITH"},{"floor":15,"key":"REST"}],"circlet_count":0,"master_deck":["Defend_P","Defend_P","Defend_P","Defend_P","Eruption","Vigilance","Accuracy","Accuracy","Accuracy","Accuracy","Finisher+1","Hologram","Footwork","Halt","Intimidate","Noxious Fumes","Prostrate","Doom and Gloom","Buffer","Echo Form","Dagger Throw","Bite","Bite","Bite","Bite"],"relics":["PureWater","Mummified Hand","Pear","Strawberry","Boot","Fusion Hammer","Bag of Marbles"],"acts_visited":["Exordium","TheCity"],"potions_floor_usage":[6,8,14,16],"damage_taken":[{"damage":0,"enemies":"2 Louse","floor":1,"turns":5},{"damage":1,"enemies":"Cultist","floor":4,"turns":3},{"damage":4,"enemies":"Small Slimes","floor":5,"turns":3},{"damage":16,"enemies":"Lagavulin","floor":6,"turns":6},{"damage":48,"enemies":"Gremlin Nob","floor":8,"turns":5},{"damage":5,"enemies":"2 Fungi Beasts","floor":11,"turns":4},{"damage":10,"enemies":"3 Louse","floor":12,"turns":5},{"damage":10,"enemies":"Blue Slaver","floor":13,"turns":3},{"damage":6,"enemies":"3 Sentries","floor":14,"turns":5},{"damage":17,"enemies":"Slime Boss","floor":16,"turns":9},{"damage":25,"enemies":"2 Thieves","floor":18,"turns":4}],"seed_played":"-956745095108410897","potions_obtained":[{"floor":1,"key":"Dexterity Potion"},{"floor":5,"key":"Explosive Potion"},{"floor":12,"key":"Swift Potion"},{"floor":14,"key":"Swift Potion"}],"is_trial":false,"path_per_floor":["M","$","?","M","M","E","R","E","T","?","M","M","M","E","R","B",null,"M","?","?","?"],"character_chosen":"WATCHER","items_purchased":["Hologram","BlessingOfTheForge"],"campfire_rested":1,"item_purchase_floors":[2,2],"current_hp_per_floor":[72,72,72,71,67,51,51,13,20,42,37,27,17,11,84,67,84,59,59,59,59,59],"gold":251,"neow_bonus":"","is_daily":true,"chose_seed":false,"campfire_upgraded":1,"win_rate":0.0,"timestamp":1610300704,"path_taken":["M","$","?","?","M","E","R","E","T","?","M","M","M","E","R","BOSS","M","?","?","?"],"items_purchased_type":["Card","Potion"],"build_version":"2020-12-22","purchased_purges":0,"victory":false,"max_hp_per_floor":[72,72,72,72,72,72,72,82,89,89,89,89,89,89,84,84,84,84,63,63,63,63],"card_choices":[{"not_picked":["Flechettes","Clothesline"],"picked":"Finisher","floor":1},{"not_picked":["Bane","Perfected Strike"],"picked":"Footwork","floor":4},{"not_picked":["Conserve Battery","Wild Strike"],"picked":"Halt","floor":5},{"not_picked":["SashWhip","EmptyBody"],"picked":"Intimidate","floor":6},{"not_picked":["ReachHeaven","Underhanded Strike"],"picked":"Noxious Fumes","floor":8},{"not_picked":["FollowUp","Riddle With Holes"],"picked":"Prostrate","floor":11},{"not_picked":["Worship","Reckless Charge"],"picked":"Doom and Gloom","floor":12},{"not_picked":["Meditate","Consecrate"],"picked":"Buffer","floor":13},{"not_picked":["FlyingSleeves","Setup","PathToVictory"],"picked":"SKIP","floor":14},{"not_picked":["Devotion","Electrodynamics"],"picked":"Echo Form","floor":16},{"not_picked":["Sunder","FlyingSleeves"],"picked":"Dagger Throw","floor":18}],"player_experience":1301892,"relics_obtained":[{"floor":6,"key":"Mummified Hand"},{"floor":8,"key":"Pear"},{"floor":9,"key":"Strawberry"},{"floor":14,"key":"Boot"}],"event_choices":[{"cards_removed":["Accuracy"],"damage_healed":0,"gold_gain":0,"player_choice":"Offered Uncommon","damage_taken":0,"max_hp_gain":0,"max_hp_loss":0,"event_name":"Bonfire Elementals","floor":3,"gold_loss":0},{"damage_healed":22,"gold_gain":0,"player_choice":"Healed","damage_taken":0,"max_hp_gain":0,"max_hp_loss":0,"event_name":"The Cleric","floor":10,"gold_loss":35},{"damage_healed":0,"gold_gain":0,"player_choice":"Became a vampire","damage_taken":0,"max_hp_gain":0,"max_hp_loss":21,"event_name":"Vampires","floor":19,"gold_loss":0,"cards_obtained":["Bite","Bite","Bite","Bite"]},{"damage_healed":0,"gold_gain":0,"player_choice":"Opened","damage_taken":0,"relics_obtained":["Bag of Marbles"],"max_hp_gain":0,"max_hp_loss":0,"event_name":"The Mausoleum","floor":20,"gold_loss":0}],"is_beta":false,"boss_relics":[{"not_picked":["Runic Pyramid","Velvet Choker"],"picked":"Fusion Hammer"}],"items_purged_floors":[],"is_endless":false,"potions_floor_spawned":[1,5,12,14],"ascension_level":0}}