{"host":"4kgga43fr9t628g1","time":1610267504,"event":{"mods":["Act Like it!","BaseMod","Downfall","Minty Spire (QoL Compilation)","StSLib"],"gold_per_floor":[99,110,110,110,130,130,154,68,78,63,63,91,113,158,182,291,303,315,338,367,410,522,734,746,772,784,784,784],"floor_reached":26,"playtime":1878,"items_purged":[],"score":216,"play_id":"ee89aa2b-f4fa-4c61-afdf-c4996d7b9cdb","local_time":"20210110003144","is_ascension_mode":false,"campfire_choices":[{"data":"champ:Execute","floor":1,"key":"SMITH"},{"data":"champ:Taunt","floor":6,"key":"SMITH"},{"data":"champ:BerserkerStyle","floor":11,"key":"SMITH"},{"data":"champ:CheapShot","floor":18,"key":"SMITH"}],"circlet_count":0,"master_deck":["champ:Strike","champ:Strike","champ:Strike","champ:Strike","champ:Defend","champ:Defend","champ:Defend","champ:Defend","champ:Execute+1","champ:Taunt+1","champ:Shatter","champ:EnragedBash","champ:BerserkersShout","champ:BerserkerStyle+1","champ:ViciousMockery","champ:LastStand","champ:FightOn","champ:CheapShot+1"],"relics":["champ:ChampionCrown","downfall:ShatteredFragment","Pen Nib","MawBank","Blood Vial","Busted Crown","Red Mask","Incense Burner","HornCleat","Mummified Hand"],"acts_visited":["Exordium","TheCity"],"potions_floor_usage":[14,16,16,21,21,22],"damage_taken":[{"damage":13,"enemies":"Jaw Worm","floor":2,"turns":3},{"damage":5,"enemies":"2 Louse","floor":5,"turns":2},{"damage":7,"enemies":"downfall:FleeingMerchant","floor":8,"turns":4},{"damage":12,"enemies":"Cultist","floor":9,"turns":3},{"damage":27,"enemies":"downfall:FleeingMerchant","floor":10,"turns":4},{"damage":37,"enemies":"3 Sentries","floor":12,"turns":6},{"damage":27,"enemies":"Blue Slaver","floor":13,"turns":4},{"damage":28,"enemies":"Gremlin Nob","floor":14,"turns":3},{"damage":7,"enemies":"2 Fungi Beasts","floor":15,"turns":2},{"damage":40,"enemies":"downfall:Ironclad","floor":16,"turns":5},{"damage":20,"enemies":"3 Byrds","floor":19,"turns":5},{"damage":26,"enemies":"Sentry and Sphere","floor":20,"turns":4},{"damage":74,"enemies":"Masked Bandits","floor":21,"turns":6},{"damage":56,"enemies":"downfall:CharBossIronclad","floor":22,"turns":6},{"damage":32,"enemies":"3 Cultists","floor":25,"turns":5},{"damage":28,"enemies":"Centurion and Healer","floor":26,"turns":5}],"seed_played":"582228899114053311","potions_obtained":[{"floor":9,"key":"EssenceOfSteel"},{"floor":12,"key":"Swift Potion"},{"floor":13,"key":"AttackPotion"},{"floor":16,"key":"Ancient Potion"},{"floor":19,"key":"Guardian:BlockOnCardUsePotion"},{"floor":21,"key":"SteroidPotion"}],"is_trial":false,"path_per_floor":["R","M","?","?","M","R","T","$","M","$","R","E","M","E","M","B",null,"R","M","M","?","?","?","T","M","M"],"character_chosen":"THE_CHAMP","items_purchased":["champ:BerserkerStyle"],"campfire_rested":0,"item_purchase_floors":[8],"current_hp_per_floor":[99,96,96,69,69,69,69,69,69,64,64,51,42,31,33,15,99,99,96,90,44,19,19,19,9,0,0,0],"gold":784,"neow_bonus":"TEN_PERCENT_HP_BONUS","is_daily":false,"chose_seed":false,"campfire_upgraded":4,"win_rate":0.0,"timestamp":1610267504,"path_taken":["R","M","?","?","M","R","T","?","M","?","R","E","?","E","M","BOSS","R","M","M","?","?","?","T","?","M"],"items_purchased_type":["Card"],"build_version":"2020-12-22","purchased_purges":0,"victory":false,"max_hp_per_floor":[99,99,99,99,99,99,99,99,99,99,99,99,99,99,99,99,99,99,99,99,99,99,99,99,99,99,99,99],"card_choices":[{"not_picked":["champ:AdrenalArmor","champ:EndlessRage"],"picked":"champ:Shatter","floor":2},{"not_picked":["champ:BladeFlurry","champ:BerserkersShout"],"picked":"champ:EnragedBash","floor":5},{"not_picked":["champ:DeathBlow","champ:Backstep"],"picked":"champ:BerserkersShout","floor":8},{"not_picked":["champ:GladiatorsShout","champ:FocusedDefense","champ:Duel"],"picked":"SKIP","floor":9},{"not_picked":["champ:BladeFlurry","champ:ShieldWall","champ:StanceDance"],"picked":"SKIP","floor":10},{"not_picked":["champ:HoldFirm","champ:GladiatorsShout"],"picked":"champ:ViciousMockery","floor":12},{"not_picked":["champ:SkillfulDodge","champ:BerserkersShout","champ:GutPunch"],"picked":"SKIP","floor":13},{"not_picked":["champ:Haymaker","champ:FalseCounter"],"picked":"champ:LastStand","floor":14},{"not_picked":["champ:GutPunch","champ:EnGarde"],"picked":"champ:FightOn","floor":15},{"not_picked":["champ:LastStand","champ:DancingMaster"],"picked":"champ:CheapShot","floor":16},{"not_picked":["champ:GladiatorStyle+1"],"picked":"SKIP","floor":19},{"not_picked":["champ:Circumvent"],"picked":"SKIP","floor":20},{"not_picked":["champ:CrookedStrike+1"],"picked":"SKIP","floor":25}],"player_experience":838612,"relics_obtained":[{"floor":7,"key":"Pen Nib"},{"floor":12,"key":"MawBank"},{"floor":14,"key":"Blood Vial"},{"floor":21,"key":"Red Mask"},{"floor":22,"key":"Incense Burner"},{"floor":22,"key":"HornCleat"},{"floor":24,"key":"Mummified Hand"}],"event_choices":[{"damage_healed":0,"gold_gain":0,"player_choice":"Fought Bandits","damage_taken":0,"max_hp_gain":0,"max_hp_loss":0,"event_name":"Masked Bandits","floor":21,"gold_loss":0},{"damage_healed":0,"gold_gain":200,"player_choice":"Gold","damage_taken":0,"max_hp_gain":0,"max_hp_loss":0,"event_name":"Wheel of Change","floor":23,"gold_loss":0}],"is_beta":false,"boss_relics":[{"not_picked":["Philosopher\u0027s Stone","Cursed Key"],"picked":"Busted Crown"}],"items_purged_floors":[],"is_endless":false,"potions_floor_spawned":[9,12,13,16,19,21],"killed_by":"Centurion and Healer","ascension_level":0}}