{"host":"ln8zowmpyx5bxamj","time":1610303511,"event":{"mods":["Abigail Mod","Act Like it!","BaseMod","Chen","Colored Map","Conspire","Gensokyo","GifTheSpireLib","Hallownest","Hubris","Koishi","Luminous","Marisa????????","Minty Spire (QoL Compilation)","Prisma Mod","Reimu??????","Remilia??????","Replay The Spire","SIMod","Shade Mod","StSLib","The Administrix","The Alterego","The Blackbeard","The Blue Laboratory","The Bug Knight","The Construct","The Cursed","The Gatherer","The Hierophant","The Judge","The Marked","The Mystic","The Necromancer","The Saiyan","The Senshi","The Servant 0.9.4","The Vixen","TheFirefly","Uncapped","Yakumo Yukari mod","Yuyuko"],"gold_per_floor":[118,118,118,8,8,38,38,69,69,95,109,109,120,133,133,232,232,243,243,28,28,28,46,56,56,56],"floor_reached":25,"playtime":2614,"items_purged":[],"score":294,"play_id":"06dee351-bad1-4bfd-8b59-e799577a44a8","local_time":"20210110123151","is_ascension_mode":false,"campfire_choices":[{"data":"theMarked:Electrocute","floor":7.0,"key":"SMITH"},{"data":"theMarked:Aftermath","floor":15.0,"key":"SMITH"}],"circlet_count":0,"master_deck":["theMarked:Strike","theMarked:Strike","theMarked:Strike","theMarked:Strike","theMarked:Strike","theMarked:Defend","theMarked:Defend","theMarked:Defend","theMarked:Defend","theMarked:SoldierOfQuellstein+1","theMarked:Aftermath+1","theMarked:Opportunist","theMarked:Overthink","theMarked:Electrocute+1","theMarked:StartUp","theMarked:ElementalBlade","theMarked:ShockingTouch","theMarked:ThrowWeapon","theMarked:ChannelForce","theMarked:EmpowerWeapon+1","theMarked:ParalyzingBlade","theMarked:Polarize+1","theMarked:Reabsorb+1"],"relics":["theMarked:ArtifactOfAir","NeowsBlessing","hubris:MysteriousPyramids","Replay:Rubber Ducky","ReplayTheSpireMod:Ninjato","theSenshi:SailorFukuRelic","Hallownest:DreamNailRelic","conspire:RoyalGoblet","Hallownest:WatcherSealRelic","Strange Spoon"],"acts_visited":["Exordium","Hallownest:Greenpath"],"potions_floor_usage":[18,23,24,25],"damage_taken":[{"damage":0.0,"enemies":"Hallownest:monsterHuskGuard","floor":1.0,"turns":1.0},{"damage":0.0,"enemies":"Hallownest:eliteVengeflyKing","floor":6.0,"turns":1.0},{"damage":0.0,"enemies":"Hallownest:eliteMossKnight","floor":8.0,"turns":1.0},{"damage":0.0,"enemies":"Hallownest:eliteVengeflyKing","floor":10.0,"turns":7.0},{"damage":0.0,"enemies":"Hallownest:2_Tiktiks_and_1_Crawlid","floor":11.0,"turns":3.0},{"damage":6.0,"enemies":"2_ Uuma","floor":13.0,"turns":4.0},{"damage":7.0,"enemies":"Hallownest:1_Baldur_1_Crawlid_1_Warrior","floor":14.0,"turns":6.0},{"damage":26.0,"enemies":"Hallownest:BossFalseKnight","floor":16.0,"turns":9.0},{"damage":8,"enemies":"Hallownest:Flukemon_and_Top","floor":18,"turns":4},{"damage":26,"enemies":"Hallownest:3_Youths","floor":23,"turns":8},{"damage":3,"enemies":"Hallownest:Master_and_Novice","floor":24,"turns":3},{"damage":42,"enemies":"Hallownest:eliteSoulWarrior","floor":25,"turns":4}],"seed_played":"5442574999828002965","potions_obtained":[{"floor":8.0,"key":"blueLaboratory:Moonshine"},{"floor":10.0,"key":"blueLaboratory:TrueEctoplasm"},{"floor":13.0,"key":"blueLaboratory:FrostheartPotion"},{"floor":16.0,"key":"FearPotion"},{"floor":23,"key":"blueLaboratory:HorrorPotion"},{"floor":24,"key":"SpeedPotion"}],"is_trial":false,"path_per_floor":["M","?","?","$","?","E","R","E","T","E","M","?","M","M","R","B",null,"M","?","$","PTL","PTL","M","M","E"],"character_chosen":"THE_DEFAULT","items_purchased":["theMarked:Opportunist","theMarked:Overthink","Strange Spoon","theMarked:ParalyzingBlade"],"campfire_rested":0,"item_purchase_floors":[4,4,20,20],"current_hp_per_floor":[70,70,70,70,70,70,70,70,70,70,70,70,64,57,57,31,70,62,62,62,62,62,36,33,0,0],"gold":56,"neow_bonus":"THREE_ENEMY_KILL","is_daily":false,"chose_seed":false,"campfire_upgraded":2,"win_rate":0.0,"timestamp":1610303511,"path_taken":["M","?","?","?","?","E","R","E","T","E","M","?","?","M","R","BOSS","M","?","$","PTL","PTL","M","M","E"],"items_purchased_type":["Card","Card","Relic","Card"],"build_version":"2020-12-22","purchased_purges":0,"victory":false,"max_hp_per_floor":[70,70,70,70,70,70,70,70,70,70,70,70,70,70,70,70,70,70,70,70,70,70,70,70,70,70],"card_choices":[{"not_picked":["theMarked:ResourceFulStrike","theMarked:ChainLightning"],"picked":"theMarked:Aftermath","floor":1.0},{"not_picked":["theMarked:HeightenedSenses","theMarked:Frustration"],"picked":"theMarked:Electrocute","floor":6.0},{"not_picked":["theMarked:ChainLightning","theMarked:Improvise"],"picked":"theMarked:StartUp","floor":8.0},{"not_picked":["theMarked:BanishingWave","theMarked:SwordAndMagic"],"picked":"theMarked:ElementalBlade","floor":10.0},{"not_picked":["theMarked:Parry","theMarked:ResourceFulStrike"],"picked":"theMarked:ShockingTouch","floor":11.0},{"not_picked":["theMarked:EnhanceMovement","theMarked:EmpowerWeapon"],"picked":"theMarked:ThrowWeapon","floor":13.0},{"not_picked":["theMarked:Seal","theMarked:Parry","theMarked:BanishingStrike"],"picked":"SKIP","floor":14.0},{"not_picked":["theMarked:DispelDoubt","theMarked:Snap"],"picked":"theMarked:ChannelForce","floor":16.0},{"not_picked":["theMarked:Improvise","theMarked:Opportunist+1"],"picked":"theMarked:EmpowerWeapon+1","floor":18},{"not_picked":["theMarked:Panic","theMarked:RepellingDischarge"],"picked":"theMarked:Polarize+1","floor":23},{"not_picked":["theMarked:WastefulAttack","theMarked:ElectricStrings+1"],"picked":"theMarked:Reabsorb+1","floor":24}],"player_experience":1136652,"relics_obtained":[{"floor":6.0,"key":"hubris:MysteriousPyramids"},{"floor":8.0,"key":"Replay:Rubber Ducky"},{"floor":9.0,"key":"ReplayTheSpireMod:Ninjato"},{"floor":10.0,"key":"theSenshi:SailorFukuRelic"}],"event_choices":[{"damage_healed":0.0,"max_hp_gain":0.0,"max_hp_loss":0.0,"gold_gain":0.0,"event_name":"conspire:Investor","player_choice":"Leave","floor":3.0,"gold_loss":0.0,"damage_taken":0.0}],"is_beta":false,"boss_relics":[{"not_picked":["hubris:RunicObelisk","hubris:HollowSoul"],"picked":"conspire:RoyalGoblet"}],"items_purged_floors":[],"is_endless":false,"potions_floor_spawned":[8,10,13,16,23,24],"killed_by":"Hallownest:eliteSoulWarrior","ascension_level":0}}