{"host":"4id8injl4bo2b6ih","time":1610291702,"event":{"mods":["Act Like it!","BaseMod","Better Third Choice","Colored Map","Downfall","Ekko","Friendly Minions","Highlight Path","Ironclad Rager","Minty Spire (QoL Compilation)","Relic Stats","Robot Space Explorer","Shade Mod","Shop Mod","Spicy Shops","StSLib","The Bug Knight"],"gold_per_floor":[99,119,26,126,36,36,36,46,106,31,481,481,481,581,592,592,592],"floor_reached":16,"playtime":1036,"items_purged":["sneckomod:Strike"],"score":102,"play_id":"07d5a431-3ba2-49fa-a9b0-fc3f89502826","local_time":"20210110161502","is_ascension_mode":true,"campfire_choices":[{"floor":1.0,"key":"RECALL"},{"data":"sneckomod:UnknownUncommonPower","floor":6.0,"key":"SMITH"},{"data":"sneckomod:SnekBite","floor":10.0,"key":"SMITH"},{"data":"sneckomod:UnknownUncommonSkill","floor":12.0,"key":"SMITH"}],"circlet_count":0,"master_deck":["sneckomod:Strike","sneckomod:Defend","sneckomod:Defend","sneckomod:Defend","sneckomod:TailWhip","sneckomod:SnekBite+1","sneckomod:Unknown","sneckomod:Unknown","sneckomod:Rotation","sneckomod:UnknownClassSLIMEBOUND","sneckomod:UnknownUncommonPower+1","sneckomod:UnknownUncommonSkill+1","sneckomod:UnknownClassTHE_CHAMP_GRAY","Slimebound:Icky","sneckomod:Nope+1","sneckomod:DiceBoulder","sneckomod:Unknown0Cost"],"relics":["sneckomod:SneckoSoul","Juzu Bracelet","White Beast Statue","WingedGreaves","downfall:HeartBlessingRed","Spirit Poop"],"acts_visited":["Exordium"],"potions_floor_usage":[16,16],"damage_taken":[{"damage":1.0,"enemies":"Cultist","floor":2.0,"turns":3.0},{"damage":3.0,"enemies":"downfall:FleeingMerchant","floor":3.0,"turns":4.0},{"damage":0.0,"enemies":"downfall:FleeingMerchant","floor":5.0,"turns":4.0},{"damage":8.0,"enemies":"Jaw Worm","floor":8.0,"turns":4.0},{"damage":23.0,"enemies":"Gremlin Nob","floor":9.0,"turns":5.0},{"damage":41.0,"enemies":"downfall:Heads","floor":14.0,"turns":7.0},{"damage":0.0,"enemies":"Small Slimes","floor":15.0,"turns":1.0},{"damage":34,"enemies":"downfall:Defect","floor":16,"turns":6}],"seed_played":"-860530854548659308","potions_obtained":[{"floor":2.0,"key":"EssenceOfSteel"},{"floor":8.0,"key":"Dexterity Potion"},{"floor":9.0,"key":"GamblersBrew"},{"floor":14.0,"key":"LiquidMemories"},{"floor":15.0,"key":"Strength Potion"}],"is_trial":false,"path_per_floor":["R","M","$","?","$","R","T","M","?","R","?","R","?","?","M","B"],"character_chosen":"THE_SNECKO","items_purchased":["sneckomod:UnknownUncommonPower"],"campfire_rested":0,"item_purchase_floors":[3],"current_hp_per_floor":[90,89,88,88,89,89,89,93,71,71,71,71,71,30,31,0,0],"gold":592,"neow_bonus":"RANDOM_COMMON_RELIC","is_daily":false,"chose_seed":false,"campfire_upgraded":3,"win_rate":0.0,"timestamp":1610291702,"path_taken":["R","M","?","?","?","R","T","M","?","R","?","R","?","?","M","BOSS"],"items_purchased_type":["Card"],"build_version":"2020-12-22","purchased_purges":1,"victory":false,"max_hp_per_floor":[90,90,92,92,93,93,93,93,94,94,94,94,94,94,95,95,95],"relic_stats":{"counters":[8,34],"Juzu Bracelet":2,"obtain_stats":[{"downfall:HeartBlessingRed":10,"Spirit Poop":13,"WingedGreaves":9,"Juzu Bracelet":0,"sneckomod:SneckoSoul":0,"White Beast Statue":7},{"downfall:HeartBlessingRed":5,"Spirit Poop":5,"WingedGreaves":4,"Juzu Bracelet":0,"sneckomod:SneckoSoul":0,"White Beast Statue":3},{"downfall:HeartBlessingRed":20,"Spirit Poop":20,"WingedGreaves":15,"Juzu Bracelet":0,"sneckomod:SneckoSoul":0,"White Beast Statue":11}]},"card_choices":[{"not_picked":["sneckomod:UnknownStrike","sneckomod:Unknown1Cost"],"picked":"sneckomod:Rotation","floor":2.0},{"not_picked":["sneckomod:UnknownBlock","sneckomod:SoulDraw"],"picked":"sneckomod:UnknownClassSLIMEBOUND","floor":3.0},{"not_picked":["sneckomod:SoulDraw","sneckomod:QuickBite"],"picked":"sneckomod:UnknownUncommonSkill","floor":5.0},{"not_picked":["sneckomod:RainOfDice","sneckomod:DiceCrush","sneckomod:IronFang"],"picked":"SKIP","floor":8.0},{"not_picked":["sneckomod:QuickMove","sneckomod:TrashToTreasure"],"picked":"sneckomod:UnknownClassTHE_CHAMP_GRAY","floor":9.0},{"not_picked":["sneckomod:IronFang","sneckomod:UnknownEthereal"],"picked":"sneckomod:Nope","floor":14.0},{"not_picked":["sneckomod:Unknown1Cost","sneckomod:UnknownStrike"],"picked":"sneckomod:Unknown0Cost","floor":15.0}],"player_experience":413768,"relics_obtained":[{"floor":7.0,"key":"White Beast Statue"}],"event_choices":[{"cards_removed":["Slimebound:Icky"],"damage_healed":0.0,"max_hp_gain":0.0,"max_hp_loss":0.0,"gold_gain":0.0,"event_name":"Bonfire Elementals","player_choice":"Offered Curse","floor":13.0,"gold_loss":0.0,"damage_taken":0.0,"relics_obtained":["Spirit Poop"]}],"is_beta":false,"boss_relics":[],"items_purged_floors":[5],"is_endless":false,"potions_floor_spawned":[2,8,9,14,15],"killed_by":"downfall:Defect","ascension_level":4}}