{"host":"5apxsqgkueisybsc","time":1610322592,"event":{"mods":["A Magickal Journey","BaseMod","Better Third Choice","DeckTracker","Hermit","Hubris","Hunter ??","Mimic Mod","Minty Spire (QoL Compilation)","Random Character Button","Rare Cards Sparkle","Replay The Spire","SOS???????","Shade Mod","StSLib","The Blackbeard","The Bladedancer","The Bug Knight","The Clintock","The Cursed","The Disciple","The Druid","The Exalted","The Forsaken","The Judge","The Servant 0.9.4","The Valiant","The Witch"],"gold_per_floor":[116,8,18,35,55,55,55,71,98,98,98,117,151,151,171,187,187,187,187],"floor_reached":18,"playtime":1352,"items_purged":[],"score":116,"play_id":"cbe01b4a-af69-47b0-ab14-2bbc78ffd8b5","local_time":"20210110184952","is_ascension_mode":false,"campfire_choices":[{"data":"clintock:DGMP","floor":6,"key":"SMITH"},{"data":"clintock:SampleSwap","floor":14,"key":"SMITH"},{"floor":17,"key":"REST"}],"circlet_count":0,"master_deck":["clintock:ClintockStrike","clintock:ClintockStrike","clintock:ClintockStrike","clintock:ClintockDefend","clintock:ClintockDefend","clintock:ClintockDefend","clintock:ClintockDefend","clintock:BaseSynthesis","clintock:Replenish","clintock:Irradiate","clintock:Deoxyguanosine","clintock:Jab","clintock:Jab","clintock:DGMP+1","clintock:Obstruct","clintock:Efflux","clintock:BruteForce","clintock:Centrifuge","clintock:Bateson9000","clintock:SampleSwap+1","clintock:Deoxyadenosine","clintock:VectorFlow"],"relics":["clintock:BiomoleculePool","ReplayTheSpireMod:TigerMarble","hubris:Reverence"],"acts_visited":["Exordium"],"potions_floor_usage":[8,12,13,13,18],"damage_taken":[{"damage":2,"enemies":"2 Louse","floor":1,"turns":5},{"damage":0,"enemies":"Cultist","floor":3,"turns":4},{"damage":5,"enemies":"Small Slimes","floor":4,"turns":4},{"damage":4,"enemies":"2 Fungi Beasts","floor":5,"turns":4},{"damage":20,"enemies":"3 Louse","floor":8,"turns":6},{"damage":7,"enemies":"Exordium Wildlife","floor":12,"turns":3},{"damage":17,"enemies":"HollowMod:MossKnight","floor":13,"turns":23},{"damage":7,"enemies":"Looter","floor":15,"turns":4},{"damage":11,"enemies":"Red Slaver","floor":16,"turns":7},{"damage":54,"enemies":"The Guardian","floor":18,"turns":16}],"seed_played":"-2546601232109985534","potions_obtained":[{"floor":1,"key":"PowerPotion"},{"floor":4,"key":"Dexterity Potion"},{"floor":8,"key":"Explosive Potion"},{"floor":12,"key":"SpeedPotion"},{"floor":16,"key":"Reflective Coating"}],"is_trial":false,"path_per_floor":["M","$","M","M","M","R","?","M","T","PTL","PTL","M","E","R","M","M","R","B"],"character_chosen":"CLINTOCK_CLASS","items_purchased":["clintock:Deoxyguanosine","clintock:Jab"],"campfire_rested":1,"item_purchase_floors":[2,2],"current_hp_per_floor":[86,86,86,81,77,77,77,57,57,57,57,50,33,33,26,15,41,0,0],"gold":187,"neow_bonus":"TEN_PERCENT_HP_BONUS","is_daily":false,"chose_seed":false,"campfire_upgraded":2,"win_rate":0.0,"timestamp":1610322592,"path_taken":["M","$","M","M","M","R","?","M","T","PTL","PTL","M","E","R","M","?","R","BOSS"],"items_purchased_type":["Card","Card"],"build_version":"2020-12-22","purchased_purges":0,"victory":false,"max_hp_per_floor":[88,88,88,88,88,88,88,88,88,88,88,88,88,88,88,88,88,88,88],"card_choices":[{"not_picked":["clintock:SampleSwap","clintock:EnergyDrink"],"picked":"clintock:Irradiate","floor":1},{"not_picked":["clintock:EnergyDrink","clintock:Efflux"],"picked":"clintock:DGMP","floor":3},{"not_picked":["clintock:CompostBin","clintock:Excavate"],"picked":"clintock:Obstruct","floor":4},{"not_picked":["clintock:Polymerize","clintock:SuperSeqX1"],"picked":"clintock:Efflux","floor":5},{"not_picked":["clintock:ATPReserves","clintock:TelomereErosion"],"picked":"clintock:Centrifuge","floor":8},{"not_picked":["clintock:EnergyDrink","clintock:Deoxycytidine"],"picked":"clintock:Bateson9000","floor":12},{"not_picked":["clintock:Deoxyguanosine","clintock:Excavate"],"picked":"clintock:SampleSwap","floor":13},{"not_picked":["clintock:DealersLuck","clintock:BruteForce"],"picked":"clintock:Deoxyadenosine","floor":15},{"not_picked":["clintock:Excavate","clintock:Jab"],"picked":"clintock:VectorFlow","floor":16}],"player_experience":109227,"relics_obtained":[{"floor":9,"key":"ReplayTheSpireMod:TigerMarble"},{"floor":13,"key":"hubris:Reverence"}],"event_choices":[{"damage_healed":0,"gold_gain":0,"cards_transformed":["clintock:ClintockStrike"],"player_choice":"Transformed","damage_taken":0,"max_hp_gain":0,"max_hp_loss":0,"event_name":"Transmorgrifier","floor":7,"gold_loss":0,"cards_obtained":["clintock:BruteForce"]}],"is_beta":false,"boss_relics":[],"items_purged_floors":[],"is_endless":false,"potions_floor_spawned":[1,4,8,12,16],"killed_by":"The Guardian","ascension_level":0}}