{"host":"ordk2y2ebcetabk6","time":1610308706,"event":{"mods":["AlwaysNeverKeys","Astrologer","Bard","BaseMod","Better Debug","Colored Map","Colored Powertips","Dark Map","Hermit","Highlight Path","Minty Spire (QoL Compilation)","Permanent Neow","Rare Cards Sparkle","StSLib","The Hydrologist","The Todo","TheBandit","TheLocksmith","TheVelvet","Wandering Minibosses","Wide Potions","thorton"],"gold_per_floor":[218,143,161,161,11,11,11,11,11,29,48,68,68,87,87,192,192,205,216,234,252,103,103,103,103,103,103,103,103,121,121,121,121,121],"floor_reached":33,"playtime":1359,"items_purged":["hydrologistmod:Strike_Hydrologist","Pain"],"score":262,"play_id":"b0619c2e-4b18-41e9-84f2-ab4ac8ef06e5","local_time":"20210110125826","is_ascension_mode":false,"campfire_choices":[{"data":"hydrologistmod:LayeredShell","floor":6,"key":"SMITH"},{"data":"hydrologistmod:LayeredShell","floor":8,"key":"SMITH"},{"data":"hydrologistmod:LayeredShell","floor":13,"key":"SMITH"},{"data":"hydrologistmod:LayeredShell","floor":15,"key":"SMITH"},{"data":"hydrologistmod:PureIce","floor":23,"key":"SMITH"},{"data":"hydrologistmod:FrostWhip","floor":25,"key":"SMITH"},{"floor":29,"key":"REST"},{"floor":32,"key":"REST"}],"circlet_count":0,"master_deck":["hydrologistmod:FrostWhip+1","hydrologistmod:Hydraulics","hydrologistmod:Defend_Hydrologist","hydrologistmod:Defend_Hydrologist","hydrologistmod:Defend_Hydrologist","hydrologistmod:UnstableDefend","hydrologistmod:UnstableDefend","hydrologistmod:PureIce+1","hydrologistmod:LayeredShell+1","hydrologistmod:LayeredShell+1","hydrologistmod:LayeredShell+1","hydrologistmod:LayeredShell+1","hydrologistmod:PackedSnow","hydrologistmod:Upstream"],"relics":["hydrologistmod:WaterPouch","WarpedTongs","Ornamental Fan","Runic Dome","Oddly Smooth Stone","Juzu Bracelet","hydrologistmod:LoyalBoomerang"],"acts_visited":["Exordium","TheCity"],"potions_floor_usage":[16,33],"damage_taken":[{"damage":0,"enemies":"Small Slimes","floor":1,"turns":3},{"damage":0,"enemies":"Cultist","floor":3,"turns":4},{"damage":0,"enemies":"Jaw Worm","floor":10,"turns":3},{"damage":3,"enemies":"Gremlin Gang","floor":11,"turns":7},{"damage":1,"enemies":"Exordium Thugs","floor":12,"turns":4},{"damage":0,"enemies":"3 Louse","floor":14,"turns":4},{"damage":35,"enemies":"The Guardian","floor":16,"turns":12},{"damage":0,"enemies":"Shell Parasite","floor":18,"turns":12},{"damage":5,"enemies":"Spheric Guardian","floor":19,"turns":11},{"damage":12,"enemies":"3 Cultists","floor":20,"turns":7},{"damage":12,"enemies":"Snake Plant","floor":21,"turns":10},{"damage":49,"enemies":"Cultist and Chosen","floor":30,"turns":13},{"damage":67,"enemies":"Collector","floor":33,"turns":6}],"seed_played":"7143928663219526148","potions_obtained":[{"floor":3,"key":"Swift Potion"},{"floor":18,"key":"SpeedPotion"},{"floor":20,"key":"PowerPotion"}],"is_trial":false,"path_per_floor":["M","$","M","?","$","R","$","R","T","M","M","M","R","M","R","B",null,"M","M","M","M","$","R","$","R","T","T","?","R","M","?","R","B"],"character_chosen":"HYDROLOGIST_CLASS","items_purchased":["hydrologistmod:LayeredShell","Oddly Smooth Stone"],"campfire_rested":2,"item_purchase_floors":[5,22],"current_hp_per_floor":[77,77,77,77,77,77,77,77,77,77,74,73,73,73,73,38,77,77,72,60,48,48,48,48,48,48,48,48,71,22,22,45,0,0],"gold":121,"neow_bonus":"HUNDRED_GOLD","is_daily":false,"chose_seed":false,"campfire_upgraded":6,"win_rate":0.0,"timestamp":1610308706,"path_taken":["M","$","M","?","?","R","?","R","T","M","M","M","R","M","R","BOSS","M","?","M","M","$","R","$","R","T","?","?","R","M","?","R","BOSS"],"items_purchased_type":["Card","Relic"],"build_version":"2020-12-22","purchased_purges":2,"victory":false,"max_hp_per_floor":[77,77,77,77,77,77,77,77,77,77,77,77,77,77,77,77,77,77,77,77,77,77,77,77,77,77,77,77,77,77,77,77,77,77],"card_choices":[{"not_picked":["hydrologistmod:DimensionalIcicles","hydrologistmod:Upstream"],"picked":"hydrologistmod:PureIce","floor":1},{"not_picked":["hydrologistmod:SearingSynthesis","hydrologistmod:TidalWave"],"picked":"hydrologistmod:LayeredShell","floor":3},{"not_picked":["hydrologistmod:Sauna","hydrologistmod:HighTide"],"picked":"hydrologistmod:LayeredShell","floor":10},{"not_picked":["hydrologistmod:Transfusion","hydrologistmod:FrozenCapsule","hydrologistmod:Drench"],"picked":"SKIP","floor":11},{"not_picked":["hydrologistmod:HotSprings","hydrologistmod:Drench","hydrologistmod:Dehydrate"],"picked":"SKIP","floor":12},{"not_picked":["hydrologistmod:HeatBlast","hydrologistmod:Aqueducts"],"picked":"hydrologistmod:LayeredShell","floor":14},{"not_picked":["hydrologistmod:Blizzard+1","hydrologistmod:Crystallization+1","hydrologistmod:GhostlyMist"],"picked":"SKIP","floor":18},{"not_picked":["hydrologistmod:OccludingMist","hydrologistmod:BlockOfIce+1","hydrologistmod:SoggySynthesis+1"],"picked":"SKIP","floor":19},{"not_picked":["hydrologistmod:SteadyTide","hydrologistmod:GlacialStrike","hydrologistmod:OccludingMist"],"picked":"SKIP","floor":20},{"not_picked":["hydrologistmod:FrozenDomain","hydrologistmod:SearingSynthesis","hydrologistmod:Hail"],"picked":"SKIP","floor":21},{"not_picked":["hydrologistmod:Dehydrate","hydrologistmod:Debilitate","hydrologistmod:Endothermancy"],"picked":"SKIP","floor":30}],"player_experience":1148174,"relics_obtained":[{"floor":9,"key":"Ornamental Fan"},{"floor":26,"key":"Juzu Bracelet"},{"floor":27,"key":"hydrologistmod:LoyalBoomerang"}],"event_choices":[{"damage_healed":0,"gold_gain":0,"player_choice":"Rummage","damage_taken":0,"relics_obtained":["WarpedTongs"],"max_hp_gain":0,"max_hp_loss":0,"event_name":"Accursed Blacksmith","floor":4,"gold_loss":0,"cards_obtained":["Pain"]},{"damage_healed":0,"gold_gain":0,"player_choice":"Ignored","damage_taken":0,"max_hp_gain":0,"max_hp_loss":0,"event_name":"Vampires","floor":28,"gold_loss":0},{"damage_healed":0,"gold_gain":0,"cards_transformed":["hydrologistmod:Strike_Hydrologist","hydrologistmod:Strike_Hydrologist"],"player_choice":"Became Test Subject","damage_taken":0,"max_hp_gain":0,"max_hp_loss":0,"event_name":"Drug Dealer","floor":31,"gold_loss":0,"cards_obtained":["hydrologistmod:PackedSnow","hydrologistmod:Upstream"]}],"is_beta":false,"boss_relics":[{"not_picked":["SlaversCollar","hydrologistmod:SpinningStones"],"picked":"Runic Dome"}],"items_purged_floors":[2,5],"is_endless":false,"potions_floor_spawned":[3,18,20,30],"killed_by":"Collector","ascension_level":0}}