{"host":"66qk2d5itigvi6zt","time":1610256409,"event":{"mods":["Aspiration","BaseMod","Better Third Choice","Conspire","Minty Spire (QoL Compilation)","Replay The Spire","StSLib","Td1madao Mod","The Administrix","The Alterego","UnlockEverythingMod","Waifu the Spire","everything is the same but u backflip on backflip"],"gold_per_floor":[117,117,128,141,172,172,197,207,234,249,268,301,1,1,1,99,99,117,135,135,60,75,108,108,108,108,33,33,52,66,96,96,193,243,258,258,272,272,284,313,329,32,32,42,42,392,411,63,63,63],"floor_reached":51,"playtime":7569,"items_purged":["AdministrixMod:Strike_Administrix","Delirium"],"score":854,"play_id":"86683e05-ade4-4932-a0dc-e2c76e48b8e5","local_time":"20210109212649","is_ascension_mode":false,"campfire_choices":[{"data":"AdministrixMod:SealAway","floor":6,"key":"SMITH"},{"floor":15,"key":"REST"},{"floor":25,"key":"REST"},{"floor":28,"key":"REST"},{"floor":32,"key":"REST"},{"floor":45,"key":"REST"},{"floor":49,"key":"REST"}],"circlet_count":0,"master_deck":["AdministrixMod:Strike_Administrix+1","AdministrixMod:RedCloak","AdministrixMod:Defend_Administrix+1","AdministrixMod:Defend_Administrix+1","AdministrixMod:Defend_Administrix+1","AdministrixMod:Defend_Administrix","AdministrixMod:BlueCloak+1","AdministrixMod:ImmortalGrace+2","AdministrixMod:SealAway+1","AdministrixMod:ImmortalPurity","AdministrixMod:ImmortalGrace","AdministrixMod:NoblePath","AdministrixMod:ImmortalClarity","AdministrixMod:ImmortalPurity","AdministrixMod:ImmortalPurity","AdministrixMod:ImmortalPurity+1","AdministrixMod:ImmortalGrace+2","Doubt","Voices"],"relics":["AdministrixMod:ConductorRitualBaton","Happy Flower","Strawberry","Gremlin Food","Turnip","Dream Catcher","Toolbox","aspiration:RunicSpoon","Nilry\u0027s Codex","Blood Vial","aspiration:RitualStick","Anchor","aspiration:SeaSaltIceCream","aspiration:Nostalgia","Replay:M_SmolderingBlood","Tiny House","Ginger","Lee\u0027s Waffle","Replay:Baseball","Pen Nib","Ring of Greed","Ring of Searing","Replay:Wax Seal","Old Coin","BargainBundle","aspiration:ChemicalBlood"],"acts_visited":["Exordium","TheCity","TheBeyond"],"potions_floor_usage":[12,23,30,31,33,35,40,41,41,50,50,50,50],"damage_taken":[{"damage":0,"enemies":"Jaw Worm","floor":1,"turns":4},{"damage":0,"enemies":"conspire:RoseBush","floor":3,"turns":2},{"damage":0,"enemies":"Small Slimes","floor":4,"turns":3},{"damage":2,"enemies":"conspire:MimicChest","floor":5,"turns":7},{"damage":5,"enemies":"Lagavulin","floor":7,"turns":7},{"damage":15,"enemies":"Exordium Thugs","floor":8,"turns":5},{"damage":7,"enemies":"Looter","floor":10,"turns":3},{"damage":0,"enemies":"Lots of Slimes","floor":11,"turns":3},{"damage":0,"enemies":"Gremlin Nob","floor":12,"turns":3},{"damage":12,"enemies":"Hexaghost","floor":16,"turns":10},{"damage":10,"enemies":"Spheric Guardian","floor":18,"turns":5},{"damage":0,"enemies":"Shell Parasite","floor":19,"turns":4},{"damage":11,"enemies":"conspire:HollyBat","floor":22,"turns":6},{"damage":19,"enemies":"Gremlin Leader","floor":23,"turns":6},{"damage":7,"enemies":"Chosen and Byrds","floor":29,"turns":8},{"damage":3,"enemies":"Snake Plant","floor":30,"turns":4},{"damage":44,"enemies":"Slavers","floor":31,"turns":6},{"damage":26,"enemies":"Collector","floor":33,"turns":9},{"damage":22,"enemies":"3 Shapes","floor":35,"turns":5},{"damage":30,"enemies":"3 Darklings","floor":37,"turns":5},{"damage":2,"enemies":"Sphere and 2 Shapes","floor":39,"turns":7},{"damage":33,"enemies":"Reptomancer","floor":40,"turns":5},{"damage":10,"enemies":"Transient","floor":41,"turns":5},{"damage":16,"enemies":"3 Darklings","floor":44,"turns":3},{"damage":10,"enemies":"Maw","floor":47,"turns":3},{"damage":72,"enemies":"Time Eater","floor":50,"turns":6}],"seed_played":"8969750506585811425","potions_obtained":[{"floor":1,"key":"Explosive Potion"},{"floor":5,"key":"Energy Potion"},{"floor":7,"key":"FearPotion"},{"floor":12,"key":"Regen Potion"},{"floor":22,"key":"AttackPotion"},{"floor":33,"key":"BlessingOfTheForge"},{"floor":34,"key":"LiquidMemories"},{"floor":39,"key":"PowerPotion"},{"floor":41,"key":"ColorlessPotion"},{"floor":44,"key":"SteroidPotion"},{"floor":50,"key":"PowerPotion"}],"is_trial":false,"path_per_floor":["M","?","M","M","?","R","E","M","T","M","M","E","$","?","R","B",null,"M","M","?","?","M","E","?","R","T","$","R","M","M","E","R","B",null,"M","?","M","?","M","E","M","$","T","M","R","?","M","$","R","B",null],"character_chosen":"TheAdministrix","items_purchased":["Dream Catcher","Toolbox","Lee\u0027s Waffle","Replay:Baseball","BargainBundle","aspiration:ChemicalBlood","Regen Potion"],"campfire_rested":6,"item_purchase_floors":[13,13,42,42,48,48,48],"current_hp_per_floor":[71,71,71,71,69,69,71,56,56,49,49,49,49,49,72,60,78,68,68,52,52,41,37,21,44,44,44,67,62,61,19,42,18,83,61,69,41,41,41,10,2,90,90,74,90,90,80,80,90,27],"gold":63,"neow_bonus":"TEN_PERCENT_HP_BONUS","is_daily":false,"chose_seed":false,"campfire_upgraded":1,"win_rate":0.0,"timestamp":1610256409,"path_taken":["M","?","M","?","?","R","E","M","T","M","M","E","?","?","R","BOSS","M","?","?","?","M","E","?","R","T","?","R","M","M","E","R","BOSS","M","?","M","?","M","E","M","?","T","?","R","?","M","$","R","BOSS"],"items_purchased_type":["Relic","Relic","Relic","Relic","Relic","Relic","Potion"],"build_version":"2020-12-22","purchased_purges":2,"victory":true,"max_hp_per_floor":[71,71,71,71,71,71,78,78,78,78,78,78,78,78,78,78,78,78,78,78,78,78,78,78,78,78,78,78,78,78,78,78,78,83,83,83,83,83,83,83,83,90,90,90,90,90,90,90,90,90],"card_choices":[{"not_picked":["AdministrixMod:BegetEternity","AdministrixMod:SyncreticPlunge"],"picked":"AdministrixMod:ImmortalGrace","floor":1},{"not_picked":["AdministrixMod:TrickOfTheLight","AdministrixMod:Transition"],"picked":"AdministrixMod:SealAway","floor":3},{"not_picked":["AdministrixMod:FuneraryRites","AdministrixMod:SealAway"],"picked":"AdministrixMod:ImmortalPurity","floor":4},{"not_picked":["AdministrixMod:QuietConspiracy","AdministrixMod:NewWardrobe","AdministrixMod:SyncreticSurge"],"picked":"SKIP","floor":7},{"not_picked":["AdministrixMod:RisingSunPrince","AdministrixMod:FuneraryRites","AdministrixMod:CrackingPangu"],"picked":"SKIP","floor":8},{"not_picked":["AdministrixMod:RisingSunPrince","AdministrixMod:CastOffRegrets"],"picked":"AdministrixMod:ImmortalGrace","floor":10},{"not_picked":["AdministrixMod:ReachToHeaven","AdministrixMod:CenturiesAscent","AdministrixMod:SyncreticSurge"],"picked":"SKIP","floor":11},{"not_picked":["AdministrixMod:NewWardrobe","AdministrixMod:SipOfSparks","AdministrixMod:PlateOfAntiquity"],"picked":"SKIP","floor":12},{"not_picked":["AdministrixMod:Schism","AdministrixMod:FearOfDeath"],"picked":"AdministrixMod:ImmortalClarity","floor":16},{"not_picked":["AdministrixMod:PlateOfAntiquity","AdministrixMod:HarmonicReverence","AdministrixMod:SipOfSparks"],"picked":"SKIP","floor":18},{"not_picked":["AdministrixMod:LightOfYourLife+1","AdministrixMod:TrickOfTheLight","AdministrixMod:SipOfSparks+1"],"picked":"SKIP","floor":19},{"not_picked":["AdministrixMod:SeventeenArticleLaser","AdministrixMod:FuneraryRites","AdministrixMod:RegentEdict"],"picked":"SKIP","floor":22},{"not_picked":["AdministrixMod:Untouchable","AdministrixMod:FiendishCrimson"],"picked":"AdministrixMod:ImmortalPurity","floor":23},{"not_picked":["AdministrixMod:SipOfSparks+1","AdministrixMod:Katabasis","AdministrixMod:CrackingPangu"],"picked":"SKIP","floor":29},{"not_picked":["AdministrixMod:PassageOfAges","AdministrixMod:FuneraryRites+1","AdministrixMod:ReachToHeaven"],"picked":"SKIP","floor":30},{"not_picked":["AdministrixMod:JustRewards","AdministrixMod:HiddenPower","AdministrixMod:PlateOfAntiquity"],"picked":"SKIP","floor":31},{"not_picked":["AdministrixMod:Transition","AdministrixMod:Overdrive"],"picked":"AdministrixMod:ImmortalPurity","floor":32},{"not_picked":["AdministrixMod:CrackingPangu","AdministrixMod:QuietConspiracy"],"picked":"AdministrixMod:ImmortalPurity+1","floor":35},{"not_picked":["AdministrixMod:ImmortalPurity","AdministrixMod:PassageOfAges+1"],"picked":"AdministrixMod:ImmortalGrace+1","floor":37},{"not_picked":["AdministrixMod:SealAway","AdministrixMod:HarmonicReverence","AdministrixMod:PassageOfAges"],"picked":"SKIP","floor":39},{"not_picked":["AdministrixMod:BloodBargain","AdministrixMod:Untouchable","AdministrixMod:NewbornDivinity"],"picked":"SKIP","floor":40},{"not_picked":["AdministrixMod:UnstableVigor","AdministrixMod:RisingSunPrince","AdministrixMod:Transition"],"picked":"SKIP","floor":41},{"not_picked":["AdministrixMod:NoblePath+1","AdministrixMod:FuneraryRites+1","AdministrixMod:ArmillarySphere+1"],"picked":"SKIP","floor":44},{"not_picked":["AdministrixMod:RisingSunPrince","AdministrixMod:BegetEternity","AdministrixMod:ImmortalPurity"],"picked":"SKIP","floor":47}],"player_experience":69916,"relics_obtained":[{"floor":5,"key":"Happy Flower"},{"floor":7,"key":"Strawberry"},{"floor":9,"key":"Gremlin Food"},{"floor":12,"key":"Turnip"},{"floor":20,"key":"Nilry\u0027s Codex"},{"floor":23,"key":"Blood Vial"},{"floor":26,"key":"Anchor"},{"floor":31,"key":"aspiration:SeaSaltIceCream"},{"floor":40,"key":"Ginger"},{"floor":43,"key":"Pen Nib"},{"floor":46,"key":"Ring of Greed"},{"floor":46,"key":"Ring of Searing"},{"floor":46,"key":"Replay:Wax Seal"},{"floor":46,"key":"Old Coin"}],"event_choices":[{"damage_healed":0,"gold_gain":0,"player_choice":"Upgraded","damage_taken":0,"max_hp_gain":0,"max_hp_loss":0,"event_name":"Upgrade Shrine","floor":2,"gold_loss":0,"cards_upgraded":["AdministrixMod:ImmortalGrace"]},{"damage_healed":0,"gold_gain":0,"cards_transformed":["AdministrixMod:Strike_Administrix"],"player_choice":"Transformed","damage_taken":0,"max_hp_gain":0,"max_hp_loss":0,"event_name":"Transmorgrifier","floor":14,"gold_loss":0,"cards_obtained":["AdministrixMod:NoblePath"]},{"damage_healed":0,"gold_gain":0,"player_choice":"Obtained Book","damage_taken":16,"max_hp_gain":0,"max_hp_loss":0,"event_name":"Cursed Tome","floor":20,"gold_loss":0},{"cards_removed":["AdministrixMod:Strike_Administrix"],"damage_healed":0,"gold_gain":0,"player_choice":"Gave Gold","damage_taken":0,"max_hp_gain":0,"max_hp_loss":0,"event_name":"Beggar","floor":21,"gold_loss":75},{"damage_healed":0,"gold_gain":0,"player_choice":"Leave","damage_taken":0,"max_hp_gain":0,"max_hp_loss":0,"event_name":"conspire:Investor","floor":38,"gold_loss":0}],"is_beta":false,"boss_relics":[{"not_picked":["Runic Pyramid","Pandora\u0027s Box"],"picked":"aspiration:RunicSpoon"},{"not_picked":["conspire:RunicOctahedron","Abe\u0027s Treasure"],"picked":"Tiny House"}],"items_purged_floors":[27,48],"is_endless":false,"potions_floor_spawned":[1,5,7,12,18,22,29,33,39,41,44],"ascension_level":0}}