{"host":"sc0o2qwpf9j16a4i","time":1610280747,"event":{"mods":["AchievementEnabler","BaseMod","BetterRewards","Block Reminder","Colored Map","Colored Powertips","Custom Start","Highlight Path","Minty Spire (QoL Compilation)","Relic Stats"],"gold_per_floor":[112,112,112,112,127,158,158,197,197,197,212,255,255,293,293,386,386,405,428,428,428,157,157,184,202,227,255,265,265,265,279,279,353,353,370,421,432,443,463,491,491,509,509,509,531,557,566,610,610,610,610,610,610,6,46,46,46],"floor_reached":56,"playtime":2556,"items_purged":["Strike_G","Strike_G","Strike_G"],"score":2881,"play_id":"f122515f-e2a3-4849-a6e1-53ff27166905","local_time":"20210110141227","is_ascension_mode":true,"campfire_choices":[{"floor":7,"key":"REST"},{"floor":10,"key":"REST"},{"data":"Skewer","floor":13,"key":"SMITH"},{"data":"Footwork","floor":15,"key":"SMITH"},{"floor":23,"key":"DIG"},{"floor":29,"key":"DIG"},{"data":"Noxious Fumes","floor":32,"key":"SMITH"},{"floor":41,"key":"RECALL"},{"floor":44,"key":"DIG"},{"floor":49,"key":"DIG"},{"floor":53,"key":"DIG"}],"circlet_count":0,"master_deck":["AscendersBane","Strike_G","Defend_G","Defend_G","Defend_G","Defend_G+1","Defend_G","Survivor+1","Neutralize","Footwork+1","Bouncing Flask+1","Dodge and Roll+1","Leg Sweep+1","Bouncing Flask+1","Terror+1","Dagger Throw","Skewer+1","Deadly Poison+1","Flying Knee","Night Terror+1","Backflip+1","Acrobatics+1","Ghostly+1","Ghostly+1","Ghostly+1","Dodge and Roll+1","Night Terror+1","Crippling Poison+1","Noxious Fumes+1","Malaise+1","Catalyst+1","Flechettes+1","Acrobatics+1","Corpse Explosion+1","PiercingWail+1","Malaise+1","Envenom"],"relics":["Ring of the Snake","Pear","Pocketwatch","Toxic Egg 2","Blood Vial","Pantograph","Shovel","Sling","Paper Crane","Kunai","Bloody Idol","StoneCalendar","Blue Candle","Mummified Hand","Juzu Bracelet","Mango","Velvet Choker","ClockworkSouvenir","Sundial","White Beast Statue","Anchor","War Paint","Eternal Feather","HoveringKite","Girya","CeramicFish","Centennial Puzzle","Smiling Mask","Lantern","Boot","StrikeDummy","Bronze Scales","TwistedFunnel","Ninja Scroll"],"acts_visited":["Exordium","TheCity","TheBeyond","TheEnding"],"potions_floor_usage":[12,19,33,36,38,38,42,45,50,55,56,56],"damage_taken":[{"damage":0,"enemies":"Cultist","floor":1,"turns":4},{"damage":0,"enemies":"2 Louse","floor":5,"turns":3},{"damage":19,"enemies":"Gremlin Nob","floor":6,"turns":4},{"damage":2,"enemies":"Lagavulin","floor":8,"turns":5},{"damage":0,"enemies":"Small Slimes","floor":11,"turns":3},{"damage":2,"enemies":"3 Sentries","floor":12,"turns":7},{"damage":0,"enemies":"Lagavulin","floor":14,"turns":6},{"damage":2,"enemies":"The Guardian","floor":16,"turns":10},{"damage":1,"enemies":"Spheric Guardian","floor":18,"turns":3},{"damage":12,"enemies":"3 Byrds","floor":19,"turns":5},{"damage":10,"enemies":"Book of Stabbing","floor":24,"turns":6},{"damage":0,"enemies":"Shelled Parasite and Fungi","floor":25,"turns":5},{"damage":14,"enemies":"Slavers","floor":27,"turns":7},{"damage":0,"enemies":"Centurion and Healer","floor":28,"turns":7},{"damage":0,"enemies":"Snake Plant","floor":31,"turns":4},{"damage":0,"enemies":"Automaton","floor":33,"turns":9},{"damage":0,"enemies":"3 Shapes","floor":35,"turns":3},{"damage":3,"enemies":"2 Orb Walkers","floor":36,"turns":7},{"damage":0,"enemies":"3 Darklings","floor":37,"turns":6},{"damage":6,"enemies":"Sphere and 2 Shapes","floor":38,"turns":4},{"damage":6,"enemies":"Writhing Mass","floor":39,"turns":2},{"damage":0,"enemies":"Giant Head","floor":40,"turns":8},{"damage":0,"enemies":"4 Shapes","floor":42,"turns":3},{"damage":0,"enemies":"Spire Growth","floor":45,"turns":4},{"damage":0,"enemies":"Nemesis","floor":46,"turns":9},{"damage":0,"enemies":"Giant Head","floor":48,"turns":7},{"damage":14,"enemies":"Awakened One","floor":50,"turns":18},{"damage":4,"enemies":"Time Eater","floor":51,"turns":10},{"damage":38,"enemies":"Shield and Spear","floor":55,"turns":7},{"damage":45,"enemies":"The Heart","floor":56,"turns":8}],"seed_played":"-4221907276161217401","potions_obtained":[{"floor":5,"key":"SteroidPotion"},{"floor":6,"key":"FearPotion"},{"floor":16,"key":"GamblersBrew"},{"floor":25,"key":"Weak Potion"},{"floor":33,"key":"Dexterity Potion"},{"floor":35,"key":"LiquidMemories"},{"floor":36,"key":"AttackPotion"},{"floor":38,"key":"Ancient Potion"},{"floor":39,"key":"SkillPotion"},{"floor":42,"key":"EssenceOfSteel"},{"floor":45,"key":"Fruit Juice"},{"floor":46,"key":"DistilledChaos"},{"floor":55,"key":"DuplicationPotion"}],"is_trial":false,"path_per_floor":["M","T","?","?","M","E","R","E","T","R","M","E","R","E","R","B",null,"M","M","?","?","$","R","E","M","T","E","M","R","?","M","R","B",null,"M","?","M","M","M","E","R","M","T","R","M","E","?","E","R","B","B",null,"R","$","E","B"],"character_chosen":"THE_SILENT","items_purchased":["Pear","Pocketwatch","Toxic Egg 2","Footwork","Bouncing Flask+1","Blood Vial","Dodge and Roll+1","Pantograph","Leg Sweep+1","Shovel","Sling","Paper Crane","ClockworkSouvenir","Bronze Scales","Malaise+1","TwistedFunnel","Poison Potion"],"campfire_rested":2,"item_purchase_floors":[0,0,0,0,0,0,0,0,0,0,0,0,22,54,54,54,54],"current_hp_per_floor":[30,30,30,30,32,15,35,35,35,55,57,57,57,73,73,81,83,82,71,71,41,41,41,36,41,41,32,39,39,39,41,41,41,41,41,41,41,40,40,41,41,41,41,41,46,46,46,46,46,32,42,45,46,46,18,0,0],"gold":46,"neow_bonus":"","is_daily":false,"chose_seed":false,"campfire_upgraded":3,"win_rate":0.0,"timestamp":1610280747,"path_taken":["M","?","?","?","?","E","R","E","T","R","M","E","R","E","R","BOSS","M","M","?","?","?","R","E","M","T","E","M","R","?","M","R","BOSS","M","?","M","M","M","E","R","M","T","R","M","E","?","E","R","BOSS","BOSS","R","$","E","BOSS"],"items_purchased_type":["Relic","Relic","Relic","Card","Card","Relic","Card","Relic","Card","Relic","Relic","Relic","Relic","Relic","Card","Relic","Potion"],"build_version":"2020-12-22","purchased_purges":3,"victory":false,"max_hp_per_floor":[76,76,69,69,69,69,69,69,69,69,69,69,69,83,83,83,83,83,83,83,41,41,41,41,41,41,41,41,41,41,41,41,41,41,41,41,41,41,41,41,41,41,41,41,46,46,46,46,46,46,46,46,46,46,46,46,46],"relic_stats":{"counters":[202,1028],"Blue Candle":[0],"CeramicFish":45,"HoveringKite":[25],"StoneCalendar":[598],"Eternal Feather":44,"Juzu Bracelet":0,"War Paint":["Survivor","Defend_G"],"Smiling Mask":75,"Boot":[36],"Blood Vial":44,"Centennial Puzzle":[12],"Shovel":5,"Mummified Hand":[43],"Sundial":[14],"Pantograph":49,"Bloody Idol":41,"Bronze Scales":[326],"Kunai":[24],"obtain_stats":[{"TwistedFunnel":0,"Ginger":42,"Bottled Tornado":54,"Boot":2,"Sling":0,"Blood Vial":26,"Sundial":43,"MealTicket":0,"Fusion Hammer":17,"Necronomicon":31,"Kunai":36,"Pear":9,"Blue Candle":13,"Velvet Choker":17,"Eternal Feather":55,"Pen Nib":4,"Paper Crane":44,"Akabeko":13,"Snecko Eye":17,"Pandora\u0027s Box":34,"StrikeDummy":7,"Ring of the Serpent":34,"Regal Pillow":0,"Lantern":26,"StoneCalendar":6,"Bag of Preparation":3,"Ancient Tea Set":14,"Cursed Key":34,"Smiling Mask":29,"Matryoshka":25,"Shovel":26,"Ninja Scroll":48,"WingedGreaves":37,"Chemical X":0,"InkBottle":32,"Ring of the Snake":0,"Potion Belt":0,"Lee\u0027s Waffle":0,"Golden Idol":4,"Thread and Needle":9,"PreservedInsect":39,"Frozen Egg 2":30,"Busted Crown":34,"Ornamental Fan":26,"Bloody Idol":20,"Orrery":20,"Ectoplasm":17,"Art of War":10,"Toy Ornithopter":14,"Ice Cream":10,"Calipers":23,"Gremlin Horn":9,"CeramicFish":27,"Vajra":0,"HoveringKite":34,"Lizard Tail":3,"Centennial Puzzle":9,"HornCleat":0,"DollysMirror":22,"Strawberry":0,"Philosopher\u0027s Stone":34,"Toxic Egg 2":9,"Girya":6,"Happy Flower":9,"Astrolabe":17,"Dead Branch":15,"Oddly Smooth Stone":24,"Letter Opener":8,"War Paint":40,"WarpedTongs":10,"Du-Vu Doll":36,"OrangePellets":0,"Bronze Scales":42,"Nloth\u0027s Gift":19,"Pocketwatch":40,"Meat on the Bone":26,"Enchiridion":24,"Mango":39,"Snake Skull":0,"Juzu Bracelet":44,"Incense Burner":23,"ClockworkSouvenir":0,"Frozen Eye":54,"Dream Catcher":26,"Nunchaku":7,"Mummified Hand":9,"Pantograph":10,"Gambling Chip":0,"Tiny Chest":31,"Runic Pyramid":17,"Orichalcum":0,"Odd Mushroom":13,"Medical Kit":30,"White Beast Statue":11,"Mercury Hourglass":7,"Peace Pipe":0,"Anchor":22,"Bag of Marbles":7,"Membership Card":39},{"TwistedFunnel":19,"Ginger":80,"Bottled Tornado":116,"Boot":20,"Sling":61,"Blood Vial":14,"Sundial":111,"MealTicket":148,"Fusion Hammer":126,"Necronomicon":32,"Kunai":107,"Pear":124,"Blue Candle":125,"Velvet Choker":68,"Eternal Feather":117,"Pen Nib":44,"Paper Crane":81,"Akabeko":49,"Snecko Eye":51,"Pandora\u0027s Box":75,"StrikeDummy":5,"Ring of the Serpent":106,"Regal Pillow":89,"Lantern":131,"StoneCalendar":175,"Bag of Preparation":150,"Ancient Tea Set":25,"Cursed Key":33,"Smiling Mask":103,"Matryoshka":54,"Shovel":54,"Ninja Scroll":85,"WingedGreaves":78,"Chemical X":89,"InkBottle":134,"Ring of the Snake":0,"Potion Belt":89,"Lee\u0027s Waffle":41,"Golden Idol":121,"Thread and Needle":92,"PreservedInsect":78,"Frozen Egg 2":17,"Busted Crown":135,"Ornamental Fan":72,"Bloody Idol":182,"Orrery":128,"Ectoplasm":10,"Art of War":23,"Toy Ornithopter":125,"Ice Cream":93,"Calipers":130,"Gremlin Horn":65,"CeramicFish":54,"Vajra":89,"HoveringKite":188,"Lizard Tail":20,"Centennial Puzzle":47,"HornCleat":61,"DollysMirror":13,"Strawberry":118,"Philosopher\u0027s Stone":58,"Toxic Egg 2":6,"Girya":22,"Happy Flower":22,"Astrolabe":96,"Dead Branch":125,"Oddly Smooth Stone":29,"Letter Opener":152,"War Paint":139,"WarpedTongs":124,"Du-Vu Doll":35,"OrangePellets":41,"Bronze Scales":111,"Nloth\u0027s Gift":156,"Pocketwatch":38,"Meat on the Bone":54,"Enchiridion":130,"Mango":165,"Snake Skull":41,"Juzu Bracelet":40,"Incense Burner":158,"ClockworkSouvenir":89,"Frozen Eye":87,"Dream Catcher":29,"Nunchaku":123,"Mummified Hand":176,"Pantograph":7,"Gambling Chip":148,"Tiny Chest":74,"Runic Pyramid":26,"Orichalcum":41,"Odd Mushroom":95,"Medical Kit":32,"White Beast Statue":93,"Mercury Hourglass":65,"Peace Pipe":61,"Anchor":13,"Bag of Marbles":46,"Membership Card":78},{"TwistedFunnel":113,"Ginger":378,"Bottled Tornado":556,"Boot":116,"Sling":288,"Blood Vial":72,"Sundial":522,"MealTicket":717,"Fusion Hammer":596,"Necronomicon":168,"Kunai":502,"Pear":588,"Blue Candle":590,"Velvet Choker":320,"Eternal Feather":562,"Pen Nib":228,"Paper Crane":384,"Akabeko":251,"Snecko Eye":255,"Pandora\u0027s Box":355,"StrikeDummy":30,"Ring of the Serpent":500,"Regal Pillow":433,"Lantern":616,"StoneCalendar":855,"Bag of Preparation":724,"Ancient Tea Set":136,"Cursed Key":177,"Smiling Mask":486,"Matryoshka":263,"Shovel":263,"Ninja Scroll":400,"WingedGreaves":367,"Chemical X":433,"InkBottle":632,"Ring of the Snake":0,"Potion Belt":433,"Lee\u0027s Waffle":218,"Golden Idol":576,"Thread and Needle":444,"PreservedInsect":367,"Frozen Egg 2":93,"Busted Crown":639,"Ornamental Fan":339,"Bloody Idol":894,"Orrery":604,"Ectoplasm":55,"Art of War":129,"Toy Ornithopter":590,"Ice Cream":447,"Calipers":612,"Gremlin Horn":304,"CeramicFish":263,"Vajra":433,"HoveringKite":932,"Lizard Tail":116,"Centennial Puzzle":241,"HornCleat":288,"DollysMirror":65,"Strawberry":571,"Philosopher\u0027s Stone":280,"Toxic Egg 2":33,"Girya":125,"Happy Flower":125,"Astrolabe":459,"Dead Branch":590,"Oddly Smooth Stone":156,"Letter Opener":731,"War Paint":659,"WarpedTongs":588,"Du-Vu Doll":183,"OrangePellets":218,"Bronze Scales":522,"Nloth\u0027s Gift":754,"Pocketwatch":200,"Meat on the Bone":263,"Enchiridion":612,"Mango":800,"Snake Skull":218,"Juzu Bracelet":212,"Incense Burner":763,"ClockworkSouvenir":433,"Frozen Eye":420,"Dream Catcher":156,"Nunchaku":585,"Mummified Hand":860,"Pantograph":36,"Gambling Chip":717,"Tiny Chest":348,"Runic Pyramid":143,"Orichalcum":218,"Odd Mushroom":454,"Medical Kit":168,"White Beast Statue":447,"Mercury Hourglass":304,"Peace Pipe":288,"Anchor":65,"Bag of Marbles":237,"Membership Card":367}],"Ring of the Snake":[168],"Pocketwatch":[299]},"card_choices":[{"not_picked":["Heel Hook","Dagger Spray","Dodge and Roll+1"],"picked":"SKIP","floor":1},{"not_picked":["Acrobatics+1","Deflect+1"],"picked":"Bouncing Flask+1","floor":5},{"not_picked":["Bouncing Flask+1","Dagger Throw"],"picked":"Terror+1","floor":6},{"not_picked":["Quick Slash","Riddle With Holes"],"picked":"Dagger Throw","floor":8},{"not_picked":["Tactician+1","Poisoned Stab"],"picked":"Skewer","floor":11},{"not_picked":["Dagger Throw","Dagger Spray"],"picked":"Deadly Poison+1","floor":12},{"not_picked":["Dodge and Roll+1","Underhanded Strike"],"picked":"Flying Knee","floor":14},{"not_picked":["Die Die Die","A Thousand Cuts"],"picked":"Night Terror+1","floor":16},{"not_picked":["Reflex+1","Outmaneuver+1"],"picked":"Backflip+1","floor":18},{"not_picked":["Prepared+1","Deadly Poison+1"],"picked":"Acrobatics+1","floor":19},{"not_picked":["Flechettes","Endless Agony"],"picked":"Dodge and Roll+1","floor":24},{"not_picked":["Quick Slash","Acrobatics+1"],"picked":"Night Terror+1","floor":25},{"not_picked":["Accuracy","Cloak And Dagger+1"],"picked":"Crippling Poison+1","floor":27},{"not_picked":["Prepared+1","Endless Agony","Underhanded Strike+1"],"picked":"SKIP","floor":28},{"not_picked":["Predator","Slice"],"picked":"Noxious Fumes","floor":31},{"not_picked":["Venomology+1","Tools of the Trade"],"picked":"Malaise+1","floor":33},{"not_picked":["Cloak And Dagger+1","Bane","Noxious Fumes"],"picked":"SKIP","floor":35},{"not_picked":["Tactician+1","Calculated Gamble+1"],"picked":"Catalyst+1","floor":36},{"not_picked":["Deflect+1","Noxious Fumes","All Out Attack+1"],"picked":"SKIP","floor":37},{"not_picked":["Quick Slash","Underhanded Strike"],"picked":"Flechettes+1","floor":38},{"not_picked":["Distraction+1","Sucker Punch","Dodge and Roll+1"],"picked":"SKIP","floor":39},{"not_picked":["Heel Hook+1","Bouncing Flask+1","Dodge and Roll+1"],"picked":"SKIP","floor":40},{"not_picked":["Flechettes+1","Flying Knee","Dagger Throw"],"picked":"SKIP","floor":42},{"not_picked":["Noxious Fumes","Deflect+1"],"picked":"Acrobatics+1","floor":45},{"not_picked":["Slice","Riddle With Holes","Expertise+1"],"picked":"SKIP","floor":46},{"not_picked":["Deflect+1","Dagger Throw"],"picked":"PiercingWail+1","floor":48},{"not_picked":["Dagger Spray","Terror+1"],"picked":"Envenom","floor":55}],"player_experience":584462,"relics_obtained":[{"floor":2,"key":"Kunai"},{"floor":6,"key":"StoneCalendar"},{"floor":8,"key":"Blue Candle"},{"floor":9,"key":"Mummified Hand"},{"floor":12,"key":"Juzu Bracelet"},{"floor":14,"key":"Mango"},{"floor":23,"key":"Sundial"},{"floor":24,"key":"White Beast Statue"},{"floor":26,"key":"Anchor"},{"floor":27,"key":"War Paint"},{"floor":29,"key":"Eternal Feather"},{"floor":36,"key":"Girya"},{"floor":40,"key":"CeramicFish"},{"floor":44,"key":"Centennial Puzzle"},{"floor":46,"key":"Smiling Mask"},{"floor":48,"key":"Lantern"},{"floor":49,"key":"Boot"},{"floor":53,"key":"StrikeDummy"},{"floor":55,"key":"Ninja Scroll"}],"event_choices":[{"damage_healed":0,"gold_gain":0,"player_choice":"Lose Max HP","damage_taken":0,"relics_obtained":["Golden Idol"],"max_hp_gain":0,"max_hp_loss":7,"event_name":"Golden Idol","floor":3,"gold_loss":0},{"damage_healed":0,"gold_gain":0,"player_choice":"Ignored","damage_taken":0,"max_hp_gain":0,"max_hp_loss":0,"event_name":"Shining Light","floor":4,"gold_loss":0},{"damage_healed":0,"gold_gain":0,"player_choice":"Gave Idol","damage_taken":0,"relics_obtained":["Bloody Idol"],"max_hp_gain":0,"max_hp_loss":0,"event_name":"Forgotten Altar","floor":20,"relics_lost":["Golden Idol"],"gold_loss":0},{"damage_healed":0,"gold_gain":0,"player_choice":"Became a Ghost","damage_taken":0,"max_hp_gain":0,"max_hp_loss":42,"event_name":"Ghosts","floor":21,"gold_loss":0,"cards_obtained":["Ghostly","Ghostly","Ghostly"]},{"damage_healed":0,"gold_gain":0,"player_choice":"Ignored","damage_taken":0,"max_hp_gain":0,"max_hp_loss":0,"event_name":"The Mausoleum","floor":30,"gold_loss":0},{"damage_healed":0,"gold_gain":0,"player_choice":"Fight","damage_taken":0,"max_hp_gain":0,"max_hp_loss":0,"event_name":"Mysterious Sphere","floor":36,"gold_loss":0},{"damage_healed":0,"gold_gain":0,"cards_transformed":["Strike_G"],"player_choice":"Transformed","damage_taken":0,"max_hp_gain":0,"max_hp_loss":0,"event_name":"Transmorgrifier","floor":47,"gold_loss":0,"cards_obtained":["Corpse Explosion"]}],"is_beta":false,"boss_relics":[{"not_picked":["Ectoplasm","Philosopher\u0027s Stone"],"picked":"Velvet Choker"},{"not_picked":["Tiny House","Pandora\u0027s Box"],"picked":"HoveringKite"}],"items_purged_floors":[0,22,54],"is_endless":false,"potions_floor_spawned":[5,6,16,18,25,27,28,31,33,35,36,37,38,39,40,42,45,46,48,55],"killed_by":"The Heart","ascension_level":20}}