{"host":"t7mx8yfj1no5p62f","time":1610322580,"event":{"mods":["BaseMod","Bestiary","Colored Map","Colored Powertips","Minty Spire (QoL Compilation)","Relic Stats","StSLib"],"gold_per_floor":[12,23,23,42,54,54,54],"floor_reached":6,"playtime":312,"items_purged":[],"score":76,"play_id":"7b7eb6a0-f153-4b5f-b934-5deb66eec269","local_time":"20210110184940","is_ascension_mode":true,"campfire_choices":[],"circlet_count":0,"master_deck":["AscendersBane","Strike_G","Strike_G","Strike_G","Strike_G","Strike_G","Defend_G","Defend_G","Defend_G","Defend_G","Defend_G","Survivor","Neutralize","After Image","Sucker Punch","Backflip","Dagger Spray"],"relics":["Ring of the Snake"],"acts_visited":["Exordium"],"potions_floor_usage":[4,5,6],"damage_taken":[{"damage":0,"enemies":"Small Slimes","floor":1,"turns":8},{"damage":0,"enemies":"Cultist","floor":2,"turns":5},{"damage":3,"enemies":"Jaw Worm","floor":4,"turns":7},{"damage":22,"enemies":"Gremlin Gang","floor":5,"turns":5},{"damage":52,"enemies":"Lagavulin","floor":6,"turns":10}],"seed_played":"-8157259159925553215","potions_obtained":[{"floor":2,"key":"DuplicationPotion"},{"floor":3,"key":"PowerPotion"},{"floor":4,"key":"Regen Potion"},{"floor":5,"key":"Dexterity Potion"}],"is_trial":false,"path_per_floor":["M","M","?","M","M","E"],"character_chosen":"THE_SILENT","items_purchased":[],"campfire_rested":0,"item_purchase_floors":[],"current_hp_per_floor":[59,59,59,56,34,0,0],"gold":54,"neow_bonus":"THREE_RARE_CARDS","is_daily":false,"chose_seed":false,"campfire_upgraded":0,"win_rate":0.0,"timestamp":1610322580,"path_taken":["M","M","?","M","M","E"],"items_purchased_type":[],"build_version":"2020-12-22","purchased_purges":0,"victory":false,"max_hp_per_floor":[66,66,66,66,66,66,66],"relic_stats":{"counters":[5,35],"obtain_stats":[{"Ring of the Snake":0},{"Ring of the Snake":0},{"Ring of the Snake":0}],"Ring of the Snake":[10]},"card_choices":[{"not_picked":["A Thousand Cuts","Envenom"],"picked":"After Image","floor":0},{"not_picked":["Backflip","Deadly Poison"],"picked":"Sucker Punch","floor":1},{"not_picked":["Finisher","Acrobatics"],"picked":"Backflip","floor":2},{"not_picked":["Dagger Throw","Deadly Poison"],"picked":"Dagger Spray","floor":4},{"not_picked":["Prepared","Sucker Punch","Underhanded Strike"],"picked":"SKIP","floor":5}],"player_experience":1714005,"relics_obtained":[],"event_choices":[{"damage_healed":0,"gold_gain":0,"player_choice":"Got Potions","damage_taken":0,"max_hp_gain":0,"max_hp_loss":0,"event_name":"Lab","floor":3,"gold_loss":0}],"is_beta":false,"boss_relics":[],"items_purged_floors":[],"is_endless":false,"potions_floor_spawned":[2,4,5],"killed_by":"Lagavulin","ascension_level":20}}