{"host":"tnsigirk6wurdark","time":1610322887,"event":{"mods":["BaseMod","Colored Map","Colored Powertips","DeckTracker","Highlight Path","Minty Spire (QoL Compilation)","Quick Restart","Relic Sorter","StSLib","SuperFastMode","Synergy Search"],"gold_per_floor":[116,191,5,40,114,140,140,177,177,9,9,54,67,108,108,108,108],"floor_reached":16,"playtime":848,"items_purged":["Strike_G"],"score":173,"play_id":"1396d95b-4c2f-48d6-b5b8-4457c10d9bfc","local_time":"20210110235447","is_ascension_mode":true,"campfire_choices":[{"data":"HandOfGreed","floor":7,"key":"SMITH"},{"floor":11,"key":"REST"},{"data":"Footwork","floor":15,"key":"SMITH"}],"circlet_count":0,"master_deck":["AscendersBane","Strike_G","Strike_G","Strike_G","Strike_G","Defend_G","Defend_G","Defend_G","Defend_G","Defend_G","Survivor","Neutralize","Deflect","HandOfGreed+1","Quick Slash","Endless Agony","Doubt","Footwork+1","Cloak And Dagger","Calculated Gamble","Backflip","Blade Dance"],"relics":["Cursed Key","Bottled Lightning","Letter Opener"],"acts_visited":["Exordium"],"potions_floor_usage":[6,13],"damage_taken":[{"damage":0,"enemies":"2 Louse","floor":1,"turns":3},{"damage":3,"enemies":"Jaw Worm","floor":4,"turns":2},{"damage":19,"enemies":"Lagavulin","floor":6,"turns":7},{"damage":5,"enemies":"Small Slimes","floor":8,"turns":2},{"damage":0,"enemies":"3 Louse","floor":12,"turns":3},{"damage":4,"enemies":"Red Slaver","floor":13,"turns":2},{"damage":4,"enemies":"Large Slime","floor":14,"turns":6},{"damage":35,"enemies":"Hexaghost","floor":16,"turns":16}],"seed_played":"3796539255497882993","potions_obtained":[{"floor":4,"key":"Weak Potion"},{"floor":12,"key":"AttackPotion"}],"is_trial":false,"path_per_floor":["M","?","$","M","?","E","R","M","T","$","R","M","M","M","R","B"],"character_chosen":"THE_SILENT","items_purchased":["HandOfGreed","Footwork","Cloak And Dagger"],"campfire_rested":1,"item_purchase_floors":[3,10,10],"current_hp_per_floor":[59,48,48,45,45,26,26,21,21,21,40,40,36,32,32,0,0],"gold":108,"neow_bonus":"BOSS_RELIC","is_daily":false,"chose_seed":false,"campfire_upgraded":2,"win_rate":0.0,"timestamp":1610322887,"path_taken":["M","?","$","M","?","E","R","M","T","$","R","?","M","M","R","BOSS"],"items_purchased_type":["Card","Card","Card"],"build_version":"2020-12-22","purchased_purges":1,"victory":false,"max_hp_per_floor":[66,66,66,66,66,66,66,66,66,66,66,66,66,66,66,66,66],"card_choices":[{"not_picked":["Blade Dance","Slice"],"picked":"Deflect","floor":1},{"not_picked":["Blade Dance","Skewer"],"picked":"Quick Slash","floor":4},{"not_picked":["All Out Attack","Storm of Steel"],"picked":"Endless Agony","floor":6},{"not_picked":["All Out Attack","Acrobatics","Outmaneuver"],"picked":"SKIP","floor":8},{"not_picked":["Leg Sweep","Slice"],"picked":"Calculated Gamble","floor":12},{"not_picked":["Prepared","Dagger Spray"],"picked":"Backflip","floor":13},{"not_picked":["Caltrops","Envenom"],"picked":"Blade Dance","floor":14}],"player_experience":663380,"relics_obtained":[{"floor":6,"key":"Bottled Lightning"},{"floor":9,"key":"Letter Opener"}],"event_choices":[{"damage_healed":0,"gold_gain":75,"player_choice":"Gather Gold","damage_taken":11,"max_hp_gain":0,"max_hp_loss":0,"event_name":"World of Goop","floor":2,"gold_loss":0},{"damage_healed":0,"gold_gain":74,"player_choice":"Gained Gold","damage_taken":0,"max_hp_gain":0,"max_hp_loss":0,"event_name":"Golden Wing","floor":5,"gold_loss":0}],"is_beta":false,"boss_relics":[],"items_purged_floors":[10],"is_endless":false,"potions_floor_spawned":[4,12],"killed_by":"Hexaghost","ascension_level":14}}