{"host":"b3qi48j7z53ln4gi","time":1610314814,"event":{"mods":["100% Spire Juice","2.2 Compatiblity","AchievementEnabler","Act Like it!","BaseMod","Better Note","Better Third Choice","BetterRewards","CapriCore","Colored Powertips","Curses Come First","Dota2Spire","Gensokyo","Gold Saver","GungeonMod","HololiveMod","Infinite Spire","Koishi","Minty Spire (QoL Compilation)","Permanent Neow","Prisma Mod","Reimu£¨ÚÏ???£©","Relic Stats","Remilia£¨?Ú·×é?£©","Remove Card Discount Mod","Say the Spire","Shade Mod","Shop Mod","Spicy Shops","StSLib","Td1madao Mod","The Administrix","The Dragon Tamer","The Immortal","The Jungle","The Senshi","The Servant 0.9.4","Treasure Hunter","Wandering Minibosses","¡¼?Úª?ø«¡½REMEMod"],"gold_per_floor":[117,115,133,146,164,164,175,203,203,203,55,55,70,105,105,200,200,220,310,310,310,324,324,324,324],"floor_reached":24,"playtime":2220,"items_purged":["theSenshi:SailorKick","theSenshi:SailorKick","theSenshi:SailorBlock","theSenshi:SailorBlock","Pain","PrismaMod:MiyuOrbIncreasePerm"],"score":223,"play_id":"56ff929e-eba3-4836-9615-e93ff9a2fa51","local_time":"20210111064014","is_ascension_mode":false,"campfire_choices":[{"data":"theSenshi:MoonCrisisMakeUp","floor":6,"key":"SMITH"},{"data":"theSenshi:RoseThrow","floor":10,"key":"SMITH"},{"data":"theSenshi:MoonPower","floor":12,"key":"SMITH"},{"data":"theSenshi:SailorV","floor":15,"key":"SMITH"},{"data":"theSenshi:FatedKiss","floor":23,"key":"SMITH"}],"circlet_count":0,"master_deck":["theSenshi:SailorKick+1","theSenshi:SailorKick+1","theSenshi:SailorBlock","theSenshi:SailorBlock","theSenshi:RoseThrow+1","theSenshi:MoonPrismPowerMakeUp","theSenshi:MoonCrystalPowerMakeUp","theSenshi:TuxedoSmokingBomber","theSenshi:MoonCrisisMakeUp+1","theSenshi:MoonPower+1","theSenshi:MoonPunch","theSenshi:TuxedoSmokingBomber","TH:CopperCoins","theSenshi:LunaWiseMentor","TH:ElvenBoots","theSenshi:SailorV+1","theSenshi:EncouragingSpeech","TH:CursedSword+1","theSenshi:FatedKiss+1","theSenshi:CrisisMakeUp+1","theSenshi:MoonPower+1","theSenshi:DramaticEntrance"],"relics":["theSenshi:TransformationBroochRelic","REME_ComplimentaryCards","Question Card","Ginger","Whetstone","TH:Anvil","Toolbox","Coffee Dripper","DemoMod:GlassGuonStoneRelic","ClockworkSouvenir","Busted Crown"],"acts_visited":["Exordium","TheCity"],"potions_floor_usage":[8,8,8,16,16,24],"damage_taken":[{"damage":0,"enemies":"Cultist","floor":1,"turns":3},{"damage":0,"enemies":"2 Louse","floor":3,"turns":2},{"damage":3,"enemies":"Jaw Worm","floor":4,"turns":4},{"damage":18,"enemies":"Gremlin Gang","floor":5,"turns":4},{"damage":0,"enemies":"Large Slime","floor":7,"turns":4},{"damage":0,"enemies":"3 Sentries","floor":8,"turns":2},{"damage":0,"enemies":"3 Louse","floor":13,"turns":1},{"damage":0,"enemies":"Exordium Wildlife","floor":14,"turns":2},{"damage":19,"enemies":"The Guardian","floor":16,"turns":8},{"damage":39,"enemies":"2 Thieves","floor":18,"turns":4},{"damage":0,"enemies":"3 Byrds","floor":22,"turns":1},{"damage":37,"enemies":"REME_1_Revenger","floor":24,"turns":2}],"seed_played":"7719401928154485472","potions_obtained":[{"floor":3,"key":"SteroidPotion"},{"floor":5,"key":"GamblersBrew"},{"floor":7,"key":"DistilledChaos"},{"floor":13,"key":"EssenceOfSteel"},{"floor":14,"key":"DuplicationPotion"},{"floor":18,"key":"ColorlessPotion"}],"is_trial":false,"path_per_floor":["M","$","M","M","M","R","M","E","T","R","$","R","M","M","R","B",null,"M","?","AVR","?","M","R","E"],"character_chosen":"THE_SENSHI","items_purchased":["Question Card","theSenshi:MoonCrystalPowerMakeUp","Ginger","Whetstone","Toolbox"],"campfire_rested":0,"item_purchase_floors":[0,0,0,0,11],"current_hp_per_floor":[75,75,75,72,54,54,54,54,54,54,54,54,54,54,54,35,75,36,24,24,24,24,24,0,0],"gold":324,"neow_bonus":"","is_daily":false,"chose_seed":false,"campfire_upgraded":5,"win_rate":0.0,"timestamp":1610314814,"path_taken":["M","?","M","M","M","R","M","E","T","R","?","R","M","M","R","BOSS","M","?","AVR","?","M","R","E"],"items_purchased_type":["Relic","Card","Relic","Relic","Relic"],"build_version":"2020-12-22","purchased_purges":6,"victory":false,"max_hp_per_floor":[75,75,75,75,75,75,75,75,75,75,75,75,75,75,75,75,75,75,75,75,75,75,75,75,75],"relic_stats":{"Busted Crown":4,"counters":[32,117],"Ginger":[5],"Whetstone":["theSenshi:SailorKick","theSenshi:SailorKick"],"Question Card":21,"obtain_stats":[{"DemoMod:GreenGuonStone":38,"TH:Anvil":9,"DemoMod:Antibody":26,"Astrolabe":34,"DemoMod:GlassGuonStoneRelic":4,"PreservedInsect":12,"Omamori":31,"Whetstone":39,"Ginger":0,"Odd Mushroom":11,"Question Card":0,"ClockworkSouvenir":20,"Sozu":17,"OrangePellets":24,"theSenshi:TransformationBroochRelic":0,"Busted Crown":20,"Bird Faced Urn":24,"theSenshi:RoseRelic":9,"Toolbox":11,"DemoMod:Relodestone":30,"Coffee Dripper":17,"FossilizedHelix":5,"REME_ComplimentaryCards":16},{"DemoMod:GreenGuonStone":19,"TH:Anvil":26,"DemoMod:Antibody":13,"Astrolabe":17,"DemoMod:GlassGuonStoneRelic":3,"PreservedInsect":5,"Omamori":16,"Whetstone":19,"Ginger":20,"Odd Mushroom":5,"Question Card":20,"ClockworkSouvenir":30,"Sozu":8,"OrangePellets":12,"theSenshi:TransformationBroochRelic":0,"Busted Crown":30,"Bird Faced Urn":12,"theSenshi:RoseRelic":4,"Toolbox":26,"DemoMod:Relodestone":16,"Coffee Dripper":29,"FossilizedHelix":3,"REME_ComplimentaryCards":29},{"DemoMod:GreenGuonStone":78,"TH:Anvil":99,"DemoMod:Antibody":48,"Astrolabe":69,"DemoMod:GlassGuonStoneRelic":11,"PreservedInsect":16,"Omamori":62,"Whetstone":78,"Ginger":80,"Odd Mushroom":16,"Question Card":80,"ClockworkSouvenir":114,"Sozu":30,"OrangePellets":45,"theSenshi:TransformationBroochRelic":0,"Busted Crown":114,"Bird Faced Urn":45,"theSenshi:RoseRelic":14,"Toolbox":99,"DemoMod:Relodestone":62,"Coffee Dripper":110,"FossilizedHelix":11,"REME_ComplimentaryCards":104}]},"card_choices":[{"not_picked":["theSenshi:MoonSpiralHeartAttack","theSenshi:MoonCrisisMakeUp","theSenshi:SailorPlanetPower"],"picked":"theSenshi:TuxedoSmokingBomber","floor":1},{"not_picked":["theSenshi:TallSilhouette","theSenshi:MoonCrystalPowerMakeUp","theSenshi:SailorVenusAssists"],"picked":"theSenshi:MoonCrisisMakeUp","floor":3},{"not_picked":["theSenshi:MoonSpiralHeartAttack","theSenshi:MoonCosmicPowerMakeUp","theSenshi:SaturnsMystery"],"picked":"theSenshi:MoonPower","floor":4},{"not_picked":["theSenshi:GatheringStrength","theSenshi:SailorChibiMoonAssists","theSenshi:SailorMercuryAssists"],"picked":"theSenshi:MoonPunch","floor":5},{"not_picked":["theSenshi:NeptunesGrace","theSenshi:Sidestep","theSenshi:SailorUranusAssists"],"picked":"theSenshi:TuxedoSmokingBomber","floor":7},{"not_picked":["TH:Mimic","TH:TreasureMap"],"picked":"TH:CopperCoins","floor":8},{"not_picked":["theSenshi:GatheringStrength","theSenshi:TuxedoSmokingBomber","theSenshi:Sidestep"],"picked":"theSenshi:LunaWiseMentor","floor":8},{"not_picked":["TH:PixieDust","TH:CursedSword"],"picked":"TH:ElvenBoots","floor":9},{"not_picked":["theSenshi:MoonPrincessHalation","theSenshi:SailorPlanetPower","theSenshi:MoonPunch"],"picked":"theSenshi:SailorV","floor":13},{"not_picked":["theSenshi:SupersonicWaves","theSenshi:MoonsReflection","theSenshi:SailorStarFighterAssists"],"picked":"theSenshi:EncouragingSpeech","floor":14},{"not_picked":["TH:Mimic","TH:TreasureMap"],"picked":"TH:CursedSword","floor":16},{"not_picked":["theSenshi:StudyParty","theSenshi:SailorCosmosAssists","theSenshi:GlimpseOfThePast"],"picked":"theSenshi:FatedKiss","floor":16},{"not_picked":["theSenshi:SupersonicWaves","theSenshi:MoonCrisisMakeUp","theSenshi:TuxedoSmokingBomber"],"picked":"theSenshi:CrisisMakeUp+1","floor":18},{"not_picked":["theSenshi:MoonsReflection"],"picked":"theSenshi:DramaticEntrance","floor":22}],"player_experience":122326,"relics_obtained":[{"floor":9,"key":"TH:Anvil"}],"event_choices":[{"damage_healed":0,"gold_gain":90,"player_choice":"GOLD ","damage_taken":12,"max_hp_gain":0,"max_hp_loss":0,"event_name":"Knowing Skull","floor":19,"potions_obtained":[],"gold_loss":0,"cards_obtained":[]}],"is_beta":false,"boss_relics":[{"not_picked":["Tiny House","REME_DemonsWealth"],"picked":"Coffee Dripper"}],"items_purged_floors":[0,0,0,0,0,2],"is_endless":false,"potions_floor_spawned":[3,5,7,13,14,18],"killed_by":"REME_1_Revenger","ascension_level":0}}