{"host":"9tzam4717zt8ei1o","time":1610287443,"event":{"mods":["BaseMod","Colored Map","Keyboard Shortcuts","Minty Spire (QoL Compilation)","Quick Restart","StSLib","SuperFastMode"],"gold_per_floor":[113,29,29,29,29,65,65,145,145,15,36,36,49,90,90,186,186,204,129,24,24,38,38,38,38],"floor_reached":24,"playtime":372,"items_purged":["Strike_G"],"score":450,"play_id":"dd257541-9227-4a7a-8414-b03a3a1a98ee","local_time":"20210110230403","is_ascension_mode":true,"campfire_choices":[{"data":"Noxious Fumes","floor":7.0,"key":"SMITH"},{"data":"Neutralize","floor":12.0,"key":"SMITH"},{"data":"Venomology","floor":15.0,"key":"SMITH"},{"data":"Envenom","floor":23.0,"key":"SMITH"}],"circlet_count":0,"master_deck":["AscendersBane","Strike_G+1","Defend_G+1","Defend_G","Defend_G","Defend_G","Defend_G","Survivor","Neutralize+1","Noxious Fumes+1","Blade Dance","Blade Dance","Venomology+1","Envenom+1","PiercingWail+1"],"relics":["Ring of the Snake","NeowsBlessing","Bloody Idol","Bag of Marbles","Bottled Lightning","The Courier","TheAbacus","Mercury Hourglass","Empty Cage"],"acts_visited":["Exordium","TheCity"],"potions_floor_usage":[24,24,24,24],"damage_taken":[{"damage":0.0,"enemies":"Cultist","floor":1.0,"turns":1.0},{"damage":0.0,"enemies":"Lagavulin","floor":6.0,"turns":2.0},{"damage":0.0,"enemies":"Lagavulin Event","floor":8.0,"turns":1.0},{"damage":0.0,"enemies":"2 Louse","floor":11.0,"turns":2.0},{"damage":4.0,"enemies":"Jaw Worm","floor":13.0,"turns":3.0},{"damage":3.0,"enemies":"Gremlin Nob","floor":14.0,"turns":3.0},{"damage":25.0,"enemies":"The Guardian","floor":16.0,"turns":12.0},{"damage":11.0,"enemies":"Shell Parasite","floor":18.0,"turns":7.0},{"damage":20.0,"enemies":"2 Thieves","floor":22.0,"turns":3.0},{"damage":49,"enemies":"Slavers","floor":24,"turns":6}],"seed_played":"-879184997564048877","potions_obtained":[{"floor":1.0,"key":"Explosive Potion"},{"floor":13.0,"key":"Regen Potion"},{"floor":22.0,"key":"Ancient Potion"}],"is_trial":false,"path_per_floor":["M","$","?","?","$","E","R","?","T","$","M","R","M","E","R","B",null,"M","?","$","?","M","R","E"],"character_chosen":"THE_SILENT","items_purchased":["Noxious Fumes","TheAbacus","Dexterity Potion"],"campfire_rested":0,"item_purchase_floors":[2,10,20],"current_hp_per_floor":[59,59,39,39,39,39,39,39,39,39,39,39,35,32,32,7,47,51,51,51,51,41,41,0,0],"gold":38,"neow_bonus":"THREE_ENEMY_KILL","is_daily":false,"chose_seed":false,"campfire_upgraded":4,"win_rate":0.0,"timestamp":1610287443,"path_taken":["M","$","?","?","?","E","R","?","T","$","M","R","M","E","R","BOSS","M","?","$","?","M","R","E"],"items_purchased_type":["Card","Relic","Potion"],"build_version":"2020-12-22","purchased_purges":1,"victory":false,"max_hp_per_floor":[66,66,66,60,60,60,60,60,60,60,60,60,60,60,60,60,60,60,60,60,60,60,60,60,60],"card_choices":[{"not_picked":["Expertise","Backflip","Skewer"],"picked":"SKIP","floor":1.0},{"not_picked":["Dagger Spray","All Out Attack"],"picked":"Blade Dance","floor":6.0},{"not_picked":["Bane","Flying Knee"],"picked":"Blade Dance","floor":8.0},{"not_picked":["Dodge and Roll","Blade Dance","Dagger Throw"],"picked":"SKIP","floor":11.0},{"not_picked":["Dodge and Roll","Blade Dance","Dagger Throw"],"picked":"SKIP","floor":11.0},{"not_picked":["Dagger Spray","Sucker Punch"],"picked":"Venomology","floor":13.0},{"not_picked":["Slice","Deflect","Flying Knee"],"picked":"SKIP","floor":14.0},{"not_picked":["Unload","Malaise"],"picked":"Envenom","floor":16.0},{"not_picked":["Bane","Prepared","Cloak And Dagger"],"picked":"SKIP","floor":18.0},{"not_picked":["Infinite Blades+1","Dodge and Roll"],"picked":"PiercingWail+1","floor":22.0}],"player_experience":179437,"relics_obtained":[{"floor":6.0,"key":"Bag of Marbles"},{"floor":8.0,"key":"Bottled Lightning"},{"floor":9.0,"key":"The Courier"},{"floor":14.0,"key":"Mercury Hourglass"}],"event_choices":[{"damage_healed":0.0,"max_hp_gain":0.0,"max_hp_loss":0.0,"gold_gain":0.0,"event_name":"Shining Light","player_choice":"Entered Light","floor":3.0,"gold_loss":0.0,"damage_taken":20.0,"cards_upgraded":["Strike_G","Defend_G"]},{"damage_healed":0.0,"max_hp_gain":0.0,"max_hp_loss":6.0,"gold_gain":0.0,"event_name":"Golden Idol","player_choice":"Lose Max HP","floor":4.0,"gold_loss":0.0,"damage_taken":0.0,"relics_obtained":["Golden Idol"]},{"damage_healed":0.0,"max_hp_gain":0.0,"max_hp_loss":0.0,"gold_gain":0.0,"event_name":"Dead Adventurer","player_choice":"Searched \u00271\u0027 times","floor":8.0,"gold_loss":0.0,"damage_taken":0.0},{"cards_removed":["Strike_G"],"damage_healed":0.0,"max_hp_gain":0.0,"max_hp_loss":0.0,"gold_gain":0.0,"event_name":"Beggar","player_choice":"Gave Gold","floor":19.0,"gold_loss":75.0,"damage_taken":0.0},{"damage_healed":0.0,"max_hp_gain":0.0,"max_hp_loss":0.0,"gold_gain":0.0,"event_name":"Forgotten Altar","player_choice":"Gave Idol","floor":21.0,"relics_lost":["Golden Idol"],"gold_loss":0.0,"damage_taken":0.0,"relics_obtained":["Bloody Idol"]}],"is_beta":false,"boss_relics":[{"not_picked":["Cursed Key","Busted Crown"],"picked":"Empty Cage"}],"items_purged_floors":[20],"is_endless":false,"potions_floor_spawned":[1,13,16,22],"killed_by":"Slavers","ascension_level":20}}