{"host":"4rvakrj1idbgia3f","time":1610294805,"event":{"mods":["BaseMod","Colored Map","Colored Powertips","DeckTracker","Highlight Path","Minty Spire (QoL Compilation)","Random Character Button","StSLib"],"gold_per_floor":[11,26,36,36,36,36,65,65,88,114,133,133,150,162,162,233,233,245,259,259,272,283,283,300,310,310,235,235,263,178,17,17,17,17],"floor_reached":33,"playtime":1363,"items_purged":[],"score":588,"play_id":"53d9dbf8-afe9-4533-b95a-611371dbdc91","local_time":"20210111010645","is_ascension_mode":true,"campfire_choices":[{"data":"Dagger Spray","floor":6.0,"key":"SMITH"},{"data":"Backstab","floor":8,"key":"SMITH"},{"data":"After Image","floor":15,"key":"SMITH"},{"data":"Blade Dance","floor":23,"key":"SMITH"},{"data":"Wraith Form v2","floor":28,"key":"SMITH"},{"data":"Accuracy","floor":32,"key":"SMITH"}],"circlet_count":0,"master_deck":["AscendersBane","Strike_G","Strike_G","Strike_G","Strike_G","Defend_G","Defend_G","Defend_G","Defend_G","Survivor","Neutralize","Master of Strategy","Backstab+1","Dagger Spray+1","Escape Plan","Blur","Predator","Blade Dance+1","Accuracy+1","After Image+1","Corpse Explosion","Leg Sweep","Backflip+1","Wraith Form v2+1","Finisher+1"],"relics":["Ring of the Snake","Tiny Chest","Bronze Scales","Odd Mushroom","Ninja Scroll","Coffee Dripper","StrikeDummy","HornCleat","Regal Pillow","Question Card","Membership Card"],"acts_visited":["Exordium","TheCity"],"potions_floor_usage":[7,10,11,19,29,33,33],"damage_taken":[{"damage":0.0,"enemies":"2 Louse","floor":1.0,"turns":3.0},{"damage":0.0,"enemies":"Jaw Worm","floor":2.0,"turns":4.0},{"damage":0.0,"enemies":"Small Slimes","floor":3.0,"turns":3.0},{"damage":17,"enemies":"3 Sentries","floor":7,"turns":6},{"damage":0,"enemies":"The Mushroom Lair","floor":10,"turns":2},{"damage":0,"enemies":"Exordium Thugs","floor":11,"turns":3},{"damage":0,"enemies":"3 Louse","floor":13,"turns":1},{"damage":0,"enemies":"2 Fungi Beasts","floor":14,"turns":1},{"damage":6,"enemies":"The Guardian","floor":16,"turns":15},{"damage":1,"enemies":"Chosen","floor":18,"turns":5},{"damage":0,"enemies":"2 Thieves","floor":19,"turns":1},{"damage":0,"enemies":"3 Cultists","floor":21,"turns":2},{"damage":14,"enemies":"Snake Plant","floor":22,"turns":4},{"damage":0,"enemies":"Centurion and Healer","floor":24,"turns":4},{"damage":1,"enemies":"Snecko","floor":25,"turns":4},{"damage":0,"enemies":"Slavers","floor":29,"turns":3},{"damage":11,"enemies":"Champ","floor":33,"turns":12}],"seed_played":"6192627701412661289","potions_obtained":[{"floor":2.0,"key":"ColorlessPotion"},{"floor":3.0,"key":"BlessingOfTheForge"},{"floor":7,"key":"BlessingOfTheForge"},{"floor":14,"key":"ColorlessPotion"},{"floor":16,"key":"Dexterity Potion"},{"floor":21,"key":"Energy Potion"},{"floor":29,"key":"Energy Potion"}],"is_trial":false,"path_per_floor":["M","M","M","?","?","R","E","R","T","?","M","?","M","M","R","B",null,"M","M","T","M","M","R","M","M","T","?","R","E","?","$","R","B"],"character_chosen":"THE_SILENT","items_purchased":["Membership Card"],"campfire_rested":0,"item_purchase_floors":[31],"current_hp_per_floor":[59,59,59,59,52,52,35,35,35,35,35,17,17,17,17,11,52,51,51,51,51,37,37,37,36,36,36,36,36,36,36,36,25,25],"gold":17,"neow_bonus":"RANDOM_COLORLESS_2","is_daily":false,"chose_seed":false,"campfire_upgraded":6,"win_rate":0.0,"timestamp":1610294805,"path_taken":["M","M","M","?","?","R","E","R","T","?","?","?","M","M","R","BOSS","M","M","?","?","M","R","M","M","T","?","R","E","?","$","R","BOSS"],"items_purchased_type":["Relic"],"build_version":"2020-12-22","purchased_purges":0,"victory":false,"max_hp_per_floor":[66,66,66,66,66,66,66,66,66,66,66,66,66,66,66,66,66,66,66,66,66,66,66,66,66,66,66,66,66,66,66,66,66,66],"card_choices":[{"not_picked":["Chrysalis","Secret Weapon"],"picked":"Master of Strategy","floor":0.0},{"not_picked":["Bouncing Flask","Noxious Fumes"],"picked":"Backstab","floor":1.0},{"not_picked":["Bane","PiercingWail"],"picked":"Dagger Spray","floor":2.0},{"not_picked":["Expertise","Backflip"],"picked":"Escape Plan","floor":3.0},{"not_picked":["Escape Plan","Reflex"],"picked":"Blur","floor":7},{"not_picked":["Riddle With Holes","Choke"],"picked":"Predator","floor":10},{"not_picked":["Dagger Throw","Tactician"],"picked":"Blade Dance","floor":11},{"not_picked":["Blade Dance","Skewer"],"picked":"Accuracy","floor":13},{"not_picked":["Dash","Blade Dance"],"picked":"After Image","floor":14},{"not_picked":["Grand Finale","Adrenaline"],"picked":"Corpse Explosion","floor":16},{"not_picked":["Deadly Poison","Prepared"],"picked":"Leg Sweep","floor":18},{"not_picked":["Reflex","Tactician","Bane"],"picked":"SKIP","floor":19},{"not_picked":["Sucker Punch","Deadly Poison"],"picked":"Backflip+1","floor":21},{"not_picked":["Leg Sweep","Flying Knee","Bane"],"picked":"SKIP","floor":22},{"not_picked":["Heel Hook","Caltrops"],"picked":"Wraith Form v2","floor":24},{"not_picked":["Flechettes","Slice"],"picked":"Finisher+1","floor":25},{"not_picked":["Heel Hook","All Out Attack","Acrobatics+1"],"picked":"SKIP","floor":29}],"player_experience":1999441,"relics_obtained":[{"floor":7,"key":"Tiny Chest"},{"floor":9,"key":"Bronze Scales"},{"floor":10,"key":"Odd Mushroom"},{"floor":20,"key":"StrikeDummy"},{"floor":26,"key":"HornCleat"},{"floor":29,"key":"Regal Pillow"}],"event_choices":[{"damage_healed":0.0,"max_hp_gain":0.0,"max_hp_loss":0.0,"gold_gain":0.0,"event_name":"The Cleric","player_choice":"Leave","floor":4.0,"gold_loss":0.0,"damage_taken":0.0},{"cards_removed":["Defend_G"],"damage_healed":0.0,"max_hp_gain":0.0,"max_hp_loss":0.0,"gold_gain":0.0,"event_name":"Golden Wing","player_choice":"Card Removal","floor":5.0,"gold_loss":0.0,"damage_taken":7.0},{"damage_healed":0,"gold_gain":0,"player_choice":"Fought Mushrooms","damage_taken":0,"max_hp_gain":0,"max_hp_loss":0,"event_name":"Mushrooms","floor":10,"gold_loss":0},{"damage_healed":0,"gold_gain":0,"player_choice":"Success","damage_taken":18,"relics_obtained":["Ninja Scroll"],"max_hp_gain":0,"max_hp_loss":0,"event_name":"Scrap Ooze","floor":12,"gold_loss":0},{"cards_removed":["Strike_G"],"damage_healed":0,"gold_gain":0,"player_choice":"Gave Gold","damage_taken":0,"max_hp_gain":0,"max_hp_loss":0,"event_name":"Beggar","floor":27,"gold_loss":75},{"damage_healed":0,"gold_gain":0,"player_choice":"Obtained Relic","damage_taken":0,"relics_obtained":["Question Card"],"max_hp_gain":0,"max_hp_loss":0,"event_name":"Addict","floor":30,"gold_loss":85}],"is_beta":false,"boss_relics":[{"not_picked":["Sozu","Snecko Eye"],"picked":"Coffee Dripper"}],"items_purged_floors":[],"is_endless":false,"potions_floor_spawned":[2,3,7,14,16,21,22,24,29],"killed_by":"Champ","ascension_level":20}}