{"host":"vrsxkkch9ccrec7k","time":1610304164,"event":{"mods":["Act Like it!","BaseMod","Bestiary","Better Third Choice","Better Vampires","Downfall","Minty Spire (QoL Compilation)","Permanent Neow","Relic Stats","Spicy Shops","StSLib"],"gold_per_floor":[99,112,112,164,164,175,175,205,221,62,62,76,94,94,112,112,112,112],"floor_reached":16,"playtime":1242,"items_purged":["Slimebound:Strike_Slimebound"],"score":107,"play_id":"cc68ab2b-b62d-4a85-82f5-cbff153ebd55","local_time":"20210110134244","is_ascension_mode":true,"campfire_choices":[{"data":"Slimebound:Tackle","floor":1,"key":"SMITH"},{"data":"Slimebound:CorrosiveSpit","floor":11,"key":"SMITH"}],"circlet_count":0,"master_deck":["Slimebound:Tackle+1","Slimebound:Defend_Slimebound","Slimebound:Defend_Slimebound","Slimebound:Defend_Slimebound","Slimebound:Defend_Slimebound","Slimebound:Split","Slimebound:CorrosiveSpit+1","Slimebound:LevelUp","Slimebound:RollThrough","Slimebound:Grow","Slimebound:AcidTongue","Slimebound:DisruptingSlam+1","Slimebound:HauntingLick","Slimebound:SamplingLick","Slimebound:ComboTackle+1","Slimebound:FinishingTackle+1"],"relics":["Slimebound:AbsorbEndCombat","downfall:BrokenWingStatue","Anchor","Regal Pillow","Molten Egg 2"],"acts_visited":["Exordium"],"potions_floor_usage":[16,16,16],"damage_taken":[{"damage":9,"enemies":"Small Slimes","floor":2,"turns":5},{"damage":4,"enemies":"Jaw Worm","floor":6,"turns":4},{"damage":29,"enemies":"Lagavulin","floor":8,"turns":8},{"damage":0,"enemies":"2 Louse","floor":9,"turns":3},{"damage":14,"enemies":"downfall:FleeingMerchant","floor":10,"turns":4},{"damage":4,"enemies":"Large Slime","floor":12,"turns":5},{"damage":0,"enemies":"3 Louse","floor":13,"turns":7},{"damage":6,"enemies":"Blue Slaver","floor":15,"turns":3},{"damage":60,"enemies":"downfall:Ironclad","floor":16,"turns":10}],"seed_played":"-3876612455793950285","potions_obtained":[{"floor":2,"key":"EssenceOfSteel"},{"floor":12,"key":"SneckoOil"},{"floor":13,"key":"Fire Potion"}],"is_trial":false,"path_per_floor":["R","M","?","T","?","M","T","E","M","$","R","M","M","?","M","B"],"character_chosen":"SLIMEBOUND","items_purchased":["Slimebound:HauntingLick"],"campfire_rested":0,"item_purchase_floors":[10],"current_hp_per_floor":[60,60,60,60,53,55,55,36,40,34,34,42,48,48,50,0,0,0],"gold":112,"neow_bonus":"REMOVE_CARD","is_daily":false,"chose_seed":false,"campfire_upgraded":2,"win_rate":0.0,"timestamp":1610304164,"path_taken":["R","M","?","?","?","M","T","E","M","$","R","M","M","?","M","BOSS"],"items_purchased_type":["Card"],"build_version":"2020-12-22","purchased_purges":1,"victory":false,"max_hp_per_floor":[60,60,60,60,60,60,60,60,60,60,60,60,60,60,60,60,60,60],"relic_stats":{"Regal Pillow":0,"counters":[9,49],"obtain_stats":[{"Anchor":5,"Regal Pillow":7,"downfall:BrokenWingStatue":3,"Molten Egg 2":8,"Slimebound:AbsorbEndCombat":0},{"Anchor":1,"Regal Pillow":2,"downfall:BrokenWingStatue":1,"Molten Egg 2":3,"Slimebound:AbsorbEndCombat":0},{"Anchor":5,"Regal Pillow":9,"downfall:BrokenWingStatue":5,"Molten Egg 2":17,"Slimebound:AbsorbEndCombat":0}]},"card_choices":[{"not_picked":["Slimebound:ForwardTackle","Slimebound:SplitMire"],"picked":"Slimebound:LevelUp","floor":2},{"not_picked":["Slimebound:GoopSpray","Slimebound:SplitAcid"],"picked":"Slimebound:RollThrough","floor":6},{"not_picked":["Slimebound:PressTheAttack+1","Slimebound:TongueLash+1"],"picked":"Slimebound:Grow","floor":8},{"not_picked":["Slimebound:SplitAcid","Slimebound:GoopSpray"],"picked":"Slimebound:AcidTongue","floor":9},{"not_picked":["Slimebound:SplitBruiser","Slimebound:ComboTackle+1"],"picked":"Slimebound:DisruptingSlam+1","floor":10},{"not_picked":["Slimebound:DivideAndConquer","Slimebound:Schlurp"],"picked":"Slimebound:SamplingLick","floor":12},{"not_picked":["Slimebound:LeechEnergy+1","Slimebound:SamplingLick"],"picked":"Slimebound:ComboTackle+1","floor":13},{"not_picked":["Slimebound:DivideAndConquer","Slimebound:Overexert"],"picked":"Slimebound:FinishingTackle+1","floor":15}],"player_experience":1446542,"relics_obtained":[{"floor":7,"key":"Regal Pillow"},{"floor":8,"key":"Molten Egg 2"}],"event_choices":[{"damage_healed":0,"gold_gain":0,"player_choice":"Success","damage_taken":7,"relics_obtained":["Anchor"],"max_hp_gain":0,"max_hp_loss":0,"event_name":"Scrap Ooze","floor":5,"gold_loss":0}],"is_beta":false,"boss_relics":[],"items_purged_floors":[10],"is_endless":false,"potions_floor_spawned":[2,12,13],"killed_by":"downfall:Ironclad","ascension_level":1}}