{"host":"dltylvoep9h5hx7e","time":1610239012,"event":{"mods":["AchievementEnabler","BaseMod","Colored Map","Downfall","Minty Spire (QoL Compilation)","StSLib"],"gold_per_floor":[111,111,128,139,158,158,188,205,254,254,68,68,99,174,174,278,278,290,290,300,225,256,285,285,300,300,328,328,71,82,102,102,201,201,214,436,17,33,47,73,88,116,116,132,152,185,205,225,225,225],"floor_reached":51,"playtime":4064,"items_purged":[],"score":916,"play_id":"20e15d43-a5c9-485c-8f20-96f8ca891e98","local_time":"20210110003652","is_ascension_mode":false,"campfire_choices":[{"data":"Armaments","floor":6,"key":"SMITH"},{"data":"Armaments","floor":10,"key":"SMITH"},{"data":"expansioncontent:Corrupt","floor":12,"key":"SMITH"},{"data":"Defend_R","floor":15,"key":"PURGE"},{"data":"Clothesline","floor":24,"key":"SMITH"},{"data":"Feed","floor":28,"key":"SMITH"},{"data":"Battle Trance","floor":32,"key":"SMITH"},{"floor":49,"key":"REST"}],"circlet_count":0,"master_deck":["Strike_R","Strike_R","Strike_R","Defend_R","Defend_R","Bash","Iron Wave+1","Armaments+1","Iron Wave","Perfected Strike","Impervious","Armaments+1","expansioncontent:Corrupt+1","Cleave","Feed+1","Battle Trance+1","Sever Soul","Clothesline+1","Shockwave+1","Cleave","Sword Boomerang+1","Limit Break+1","Iron Wave","Juggernaut","Pommel Strike+1","expansioncontent:Corrupt+1","Shrug It Off+1","Ghostly Armor+1","Twin Strike+1","Thunderclap+1","Headbutt+1","Iron Wave+1","Fire Breathing","Flex+1","Flex+1","Twin Strike+1","Battle Trance+1"],"relics":["Black Blood","Vajra","Peace Pipe","Toy Ornithopter","Matryoshka","Red Mask","Orichalcum","Omamori","Toxic Egg 2","Oddly Smooth Stone","White Beast Statue","Mark of Pain","Happy Flower","InkBottle","Bag of Preparation","MealTicket","Dream Catcher","Eternal Feather"],"acts_visited":["Exordium","TheCity","TheBeyond"],"potions_floor_usage":[7,23,23,27,27,27,31,33,42,44,50,50],"damage_taken":[{"damage":2,"enemies":"Small Slimes","floor":1,"turns":3},{"damage":0,"enemies":"Cultist","floor":3,"turns":3},{"damage":0,"enemies":"Jaw Worm","floor":4,"turns":3},{"damage":6,"enemies":"3 Louse","floor":5,"turns":3},{"damage":8,"enemies":"Lagavulin","floor":7,"turns":6},{"damage":5,"enemies":"Looter","floor":8,"turns":3},{"damage":8,"enemies":"3 Sentries","floor":13,"turns":8},{"damage":0,"enemies":"Slime Boss","floor":16,"turns":10},{"damage":12,"enemies":"Shell Parasite","floor":18,"turns":12},{"damage":7,"enemies":"Chosen","floor":20,"turns":5},{"damage":8,"enemies":"Masked Bandits","floor":22,"turns":3},{"damage":25,"enemies":"Book of Stabbing","floor":23,"turns":7},{"damage":10,"enemies":"Centurion and Healer","floor":25,"turns":9},{"damage":22,"enemies":"Slavers","floor":27,"turns":6},{"damage":25,"enemies":"Snecko","floor":30,"turns":7},{"damage":12,"enemies":"3 Cultists","floor":31,"turns":6},{"damage":56,"enemies":"Automaton","floor":33,"turns":11},{"damage":43,"enemies":"3 Darklings","floor":35,"turns":5},{"damage":0,"enemies":"Orb Walker","floor":38,"turns":3},{"damage":6,"enemies":"Sphere and 2 Shapes","floor":39,"turns":4},{"damage":39,"enemies":"Nemesis","floor":40,"turns":9},{"damage":8,"enemies":"3 Darklings","floor":41,"turns":4},{"damage":63,"enemies":"Giant Head","floor":42,"turns":10},{"damage":17,"enemies":"4 Shapes","floor":44,"turns":6},{"damage":4,"enemies":"Sphere and 2 Shapes","floor":45,"turns":3},{"damage":29,"enemies":"Reptomancer","floor":46,"turns":6},{"damage":1,"enemies":"Transient","floor":47,"turns":5},{"damage":5,"enemies":"3 Darklings","floor":48,"turns":3},{"damage":53,"enemies":"Donu and Deca","floor":50,"turns":9}],"seed_played":"-7142441576532125582","potions_obtained":[{"floor":4,"key":"hexamod:EctoCoolerPotion"},{"floor":8,"key":"BlessingOfTheForge"},{"floor":13,"key":"sneckomod:MuddlingPotion"},{"floor":16,"key":"Guardian:BlockOnCardUsePotion"},{"floor":20,"key":"SkillPotion"},{"floor":25,"key":"EntropicBrew"},{"floor":30,"key":"FairyPotion"},{"floor":31,"key":"SneckoOil"},{"floor":33,"key":"HeartOfIron"},{"floor":38,"key":"DuplicationPotion"},{"floor":42,"key":"Block Potion"},{"floor":45,"key":"ColorlessPotion"}],"is_trial":false,"path_per_floor":["M","?","M","M","M","R","E","M","T","R","$","R","E","?","R","B",null,"M","?","M","?","?","E","R","M","T","E","R","$","M","M","R","B",null,"M","?","$","M","M","E","M","E","T","M","M","E","M","M","R","B",null],"character_chosen":"IRONCLAD","items_purchased":["expansioncontent:Corrupt","White Beast Statue","expansioncontent:Corrupt+1","Happy Flower","Shrug It Off+1","Ghostly Armor+1"],"campfire_rested":1,"item_purchase_floors":[11,29,37,37,37,37],"current_hp_per_floor":[80,80,80,80,80,80,78,79,79,79,79,79,77,66,66,72,80,84,84,84,84,84,74,74,80,80,87,87,87,78,87,87,48,99,68,68,68,80,90,67,71,25,25,39,51,34,45,52,107,74],"gold":225,"neow_bonus":"RANDOM_COMMON_RELIC","is_daily":false,"chose_seed":false,"campfire_upgraded":6,"win_rate":0.0,"timestamp":1610239012,"path_taken":["M","?","M","?","M","R","E","M","T","R","$","R","E","?","R","BOSS","M","?","M","?","?","E","R","M","T","E","R","$","M","M","R","BOSS","M","?","$","M","M","E","M","E","T","M","M","E","M","M","R","BOSS"],"items_purchased_type":["Card","Relic","Card","Relic","Card","Card"],"build_version":"2020-12-22","purchased_purges":0,"victory":true,"max_hp_per_floor":[80,80,80,80,80,80,80,80,80,80,80,80,80,80,80,80,80,84,84,84,84,84,84,84,88,88,91,91,91,95,99,99,99,99,99,99,99,99,103,107,107,107,107,111,115,115,115,115,115,115],"card_choices":[{"not_picked":["Searing Blow","Pummel"],"picked":"Iron Wave","floor":1},{"not_picked":["Bloodletting","Second Wind"],"picked":"Armaments","floor":3},{"not_picked":["True Grit","Sword Boomerang"],"picked":"Iron Wave","floor":4},{"not_picked":["Clash","Searing Blow"],"picked":"Perfected Strike","floor":5},{"not_picked":["Clash","Dropkick"],"picked":"Impervious","floor":7},{"not_picked":["Body Slam","Dark Embrace"],"picked":"Armaments","floor":8},{"not_picked":["Iron Wave","Shockwave"],"picked":"Cleave","floor":13},{"not_picked":["Corruption","Bludgeon"],"picked":"Feed","floor":16},{"not_picked":["Twin Strike+1","Clash"],"picked":"Battle Trance","floor":18},{"not_picked":["Spot Weakness","Heavy Blade"],"picked":"Shockwave+1","floor":20},{"not_picked":["Feel No Pain","Power Through"],"picked":"Cleave","floor":22},{"not_picked":["Body Slam","Twin Strike","Warcry+1"],"picked":"SKIP","floor":23},{"not_picked":["Dual Wield","Heavy Blade"],"picked":"Sword Boomerang+1","floor":25},{"not_picked":["Pommel Strike","Perfected Strike"],"picked":"Limit Break+1","floor":27},{"not_picked":["Heavy Blade","Body Slam"],"picked":"Iron Wave","floor":30},{"not_picked":["Heavy Blade+1","Entrench+1","Clash+1"],"picked":"SKIP","floor":31},{"not_picked":["Offering+1","Limit Break+1"],"picked":"Juggernaut","floor":33},{"not_picked":["Warcry+1","Clothesline+1"],"picked":"Pommel Strike+1","floor":35},{"not_picked":["Clash","Brutality"],"picked":"Twin Strike+1","floor":38},{"not_picked":["Clothesline+1","Clash+1"],"picked":"Thunderclap+1","floor":39},{"not_picked":["Armaments+1","Second Wind+1"],"picked":"Headbutt+1","floor":40},{"not_picked":["Twin Strike+1","Entrench+1"],"picked":"Iron Wave+1","floor":41},{"not_picked":["Armaments+1","Clothesline"],"picked":"Fire Breathing","floor":42},{"not_picked":["Intimidate+1","Armaments+1"],"picked":"Flex+1","floor":44},{"not_picked":["Searing Blow+1","Sever Soul","True Grit+1"],"picked":"SKIP","floor":45},{"not_picked":["Sword Boomerang+1","Cleave+1"],"picked":"Flex+1","floor":46},{"not_picked":["Feel No Pain","True Grit+1"],"picked":"Twin Strike+1","floor":47},{"not_picked":["Headbutt+1","Corruption","Shrug It Off+1"],"picked":"SKIP","floor":48},{"not_picked":["Anger+1","Shrug It Off+1"],"picked":"Battle Trance+1","floor":49}],"player_experience":7116,"relics_obtained":[{"floor":7,"key":"Peace Pipe"},{"floor":9,"key":"Toy Ornithopter"},{"floor":13,"key":"Matryoshka"},{"floor":22,"key":"Red Mask"},{"floor":23,"key":"Orichalcum"},{"floor":26,"key":"Omamori"},{"floor":26,"key":"Toxic Egg 2"},{"floor":27,"key":"Oddly Smooth Stone"},{"floor":40,"key":"InkBottle"},{"floor":42,"key":"Bag of Preparation"},{"floor":43,"key":"MealTicket"},{"floor":43,"key":"Dream Catcher"},{"floor":46,"key":"Eternal Feather"}],"event_choices":[{"damage_healed":0,"gold_gain":0,"player_choice":"Upgraded","damage_taken":0,"max_hp_gain":0,"max_hp_loss":0,"event_name":"Upgrade Shrine","floor":2,"gold_loss":0,"cards_upgraded":["Iron Wave"]},{"damage_healed":0,"gold_gain":75,"player_choice":"Gather Gold","damage_taken":11,"max_hp_gain":0,"max_hp_loss":0,"event_name":"World of Goop","floor":14,"gold_loss":0},{"damage_healed":0,"gold_gain":0,"cards_transformed":["Strike_R","Defend_R"],"player_choice":"Became Test Subject","damage_taken":0,"max_hp_gain":0,"max_hp_loss":0,"event_name":"Drug Dealer","floor":19,"gold_loss":0,"cards_obtained":["Sever Soul","Clothesline"]},{"cards_removed":["Strike_R"],"damage_healed":0,"gold_gain":0,"player_choice":"Gave Gold","damage_taken":0,"max_hp_gain":0,"max_hp_loss":0,"event_name":"Beggar","floor":21,"gold_loss":75},{"damage_healed":0,"gold_gain":0,"player_choice":"Fought Bandits","damage_taken":0,"max_hp_gain":0,"max_hp_loss":0,"event_name":"Masked Bandits","floor":22,"gold_loss":0},{"damage_healed":0,"gold_gain":222,"player_choice":"Wore Mask","damage_taken":0,"max_hp_gain":0,"max_hp_loss":0,"event_name":"Tomb of Lord Red Mask","floor":36,"gold_loss":0}],"is_beta":false,"boss_relics":[{"not_picked":["Cursed Key","Busted Crown"],"picked":"Black Blood"},{"not_picked":["Fusion Hammer","Sozu"],"picked":"Mark of Pain"}],"items_purged_floors":[],"is_endless":false,"potions_floor_spawned":[4,8,13,16,20,25,30,31,33,35,38,39,40,41,42,44,45,46,47,48],"ascension_level":0}}