{"host":"dhv3u8yhd2rnugsp","time":1610299301,"event":{"mods":["BaseMod","Block Reminder","Colored Map","Googly Eyes","Highlight Path","Minty Spire (QoL Compilation)","Permanent Neow","Quick Restart","Random Character Button","StSLib"],"gold_per_floor":[118,118,136,152,152,185,185,229,229,245,92,92,120,140,140,230,230,244,244,255,275,18,52,67,95,119,119,138,138,172,191,191,265,265,284,284,297,308,308,341,359,359,359,18,43,43,78,157,157,157],"floor_reached":51,"playtime":2890,"items_purged":["Strike_P","Strike_P","Defend_P"],"score":1650,"play_id":"318eeb89-83fb-48c4-bbdf-005a6b6d7393","local_time":"20210110112141","is_ascension_mode":true,"campfire_choices":[{"data":"Wallop","floor":7,"key":"SMITH"},{"data":"FlyingSleeves","floor":12,"key":"SMITH"},{"data":"ThirdEye","floor":15,"key":"SMITH"},{"data":"Blasphemy","floor":27,"key":"SMITH"},{"data":"FlurryOfBlows","floor":29,"key":"SMITH"},{"data":"CutThroughFate","floor":32,"key":"SMITH"},{"floor":42,"key":"REST"},{"floor":46,"key":"REST"},{"floor":49,"key":"REST"}],"circlet_count":0,"master_deck":["AscendersBane","Strike_P+1","Strike_P+1","Defend_P","Defend_P","Defend_P","Eruption+1","Vigilance","FlyingSleeves+1","ThirdEye+1","Wallop+1","EmptyFist+1","BattleHymn+1","ThirdEye","LikeWater+1","Blasphemy+1","LikeWater+1","FlurryOfBlows+1","CutThroughFate+1","CutThroughFate+1","SandsOfTime","Wish","Wish"],"relics":["PureWater","Torii","Bloody Idol","Art of War","Incense Burner","Frozen Egg 2","Odd Mushroom","Snecko Eye","Sling","Bag of Marbles","Question Card","Damaru","Whetstone","Fusion Hammer","Mercury Hourglass","Prayer Wheel","Bag of Preparation","Blue Candle","Juzu Bracelet","Bottled Flame"],"acts_visited":["Exordium","TheCity","TheBeyond"],"potions_floor_usage":[8,23,25,30,33,38,40,40,50,50],"damage_taken":[{"damage":0,"enemies":"2 Louse","floor":1,"turns":2},{"damage":0,"enemies":"Small Slimes","floor":3,"turns":1},{"damage":0,"enemies":"Jaw Worm","floor":4,"turns":1},{"damage":1,"enemies":"Gremlin Nob","floor":6,"turns":3},{"damage":1,"enemies":"Lagavulin","floor":8,"turns":5},{"damage":1,"enemies":"2 Fungi Beasts","floor":10,"turns":3},{"damage":2,"enemies":"The Mushroom Lair","floor":13,"turns":4},{"damage":1,"enemies":"Blue Slaver","floor":14,"turns":4},{"damage":9,"enemies":"Hexaghost","floor":16,"turns":8},{"damage":1,"enemies":"Spheric Guardian","floor":18,"turns":3},{"damage":0,"enemies":"3 Byrds","floor":20,"turns":4},{"damage":1,"enemies":"Snecko","floor":21,"turns":6},{"damage":0,"enemies":"Slavers","floor":23,"turns":7},{"damage":0,"enemies":"3 Cultists","floor":24,"turns":4},{"damage":0,"enemies":"Book of Stabbing","floor":25,"turns":1},{"damage":15,"enemies":"Shelled Parasite and Fungi","floor":28,"turns":3},{"damage":0,"enemies":"Slavers","floor":30,"turns":2},{"damage":0,"enemies":"Chosen and Byrds","floor":31,"turns":5},{"damage":38,"enemies":"Collector","floor":33,"turns":4},{"damage":0,"enemies":"3 Shapes","floor":35,"turns":3},{"damage":24,"enemies":"3 Darklings","floor":37,"turns":3},{"damage":9,"enemies":"Maw","floor":38,"turns":7},{"damage":2,"enemies":"Giant Head","floor":40,"turns":7},{"damage":8,"enemies":"4 Shapes","floor":41,"turns":4},{"damage":4,"enemies":"Reptomancer","floor":45,"turns":3},{"damage":7,"enemies":"Giant Head","floor":47,"turns":6},{"damage":28,"enemies":"Donu and Deca","floor":50,"turns":7}],"seed_played":"4519295812295208652","potions_obtained":[{"floor":1,"key":"SpeedPotion"},{"floor":6,"key":"DistilledChaos"},{"floor":10,"key":"EssenceOfSteel"},{"floor":16,"key":"LiquidMemories"},{"floor":20,"key":"DuplicationPotion"},{"floor":24,"key":"ColorlessPotion"},{"floor":25,"key":"GamblersBrew"},{"floor":30,"key":"Dexterity Potion"},{"floor":37,"key":"ColorlessPotion"},{"floor":38,"key":"SkillPotion"},{"floor":41,"key":"ColorlessPotion"},{"floor":47,"key":"DistilledChaos"}],"is_trial":false,"path_per_floor":["M","?","M","M","?","E","R","E","T","M","$","R","?","M","R","B",null,"M","?","M","M","$","E","M","E","T","R","M","R","E","M","R","B",null,"M","?","M","M","?","E","M","R","T","$","E","R","E","T","R","B",null],"character_chosen":"WATCHER","items_purchased":["BattleHymn+1","Sling","SandsOfTime","Bag of Preparation"],"campfire_rested":3,"item_purchase_floors":[11,22,44,44],"current_hp_per_floor":[61,42,42,42,42,41,41,40,40,39,39,39,37,36,36,27,49,48,48,53,56,56,56,56,56,56,56,46,46,51,56,56,23,48,53,53,34,30,30,33,30,46,46,46,47,56,54,56,56,28],"gold":157,"neow_bonus":"ONE_RARE_RELIC","is_daily":false,"chose_seed":false,"campfire_upgraded":6,"win_rate":0.0,"timestamp":1610299301,"path_taken":["M","?","M","M","?","E","R","E","T","M","$","R","?","M","R","BOSS","M","?","M","M","$","E","M","E","T","R","M","R","E","M","R","BOSS","M","?","M","M","?","E","M","R","T","$","E","R","E","?","R","BOSS"],"items_purchased_type":["Card","Relic","Card","Relic"],"build_version":"2020-12-22","purchased_purges":3,"victory":true,"max_hp_per_floor":[62,62,62,62,56,56,56,56,56,56,56,56,56,56,56,56,56,56,56,56,56,56,56,56,56,56,56,56,56,56,56,56,56,56,56,56,56,56,56,56,56,56,56,56,56,56,56,56,56,56],"card_choices":[{"not_picked":["SashWhip","Swivel"],"picked":"FlyingSleeves","floor":1},{"not_picked":["Perseverance","FlyingSleeves","Prostrate"],"picked":"SKIP","floor":3},{"not_picked":["ForeignInfluence","WheelKick"],"picked":"ThirdEye","floor":4},{"not_picked":["ThirdEye","Blasphemy"],"picked":"Wallop","floor":6},{"not_picked":["ClearTheMind","JustLucky","Pray"],"picked":"SKIP","floor":8},{"not_picked":["SashWhip","Sanctity"],"picked":"EmptyFist","floor":10},{"not_picked":["PathToVictory","Halt"],"picked":"ThirdEye","floor":13},{"not_picked":["SignatureMove","Halt"],"picked":"LikeWater+1","floor":14},{"not_picked":["SpiritShield","Omniscience"],"picked":"Blasphemy","floor":16},{"not_picked":["PathToVictory","SashWhip","CrushJoints"],"picked":"SKIP","floor":18},{"not_picked":["WindmillStrike","Crescendo"],"picked":"LikeWater+1","floor":20},{"not_picked":["EmptyBody","Conclude"],"picked":"FlurryOfBlows","floor":21},{"not_picked":["CrushJoints","FlyingSleeves","CarveReality"],"picked":"SKIP","floor":23},{"not_picked":["Adaptation+1","Evaluate","EmptyBody"],"picked":"SKIP","floor":24},{"not_picked":["Devotion+1","EmptyBody","CrushJoints"],"picked":"SKIP","floor":25},{"not_picked":["ThirdEye","EmptyFist","JustLucky+1","EmptyBody+1"],"picked":"SKIP","floor":28},{"not_picked":["FollowUp","Halt","EmptyBody+1"],"picked":"CutThroughFate","floor":30},{"not_picked":["MentalFortress+1","Evaluate","LessonLearned"],"picked":"CutThroughFate+1","floor":31},{"not_picked":["Alpha","Blasphemy","SpiritShield"],"picked":"Devotion+1","floor":33},{"not_picked":["FlurryOfBlows","Study+1","FearNoEvil","Consecrate"],"picked":"SKIP","floor":35},{"not_picked":["FlyingSleeves+1","ForeignInfluence","PathToVictory","ThirdEye"],"picked":"SKIP","floor":37},{"not_picked":["EmptyBody","Collect","Worship","PathToVictory"],"picked":"SKIP","floor":38},{"not_picked":["Blasphemy","JustLucky+1","BowlingBash","FlurryOfBlows+1"],"picked":"SKIP","floor":40},{"not_picked":["FollowUp","ThirdEye","Halt","Indignation"],"picked":"SKIP","floor":41},{"not_picked":["FlurryOfBlows","FollowUp","Halt"],"picked":"Wish","floor":45},{"not_picked":["Vengeance","FlurryOfBlows","JustLucky"],"picked":"Wish","floor":47}],"player_experience":1642893,"relics_obtained":[{"floor":6,"key":"Art of War"},{"floor":8,"key":"Incense Burner"},{"floor":9,"key":"Frozen Egg 2"},{"floor":13,"key":"Odd Mushroom"},{"floor":23,"key":"Bag of Marbles"},{"floor":25,"key":"Question Card"},{"floor":26,"key":"Damaru"},{"floor":30,"key":"Whetstone"},{"floor":40,"key":"Mercury Hourglass"},{"floor":43,"key":"Prayer Wheel"},{"floor":45,"key":"Blue Candle"},{"floor":47,"key":"Juzu Bracelet"},{"floor":48,"key":"Bottled Flame"}],"event_choices":[{"damage_healed":0,"gold_gain":0,"player_choice":"Entered Light","damage_taken":19,"max_hp_gain":0,"max_hp_loss":0,"event_name":"Shining Light","floor":2,"gold_loss":0,"cards_upgraded":["Strike_P","Eruption"]},{"damage_healed":0,"gold_gain":0,"player_choice":"Lose Max HP","damage_taken":0,"relics_obtained":["Golden Idol"],"max_hp_gain":0,"max_hp_loss":6,"event_name":"Golden Idol","floor":5,"gold_loss":0},{"damage_healed":0,"gold_gain":0,"player_choice":"Fought Mushrooms","damage_taken":0,"max_hp_gain":0,"max_hp_loss":0,"event_name":"Mushrooms","floor":13,"gold_loss":0},{"damage_healed":0,"gold_gain":0,"player_choice":"Gave Idol","damage_taken":0,"relics_obtained":["Bloody Idol"],"max_hp_gain":0,"max_hp_loss":0,"event_name":"Forgotten Altar","floor":19,"relics_lost":["Golden Idol"],"gold_loss":0},{"cards_removed":["Devotion"],"damage_healed":0,"gold_gain":0,"player_choice":"Removed Power","damage_taken":0,"max_hp_gain":0,"max_hp_loss":0,"event_name":"Falling","floor":36,"gold_loss":0},{"damage_healed":0,"gold_gain":0,"player_choice":"Ignored","damage_taken":0,"max_hp_gain":0,"max_hp_loss":0,"event_name":"Tomb of Lord Red Mask","floor":39,"gold_loss":0}],"is_beta":false,"boss_relics":[{"not_picked":["Coffee Dripper","SlaversCollar"],"picked":"Snecko Eye"},{"not_picked":["Philosopher\u0027s Stone","Runic Pyramid"],"picked":"Fusion Hammer"}],"items_purged_floors":[11,22,44],"is_endless":false,"potions_floor_spawned":[1,6,10,16,20,24,25,30,37,38,41,47],"ascension_level":18}}