{"host":"skr63qsdfgeey3it","time":1610314450,"event":{"mods":["BaseMod","Colored Map","Minty Spire (QoL Compilation)","Replay The Spire","Spicy Shops","StSLib"],"gold_per_floor":[317,13,69,87,87,87,87,112,112,112,112,124,124,124,124,124,124],"floor_reached":16,"playtime":941,"items_purged":["Pride"],"score":139,"play_id":"e9739168-0994-4822-b800-a2dceb20a68a","local_time":"20210110153410","is_ascension_mode":true,"campfire_choices":[{"data":"Fission","floor":6,"key":"SMITH"},{"floor":10,"key":"REST"},{"data":"ReplayTheSpireMod:Calculation Training","floor":15,"key":"SMITH"}],"circlet_count":0,"master_deck":["Strike_B","Strike_B+1","Strike_B","Strike_B","Defend_B","Defend_B","Defend_B","Defend_B","Zap","Dualcast+1","Redo","Streamline","ReplayGash+1","BootSequence","Fission+1","ReplayTheSpireMod:Calculation Training+1","Conserve Battery"],"relics":["Cracked Core","Old Coin","Cables","Omamori","Replay:Antivirus Software","Oddly Smooth Stone","Ring of Panic","MealTicket","Replay:WaspNest"],"acts_visited":["Exordium"],"potions_floor_usage":[8],"damage_taken":[{"damage":1,"enemies":"2 Louse","floor":1,"turns":3},{"damage":0,"enemies":"Jaw Worm","floor":4,"turns":3},{"damage":30,"enemies":"3 Sentries","floor":8,"turns":9},{"damage":0,"enemies":"Small Slimes","floor":12,"turns":2},{"damage":52,"enemies":"Slime Boss","floor":16,"turns":9}],"seed_played":"-1778200114756344587","potions_obtained":[{"floor":3,"key":"Block Potion"},{"floor":8,"key":"CultistPotion"}],"is_trial":false,"path_per_floor":["M","$","?","M","?","R","?","E","T","R","?","M","$","?","R","B"],"character_chosen":"DEFECT","items_purchased":["Cables","Omamori","Streamline"],"campfire_rested":1,"item_purchase_floors":[2,2,2],"current_hp_per_floor":[67,67,67,67,55,55,55,25,25,47,32,32,47,47,47,0,0],"gold":124,"neow_bonus":"ONE_RARE_RELIC","is_daily":false,"chose_seed":false,"campfire_upgraded":2,"win_rate":0.0,"timestamp":1610314450,"path_taken":["M","$","?","M","?","R","?","E","T","R","?","M","$","?","R","BOSS"],"items_purchased_type":["Relic","Relic","Card"],"build_version":"2020-12-22","purchased_purges":1,"victory":false,"max_hp_per_floor":[75,75,75,75,75,75,75,75,75,75,75,75,75,75,75,75,75],"card_choices":[{"not_picked":["Rebound","Turbo"],"picked":"Redo","floor":1},{"not_picked":["Turbo","Panic Button"],"picked":"ReplayGash","floor":3},{"not_picked":["Redo","Barrage"],"picked":"BootSequence","floor":3},{"not_picked":["Redo","Cold Snap"],"picked":"Fission","floor":4},{"not_picked":["Steam Power","ReplayTheSpireMod:Reroute Power"],"picked":"ReplayTheSpireMod:Calculation Training","floor":8},{"not_picked":["Double Energy","Heatsinks"],"picked":"Conserve Battery","floor":12}],"player_experience":738461,"relics_obtained":[{"floor":3,"key":"Replay:Antivirus Software"},{"floor":7,"key":"Ring of Panic"},{"floor":8,"key":"MealTicket"},{"floor":9,"key":"Replay:WaspNest"}],"event_choices":[{"damage_healed":0,"gold_gain":0,"player_choice":"Success","damage_taken":12,"relics_obtained":["Oddly Smooth Stone"],"max_hp_gain":0,"max_hp_loss":0,"event_name":"Scrap Ooze","floor":5,"gold_loss":0},{"damage_healed":0,"gold_gain":0,"player_choice":"Entered Light","damage_taken":15,"max_hp_gain":0,"max_hp_loss":0,"event_name":"Shining Light","floor":11,"gold_loss":0,"cards_upgraded":["Dualcast","Strike_B"]},{"damage_healed":0,"gold_gain":0,"player_choice":"Upgraded","damage_taken":0,"max_hp_gain":0,"max_hp_loss":0,"event_name":"Upgrade Shrine","floor":14,"gold_loss":0,"cards_upgraded":["ReplayGash"]}],"is_beta":false,"boss_relics":[],"items_purged_floors":[2],"is_endless":false,"potions_floor_spawned":[8],"killed_by":"Slime Boss","ascension_level":9}}