{"host":"wghdsg8ym2wc7ov9","time":1610264907,"event":{"mods":["AchievementEnabler","Astrologer","BaseMod","Beaked The Cultist","Better Altar","Better Note","Colored Map","Downfall","Hermit","Highlight Path","Jorbs\u0027s Wanderer Trilogy","KinomotoSakuraMod(????)","Minty Spire (QoL Compilation)","Random Character Button","Relic Stats","SIMod","Shop Mod","StSLib","The Blackbeard","The Bladedancer","The Construct","The Cursed","The Death Knight","The Gatherer","The Hierophant","The Marked","The Mystic","The Necromancer","The Runesmith","The Senshi","The Servant 0.9.4"],"gold_per_floor":[99,118,131,5,19,19,45,45,71,98,127,164,14,9,29,143,143,143,171,192,192,212,137,137,163,185,185,185,206,234,243,263,263,263],"floor_reached":33,"playtime":5260,"items_purged":[],"score":278,"play_id":"41c81e83-12b2-4a3d-accb-918d009d1003","local_time":"20210109234827","is_ascension_mode":false,"campfire_choices":[{"data":"Metamorphosis","floor":1,"key":"SMITH"},{"floor":6,"key":"RECALL"},{"data":"construct:Zapper","floor":8,"key":"SMITH"},{"floor":13,"key":"REST"},{"data":"construct:Failsafe","floor":18,"key":"SMITH"},{"floor":23,"key":"REST"},{"floor":27,"key":"REST"}],"circlet_count":0,"master_deck":["construct:Strike_Gold","construct:Strike_Gold","construct:Strike_Gold","construct:Strike_Gold","construct:Strike_Gold","construct:Defend_Gold","construct:Defend_Gold","construct:Defend_Gold","construct:Defend_Gold","construct:Defend_Gold","construct:AttackMode","construct:DefenseMode","Parasite","Metamorphosis+1","construct:SweepLaser","construct:Autoturret","construct:LongRangeLance","construct:Zapper+1","construct:OneWayMirror","construct:OmegaCannon","construct:Forcefield","construct:HastyRepair","blademaster:WrongfulFootwork","construct:SuppressiveFire","construct:Failsafe+1","construct:FocusedBeam","construct:MemoryTap","construct:Backup","construct:MemoryTap","construct:Versatility","construct:Failsafe","construct:MetalShell","construct:Hazardproof","construct:Reinforce","construct:Reserves","construct:ChargeShot","Apotheosis+1","construct:PointDefense"],"relics":["construct:Cogwheel","CeramicFish","StoneCalendar","downfall:HeartBlessingGreen","downfall:HeartBlessingRed","Sozu","downfall:HeartBlessingBlue","Kunai"],"acts_visited":["Exordium","TheCity"],"potions_floor_usage":[11,11,16,16],"damage_taken":[{"damage":3,"enemies":"Cultist","floor":2,"turns":5},{"damage":5,"enemies":"2 Louse","floor":3,"turns":4},{"damage":0,"enemies":"downfall:FleeingMerchant","floor":4,"turns":4},{"damage":0,"enemies":"Small Slimes","floor":5,"turns":4},{"damage":2,"enemies":"3 Louse","floor":9,"turns":3},{"damage":6,"enemies":"Lots of Slimes","floor":11,"turns":4},{"damage":36,"enemies":"3 Sentries","floor":12,"turns":10},{"damage":3,"enemies":"Looter","floor":14,"turns":4},{"damage":1,"enemies":"Red Slaver","floor":15,"turns":5},{"damage":45,"enemies":"The Guardian","floor":16,"turns":13},{"damage":10,"enemies":"Chosen","floor":19,"turns":5},{"damage":11,"enemies":"Spheric Guardian","floor":20,"turns":5},{"damage":41,"enemies":"3 Cultists","floor":22,"turns":7},{"damage":13,"enemies":"Cultist and Chosen","floor":25,"turns":7},{"damage":36,"enemies":"Snake Plant","floor":26,"turns":5},{"damage":20,"enemies":"3 Cultists","floor":29,"turns":7},{"damage":12,"enemies":"Centurion and Healer","floor":30,"turns":6},{"damage":15,"enemies":"Sentry and Sphere","floor":32,"turns":7},{"damage":38,"enemies":"downfall:Defect","floor":33,"turns":10}],"seed_played":"8891024429130768345","potions_obtained":[{"floor":2,"key":"Swift Potion"},{"floor":5,"key":"DistilledChaos"},{"floor":9,"key":"construct:MegaPotion"},{"floor":15,"key":"CultistPotion"}],"is_trial":false,"path_per_floor":["R","M","M","$","M","R","T","R","M","?","M","E","R","M","M","B",null,"R","M","M","T","M","R","T","M","M","R","?","M","M","?","M","B"],"character_chosen":"THE_CONSTRUCT_MOD","items_purchased":["construct:Zapper","construct:OneWayMirror"],"campfire_rested":3,"item_purchase_floors":[4,4],"current_hp_per_floor":[85,82,77,77,77,77,77,77,75,75,77,41,65,62,61,16,83,83,73,62,62,21,58,58,57,21,48,48,28,16,16,13,0,0],"gold":263,"neow_bonus":"RANDOM_COLORLESS_2","is_daily":false,"chose_seed":false,"campfire_upgraded":3,"win_rate":0.0,"timestamp":1610264907,"path_taken":["R","M","M","$","M","R","T","R","?","?","M","E","R","M","M","BOSS","R","M","?","?","M","R","T","M","M","R","?","M","M","?","M","BOSS"],"items_purchased_type":["Card","Card"],"build_version":"2020-12-22","purchased_purges":0,"victory":false,"max_hp_per_floor":[85,85,85,85,85,85,85,85,85,85,83,83,83,83,83,83,83,83,83,83,83,83,93,93,91,91,91,91,91,91,91,89,87,87],"relic_stats":{"Sozu":5,"counters":[19,115],"CeramicFish":162,"StoneCalendar":[92],"Kunai":[8],"obtain_stats":[{"Sozu":17,"downfall:HeartBlessingRed":13,"downfall:HeartBlessingBlue":23,"construct:Cogwheel":0,"CeramicFish":7,"StoneCalendar":12,"downfall:HeartBlessingGreen":13,"construct:LongRangeLance":5,"Kunai":24},{"Sozu":10,"downfall:HeartBlessingRed":7,"downfall:HeartBlessingBlue":13,"construct:Cogwheel":0,"CeramicFish":4,"StoneCalendar":7,"downfall:HeartBlessingGreen":7,"construct:LongRangeLance":4,"Kunai":13},{"Sozu":56,"downfall:HeartBlessingRed":34,"downfall:HeartBlessingBlue":73,"construct:Cogwheel":0,"CeramicFish":17,"StoneCalendar":34,"downfall:HeartBlessingGreen":34,"construct:LongRangeLance":17,"Kunai":73}]},"card_choices":[{"not_picked":["The Bomb","Secret Weapon"],"picked":"Metamorphosis","floor":0},{"not_picked":["construct:ElectricArmor","construct:CriticalHit"],"picked":"construct:SweepLaser","floor":2},{"not_picked":["construct:Boost","construct:PointDefense"],"picked":"construct:Autoturret","floor":3},{"not_picked":["construct:Analyze","construct:Autoturret"],"picked":"construct:LongRangeLance","floor":4},{"not_picked":["construct:FierceBash","construct:Overcharge"],"picked":"construct:OmegaCannon","floor":5},{"not_picked":["construct:Backfire","construct:Stasis"],"picked":"construct:Forcefield","floor":9},{"not_picked":["construct:ShiftStrike","construct:Dampening"],"picked":"construct:Failsafe","floor":11},{"not_picked":["construct:Versatility","construct:CriticalHit"],"picked":"construct:FocusedBeam","floor":12},{"not_picked":["construct:BatteryAcid","construct:FierceBash"],"picked":"construct:MemoryTap","floor":14},{"not_picked":["construct:SaveState","construct:HeavyBolt"],"picked":"construct:Backup","floor":15},{"not_picked":["construct:GatlingGun","construct:Multistage"],"picked":"construct:MemoryTap","floor":16},{"not_picked":["construct:Backfire","construct:Autoturret"],"picked":"construct:Versatility","floor":19},{"not_picked":["construct:SweepLaser","construct:Boost"],"picked":"construct:Failsafe","floor":20},{"not_picked":["construct:FierceBash","construct:Overcharge"],"picked":"construct:MetalShell","floor":22},{"not_picked":["construct:ScrapCannon","construct:Analyze"],"picked":"construct:Hazardproof","floor":25},{"not_picked":["construct:SweepLaser+1","construct:FlakBarrage+1"],"picked":"construct:Reinforce","floor":26},{"not_picked":["construct:SweepLaser","construct:VentSteam"],"picked":"construct:Reserves","floor":29},{"not_picked":["construct:FierceBash+1","construct:Backfire"],"picked":"construct:ChargeShot","floor":30},{"not_picked":["construct:ShiftStrike","construct:Tumble"],"picked":"construct:PointDefense","floor":32}],"player_experience":649608,"relics_obtained":[{"floor":7,"key":"CeramicFish"},{"floor":12,"key":"StoneCalendar"},{"floor":24,"key":"Kunai"}],"event_choices":[{"damage_healed":0,"gold_gain":0,"player_choice":"3 cards matched","damage_taken":0,"max_hp_gain":0,"max_hp_loss":0,"event_name":"Match and Keep!","floor":10,"gold_loss":0,"cards_obtained":["construct:HastyRepair","blademaster:WrongfulFootwork","construct:SuppressiveFire"]},{"cards_removed":["Metamorphosis"],"damage_healed":0,"gold_gain":0,"player_choice":"Take \u0026 Give","damage_taken":0,"max_hp_gain":0,"max_hp_loss":0,"event_name":"betterNote:BetterNote","floor":31,"gold_loss":0,"cards_obtained":["Apotheosis"]}],"is_beta":false,"boss_relics":[{"not_picked":["Empty Cage","Busted Crown"],"picked":"Sozu"}],"items_purged_floors":[],"is_endless":false,"potions_floor_spawned":[2,5,9,15,25,26,30,32],"killed_by":"downfall:Defect","ascension_level":0}}