{"host":"b3qi48j7z53ln4gi","time":1610285568,"event":{"mods":["100% Spire Juice","2.2 Compatiblity","AchievementEnabler","Act Like it!","Aspiration","BaseMod","Better Note","Better Third Choice","BetterRewards","CapriCore","Card Forge","Colored Powertips","Curses Come First","Dota2Spire","Friendly Minions","Gensokyo","Gold Saver","GungeonMod","HololiveMod","Infinite Spire","Jorbs\u0027s Wanderer Trilogy","Koishi","Minty Spire (QoL Compilation)","Permanent Neow","Prisma Mod","Reimu£¨ÚÏ???£©","Relic Stats","Remilia£¨?Ú·×é?£©","Remove Card Discount Mod","Say the Spire","Shade Mod","Shop Mod","Spicy Shops","StSLib","Td1madao Mod","The Administrix","The Construct","The Dragon Tamer","The Immortal","The Jungle","The Saiyan","The Senshi","The Servant 0.9.4","Yakumo Yukari mod","Yohane!","¡¼?Úª?ø«¡½REMEMod"],"gold_per_floor":[115,115,107,128,143,143,178,178,178,200,200,239,239],"floor_reached":12,"playtime":955,"items_purged":["stsjorbsmod:Strike_Wanderer","stsjorbsmod:Defend_Wanderer","stsjorbsmod:Defend_Wanderer","stsjorbsmod:Strike_Wanderer"],"score":88,"play_id":"ba686fb7-a3b4-440f-8771-2146770aacb5","local_time":"20210110223248","is_ascension_mode":false,"campfire_choices":[{"data":"stsjorbsmod:MagicMissiles","floor":6,"key":"SMITH"},{"data":"Adrenaline","floor":8,"key":"SMITH"},{"data":"stsjorbsmod:Mania","floor":11,"key":"SMITH"}],"circlet_count":0,"master_deck":["stsjorbsmod:ForbiddenGrimoire+1","stsjorbsmod:Strike_Wanderer","stsjorbsmod:Defend_Wanderer","stsjorbsmod:FreshAdventure","stsjorbsmod:EyeOfTheStorm+1","stsjorbsmod:ForbiddenGrimoire+1","stsjorbsmod:ArcaneWeapon+1","stsjorbsmod:ArcaneWeapon+1","Adrenaline+1","stsjorbsmod:MagicMissiles+1","stsjorbsmod:Prepare","stsjorbsmod:SchoolsOfMagic","stsjorbsmod:Mania+1","stsjorbsmod:Channel"],"relics":["stsjorbsmod:GrimoireRelic","Hammer of Thor","Seething Fire","Anvil of the Gods","REME_ComplimentaryCards","aspiration:Nostalgia","DemoMod:Dog","MealTicket","DemoMod:PoisonVial"],"acts_visited":["Exordium"],"potions_floor_usage":[10,12],"damage_taken":[{"damage":0,"enemies":"2 Louse","floor":1,"turns":4},{"damage":0,"enemies":"Cultist","floor":4,"turns":3},{"damage":6,"enemies":"Jaw Worm","floor":5,"turns":2},{"damage":10,"enemies":"3 Sentries","floor":7,"turns":4},{"damage":0,"enemies":"Exordium Wildlife","floor":10,"turns":2},{"damage":18,"enemies":"Lagavulin","floor":12,"turns":4}],"seed_played":"7662882807905448433","potions_obtained":[{"floor":4,"key":"SteroidPotion"},{"floor":7,"key":"stsjorbsmod:DimensionDoorPotion"}],"is_trial":false,"path_per_floor":["M","?","$","M","M","R","E","R","T","M","R","E"],"character_chosen":"WANDERER","items_purchased":[],"campfire_rested":0,"item_purchase_floors":[],"current_hp_per_floor":[68,68,68,68,63,63,55,55,55,59,59,47,47],"gold":239,"neow_bonus":"NOSTALGIA","is_daily":false,"chose_seed":false,"campfire_upgraded":3,"win_rate":0.0,"timestamp":1610285568,"path_taken":["M","?","$","M","M","R","E","R","T","M","R","E"],"items_purchased_type":[],"build_version":"2020-12-22","purchased_purges":4,"victory":false,"max_hp_per_floor":[68,68,68,68,68,68,68,68,68,70,70,72,72],"relic_stats":{"counters":[6,19],"MealTicket":0,"obtain_stats":[{"DemoMod:Dog":0,"DemoMod:PoisonVial":12,"Anvil of the Gods":0,"aspiration:Nostalgia":0,"stsjorbsmod:GrimoireRelic":0,"MealTicket":7,"Hammer of Thor":0,"DemoMod:GlassGuonStoneRelic":7,"Seething Fire":0,"REME_ComplimentaryCards":0},{"DemoMod:Dog":0,"DemoMod:PoisonVial":6,"Anvil of the Gods":0,"aspiration:Nostalgia":0,"stsjorbsmod:GrimoireRelic":0,"MealTicket":4,"Hammer of Thor":0,"DemoMod:GlassGuonStoneRelic":4,"Seething Fire":0,"REME_ComplimentaryCards":0},{"DemoMod:Dog":0,"DemoMod:PoisonVial":19,"Anvil of the Gods":0,"aspiration:Nostalgia":0,"stsjorbsmod:GrimoireRelic":0,"MealTicket":13,"Hammer of Thor":0,"DemoMod:GlassGuonStoneRelic":13,"Seething Fire":0,"REME_ComplimentaryCards":0}]},"card_choices":[{"not_picked":["stsjorbsmod:RayOfFrost","stsjorbsmod:DoubleCheck"],"picked":"stsjorbsmod:ArcaneWeapon","floor":1},{"not_picked":["stsjorbsmod:MageArmor","stsjorbsmod:Channel"],"picked":"stsjorbsmod:MagicMissiles","floor":4},{"not_picked":["stsjorbsmod:Determination","stsjorbsmod:Materialize"],"picked":"stsjorbsmod:Prepare","floor":5},{"not_picked":["stsjorbsmod:WeightOfMemory","stsjorbsmod:Prepare"],"picked":"stsjorbsmod:SchoolsOfMagic","floor":7},{"not_picked":["stsjorbsmod:Will","stsjorbsmod:RayOfFrost"],"picked":"stsjorbsmod:Mania","floor":10},{"not_picked":["stsjorbsmod:MirrorImage","stsjorbsmod:FranticSearch"],"picked":"stsjorbsmod:Channel","floor":12}],"player_experience":121387,"relics_obtained":[{"floor":7,"key":"MealTicket"},{"floor":12,"key":"DemoMod:PoisonVial"}],"event_choices":[],"is_beta":false,"boss_relics":[],"items_purged_floors":[3,3,3,3],"is_endless":false,"potions_floor_spawned":[4,7],"killed_by":"Lagavulin","ascension_level":0}}