{"host":"qhd5m7ak4qaao2fj","time":1610301061,"event":{"mods":["AchievementEnabler","BaseMod","Bestiary","Block Reminder","Colored Map","Colored Powertips","DeckTracker","Highlight Path","Minty Spire (QoL Compilation)","Quick Restart","Relic Stats"],"gold_per_floor":[116,86,101,118,133,133,133],"floor_reached":6,"playtime":512,"items_purged":[],"score":40,"play_id":"3383152b-371c-45d3-8de8-d026597e3c78","local_time":"20210110185101","is_ascension_mode":true,"campfire_choices":[],"circlet_count":0,"master_deck":["Strike_B","Strike_B","Strike_B","Strike_B","Defend_B","Defend_B","Defend_B","Defend_B","Zap","Dualcast","Conserve Battery","Leap","Heatsinks","Leap"],"relics":["Cracked Core"],"acts_visited":["Exordium"],"potions_floor_usage":[],"damage_taken":[{"damage":6,"enemies":"2 Louse","floor":1,"turns":3},{"damage":0,"enemies":"Cultist","floor":3,"turns":3},{"damage":1,"enemies":"Jaw Worm","floor":4,"turns":4},{"damage":2,"enemies":"Blue Slaver","floor":5,"turns":4},{"damage":108,"enemies":"Gremlin Nob","floor":6,"turns":6}],"seed_played":"8228899255192636825","potions_obtained":[{"floor":2,"key":"CultistPotion"},{"floor":2,"key":"SneckoOil"},{"floor":3,"key":"Energy Potion"},{"floor":5,"key":"PowerPotion"}],"is_trial":false,"path_per_floor":["M","?","M","M","M","E"],"character_chosen":"DEFECT","items_purchased":[],"campfire_rested":0,"item_purchase_floors":[],"current_hp_per_floor":[76,76,76,75,73,0,0],"gold":133,"neow_bonus":"TEN_PERCENT_HP_BONUS","is_daily":false,"chose_seed":false,"campfire_upgraded":0,"win_rate":0.0,"timestamp":1610301061,"path_taken":["M","?","M","?","M","E"],"items_purchased_type":[],"build_version":"2020-12-22","purchased_purges":0,"victory":false,"max_hp_per_floor":[82,82,82,82,82,82,82],"relic_stats":{"counters":[5,20],"obtain_stats":[{"Cracked Core":0},{"Cracked Core":0},{"Cracked Core":0}]},"card_choices":[{"not_picked":["Streamline","Hologram"],"picked":"Conserve Battery","floor":1},{"not_picked":["Melter","Go for the Eyes"],"picked":"Leap","floor":3},{"not_picked":["Reinforced Body","Cold Snap"],"picked":"Heatsinks","floor":4},{"not_picked":["Steam","Hologram"],"picked":"Leap","floor":5}],"player_experience":244406,"relics_obtained":[],"event_choices":[{"damage_healed":0,"gold_gain":0,"player_choice":"Bought 2 Potions","damage_taken":0,"max_hp_gain":0,"max_hp_loss":0,"event_name":"The Woman in Blue","floor":2,"gold_loss":0}],"is_beta":false,"boss_relics":[],"items_purged_floors":[],"is_endless":false,"potions_floor_spawned":[3,5],"killed_by":"Gremlin Nob","ascension_level":1}}