{"host":"ufl0k2so27eic2iy","time":1610274791,"event":{"mods":["BaseMod","Minty Spire (QoL Compilation)","StSLib","The Animator"],"gold_per_floor":[116,135,48,64,64,108,108,141,168,183,183,108,183,37,37,110,110,93,93,110,123,123,152,152,152,177,177,177,177,205,217,217,301,301,311,348,362,373,387,387,398,424,424,424,424,440,233,250,250,250,250],"floor_reached":50,"playtime":2265,"items_purged":["animator:Strike","Writhe"],"score":1085,"play_id":"48373ebf-10f8-4b1a-a3c5-b2a1f2cb5cec","local_time":"20210110103311","is_ascension_mode":true,"campfire_choices":[{"data":"animator:Shion","floor":7.0,"key":"SMITH"},{"data":"animator:Souei","floor":11.0,"key":"SMITH"},{"data":"animator:Zero","floor":15.0,"key":"SMITH"},{"data":"animator:AcuraShin","floor":25,"key":"SMITH"},{"floor":27,"key":"REST"},{"data":"animator:Tyuule","floor":29,"key":"SMITH"},{"floor":32,"key":"REST"},{"floor":40,"key":"RECALL"},{"data":"animator:Souei","floor":45,"key":"SMITH"},{"floor":49,"key":"REST"}],"circlet_count":0,"master_deck":["AscendersBane","animator:Strike_TenSura+1","animator:Defend_TenSura+1","animator:Strike+1","animator:Defend+1","animator:Defend+1","animator:Defend+1","animator:Benimaru+1","animator:Shuna","animator:RoryMercury","animator:Shuna","animator:Zero+1","animator:Shion+1","animator:Souei+1","animator:Kaijin+1","animator:AcuraShin+1","animator:TukaLunaMarceau","animator:Tyuule+1","animator:LeleiLaLalena","animator:Rimuru","animator:Archer+1","animator:Souei+1","animator:TukaLunaMarceau+1","animator:Arpeggio+1","animator:FielNirvalen+1","animator:Curse_Rozen","animator:Bozes"],"relics":["animator:LivingPicture","animator:TheMissingPiece","TungstenRod","Frozen Egg 2","Red Skull","SlaversCollar","Singing Bowl","animator:ShionDessert","MutagenicStrength","Smiling Mask","Cursed Key","animator:EngravedStaff","Bronze Scales","DataDisk"],"acts_visited":["Exordium","TheCity","TheBeyond"],"potions_floor_usage":[50],"damage_taken":[{"damage":0.0,"enemies":"Cultist","floor":1.0,"turns":3.0},{"damage":0.0,"enemies":"2 Louse","floor":2.0,"turns":2.0},{"damage":0.0,"enemies":"Small Slimes","floor":4.0,"turns":3.0},{"damage":14.0,"enemies":"Lagavulin","floor":6.0,"turns":6.0},{"damage":15.0,"enemies":"Gremlin Nob","floor":8.0,"turns":4.0},{"damage":0.0,"enemies":"Blue Slaver","floor":10.0,"turns":3.0},{"damage":0.0,"enemies":"Hexaghost","floor":16.0,"turns":7.0},{"damage":22.0,"enemies":"2 Thieves","floor":18.0,"turns":4.0},{"damage":0.0,"enemies":"Spheric Guardian","floor":20.0,"turns":2.0},{"damage":0,"enemies":"Centurion and Healer","floor":21,"turns":5},{"damage":12,"enemies":"Gremlin Leader","floor":23,"turns":5},{"damage":17,"enemies":"Slavers","floor":30,"turns":5},{"damage":0,"enemies":"Snecko","floor":31,"turns":3},{"damage":0,"enemies":"Champ","floor":33,"turns":8},{"damage":0,"enemies":"3 Shapes","floor":35,"turns":4},{"damage":0,"enemies":"Mind Bloom Boss Battle","floor":36,"turns":6},{"damage":14,"enemies":"Orb Walker","floor":37,"turns":4},{"damage":4,"enemies":"4 Shapes","floor":38,"turns":5},{"damage":0,"enemies":"Transient","floor":39,"turns":5},{"damage":22,"enemies":"Jaw Worm Horde","floor":41,"turns":5},{"damage":16,"enemies":"Nemesis","floor":42,"turns":7},{"damage":37,"enemies":"Writhing Mass","floor":46,"turns":5},{"damage":1,"enemies":"Transient","floor":48,"turns":5},{"damage":50,"enemies":"Awakened One","floor":50,"turns":10}],"seed_played":"5430529310982684660","potions_obtained":[{"floor":1.0,"key":"AttackPotion"},{"floor":2.0,"key":"SpeedPotion"},{"floor":5.0,"key":"EntropicBrew"},{"floor":20,"key":"EssenceOfSteel"},{"floor":36,"key":"PowerPotion"},{"floor":46,"key":"SkillPotion"}],"is_trial":false,"path_per_floor":["M","M","$","M","?","E","R","E","T","M","R","?","?","$","R","B",null,"M","?","M","M","?","E","?","R","T","R","?","R","E","M","R","B",null,"M","?","M","M","M","R","M","E","T","?","R","M","$","M","R","B"],"character_chosen":"THE_ANIMATOR","items_purchased":["animator:Zero","animator:Kaijin+1","DataDisk"],"campfire_rested":3,"item_purchase_floors":[3,14,47],"current_hp_per_floor":[54,54,54,54,54,40,40,26,26,26,26,26,16,16,16,16,50,28,13,13,13,13,3,3,3,3,23,23,23,8,8,29,29,60,62,62,48,44,44,44,24,8,8,23,23,24,24,23,45,0,0],"gold":250,"neow_bonus":"UPGRADE_CARD","is_daily":false,"chose_seed":false,"campfire_upgraded":6,"win_rate":0.0,"timestamp":1610274791,"path_taken":["M","M","$","M","?","E","R","E","T","?","R","?","?","$","R","BOSS","M","?","M","M","?","E","?","R","T","R","?","R","E","M","R","BOSS","M","?","M","M","M","R","M","E","T","?","R","M","$","M","R","BOSS"],"items_purchased_type":["Card","Card","Relic"],"build_version":"2020-12-22","purchased_purges":2,"victory":false,"max_hp_per_floor":[60,60,60,60,60,60,60,61,61,61,61,61,61,61,61,61,61,61,66,66,66,66,68,68,68,68,68,68,68,70,70,70,70,70,72,72,72,72,72,72,74,74,74,74,74,76,76,76,76,76,76],"card_choices":[{"not_picked":["animator:Pride","animator:YaoHaDucy"],"picked":"animator:RoryMercury","floor":1.0},{"not_picked":["animator:RoryMercury","animator:Assassin"],"picked":"animator:Shuna","floor":2.0},{"not_picked":["animator:Hakurou","animator:Illya","animator:Rider"],"picked":"SKIP","floor":4.0},{"not_picked":["animator:GazelDwargon","animator:Vesta"],"picked":"animator:Shion","floor":6.0},{"not_picked":["animator:HigakiRinne","animator:Azekura"],"picked":"animator:Souei","floor":8.0},{"not_picked":["animator:Togame","animator:Illya","animator:Alexander"],"picked":"SKIP","floor":10.0},{"not_picked":["animator:Sora","animator:Greed+1"],"picked":"animator:AcuraShin","floor":16.0},{"not_picked":["animator:Fredrika","animator:Lancer"],"picked":"animator:TukaLunaMarceau","floor":18.0},{"not_picked":["animator:ItamiYouji","animator:TukaLunaMarceau"],"picked":"animator:Tyuule","floor":20},{"not_picked":["animator:Pride","animator:DolaSchwi","animator:Gillette+1"],"picked":"SKIP","floor":21},{"not_picked":["animator:Konayuki","animator:Layla","animator:Togame"],"picked":"Singing Bowl","floor":23},{"not_picked":["animator:Alexander","animator:Pride","animator:ElricEdward"],"picked":"Singing Bowl","floor":30},{"not_picked":["animator:Bozes","animator:Tyuule"],"picked":"animator:LeleiLaLalena","floor":31},{"not_picked":["animator:Greed+1","animator:ChaikaTrabant"],"picked":"animator:Rimuru","floor":33},{"not_picked":["animator:ChaikaBohdan","animator:Illya","animator:RoyMustang"],"picked":"Singing Bowl","floor":35},{"not_picked":["animator:RoryMercury","animator:TukaLunaMarceau"],"picked":"animator:Archer+1","floor":36},{"not_picked":["animator:WinryRockbell+1","animator:Tyuule"],"picked":"animator:Souei","floor":37},{"not_picked":["animator:Tet","animator:RinTohsaka"],"picked":"animator:TukaLunaMarceau+1","floor":38},{"not_picked":["animator:Kuribayashi","animator:Bozes"],"picked":"animator:Arpeggio+1","floor":39},{"not_picked":["animator:Scar","animator:Layla+1","animator:UneriGinkaku"],"picked":"Singing Bowl","floor":41},{"not_picked":["animator:UneriGinkaku","animator:Gillette+1"],"picked":"animator:FielNirvalen+1","floor":42},{"not_picked":["animator:Hitei+1","animator:ChaikaBohdan","animator:Jibril+1"],"picked":"Singing Bowl","floor":46},{"not_picked":["animator:TukaLunaMarceau","animator:RoryMercury"],"picked":"animator:Bozes","floor":48}],"player_experience":2428209,"relics_obtained":[{"floor":6.0,"key":"TungstenRod"},{"floor":8.0,"key":"Frozen Egg 2"},{"floor":9.0,"key":"Red Skull"},{"floor":23,"key":"Singing Bowl"},{"floor":26,"key":"animator:ShionDessert"},{"floor":30,"key":"Smiling Mask"},{"floor":36,"key":"animator:EngravedStaff"},{"floor":42,"key":"Bronze Scales"}],"event_choices":[{"damage_healed":0.0,"max_hp_gain":0.0,"max_hp_loss":0.0,"gold_gain":0.0,"event_name":"Lab","player_choice":"Got Potions","floor":5.0,"gold_loss":0.0,"damage_taken":0.0},{"cards_removed":["animator:Strike"],"damage_healed":0.0,"max_hp_gain":0.0,"max_hp_loss":0.0,"gold_gain":0.0,"event_name":"The Cleric","player_choice":"Card Removal","floor":12.0,"gold_loss":75.0,"damage_taken":0.0},{"damage_healed":0.0,"max_hp_gain":0.0,"max_hp_loss":0.0,"gold_gain":75.0,"event_name":"World of Goop","player_choice":"Gather Gold","floor":13.0,"gold_loss":0.0,"damage_taken":11.0},{"damage_healed":0.0,"max_hp_gain":5.0,"max_hp_loss":0.0,"gold_gain":0.0,"event_name":"Forgotten Altar","player_choice":"Shed Blood","floor":19.0,"gold_loss":0.0,"damage_taken":21.0},{"damage_healed":0,"gold_gain":0,"player_choice":"Ignored","damage_taken":0,"max_hp_gain":0,"max_hp_loss":0,"event_name":"The Mausoleum","floor":22,"gold_loss":0},{"damage_healed":0,"gold_gain":0,"player_choice":"Simplicity","damage_taken":0,"max_hp_gain":0,"max_hp_loss":0,"event_name":"Back to Basics","floor":24,"gold_loss":0,"cards_upgraded":["animator:Strike_TenSura","animator:Defend_TenSura","animator:Strike","animator:Defend","animator:Defend"]},{"damage_healed":0,"gold_gain":0,"player_choice":"Inject Mutagens","damage_taken":0,"relics_obtained":["MutagenicStrength"],"max_hp_gain":0,"max_hp_loss":0,"event_name":"Drug Dealer","floor":28,"gold_loss":0},{"damage_healed":0,"gold_gain":0,"player_choice":"Fight","damage_taken":0,"max_hp_gain":0,"max_hp_loss":0,"event_name":"MindBloom","floor":36,"gold_loss":0},{"damage_healed":15,"gold_gain":0,"player_choice":"Writhe","damage_taken":0,"max_hp_gain":0,"max_hp_loss":0,"event_name":"Winding Halls","floor":44,"gold_loss":0,"cards_obtained":["Writhe"]}],"is_beta":false,"boss_relics":[{"not_picked":["Coffee Dripper","animator:RacePiece"],"picked":"SlaversCollar"},{"not_picked":["Mark of Pain","Runic Dome"],"picked":"Cursed Key"}],"items_purged_floors":[14,47],"is_endless":false,"potions_floor_spawned":[1,2,8,10,20,23,31,35,36,39,46],"killed_by":"Awakened One","ascension_level":15}}