{"host":"abdxwahegzejqccj","time":1610261576,"event":{"mods":["BaseMod","Better Note","BetterRewards","Colored Powertips","Downfall","Hermit","Minty Spire (QoL Compilation)","Replay The Spire","StSLib","The Cursed","The Hierophant"],"gold_per_floor":[109,123,123,143,113,145,145,170,245,255,255,275,287,287,287,384,384,404,404,11,28,28,28,28],"floor_reached":23,"playtime":806,"items_purged":["Strike_R"],"score":241,"play_id":"36a05f85-7c8a-4a93-90c3-7ede31614bf6","local_time":"20210110175256","is_ascension_mode":true,"campfire_choices":[{"floor":7,"key":"REST"},{"floor":15,"key":"REST"}],"circlet_count":0,"master_deck":["Strike_R","Strike_R","Strike_R","Defend_R","Defend_R","Defend_R","Defend_R","Bash+1","ReplayTheSpireMod:Strike From Hell","ReplayTheSpireMod:Strike From Hell","Run Through","Defy Death","Thunderclap","Flex","Disarm","Fiend Fire","Spot Weakness","Run Through","ReplayTheSpireMod:LeadingStrike","Defy Death"],"relics":["Black Blood","Replay:Towering Pillar of Hats","Replay:Wax Seal","Prayer Wheel","Nloth\u0027s Gift","Darkstone Periapt"],"acts_visited":["Exordium","TheCity"],"potions_floor_usage":[6,16,16,23],"damage_taken":[{"damage":6,"enemies":"2 Louse","floor":1,"turns":3},{"damage":2,"enemies":"Small Slimes","floor":2,"turns":4},{"damage":1,"enemies":"Cultist","floor":4,"turns":3},{"damage":55,"enemies":"Lagavulin","floor":6,"turns":7},{"damage":42,"enemies":"Replay:BlueRogue","floor":8,"turns":8},{"damage":4,"enemies":"3 Louse","floor":10,"turns":3},{"damage":16,"enemies":"Blue Slaver","floor":12,"turns":3},{"damage":0,"enemies":"Large Slime","floor":13,"turns":3},{"damage":51,"enemies":"The Guardian","floor":16,"turns":14},{"damage":59,"enemies":"Spheric Guardian","floor":18,"turns":8},{"damage":33,"enemies":"2 Thieves","floor":21,"turns":4},{"damage":24,"enemies":"Book of Stabbing","floor":23,"turns":3}],"seed_played":"8123814939906660849","potions_obtained":[{"floor":5,"key":"Venom Potion"},{"floor":5,"key":"SmokeBomb"},{"floor":8,"key":"Dexterity Potion"},{"floor":12,"key":"BloodPotion"},{"floor":18,"key":"EssenceOfSteel"}],"is_trial":false,"path_per_floor":["M","M","?","M","?","E","R","E","T","M","?","M","M","T","R","B",null,"M","?","$","M","?","E"],"character_chosen":"IRONCLAD","items_purchased":["Darkstone Periapt","Spot Weakness"],"campfire_rested":2,"item_purchase_floors":[20,20],"current_hp_per_floor":[88,88,81,86,86,37,63,27,27,29,29,19,25,25,51,23,88,41,41,41,20,20,0,0],"gold":28,"neow_bonus":"TEN_PERCENT_HP_BONUS","is_daily":false,"chose_seed":false,"campfire_upgraded":0,"win_rate":0.0,"timestamp":1610261576,"path_taken":["M","M","?","M","?","E","R","E","T","?","?","M","M","?","R","BOSS","M","?","$","M","?","E"],"items_purchased_type":["Relic","Card"],"build_version":"2020-12-22","purchased_purges":1,"victory":false,"max_hp_per_floor":[88,88,88,88,88,88,88,88,88,88,88,88,88,88,88,88,88,88,88,88,88,88,88,88],"card_choices":[{"not_picked":["Armaments","Life Link"],"picked":"ReplayTheSpireMod:Strike From Hell","floor":1},{"not_picked":["Wild Strike","Heavy Blade"],"picked":"ReplayTheSpireMod:Strike From Hell","floor":2},{"not_picked":["Eclipse","Warcry"],"picked":"Run Through","floor":4},{"not_picked":["Fiend Fire","Warcry"],"picked":"Defy Death","floor":6},{"not_picked":["Rupture","Ghostly Armor"],"picked":"Thunderclap","floor":8},{"not_picked":["Iron Wave","Dropkick"],"picked":"Flex","floor":10},{"not_picked":["Anger","Heavy Blade","Pommel Strike"],"picked":"SKIP","floor":12},{"not_picked":["Pommel Strike","Heavy Blade"],"picked":"Disarm","floor":13},{"not_picked":["Demon Form","Eclipse"],"picked":"Fiend Fire","floor":16},{"not_picked":["Pommel Strike","Anger","Perfected Strike"],"picked":"SKIP","floor":18},{"not_picked":["Replay:Undeath\u0027s Touch","Sword Boomerang","Replay:Many Hands"],"picked":"SKIP","floor":18},{"not_picked":["Replay:Undeath\u0027s Touch","Pommel Strike"],"picked":"Run Through","floor":21},{"not_picked":["Bloodletting","ReplayTheSpireMod:Corrosion Curse"],"picked":"ReplayTheSpireMod:LeadingStrike","floor":21}],"player_experience":391323,"relics_obtained":[{"floor":6,"key":"Replay:Towering Pillar of Hats"},{"floor":8,"key":"Replay:Wax Seal"},{"floor":9,"key":"Blue Candle"},{"floor":14,"key":"Prayer Wheel"}],"event_choices":[{"cards_removed":["Strike_R"],"damage_healed":0,"gold_gain":0,"player_choice":"Card Removal","damage_taken":7,"max_hp_gain":0,"max_hp_loss":0,"event_name":"Golden Wing","floor":3,"gold_loss":0},{"damage_healed":0,"gold_gain":0,"player_choice":"Bought 2 Potions","damage_taken":0,"max_hp_gain":0,"max_hp_loss":0,"event_name":"The Woman in Blue","floor":5,"gold_loss":0},{"damage_healed":0,"gold_gain":0,"player_choice":"Grow","damage_taken":0,"max_hp_gain":0,"max_hp_loss":0,"event_name":"Living Wall","floor":11,"gold_loss":0,"cards_upgraded":["Bash"]},{"damage_healed":0,"gold_gain":0,"player_choice":"Traded Relic","damage_taken":0,"relics_obtained":["Nloth\u0027s Gift"],"max_hp_gain":0,"max_hp_loss":0,"event_name":"N\u0027loth","floor":19,"relics_lost":["Blue Candle"],"gold_loss":0},{"damage_healed":0,"gold_gain":0,"player_choice":"Copied","damage_taken":0,"max_hp_gain":0,"max_hp_loss":0,"event_name":"Duplicator","floor":22,"gold_loss":0,"cards_obtained":["Defy Death"]}],"is_beta":false,"boss_relics":[{"not_picked":["Runic Dome","Electric Blood"],"picked":"Black Blood"}],"items_purged_floors":[20],"is_endless":false,"potions_floor_spawned":[8,12,18],"killed_by":"Book of Stabbing","ascension_level":4}}