{"host":"7krnriczr1b2ou5r","time":1610288448,"event":{"mods":["BaseMod","Keyboard Shortcuts","Marisa£¨Ùöéë¡¡Øª×âÞÞ£©","Minty Spire (QoL Compilation)","Relic Stats","StSLib"],"gold_per_floor":[113,113,123,123,138,138,172,347,422,441,468,483,499,527,527,628,628,645,645,570,580,590,625,625,659,659,685,762,778,794,337,337,435,435,450,47,65,14,26,51,51,82,82,120,147,171,216,228,240,252,264,276,55,88,88],"floor_reached":56,"playtime":3473,"items_purged":["UpSweep"],"score":2410,"play_id":"cf252929-2960-4660-8e4f-95b71ec48bb4","local_time":"20210110232048","is_ascension_mode":true,"campfire_choices":[{"data":"BinaryStars","floor":6,"key":"SMITH"},{"data":"Madness","floor":15,"key":"SMITH"},{"data":"OpenUniverse","floor":24,"key":"SMITH"},{"data":"PulseMagic","floor":32,"key":"SMITH"},{"floor":41,"key":"DIG"},{"floor":49,"key":"DIG"},{"floor":52,"key":"DIG"}],"circlet_count":0,"master_deck":["AscendersBane","SuperNova","BinaryStars+1","Madness+1","SuperPerseids","OpenUniverse+1","SatelliteIllusion+1","IllusionStar","Acceleration","MilkyWay","GravityBeat","Orbital","NonDirectionalLaser","GrandCross","PulseMagic+1","PowerUp","DragonMeteor","Acceleration+1","ManaConvection","MagicChant+1","UltimateShortwave","PropBag","ChargeUpSpray+1","SuperPerseids","BigCrunch","DragonMeteor","CollectingQuirk","OortCloud+1","Occultation","Parasite","Parasite","GasGiant+1","IllusionStar+1","SatelliteIllusion+1","Mayhem+1","MagicChant","StarDustReverie"],"relics":["MiniHakkero","Happy Flower","HornCleat","Nunchaku","Bag of Marbles","Pandora\u0027s Box","Enchiridion","Dream Catcher","Regal Pillow","Frozen Egg 2","Bag of Preparation","Shuriken","TheAbacus","Strawberry","Fusion Hammer","Matryoshka","Shovel","ShroomBag","Bottled Lightning","White Beast Statue","MawBank","Pear","Bronze Scales","PreservedInsect","Lizard Tail","Mummified Hand","AmplifyWand","Vajra","TungstenRod"],"acts_visited":["Exordium","TheCity","TheBeyond","TheEnding"],"potions_floor_usage":[16,22,23,25,39,40,50,55,55],"damage_taken":[{"damage":6,"enemies":"Cultist","floor":1,"turns":3},{"damage":0,"enemies":"Small Slimes","floor":3,"turns":3},{"damage":3,"enemies":"2 Louse","floor":5,"turns":2},{"damage":5,"enemies":"3 Sentries","floor":7,"turns":5},{"damage":7,"enemies":"Exordium Wildlife","floor":10,"turns":4},{"damage":0,"enemies":"Lagavulin","floor":11,"turns":5},{"damage":1,"enemies":"Blue Slaver","floor":12,"turns":3},{"damage":14,"enemies":"Exordium Thugs","floor":13,"turns":4},{"damage":10,"enemies":"3 Sentries","floor":14,"turns":4},{"damage":17,"enemies":"The Guardian","floor":16,"turns":6},{"damage":24,"enemies":"3 Byrds","floor":18,"turns":4},{"damage":0,"enemies":"Shell Parasite","floor":21,"turns":3},{"damage":0,"enemies":"Cultist and Chosen","floor":22,"turns":2},{"damage":4,"enemies":"Book of Stabbing","floor":23,"turns":3},{"damage":6,"enemies":"Slavers","floor":25,"turns":4},{"damage":21,"enemies":"Book of Stabbing","floor":27,"turns":4},{"damage":0,"enemies":"Shelled Parasite and Fungi","floor":29,"turns":2},{"damage":0,"enemies":"3 Cultists","floor":30,"turns":3},{"damage":0,"enemies":"Collector","floor":33,"turns":3},{"damage":11,"enemies":"3 Darklings","floor":35,"turns":2},{"damage":0,"enemies":"3 Shapes","floor":37,"turns":2},{"damage":0,"enemies":"3 Darklings","floor":39,"turns":2},{"damage":5,"enemies":"Nemesis","floor":40,"turns":3},{"damage":0,"enemies":"Giant Head","floor":42,"turns":2},{"damage":0,"enemies":"Nemesis","floor":44,"turns":3},{"damage":0,"enemies":"Transient","floor":45,"turns":5},{"damage":0,"enemies":"Writhing Mass","floor":46,"turns":2},{"damage":0,"enemies":"Reptomancer","floor":47,"turns":1},{"damage":1,"enemies":"Time Eater","floor":50,"turns":6},{"damage":0,"enemies":"Shield and Spear","floor":54,"turns":3},{"damage":43,"enemies":"The Heart","floor":55,"turns":7}],"seed_played":"5944729337145102478","potions_obtained":[{"floor":1,"key":"FairyPotion"},{"floor":7,"key":"AttackPotion"},{"floor":10,"key":"Swift Potion"},{"floor":21,"key":"Swift Potion"},{"floor":22,"key":"GamblersBrew"},{"floor":23,"key":"Swift Potion"},{"floor":29,"key":"Energy Potion"},{"floor":37,"key":"DistilledChaos"},{"floor":44,"key":"ColorlessPotion"},{"floor":45,"key":"Swift Potion"},{"floor":54,"key":"Block Potion"}],"is_trial":false,"path_per_floor":["M","?","M","?","M","R","E","?","T","M","E","M","M","E","R","B",null,"M","?","?","M","M","E","R","E","T","E","T","M","M","$","R","B",null,"M","$","M","$","M","E","R","E","T","E","M","M","E","?","R","B",null,"R","$","E","B",null],"character_chosen":"MARISA","items_purchased":["TheAbacus","SuperPerseids","Strawberry","CollectingQuirk","Matryoshka","OortCloud+1","Shovel","Vajra","MagicChant"],"campfire_rested":0,"item_purchase_floors":[31,31,31,36,36,38,38,53,53],"current_hp_per_floor":[62,62,62,62,59,59,54,54,54,47,47,46,32,22,22,17,61,37,21,21,21,21,17,17,11,11,19,19,19,31,38,38,38,71,60,60,60,60,60,55,55,61,71,73,77,79,83,83,83,86,91,91,91,92,49],"gold":88,"neow_bonus":"ONE_RANDOM_RARE_CARD","is_daily":false,"chose_seed":false,"campfire_upgraded":4,"win_rate":0.0,"timestamp":1610288448,"path_taken":["M","?","?","?","?","R","E","?","T","M","E","M","M","E","R","BOSS","M","?","?","M","M","E","R","E","T","E","?","M","?","$","R","BOSS","M","$","M","$","M","E","R","E","T","E","M","M","E","?","R","BOSS","R","$","E","BOSS"],"items_purchased_type":["Relic","Card","Relic","Card","Relic","Card","Relic","Relic","Card"],"build_version":"2020-12-22","purchased_purges":1,"victory":true,"max_hp_per_floor":[75,75,75,75,75,75,75,75,75,75,75,75,75,75,75,75,75,75,75,75,75,75,75,75,75,75,75,75,75,75,82,82,82,82,82,82,82,82,82,82,82,82,92,92,92,92,92,92,92,92,92,92,92,92,92],"relic_stats":{"Regal Pillow":0,"Happy Flower":[30],"counters":[31,105],"PreservedInsect":77,"Bag of Preparation":[30],"MawBank":120,"Nunchaku":[18],"Dream Catcher":0,"Lizard Tail":0,"TheAbacus":[198],"Shovel":3,"Shuriken":[18],"Mummified Hand":[24],"Bronze Scales":[150],"Pandora\u0027s Box":["GravityBeat","Orbital","NonDirectionalLaser","GrandCross","PulseMagic","PowerUp","DragonMeteor"],"obtain_stats":[{"AmplifyWand":52,"Regal Pillow":25,"Gremlin Horn":42,"Enchiridion":19,"Vajra":53,"Bag of Preparation":27,"Nunchaku":11,"Dream Catcher":23,"Lizard Tail":49,"HornCleat":9,"TheAbacus":31,"Matryoshka":36,"Shovel":38,"Sundial":33,"Mummified Hand":50,"Strawberry":31,"Fusion Hammer":34,"Pear":43,"Happy Flower":7,"Blue Candle":40,"PreservedInsect":47,"Frozen Egg 2":26,"MawBank":43,"White Beast Statue":42,"Mercury Hourglass":35,"ShroomBag":40,"Shuriken":28,"Ornamental Fan":46,"Bronze Scales":44,"Pandora\u0027s Box":17,"Bag of Marbles":14,"MiniHakkero":0,"Bottled Lightning":41,"TungstenRod":54,"Meat on the Bone":16},{"AmplifyWand":29,"Regal Pillow":15,"Gremlin Horn":24,"Enchiridion":11,"Vajra":29,"Bag of Preparation":16,"Nunchaku":6,"Dream Catcher":14,"Lizard Tail":28,"HornCleat":4,"TheAbacus":18,"Matryoshka":20,"Shovel":21,"Sundial":19,"Mummified Hand":29,"Strawberry":18,"Fusion Hammer":19,"Pear":24,"Happy Flower":4,"Blue Candle":23,"PreservedInsect":28,"Frozen Egg 2":15,"MawBank":24,"White Beast Statue":24,"Mercury Hourglass":20,"ShroomBag":23,"Shuriken":16,"Ornamental Fan":27,"Bronze Scales":25,"Pandora\u0027s Box":10,"Bag of Marbles":9,"MiniHakkero":0,"Bottled Lightning":23,"TungstenRod":30,"Meat on the Bone":10},{"AmplifyWand":95,"Regal Pillow":55,"Gremlin Horn":78,"Enchiridion":43,"Vajra":95,"Bag of Preparation":59,"Nunchaku":22,"Dream Catcher":51,"Lizard Tail":89,"HornCleat":13,"TheAbacus":64,"Matryoshka":69,"Shovel":71,"Sundial":66,"Mummified Hand":90,"Strawberry":64,"Fusion Hammer":67,"Pear":78,"Happy Flower":13,"Blue Candle":75,"PreservedInsect":89,"Frozen Egg 2":55,"MawBank":78,"White Beast Statue":78,"Mercury Hourglass":68,"ShroomBag":76,"Shuriken":59,"Ornamental Fan":87,"Bronze Scales":81,"Pandora\u0027s Box":39,"Bag of Marbles":33,"MiniHakkero":0,"Bottled Lightning":76,"TungstenRod":98,"Meat on the Bone":36}],"TungstenRod":12},"card_choices":[{"not_picked":["Occultation","GravityBeat","AsteroidBelt"],"picked":"SKIP","floor":1},{"not_picked":["UnstableBomb","GravityBeat"],"picked":"SuperPerseids","floor":3},{"not_picked":["EventHorizon","WitchLeyline"],"picked":"OpenUniverse","floor":5},{"not_picked":["MeteoricShower","EarthLightRay","EventHorizon"],"picked":"SKIP","floor":7},{"not_picked":["MeteoricShower","EarthLightRay","EventHorizon"],"picked":"SKIP","floor":7},{"not_picked":["MeteoricShower","EarthLightRay","EventHorizon"],"picked":"SKIP","floor":7},{"not_picked":["GravityBeat","ShootingEcho"],"picked":"IllusionStar","floor":10},{"not_picked":["RefractionSpark","SuperNova","SuperPerseids"],"picked":"SKIP","floor":11},{"not_picked":["EventHorizon","NonDirectionalLaser"],"picked":"Acceleration","floor":12},{"not_picked":["PowerUp","DC","DarkSpark"],"picked":"SKIP","floor":13},{"not_picked":["WitchOfGreed","EarthLightRay"],"picked":"MilkyWay","floor":14},{"not_picked":["ShootingEcho","FairyDestructionRay"],"picked":"Acceleration+1","floor":18},{"not_picked":["FairyDestructionRay","StarlightTyphoon","ManaConvection"],"picked":"SKIP","floor":21},{"not_picked":["FairyDestructionRay","StarlightTyphoon"],"picked":"ManaConvection","floor":21},{"not_picked":["SporeBomb+1","OneTimeOff+1","6A"],"picked":"SKIP","floor":22},{"not_picked":["NonDirectionalLaser","StarlightTyphoon"],"picked":"MagicChant+1","floor":23},{"not_picked":["PropBag","AsteroidBelt","StarBarrage+1"],"picked":"SKIP","floor":25},{"not_picked":["MagicChant","AsteroidBelt"],"picked":"UltimateShortwave","floor":27},{"not_picked":["6A","SporeBomb"],"picked":"PropBag","floor":29},{"not_picked":["OneTimeOff","SporeBomb"],"picked":"ChargeUpSpray+1","floor":30},{"not_picked":["BinaryStars","TreasureHunter"],"picked":"BigCrunch","floor":33},{"not_picked":["MagicAbsorber+1","UnstableBomb+1"],"picked":"DragonMeteor","floor":35},{"not_picked":["Acceleration+1","DoubleSpark","GrandCross"],"picked":"SKIP","floor":37},{"not_picked":["PropBag","MysteriousBeam+1"],"picked":"Occultation","floor":39},{"not_picked":["AsteroidBelt+1","MysteriousBeam+1"],"picked":"GasGiant+1","floor":40},{"not_picked":["ShootingEcho","WitchOfGreed+1"],"picked":"IllusionStar+1","floor":42},{"not_picked":["CollectingQuirk","GrandCross+1","ShootingEcho"],"picked":"SKIP","floor":44},{"not_picked":["FairyDestructionRay+1","GravityBeat+1","IllusionStar+1"],"picked":"SKIP","floor":45},{"not_picked":["6A+1","WitchOfGreed+1","SporeBomb+1"],"picked":"SKIP","floor":46},{"not_picked":["UnstableBomb","IllusionStar+1"],"picked":"SatelliteIllusion+1","floor":47},{"not_picked":["Trip","Impatience"],"picked":"Mayhem+1","floor":48},{"not_picked":["Acceleration","EnergyFlow+1"],"picked":"StarDustReverie","floor":54}],"player_experience":1110958,"relics_obtained":[{"floor":7,"key":"Happy Flower"},{"floor":9,"key":"HornCleat"},{"floor":11,"key":"Nunchaku"},{"floor":14,"key":"Bag of Marbles"},{"floor":19,"key":"Enchiridion"},{"floor":23,"key":"Dream Catcher"},{"floor":25,"key":"Regal Pillow"},{"floor":26,"key":"Frozen Egg 2"},{"floor":27,"key":"Bag of Preparation"},{"floor":28,"key":"Shuriken"},{"floor":40,"key":"ShroomBag"},{"floor":41,"key":"Bottled Lightning"},{"floor":42,"key":"White Beast Statue"},{"floor":43,"key":"MawBank"},{"floor":43,"key":"Pear"},{"floor":44,"key":"Bronze Scales"},{"floor":47,"key":"PreservedInsect"},{"floor":49,"key":"Lizard Tail"},{"floor":52,"key":"AmplifyWand"},{"floor":54,"key":"TungstenRod"}],"event_choices":[{"damage_healed":0,"gold_gain":0,"player_choice":"2 cards matched","damage_taken":0,"max_hp_gain":0,"max_hp_loss":0,"event_name":"Match and Keep!","floor":2,"gold_loss":0,"cards_obtained":["BinaryStars","Madness"]},{"damage_healed":0,"gold_gain":0,"player_choice":"2 cards matched","damage_taken":0,"max_hp_gain":0,"max_hp_loss":0,"event_name":"Match and Keep!","floor":2,"gold_loss":0,"cards_obtained":["BinaryStars","Madness"]},{"cards_removed":["Strike_MRS"],"damage_healed":0,"gold_gain":0,"player_choice":"Offered Basic","damage_taken":0,"max_hp_gain":0,"max_hp_loss":0,"event_name":"Bonfire Elementals","floor":4,"gold_loss":0},{"damage_healed":0,"gold_gain":175,"player_choice":"AGREE","damage_taken":0,"max_hp_gain":0,"max_hp_loss":0,"event_name":"Liars Game","floor":8,"gold_loss":0,"cards_obtained":["Doubt"]},{"damage_healed":0,"gold_gain":0,"player_choice":"Obtained Book","damage_taken":16,"max_hp_gain":0,"max_hp_loss":0,"event_name":"Cursed Tome","floor":19,"gold_loss":0},{"cards_removed":["MasterSpark"],"damage_healed":0,"gold_gain":0,"player_choice":"Gave Gold","damage_taken":0,"max_hp_gain":0,"max_hp_loss":0,"event_name":"Beggar","floor":20,"gold_loss":75},{"damage_healed":0,"gold_gain":0,"player_choice":"Memory 1","damage_taken":0,"max_hp_gain":0,"max_hp_loss":0,"event_name":"SensoryStone","floor":48,"gold_loss":0}],"is_beta":false,"boss_relics":[{"not_picked":["Empty Cage","ExperimentalFamiliar"],"picked":"Pandora\u0027s Box"},{"not_picked":["Cursed Key","Philosopher\u0027s Stone"],"picked":"Fusion Hammer"}],"items_purged_floors":[31],"is_endless":false,"potions_floor_spawned":[1,7,10,11,13,21,22,23,29,37,44,45,46,47,54],"ascension_level":11}}