{"host":"wwo1kwxjf4eyz37q","time":1610258822,"event":{"mods":["AchievementEnabler","BaseMod","Colored Map","Minty Spire (QoL Compilation)","Quick Restart","SuperFastMode"],"gold_per_floor":[116,131,47,122,122,157,168,183,183,217,125,125,125,148,148,148,148],"floor_reached":16,"playtime":486,"items_purged":["Strike_R"],"score":243,"play_id":"a5b2f5d8-bdd6-4fbe-a06a-d8b788dde7bc","local_time":"20210110150702","is_ascension_mode":true,"campfire_choices":[{"data":"Evolve","floor":13,"key":"SMITH"},{"data":"Body Slam","floor":15,"key":"SMITH"}],"circlet_count":0,"master_deck":["AscendersBane","Strike_R","Strike_R","Strike_R","Strike_R","Defend_R","Defend_R","Defend_R","Defend_R","Bash+1","Whirlwind","Evolve+1","Flame Barrier","Limit Break","Sword Boomerang","Body Slam+1"],"relics":["Burning Blood","NeowsBlessing","Question Card","Paper Frog","CeramicFish"],"acts_visited":["Exordium"],"potions_floor_usage":[16],"damage_taken":[{"damage":0.0,"enemies":"2 Louse","floor":1.0,"turns":1.0},{"damage":0.0,"enemies":"Small Slimes","floor":2.0,"turns":1.0},{"damage":0.0,"enemies":"3 Sentries","floor":6.0,"turns":1.0},{"damage":6.0,"enemies":"Cultist","floor":7.0,"turns":3.0},{"damage":12.0,"enemies":"Looter","floor":8.0,"turns":3.0},{"damage":33.0,"enemies":"Gremlin Nob","floor":10.0,"turns":5.0},{"damage":0,"enemies":"Large Slime","floor":14,"turns":5},{"damage":57,"enemies":"Slime Boss","floor":16,"turns":6}],"seed_played":"8260022049593469984","potions_obtained":[{"floor":2.0,"key":"SteroidPotion"},{"floor":6.0,"key":"Fire Potion"},{"floor":14,"key":"Explosive Potion"}],"is_trial":false,"path_per_floor":["M","M","$","?","?","E","M","M","T","E","$","?","R","M","R","B"],"character_chosen":"IRONCLAD","items_purchased":["Evolve","Sword Boomerang"],"campfire_rested":0,"item_purchase_floors":[3,11],"current_hp_per_floor":[74,75,75,64,64,70,70,64,64,37,37,37,37,43,43,0,0],"gold":148,"neow_bonus":"THREE_ENEMY_KILL","is_daily":false,"chose_seed":false,"campfire_upgraded":2,"win_rate":0.0,"timestamp":1610258822,"path_taken":["M","M","$","?","?","E","M","M","T","E","$","?","R","M","R","BOSS"],"items_purchased_type":["Card","Card"],"build_version":"2020-12-22","purchased_purges":1,"victory":false,"max_hp_per_floor":[75,75,75,75,75,75,75,75,75,75,75,75,75,75,75,75,75],"card_choices":[{"not_picked":["Perfected Strike","Heavy Blade"],"picked":"Whirlwind","floor":1.0},{"not_picked":["Thunderclap","Sentinel","Wild Strike"],"picked":"SKIP","floor":2.0},{"not_picked":["Thunderclap","Power Through","Rage"],"picked":"SKIP","floor":6.0},{"not_picked":["Seeing Red","Feel No Pain","Heavy Blade","Warcry"],"picked":"SKIP","floor":7.0},{"not_picked":["Fiend Fire","Headbutt","Sword Boomerang"],"picked":"Flame Barrier","floor":8.0},{"not_picked":["Twin Strike","Pommel Strike","Iron Wave"],"picked":"Limit Break","floor":10.0},{"not_picked":["Rampage","Searing Blow","Dark Embrace"],"picked":"Body Slam","floor":14}],"player_experience":211563,"relics_obtained":[{"floor":6.0,"key":"Question Card"},{"floor":9.0,"key":"Paper Frog"},{"floor":10.0,"key":"CeramicFish"}],"event_choices":[{"damage_healed":0.0,"max_hp_gain":0.0,"max_hp_loss":0.0,"gold_gain":75.0,"event_name":"World of Goop","player_choice":"Gather Gold","floor":4.0,"gold_loss":0.0,"damage_taken":11.0},{"damage_healed":0.0,"max_hp_gain":0.0,"max_hp_loss":0.0,"gold_gain":0.0,"event_name":"Liars Game","player_choice":"Ignored","floor":5.0,"gold_loss":0.0,"damage_taken":0.0},{"damage_healed":0,"gold_gain":0,"player_choice":"Upgraded","damage_taken":0,"max_hp_gain":0,"max_hp_loss":0,"event_name":"Upgrade Shrine","floor":12,"gold_loss":0,"cards_upgraded":["Bash"]}],"is_beta":false,"boss_relics":[],"items_purged_floors":[11],"is_endless":false,"potions_floor_spawned":[2,6,14],"killed_by":"Slime Boss","ascension_level":16}}