{"host":"g75gtovmj0ine2rf","time":1610283597,"event":{"mods":["2.2 Compatiblity","AchievementEnabler","Act Like it!","Aspiration","Astrologer","Bard","BaseMod","Better Match","BetterRewards","CapriCore","Challenge The Spire","ChefMod","Clockwork Mod","Colored Map","Conspire","Elementarium","Energized Spire","Friendly Minions","Gensokyo","Halation","Hallownest","Hermit","HexUI Lib","Highlight Path","Hubris","Infinite Spire","Jedi Mod","Lobotomy","Menagerie","Minty Spire (QoL Compilation)","Puzzle Mod","Quick Restart","Rare Cards Sparkle","Relic Stats","Replay The Spire","Robot Space Explorer","Shade Mod","Shop Mod","Spicy Shops","StSLib","SuperFastMode","The Construct","The Cursed","The Dragon Tamer","The Factory","The Jungle","The Marked","The Runesmith","TheBandit","TheFirefly","TheSwordswoman","TheVacant","Transform Curses","Wandering Minibosses","thorton","vexMod"],"gold_per_floor":[210,224,224,62,62,91,91,91,144,144,158,158,18,36,36,135,135,152,152,152,170,170,190,190,261,261,276,302,302,336,336,436,436,448,203,203,53,63,88,143,178,205,205,240,240,240,258,258,258,258,258,119,119,119],"floor_reached":56,"playtime":4599,"items_purged":["Doubt","Injury","Clockwork:Strike","Clockwork:Shield"],"score":1572,"play_id":"897c38b1-ea28-4b4e-b531-a3587044a3e1","local_time":"20210110235957","is_ascension_mode":true,"campfire_choices":[{"floor":8.0,"key":"REST"},{"floor":10.0,"key":"REST"},{"data":"Clockwork:ElasticNanites","floor":12.0,"key":"SMITH"},{"data":"infinitespire:Collect","floor":15.0,"key":"SMITH"},{"floor":23.0,"key":"REST"},{"floor":25.0,"key":"REST"},{"data":"Clockwork:QuantumStrike","floor":27.0,"key":"SMITH"},{"floor":32,"key":"REST"},{"floor":44,"key":"REST"},{"floor":49,"key":"RECALL"},{"data":"Clockwork:AssemblyLine","floor":52,"key":"SMITH"}],"circlet_count":0,"master_deck":["Clockwork:Shield","Clockwork:Tinker","Clockwork:WarmUp","Clockwork:QuantumStrike+1","Clockwork:TimeOut","Panache","infinitespire:Collect+1","Clockwork:ElasticNanites+1","Clockwork:CogShield+1","Elementarium:WindblessedBlade+1","Clockwork:EnthusiasticStrike+1","Clockwork:SearingStrike+2","Clockwork:ReactiveNanites","Clockwork:LiteraryArmor+1","Clockwork:RevUp","Clockwork:Inspiration","Clockwork:AssemblyLine+1"],"relics":["Clockwork:MomentumEngine","aspiration:HiddenCompartment","vexMod:BarristanHead","Ancient Tea Set","hubris:Teleporter","Kintsugi","halation:EternalFortune","conspire:BottledYoYo","infinitespire:Lucky Rock","Elementarium:ElementariumTrophy","energizedSpire:MagnifyingGlass","Clockwork:Varja","halation:PapillonHeart","Whetstone","Vajra","Clockwork:QuicksilverHourglass","vexMod:Dragonfruit","HornCleat","halation:PinkSoulGem","jedi:ominousloannote","hubris:PeanutButter","Boot"],"acts_visited":["Exordium","Gensokyo:Gensokyo","TheBeyond","TheEnding"],"potions_floor_usage":[29,29,41,50],"damage_taken":[{"damage":13.0,"enemies":"Gensokyo:3_Fairies","floor":1.0,"turns":7.0},{"damage":8.0,"enemies":"Gensokyo:2_Kodama","floor":2.0,"turns":8.0},{"damage":11.0,"enemies":"Gensokyo:Aya","floor":6.0,"turns":11.0},{"damage":0.0,"enemies":"Gensokyo:Python","floor":11.0,"turns":4.0},{"damage":0.0,"enemies":"Gensokyo:VengefulSpirit","floor":14.0,"turns":8.0},{"damage":0.0,"enemies":"Gensokyo:Yukari","floor":16.0,"turns":15.0},{"damage":75.0,"enemies":"Elementarium:Cyclone","floor":18.0,"turns":13.0},{"damage":0.0,"enemies":"Elementarium:VoidCorruption","floor":21.0,"turns":9.0},{"damage":0.0,"enemies":"Elementarium:3_ELEMENTALS","floor":24.0,"turns":8.0},{"damage":0.0,"enemies":"Elementarium:VOID_CORRUPTION_AND_ORB_OF_FIRE","floor":28.0,"turns":6.0},{"damage":6,"enemies":"Elementarium:ElementalPortal","floor":29,"turns":7},{"damage":0,"enemies":"Nightmare","floor":31,"turns":9},{"damage":7,"enemies":"Elementarium:PHOENIXES","floor":33,"turns":13},{"damage":12,"enemies":"3 Shapes","floor":35,"turns":6},{"damage":8,"enemies":"3 Darklings","floor":39,"turns":4},{"damage":25,"enemies":"Reptomancer","floor":40,"turns":6},{"damage":28,"enemies":"Jaw Worm Horde","floor":41,"turns":6},{"damage":0,"enemies":"R_Hoarder","floor":42,"turns":10},{"damage":0,"enemies":"Nemesis","floor":45,"turns":7},{"damage":0,"enemies":"Spire Growth","floor":48,"turns":5},{"damage":16,"enemies":"Donu and Deca","floor":50,"turns":8},{"damage":19,"enemies":"Shield and Spear","floor":54,"turns":6},{"damage":14,"enemies":"The Heart","floor":55,"turns":9}],"seed_played":"7799772130520140117","potions_obtained":[{"floor":1.0,"key":"GamblersBrew"},{"floor":2.0,"key":"PowerPotion"},{"floor":11.0,"key":"Swift Potion"},{"floor":18.0,"key":"Fire Potion"},{"floor":24.0,"key":"Strength Potion"},{"floor":31,"key":"Death Potion"},{"floor":33,"key":"Fire Potion"},{"floor":48,"key":"Reflective Coating"}],"is_trial":false,"path_per_floor":["M","M","?","$","?","E","?","R","T","R","M","R","?","M","R","B",null,"M","?","?","M","R","M","R","T","R","M","E","?","NM","R","B",null,"M","$","?","$","M","E","M","E","T","R","E","?","?","M","R","B",null,"R","$","E","B",null],"character_chosen":"CLOCKWORK","items_purchased":["Panache","Clockwork:LiteraryArmor","Whetstone","jedi:ominousloannote","hubris:PeanutButter"],"campfire_rested":6,"item_purchase_floors":[4,36,38,53,53],"current_hp_per_floor":[72,64,47,47,27,16,25,50,50,75,75,75,75,75,75,75,85,10,10,13,13,39,42,69,69,69,69,63,46,52,82,75,102,90,90,90,90,82,57,29,34,34,64,64,64,64,64,64,48,102,102,102,83,69],"gold":119,"neow_bonus":"HUNDRED_GOLD","is_daily":false,"chose_seed":false,"campfire_upgraded":4,"win_rate":0.0,"timestamp":1610283597,"path_taken":["M","M","?","$","?","E","?","R","T","R","M","R","?","M","R","BOSS","M","?","?","?","R","M","R","T","R","M","E","?","NM","R","BOSS","M","$","?","$","M","E","M","E","T","R","E","?","?","M","R","BOSS","R","$","E","BOSS"],"items_purchased_type":["Card","Card","Relic","Relic","Relic"],"build_version":"2020-12-22","purchased_purges":4,"victory":true,"max_hp_per_floor":[85,85,85,85,85,85,85,85,85,85,85,85,85,85,85,85,85,85,85,88,88,88,91,91,91,91,91,91,96,102,102,102,102,102,102,97,97,97,97,97,102,102,102,102,102,102,102,102,102,102,102,102,102,102],"relic_stats":{"counters":[23,185],"Whetstone":["Elementarium:WindblessedBlade","Clockwork:SearingStrike"],"Boot":[2],"obtain_stats":[{"halation:PapillonHeart":37,"hubris:Teleporter":13,"Vajra":40,"vexMod:BerryBomb":31,"Clockwork:Varja":35,"infinitespire:Lucky Rock":29,"Whetstone":38,"aspiration:HiddenCompartment":3,"Ancient Tea Set":9,"Boot":54,"Clockwork:MomentumEngine":0,"vexMod:Dragonfruit":42,"vexMod:BarristanHead":6,"HornCleat":45,"Elementarium:ElementariumTrophy":33,"Clockwork:QuicksilverHourglass":42,"jedi:ominousloannote":53,"halation:EternalFortune":20,"hubris:PeanutButter":53,"conspire:BottledYoYo":26,"energizedSpire:MagnifyingGlass":34,"Kintsugi":17,"halation:PinkSoulGem":47},{"halation:PapillonHeart":14,"hubris:Teleporter":4,"Vajra":16,"vexMod:BerryBomb":12,"Clockwork:Varja":14,"infinitespire:Lucky Rock":11,"Whetstone":14,"aspiration:HiddenCompartment":2,"Ancient Tea Set":3,"Boot":22,"Clockwork:MomentumEngine":0,"vexMod:Dragonfruit":18,"vexMod:BarristanHead":3,"HornCleat":19,"Elementarium:ElementariumTrophy":13,"Clockwork:QuicksilverHourglass":18,"jedi:ominousloannote":21,"halation:EternalFortune":7,"hubris:PeanutButter":21,"conspire:BottledYoYo":9,"energizedSpire:MagnifyingGlass":13,"Kintsugi":6,"halation:PinkSoulGem":19},{"halation:PapillonHeart":124,"hubris:Teleporter":30,"Vajra":134,"vexMod:BerryBomb":105,"Clockwork:Varja":121,"infinitespire:Lucky Rock":96,"Whetstone":124,"aspiration:HiddenCompartment":15,"Ancient Tea Set":26,"Boot":176,"Clockwork:MomentumEngine":0,"vexMod:Dragonfruit":150,"vexMod:BarristanHead":26,"HornCleat":157,"Elementarium:ElementariumTrophy":118,"Clockwork:QuicksilverHourglass":147,"jedi:ominousloannote":170,"halation:EternalFortune":66,"hubris:PeanutButter":170,"conspire:BottledYoYo":83,"energizedSpire:MagnifyingGlass":118,"Kintsugi":53,"halation:PinkSoulGem":157}]},"card_choices":[{"not_picked":["Clockwork:SystemHardening","Clockwork:ForgeStrike"],"picked":"Clockwork:QuantumStrike","floor":1.0},{"not_picked":["Clockwork:SpurOn","Clockwork:LogisticRegression"],"picked":"Clockwork:TimeOut","floor":2.0},{"not_picked":["infinitespire:Fortify","infinitespire:Execution"],"picked":"infinitespire:Collect","floor":5.0},{"not_picked":["Clockwork:InertialShield","Clockwork:Pluck","Clockwork:Enhance"],"picked":"SKIP","floor":6.0},{"not_picked":["Clockwork:AdaptiveCannon","Clockwork:Redundancy"],"picked":"Clockwork:ElasticNanites","floor":11.0},{"not_picked":["Clockwork:SystemScan","Clockwork:Minimalism","Clockwork:SpurOn"],"picked":"SKIP","floor":14.0},{"not_picked":["Clockwork:Randomization","Clockwork:TimeWalk"],"picked":"Clockwork:CraftMomentumEngine","floor":16.0},{"not_picked":["Clockwork:SpurOn","Clockwork:Minimalism"],"picked":"Clockwork:CogShield+1","floor":18.0},{"not_picked":["Clockwork:CogToss","Clockwork:Friction+1"],"picked":"Clockwork:EnthusiasticStrike+1","floor":21.0},{"not_picked":["Clockwork:Pluck","Clockwork:SystemHardening+1","Clockwork:Roundhouse"],"picked":"SKIP","floor":24.0},{"not_picked":["Clockwork:AdaptiveCannon+1","Clockwork:Enhance","Clockwork:StasisBreak"],"picked":"SKIP","floor":28.0},{"not_picked":["Clockwork:Pluck","Clockwork:Improve","Clockwork:SearingStrike"],"picked":"SKIP","floor":29},{"not_picked":["Clockwork:Pluck","Clockwork:Improve"],"picked":"Clockwork:SearingStrike","floor":29},{"not_picked":["Clockwork:CogBarrier","Clockwork:Redundancy+1"],"picked":"Clockwork:CraftVarja+1","floor":31},{"not_picked":["Clockwork:WindupStrike","Clockwork:CraftMomentumEngine"],"picked":"Clockwork:ReactiveNanites","floor":33},{"not_picked":["Clockwork:ChargingBlade","Clockwork:MechanicalMass+1","Clockwork:CogShield+1"],"picked":"SKIP","floor":35},{"not_picked":["Clockwork:Pluck+1","Clockwork:RitualDaggerMk0+1"],"picked":"Clockwork:RevUp","floor":39},{"not_picked":["Clockwork:AdaptiveShield","Clockwork:ChargingBlade"],"picked":"Clockwork:CraftMomentumEngine","floor":40},{"not_picked":["Clockwork:Friction+1","Clockwork:Efficiency+1","Clockwork:Minimalism"],"picked":"SKIP","floor":41},{"not_picked":["Clockwork:SystemHardening","Clockwork:Scour+1"],"picked":"Clockwork:Inspiration","floor":42},{"not_picked":["Clockwork:Friction+1","Clockwork:CogBarrier+1"],"picked":"Clockwork:AssemblyLine","floor":45},{"not_picked":["Clockwork:Improve+1","Clockwork:ChargingShield+1"],"picked":"Clockwork:SmithsMallet+1","floor":48},{"not_picked":["Clockwork:Randomization","Clockwork:Enhance+1","Clockwork:TiltAWhirl+1"],"picked":"SKIP","floor":54}],"player_experience":1405421,"relics_obtained":[{"floor":6.0,"key":"vexMod:BarristanHead"},{"floor":9.0,"key":"Ancient Tea Set"},{"floor":24.0,"key":"halation:EternalFortune"},{"floor":26.0,"key":"conspire:BottledYoYo"},{"floor":29,"key":"infinitespire:Lucky Rock"},{"floor":31,"key":"vexMod:BerryBomb"},{"floor":40,"key":"Vajra"},{"floor":42,"key":"vexMod:Dragonfruit"},{"floor":45,"key":"HornCleat"},{"floor":54,"key":"Boot"}],"event_choices":[{"damage_healed":0.0,"max_hp_gain":0.0,"max_hp_loss":0.0,"gold_gain":0.0,"event_name":"Elementarium:BladeSeller","player_choice":"Take","floor":19.0,"gold_loss":0.0,"damage_taken":0.0,"cards_obtained":["Elementarium:WindblessedBlade"]},{"damage_healed":0,"gold_gain":0,"player_choice":"Sacrifice","damage_taken":22,"max_hp_gain":5,"max_hp_loss":0,"event_name":"Elementarium:RadiantAltar","floor":30,"gold_loss":0}],"is_beta":false,"boss_relics":[{"not_picked":["Velvet Choker","energizedSpire:CursedPentagram"],"picked":"Kintsugi"},{"not_picked":["conspire:SeveredTorchhead","Honey Jar"],"picked":"energizedSpire:MagnifyingGlass"}],"items_purged_floors":[36,36,53,53],"is_endless":false,"potions_floor_spawned":[1,2,11,18,24,31,33,40,48],"ascension_level":1}}