{"host":"y3h3n3f7seyagppx","time":1610321836,"event":{"mods":["AlwaysNeverKeys","BaseMod","Better Vampires","Colored Powertips","DeckTracker","Emptier Cage","Minty Spire (QoL Compilation)","Permanent Neow","Quick Restart","Rare Cards Sparkle","Relic Sorter","Relic Stats","StSLib","Transform Curses"],"gold_per_floor":[118,129,148,163,238,264,264,293,293,320,334,5,5,55,55,134,134,151,177,190,206,226,226,151,151,178,211,211,226,260,260,260,336,336,352,369,38,38,38,38,68,97,135,369,396,440,470,508,520,532,544,544],"floor_reached":51,"playtime":30114,"items_purged":[],"score":1595,"play_id":"3772d880-cbd0-4438-9494-b6d014f45482","local_time":"20210110183716","is_ascension_mode":true,"campfire_choices":[{"floor":7.0,"key":"REST"},{"floor":15.0,"key":"REST"},{"floor":23.0,"key":"REST"},{"floor":25.0,"key":"REST"},{"floor":32.0,"key":"REST"},{"floor":40.0,"key":"REST"},{"floor":49,"key":"REST"}],"circlet_count":0,"master_deck":["AscendersBane","Strike_R+1","Strike_R","Strike_R","Strike_R","Strike_R","Defend_R","Defend_R","Defend_R","Bash","Fire Breathing","Anger","Whirlwind","Hemokinesis+1","Shrug It Off","Armaments","Sword Boomerang","Limit Break","Battle Trance","Disarm+1","Clothesline+1","Fiend Fire","Sword Boomerang","Shrug It Off","Feed","Thunderclap+1","Dual Wield","Feel No Pain","Limit Break","Shockwave"],"relics":["Fusion Hammer","Orichalcum","Odd Mushroom","Dream Catcher","Ornamental Fan","Happy Flower","Brimstone","Shuriken","SlaversCollar","Red Mask","Whetstone","Bird Faced Urn","MutagenicStrength","Runic Pyramid","OrangePellets","Anchor","MawBank","Smiling Mask","PreservedInsect","Art of War"],"acts_visited":["Exordium","TheCity","TheBeyond"],"potions_floor_usage":[51],"damage_taken":[{"damage":0.0,"enemies":"Small Slimes","floor":1.0,"turns":3.0},{"damage":4.0,"enemies":"Jaw Worm","floor":2.0,"turns":4.0},{"damage":4.0,"enemies":"2 Louse","floor":3.0,"turns":2.0},{"damage":1.0,"enemies":"2 Fungi Beasts","floor":4.0,"turns":2.0},{"damage":22.0,"enemies":"Lagavulin","floor":6.0,"turns":5.0},{"damage":5.0,"enemies":"The Mushroom Lair","floor":8.0,"turns":3.0},{"damage":6.0,"enemies":"3 Sentries","floor":10.0,"turns":5.0},{"damage":10.0,"enemies":"Exordium Thugs","floor":11.0,"turns":4.0},{"damage":2.0,"enemies":"Slime Boss","floor":16.0,"turns":3.0},{"damage":27.0,"enemies":"Spheric Guardian","floor":18.0,"turns":4.0},{"damage":8.0,"enemies":"Masked Bandits","floor":19.0,"turns":2.0},{"damage":3.0,"enemies":"3 Byrds","floor":20.0,"turns":4.0},{"damage":6.0,"enemies":"Centurion and Healer","floor":21.0,"turns":6.0},{"damage":0.0,"enemies":"Snecko","floor":22.0,"turns":3.0},{"damage":35.0,"enemies":"Gremlin Leader","floor":27.0,"turns":3.0},{"damage":2.0,"enemies":"3 Cultists","floor":29.0,"turns":3.0},{"damage":2.0,"enemies":"Book of Stabbing","floor":30.0,"turns":2.0},{"damage":17.0,"enemies":"Champ","floor":33.0,"turns":7.0},{"damage":7.0,"enemies":"Orb Walker","floor":35.0,"turns":3.0},{"damage":16.0,"enemies":"3 Darklings","floor":36.0,"turns":3.0},{"damage":36.0,"enemies":"Nemesis","floor":41.0,"turns":5.0},{"damage":0.0,"enemies":"Maw","floor":42.0,"turns":4.0},{"damage":0.0,"enemies":"Writhing Mass","floor":45.0,"turns":3.0},{"damage":13.0,"enemies":"Giant Head","floor":46.0,"turns":4.0},{"damage":28,"enemies":"Spire Growth","floor":47,"turns":3},{"damage":14,"enemies":"Nemesis","floor":48,"turns":3},{"damage":33,"enemies":"Awakened One","floor":50,"turns":5},{"damage":17,"enemies":"Donu and Deca","floor":51,"turns":2}],"seed_played":"1148820691871327841","potions_obtained":[{"floor":1.0,"key":"LiquidMemories"},{"floor":3.0,"key":"Energy Potion"},{"floor":11.0,"key":"Weak Potion"},{"floor":27.0,"key":"HeartOfIron"},{"floor":30.0,"key":"Regen Potion"},{"floor":33.0,"key":"FairyPotion"},{"floor":48,"key":"ElixirPotion"}],"is_trial":false,"path_per_floor":["M","M","M","M","?","E","R","?","T","E","M","$","?","?","R","B",null,"M","?","M","M","M","R","?","R","T","E","?","M","E","?","R","B",null,"M","M","$","?","?","R","E","M","T","?","M","E","M","E","R","B","B"],"character_chosen":"IRONCLAD","items_purchased":["Happy Flower","Brimstone","OrangePellets","Anchor"],"campfire_rested":7,"item_purchase_floors":[12,12,37,37],"current_hp_per_floor":[68,64,60,59,48,26,48,43,43,37,27,27,16,9,31,29,64,37,29,26,20,20,42,42,64,64,29,29,31,29,23,45,30,64,65,49,49,49,49,71,40,40,40,40,42,31,3,14,37,9,0,0],"gold":544,"neow_bonus":"BOSS_RELIC","is_daily":false,"chose_seed":false,"campfire_upgraded":0,"win_rate":0.0,"timestamp":1610321836,"path_taken":["M","M","M","M","?","E","R","?","T","E","M","$","?","?","R","BOSS","M","?","M","M","M","R","?","R","T","E","?","M","E","?","R","BOSS","M","M","$","?","?","R","E","M","T","?","M","E","?","E","R","BOSS","BOSS"],"items_purchased_type":["Relic","Relic","Relic","Relic"],"build_version":"2020-12-22","purchased_purges":0,"victory":false,"max_hp_per_floor":[75,75,75,75,75,75,75,75,75,75,75,75,75,75,75,75,75,75,75,75,75,75,75,75,75,75,75,75,75,75,75,75,75,75,79,79,79,79,75,75,78,78,78,78,78,78,78,78,78,81,81,81],"relic_stats":{"Happy Flower":[24],"counters":[28,100],"PreservedInsect":50,"Whetstone":["Hemokinesis","Strike_R"],"Orichalcum":[84],"MawBank":120,"Smiling Mask":0,"OrangePellets":[1],"Dream Catcher":6,"Ornamental Fan":[124],"Shuriken":[29],"Bird Faced Urn":[20],"Art of War":[0],"obtain_stats":[{"Happy Flower":12,"PreservedInsect":46,"Whetstone":26,"Orichalcum":6,"Odd Mushroom":8,"MawBank":41,"Smiling Mask":43,"Burning Blood":0,"SlaversCollar":17,"OrangePellets":37,"Dream Catcher":9,"Anchor":37,"Ornamental Fan":10,"Brimstone":12,"Shuriken":13,"Bird Faced Urn":27,"MutagenicStrength":28,"Fusion Hammer":0,"Red Mask":19,"Art of War":48,"Runic Pyramid":34},{"Happy Flower":8,"PreservedInsect":24,"Whetstone":14,"Orichalcum":5,"Odd Mushroom":6,"MawBank":21,"Smiling Mask":22,"Burning Blood":0,"SlaversCollar":9,"OrangePellets":20,"Dream Catcher":6,"Anchor":20,"Ornamental Fan":7,"Brimstone":8,"Shuriken":8,"Bird Faced Urn":15,"MutagenicStrength":15,"Fusion Hammer":0,"Red Mask":11,"Art of War":26,"Runic Pyramid":18},{"Happy Flower":28,"PreservedInsect":87,"Whetstone":50,"Orichalcum":16,"Odd Mushroom":19,"MawBank":76,"Smiling Mask":80,"Burning Blood":0,"SlaversCollar":31,"OrangePellets":71,"Dream Catcher":19,"Anchor":71,"Ornamental Fan":24,"Brimstone":28,"Shuriken":28,"Bird Faced Urn":53,"MutagenicStrength":53,"Fusion Hammer":0,"Red Mask":37,"Art of War":93,"Runic Pyramid":65}]},"card_choices":[{"not_picked":["Dropkick","Evolve"],"picked":"Fire Breathing","floor":1.0},{"not_picked":["Dual Wield","Infernal Blade"],"picked":"Anger","floor":2.0},{"not_picked":["Armaments","Wild Strike"],"picked":"Whirlwind","floor":3.0},{"not_picked":["Headbutt","Sentinel"],"picked":"Hemokinesis","floor":4.0},{"not_picked":["Brutality","Whirlwind","Combust"],"picked":"SKIP","floor":6.0},{"not_picked":["Blood for Blood","Sword Boomerang"],"picked":"Shrug It Off","floor":8.0},{"not_picked":["Shrug It Off","Clothesline"],"picked":"Armaments","floor":10.0},{"not_picked":["Reckless Charge","Sword Boomerang","Pummel"],"picked":"SKIP","floor":11.0},{"not_picked":["Clash","Havoc"],"picked":"Sword Boomerang","floor":15.0},{"not_picked":["Immolate","Fiend Fire"],"picked":"Limit Break","floor":16.0},{"not_picked":["Twin Strike","Body Slam"],"picked":"Battle Trance","floor":18.0},{"not_picked":["Burning Pact","Bloodletting"],"picked":"Disarm+1","floor":19.0},{"not_picked":["Rupture","Shrug It Off"],"picked":"Clothesline+1","floor":20.0},{"not_picked":["Flex","Twin Strike","Perfected Strike"],"picked":"SKIP","floor":21.0},{"not_picked":["Thunderclap","Body Slam"],"picked":"Fiend Fire","floor":22.0},{"not_picked":["Cleave","Warcry"],"picked":"Feel No Pain","floor":25.0},{"not_picked":["Armaments","Clash+1"],"picked":"Sword Boomerang","floor":27.0},{"not_picked":["Wild Strike+1","Reckless Charge"],"picked":"Shrug It Off","floor":29.0},{"not_picked":["True Grit","Armaments","Searing Blow"],"picked":"SKIP","floor":30.0},{"not_picked":["Immolate","Barricade"],"picked":"Feed","floor":33.0},{"not_picked":["Whirlwind","Perfected Strike"],"picked":"Thunderclap+1","floor":35.0},{"not_picked":["Clothesline+1","Shrug It Off","Headbutt"],"picked":"SKIP","floor":36.0},{"not_picked":["Reckless Charge+1","Dropkick"],"picked":"Dual Wield","floor":41.0},{"not_picked":["Twin Strike","Flex","Armaments"],"picked":"SKIP","floor":42.0},{"not_picked":["Headbutt+1","Metallicize"],"picked":"Feel No Pain","floor":45.0},{"not_picked":["Havoc","Sentinel","Thunderclap+1"],"picked":"SKIP","floor":46.0},{"not_picked":["Carnage","Wild Strike+1"],"picked":"Limit Break","floor":47},{"not_picked":["Flex","Combust","Rampage"],"picked":"SKIP","floor":48},{"not_picked":["Shrug It Off","Clash+1"],"picked":"Shockwave","floor":49}],"player_experience":20615264,"relics_obtained":[{"floor":6.0,"key":"Orichalcum"},{"floor":8.0,"key":"Odd Mushroom"},{"floor":9.0,"key":"Dream Catcher"},{"floor":10.0,"key":"Ornamental Fan"},{"floor":19.0,"key":"Red Mask"},{"floor":26.0,"key":"Whetstone"},{"floor":27.0,"key":"Bird Faced Urn"},{"floor":41.0,"key":"MawBank"},{"floor":43.0,"key":"Smiling Mask"},{"floor":46.0,"key":"PreservedInsect"},{"floor":48,"key":"Art of War"}],"event_choices":[{"damage_healed":0.0,"max_hp_gain":0.0,"max_hp_loss":0.0,"gold_gain":75.0,"event_name":"World of Goop","player_choice":"Gather Gold","floor":5.0,"gold_loss":0.0,"damage_taken":11.0},{"damage_healed":0.0,"max_hp_gain":0.0,"max_hp_loss":0.0,"gold_gain":0.0,"event_name":"Mushrooms","player_choice":"Fought Mushrooms","floor":8.0,"gold_loss":0.0,"damage_taken":0.0},{"damage_healed":0.0,"max_hp_gain":0.0,"max_hp_loss":0.0,"gold_gain":0.0,"event_name":"Scrap Ooze","player_choice":"Success","floor":13.0,"gold_loss":0.0,"damage_taken":11.0,"relics_obtained":["Shuriken"]},{"damage_healed":0.0,"max_hp_gain":0.0,"max_hp_loss":0.0,"gold_gain":50.0,"event_name":"FaceTrader","player_choice":"Touch","floor":14.0,"gold_loss":0.0,"damage_taken":7.0},{"damage_healed":0.0,"max_hp_gain":0.0,"max_hp_loss":0.0,"gold_gain":0.0,"event_name":"Masked Bandits","player_choice":"Fought Bandits","floor":19.0,"gold_loss":0.0,"damage_taken":0.0},{"cards_removed":["Defend_R"],"damage_healed":0.0,"max_hp_gain":0.0,"max_hp_loss":0.0,"gold_gain":0.0,"event_name":"Beggar","player_choice":"Gave Gold","floor":24.0,"gold_loss":75.0,"damage_taken":0.0},{"damage_healed":0.0,"max_hp_gain":0.0,"max_hp_loss":0.0,"gold_gain":0.0,"event_name":"Drug Dealer","player_choice":"Inject Mutagens","floor":28.0,"gold_loss":0.0,"damage_taken":0.0,"relics_obtained":["MutagenicStrength"]},{"damage_healed":0.0,"max_hp_gain":0.0,"max_hp_loss":0.0,"gold_gain":0.0,"event_name":"Knowing Skull","player_choice":"","floor":31.0,"potions_obtained":[],"gold_loss":0.0,"damage_taken":6.0,"cards_obtained":[]},{"cards_removed":["Feel No Pain"],"damage_healed":0.0,"max_hp_gain":0.0,"max_hp_loss":0.0,"gold_gain":0.0,"event_name":"Falling","player_choice":"Removed Power","floor":38.0,"gold_loss":0.0,"damage_taken":0.0},{"damage_healed":0.0,"max_hp_gain":0.0,"max_hp_loss":4.0,"gold_gain":0.0,"event_name":"Winding Halls","player_choice":"Max HP","floor":39.0,"gold_loss":0.0,"damage_taken":0.0},{"damage_healed":0.0,"max_hp_gain":0.0,"max_hp_loss":0.0,"gold_gain":222.0,"event_name":"Tomb of Lord Red Mask","player_choice":"Wore Mask","floor":44.0,"gold_loss":0.0,"damage_taken":0.0}],"is_beta":false,"boss_relics":[{"not_picked":["Velvet Choker","Pandora\u0027s Box"],"picked":"SlaversCollar"},{"not_picked":["Runic Dome","SacredBark"],"picked":"Runic Pyramid"}],"items_purged_floors":[],"is_endless":false,"potions_floor_spawned":[1,3,4,11,16,19,20,27,30,33,45,47,48],"killed_by":"Donu and Deca","ascension_level":20}}