{"host":"6749gst1gzuv21qf","time":1610244877,"event":{"mods":["Aspiration","BaseMod","Better Altar","Better Match","Better Note","Better Sensory Stone","Better Skull","Better Third Choice","BetterRewards","Colored Map","Colored Powertips","Downfall","Highlight Path","Minty Spire (QoL Compilation)","Permanent Neow","Replay The Spire","Shop Mod","Spicy Shops","StSLib","The Cursed","Wandering Minibosses"],"gold_per_floor":[99,118,138,121,121,134,213,224,24,100,100,0,0,0],"floor_reached":12,"playtime":1177,"items_purged":["Guardian:Strike_Guardian"],"score":195,"play_id":"4e7c38f9-a439-4b3a-b13a-c57450a82785","local_time":"20210109211437","is_ascension_mode":false,"campfire_choices":[{"floor":1,"key":"RECALL"},{"floor":11,"key":"REST"}],"circlet_count":0,"master_deck":["Guardian:Strike_Guardian","Guardian:Strike_Guardian","Guardian:Defend_Guardian","Guardian:Defend_Guardian","Guardian:Defend_Guardian","Guardian:Defend_Guardian","Guardian:CurlUp","Guardian:TwinSlam","Guardian:TimeSifter","Guardian:Suspension","Guardian:Gem_Crimson","Guardian:AncientConstruct","Guardian:DecasProtection","Guardian:RollAttack","Guardian:Planning","ReplayTheSpireMod:IOU","Apotheosis","ReplayTheSpireMod:IOU","Guardian:Repulse","Guardian:Repulse","ReplayTheSpireMod:IOU","ReplayTheSpireMod:IOU","ReplayTheSpireMod:IOU","Guardian:Incinerate"],"relics":["Replay:Wax Seal","MerchantsRug","Potion Belt","White Beast Statue"],"acts_visited":["Exordium"],"potions_floor_usage":[10,10,12],"damage_taken":[{"damage":1,"enemies":"Cultist","floor":2,"turns":4},{"damage":2,"enemies":"Jaw Worm","floor":3,"turns":3},{"damage":2,"enemies":"Small Slimes","floor":4,"turns":5},{"damage":15,"enemies":"Exordium Thugs","floor":6,"turns":6},{"damage":10,"enemies":"Large Slime","floor":8,"turns":14},{"damage":2,"enemies":"downfall:FleeingMerchant","floor":9,"turns":4},{"damage":36,"enemies":"downfall:LadyInBlue","floor":10,"turns":14},{"damage":28,"enemies":"Gremlin Nob","floor":12,"turns":3}],"seed_played":"6992971649137250433","potions_obtained":[{"floor":6,"key":"LiquidMemories"},{"floor":8,"key":"Explosive Potion"},{"floor":10,"key":"Fire Potion"},{"floor":10,"key":"Ancient Potion"},{"floor":10,"key":"Venom Potion"},{"floor":10,"key":"DistilledChaos"}],"is_trial":false,"path_per_floor":["R","M","M","M","?","M","T","M","$","?","R","E"],"character_chosen":"GUARDIAN","items_purchased":["Replay:Wax Seal","MerchantsRug","Apotheosis","Guardian:Repulse","Ornamental Fan","Potion Belt"],"campfire_rested":1,"item_purchase_floors":[9,9,9,9,9,9],"current_hp_per_floor":[72,71,69,67,67,52,52,42,40,4,25,0,0,0],"gold":0,"neow_bonus":"THREE_RARE_CARDS","is_daily":false,"chose_seed":false,"campfire_upgraded":0,"win_rate":0.0,"timestamp":1610244877,"path_taken":["R","M","M","?","?","M","T","M","$","?","R","E"],"items_purchased_type":["Relic","Relic","Card","Card","Relic","Relic"],"build_version":"2020-12-22","purchased_purges":1,"victory":false,"max_hp_per_floor":[72,72,72,72,72,72,72,72,72,72,72,72,72,72],"card_choices":[{"not_picked":["Guardian:ConstructionForm","Guardian:Gem_Synthetic"],"picked":"Guardian:TimeSifter","floor":0},{"not_picked":["Guardian:Recover","Guardian:Gem_Green"],"picked":"Guardian:Suspension","floor":2},{"not_picked":["Guardian:Gem_Green","Guardian:Gem_Lightblue"],"picked":"Guardian:Gem_Crimson","floor":3},{"not_picked":["Guardian:TemporalShield","Guardian:TemporalStrike"],"picked":"Guardian:AncientConstruct","floor":4},{"not_picked":["Guardian:Gem_Lightblue","Guardian:TemporalShield"],"picked":"Guardian:DecasProtection","floor":6},{"not_picked":["Guardian:Gem_Red","Guardian:ChargeCore"],"picked":"Guardian:RollAttack","floor":8},{"not_picked":["Guardian:Gem_Fragmented","Guardian:Emergency"],"picked":"Guardian:Planning","floor":9},{"not_picked":["Guardian:Gem_Green","Guardian:PiercingHide"],"picked":"Guardian:Incinerate","floor":10}],"player_experience":614651,"relics_obtained":[{"floor":10,"key":"White Beast Statue"}],"event_choices":[],"is_beta":false,"boss_relics":[],"items_purged_floors":[9],"is_endless":false,"potions_floor_spawned":[6,8,10],"killed_by":"Gremlin Nob","ascension_level":0}}