{"host":"zjc1tzo4ovig5lll","time":1610274033,"event":{"mods":["AchievementEnabler","Aspiration","BaseMod","Beaked The Cultist","Better Altar","Better Match","Better Note","Better Sensory Stone","Colored Map","Colored Powertips","Conspire","Energized Spire","Friendly Minions","GifTheSpireLib","Halation","Hermit","Hubris","Minty Spire (QoL Compilation)","Rare Cards Sparkle","Replay The Spire","StSLib","The Blue Laboratory","The Bug Knight","The Construct","The Jungle","everything is the same but u backflip on backflip","vexMod"],"gold_per_floor":[119,69,69,69,69,69,98,43,70,83,83,95,70,90,90,90,90],"floor_reached":16,"playtime":383,"items_purged":[],"score":141,"play_id":"7910879e-b5f3-4e7e-9267-1e535900f16e","local_time":"20210110122033","is_ascension_mode":true,"campfire_choices":[{"data":"Deadly Poison","floor":6,"key":"SMITH"},{"floor":11,"key":"RECALL"},{"data":"ReplayTheSpireMod:Speed Training","floor":15,"key":"SMITH"}],"circlet_count":0,"master_deck":["Strike_G","Strike_G","Defend_G","Defend_G","Defend_G","Defend_G","Defend_G","Survivor","Neutralize","Deadly Poison+1","Escape Plan","hubris:Sniper+1","ReplayTheSpireMod:Speed Training+1"],"relics":["Ring of the Snake","NeowsBlessing","hubris:TinFlute","hubris:DisguiseKit"],"acts_visited":["Exordium"],"potions_floor_usage":[16],"damage_taken":[{"damage":0,"enemies":"Small Slimes","floor":1,"turns":1},{"damage":0,"enemies":"Gremlin Nob","floor":7,"turns":1},{"damage":0,"enemies":"Jaw Worm","floor":10,"turns":1},{"damage":0,"enemies":"2 Louse","floor":12,"turns":2},{"damage":2,"enemies":"Blue Slaver","floor":14,"turns":5},{"damage":61,"enemies":"Hexaghost","floor":16,"turns":14}],"seed_played":"5107221911436817290","potions_obtained":[{"floor":1,"key":"Explosive Potion"}],"is_trial":false,"path_per_floor":["M","?","?","?","T","R","E","$","T","M","R","M","?","M","R","B"],"character_chosen":"THE_SILENT","items_purchased":["hubris:Sniper+1"],"campfire_rested":0,"item_purchase_floors":[8],"current_hp_per_floor":[70,70,70,63,63,63,63,63,63,63,63,63,63,61,61,0,0],"gold":90,"neow_bonus":"THREE_ENEMY_KILL","is_daily":false,"chose_seed":false,"campfire_upgraded":2,"win_rate":0.0,"timestamp":1610274033,"path_taken":["M","?","?","?","?","R","E","$","T","?","R","M","?","M","R","BOSS"],"items_purchased_type":["Card"],"build_version":"2020-12-22","purchased_purges":0,"victory":false,"max_hp_per_floor":[70,70,70,70,70,70,70,70,70,70,70,70,70,70,70,70,70],"card_choices":[{"not_picked":["hubris:TrickCloak","All Out Attack"],"picked":"Deadly Poison","floor":1},{"not_picked":["Slice","hubris:TrickCloak"],"picked":"Escape Plan","floor":7},{"not_picked":["Setup","Flying Knee","Bane","Storm"],"picked":"SKIP","floor":10},{"not_picked":["Underhanded Strike","Sucker Punch","Ball Lightning"],"picked":"ReplayTheSpireMod:Speed Training","floor":12},{"not_picked":["Deflect","Finisher","Riddle With Holes","Storm"],"picked":"SKIP","floor":14}],"player_experience":643562,"relics_obtained":[{"floor":5,"key":"hubris:TinFlute"},{"floor":7,"key":"hubris:DisguiseKit"}],"event_choices":[{"cards_removed":["Strike_G"],"damage_healed":0,"gold_gain":0,"player_choice":"Card Removal","damage_taken":0,"max_hp_gain":0,"max_hp_loss":0,"event_name":"The Cleric","floor":2,"gold_loss":50},{"cards_removed":["Strike_G"],"damage_healed":0,"gold_gain":0,"player_choice":"Card Removal","damage_taken":7,"max_hp_gain":0,"max_hp_loss":0,"event_name":"Golden Wing","floor":4,"gold_loss":0}],"is_beta":false,"boss_relics":[],"items_purged_floors":[],"is_endless":false,"potions_floor_spawned":[1],"killed_by":"Hexaghost","ascension_level":3}}