{"host":"tpad8qsc9e0g0pa5","time":1610255870,"event":{"mods":["BaseMod","Minty Spire (QoL Compilation)","Quick Restart","StSLib","The Cursed"],"gold_per_floor":[117,292,310,14,24,24,54,67,67,82,82,92,109,184,184,184,184],"floor_reached":16,"playtime":745,"items_purged":["Doubt"],"score":104,"play_id":"1fdf08b7-7942-4add-abd2-fcb209a0bcd9","local_time":"20210110131750","is_ascension_mode":false,"campfire_choices":[{"data":"Tactician","floor":6.0,"key":"SMITH"},{"floor":11.0,"key":"REST"},{"floor":15.0,"key":"REST"}],"circlet_count":0,"master_deck":["Strike_G","Strike_G","Strike_G","Strike_G","Strike_G","Defend_G","Defend_G","Defend_G","Defend_G","Defend_G","Survivor","Neutralize","Prepared","Tactician+1","Tactician","Glass Knife","Underhanded Strike","Acrobatics","Tactician","Acrobatics"],"relics":["Ring of the Snake","NeowsBlessing","Singing Bowl","Du-Vu Doll"],"acts_visited":["Exordium"],"potions_floor_usage":[16],"damage_taken":[{"damage":0.0,"enemies":"2 Louse","floor":1.0,"turns":1.0},{"damage":0.0,"enemies":"Jaw Worm","floor":3.0,"turns":1.0},{"damage":0.0,"enemies":"Small Slimes","floor":5.0,"turns":1.0},{"damage":45.0,"enemies":"3 Sentries","floor":7.0,"turns":13.0},{"damage":0.0,"enemies":"Blue Slaver","floor":8.0,"turns":2.0},{"damage":0.0,"enemies":"Exordium Thugs","floor":10.0,"turns":5.0},{"damage":9.0,"enemies":"Large Slime","floor":12.0,"turns":6.0},{"damage":3.0,"enemies":"2 Fungi Beasts","floor":13.0,"turns":3.0},{"damage":55,"enemies":"Slime Boss","floor":16,"turns":13}],"seed_played":"2605534790759647326","potions_obtained":[{"floor":3.0,"key":"Block Potion"},{"floor":10.0,"key":"Explosive Potion"},{"floor":12.0,"key":"SteroidPotion"}],"is_trial":false,"path_per_floor":["M","?","M","$","M","R","E","M","T","M","R","M","M","?","R","B"],"character_chosen":"THE_SILENT","items_purchased":["Tactician","Glass Knife"],"campfire_rested":2,"item_purchase_floors":[4,4],"current_hp_per_floor":[70,70,70,70,70,70,25,25,25,27,48,41,38,27,49,0,0],"gold":184,"neow_bonus":"THREE_ENEMY_KILL","is_daily":false,"chose_seed":false,"campfire_upgraded":1,"win_rate":0.0,"timestamp":1610255870,"path_taken":["M","?","M","$","M","R","E","M","T","M","R","M","M","?","R","BOSS"],"items_purchased_type":["Card","Card"],"build_version":"2020-12-22","purchased_purges":1,"victory":false,"max_hp_per_floor":[70,70,70,70,70,70,70,70,70,72,72,74,74,74,74,74,74],"card_choices":[{"not_picked":["Leg Sweep","Outmaneuver"],"picked":"Prepared","floor":1.0},{"not_picked":["Bane","PiercingWail"],"picked":"Tactician","floor":3.0},{"not_picked":["Deadly Poison","Crippling Poison"],"picked":"Underhanded Strike","floor":5.0},{"not_picked":["Phantasmal Killer","Cloak And Dagger"],"picked":"Acrobatics","floor":7.0},{"not_picked":["Blur","Leg Sweep"],"picked":"Tactician","floor":8.0},{"not_picked":["Prepared","Blur","Deadly Poison"],"picked":"Singing Bowl","floor":10.0},{"not_picked":["Flying Knee","Choke","Sucker Punch"],"picked":"Singing Bowl","floor":12.0},{"not_picked":["Dodge and Roll","Noxious Fumes"],"picked":"Acrobatics","floor":13.0}],"player_experience":247991,"relics_obtained":[{"floor":7.0,"key":"Singing Bowl"},{"floor":9.0,"key":"Du-Vu Doll"}],"event_choices":[{"damage_healed":0.0,"max_hp_gain":0.0,"max_hp_loss":0.0,"gold_gain":175.0,"event_name":"Liars Game","player_choice":"AGREE","floor":2.0,"gold_loss":0.0,"damage_taken":0.0,"cards_obtained":["Doubt"]},{"damage_healed":0.0,"max_hp_gain":0.0,"max_hp_loss":0.0,"gold_gain":75.0,"event_name":"World of Goop","player_choice":"Gather Gold","floor":14.0,"gold_loss":0.0,"damage_taken":11.0}],"is_beta":false,"boss_relics":[],"items_purged_floors":[4],"is_endless":false,"potions_floor_spawned":[3,10,12],"killed_by":"Slime Boss","ascension_level":0}}