{"host":"6749gst1gzuv21qf","time":1610316006,"event":{"mods":["Aspiration","BaseMod","Better Altar","Better Match","Better Note","Better Sensory Stone","Better Skull","Better Third Choice","BetterRewards","Colored Map","Colored Powertips","Downfall","Highlight Path","Minty Spire (QoL Compilation)","Permanent Neow","Replay The Spire","Shop Mod","Spicy Shops","StSLib","The Cursed"],"gold_per_floor":[99,110,560,576,595,136,162,176,192,192,192,192],"floor_reached":10,"playtime":1818,"items_purged":[],"score":60,"play_id":"915363c0-d067-4f24-bba7-6abddd93baee","local_time":"20210110170006","is_ascension_mode":false,"campfire_choices":[{"floor":1,"key":"RECALL"}],"circlet_count":0,"master_deck":["champ:Strike","champ:Strike","champ:Strike","champ:Strike","champ:Defend","champ:Defend","champ:Defend","champ:Defend","champ:Execute","champ:Taunt","champ:HeavySlash","champ:Encircle","Slimebound:Icky","Slimebound:Icky","Slimebound:Icky","champ:Backstep","champ:StanceDance","champ:ShieldSlam","expansioncontent:Chronoboost","champ:IronFortress","champ:EndlessRage","champ:EnragedBash"],"relics":["champ:ChampionCrown","Oddly Smooth Stone","Vajra"],"acts_visited":["Exordium"],"potions_floor_usage":[9,10,10],"damage_taken":[{"damage":9,"enemies":"Jaw Worm","floor":2,"turns":5},{"damage":7,"enemies":"2 Louse","floor":4,"turns":2},{"damage":4,"enemies":"Small Slimes","floor":5,"turns":4},{"damage":8,"enemies":"downfall:FleeingMerchant","floor":6,"turns":4},{"damage":4,"enemies":"Blue Slaver","floor":8,"turns":5},{"damage":12,"enemies":"2 Fungi Beasts","floor":9,"turns":4},{"damage":95,"enemies":"Gremlin Nob","floor":10,"turns":6}],"seed_played":"6972859314233055406","potions_obtained":[{"floor":4,"key":"Swift Potion"},{"floor":5,"key":"LifebloodPotion"},{"floor":8,"key":"champ:OpenerPotion"}],"is_trial":false,"path_per_floor":["R","M","?","M","M","$","T","M","M","E"],"character_chosen":"THE_CHAMP","items_purchased":["expansioncontent:Chronoboost","champ:IronFortress","Oddly Smooth Stone","Vajra"],"campfire_rested":0,"item_purchase_floors":[6,6,6,6],"current_hp_per_floor":[90,89,89,87,87,87,87,85,78,0,0,0],"gold":192,"neow_bonus":"ONE_RANDOM_RARE_CARD","is_daily":false,"chose_seed":false,"campfire_upgraded":0,"win_rate":0.0,"timestamp":1610316006,"path_taken":["R","M","?","M","M","?","T","M","M","E"],"items_purchased_type":["Card","Card","Relic","Relic"],"build_version":"2020-12-22","purchased_purges":0,"victory":false,"max_hp_per_floor":[90,90,90,90,90,90,90,90,90,90,90,90],"card_choices":[{"not_picked":["champ:AdrenalArmor","champ:TornadoPunch"],"picked":"champ:Encircle","floor":2},{"not_picked":["champ:GladiatorsShout","champ:BladeFlurry"],"picked":"champ:Backstep","floor":4},{"not_picked":["champ:Encircle","champ:CrookedStrike"],"picked":"champ:StanceDance","floor":5},{"not_picked":["champ:Backstep","champ:MurderStrike"],"picked":"champ:ShieldSlam","floor":6},{"not_picked":["champ:RecklessLeap","champ:BringItOn"],"picked":"champ:EndlessRage","floor":8},{"not_picked":["champ:EndlessRage","champ:Backstep"],"picked":"champ:EnragedBash","floor":9}],"player_experience":644682,"relics_obtained":[],"event_choices":[],"is_beta":false,"boss_relics":[],"items_purged_floors":[],"is_endless":false,"potions_floor_spawned":[4,5,8],"killed_by":"Gremlin Nob","ascension_level":0}}