{"host":"zgdag062zrknap1a","time":1610262950,"event":{"mods":["AchievementEnabler","Act Like it!","Aspiration","Bard","BaseMod","BetterRewards","Colored Map","Colored Powertips","Conspire","Downfall","Gensokyo","Hallownest","Hermit","Highlight Path","Hubris","Infinite Spire","Jorbs\u0027s Wanderer Trilogy","Marisa????????","Minty Spire (QoL Compilation)","Quick Restart","Rare Cards Sparkle","Replay The Spire","Shop Mod","StSLib","The Bug Knight","The Cursed","The Hierophant","The Necromancer","The Runesmith","The Servant 0.9.4"],"gold_per_floor":[118,118,145,166,10,38,38,38,38],"floor_reached":8,"playtime":660,"items_purged":["Strike_G","Defend_G"],"score":48,"play_id":"37d16ba8-7506-44ed-beed-02894b2b92c0","local_time":"20210109231550","is_ascension_mode":false,"campfire_choices":[{"floor":7,"key":"RECALL"}],"circlet_count":0,"master_deck":["Strike_G","Strike_G","Strike_G","Strike_G","Defend_G","Defend_G","Defend_G","Defend_G","Survivor","Neutralize","Reflex","Underhanded Strike","Escape Plan","Flying Knee","Tactician","hubris:SlightOfHand","Calculated Gamble","Outmaneuver","Concentrate","Expertise"],"relics":["Ring of the Snake","CeramicFish","MerchantsRug"],"acts_visited":["Exordium"],"potions_floor_usage":[2,6],"damage_taken":[{"damage":7,"enemies":"Jaw Worm","floor":1,"turns":4},{"damage":0,"enemies":"Cultist","floor":3,"turns":4},{"damage":0,"enemies":"Small Slimes","floor":4,"turns":4},{"damage":6,"enemies":"Exordium Wildlife","floor":6,"turns":5},{"damage":0,"enemies":"Lagavulin","floor":8,"turns":1}],"seed_played":"3701975363962797835","potions_obtained":[{"floor":2,"key":"DuplicationPotion"},{"floor":2,"key":"Adrenaline Potion"}],"is_trial":false,"path_per_floor":["M","?","M","M","$","M","R","E"],"character_chosen":"THE_SILENT","items_purchased":["Reflex","Underhanded Strike","CeramicFish","Escape Plan","Flying Knee","BargainBundle","Tactician","Elixir","SteroidPotion","EntropicBrew","MerchantsRug","Outmaneuver","Concentrate"],"campfire_rested":0,"item_purchase_floors":[0,0,0,0,0,0,0,0,0,0,0,5,5],"current_hp_per_floor":[31,31,31,31,31,25,25,25,25],"gold":38,"neow_bonus":"","is_daily":false,"chose_seed":false,"campfire_upgraded":0,"win_rate":0.0,"timestamp":1610262950,"path_taken":["M","?","M","M","$","M","R","E"],"items_purchased_type":["Card","Card","Relic","Card","Card","Relic","Card","Potion","Potion","Potion","Relic","Card","Card"],"build_version":"2020-12-22","purchased_purges":2,"victory":false,"max_hp_per_floor":[70,70,70,70,70,70,70,70,70],"card_choices":[{"not_picked":["Deadly Poison","conspire:DoublingDagger","Quick Slash"],"picked":"SKIP","floor":1},{"not_picked":["Caltrops","Bane"],"picked":"hubris:SlightOfHand","floor":3},{"not_picked":["hubris:TrickCloak","Cloak And Dagger"],"picked":"Calculated Gamble","floor":4},{"not_picked":["Backflip","Sucker Punch"],"picked":"Expertise","floor":6}],"player_experience":368567,"relics_obtained":[],"event_choices":[{"damage_healed":0,"gold_gain":0,"player_choice":"Got Potions","damage_taken":0,"max_hp_gain":0,"max_hp_loss":0,"event_name":"Lab","floor":2,"gold_loss":0}],"is_beta":false,"boss_relics":[],"items_purged_floors":[0,5],"is_endless":false,"potions_floor_spawned":[4],"killed_by":"Lagavulin","ascension_level":0}}