{"host":"os7ajuuouznx3pj7","time":1610249303,"event":{"mods":["AchievementEnabler","BaseMod","Bestiary","Block Reminder","Colored Map","Colored Powertips","Keyboard Shortcuts","Minty Spire (QoL Compilation)","Quick Restart","Relic Sorter","Relic Stats","SuperFastMode"],"gold_per_floor":[111,122,95,28,103,103,136,148,148,174,174,207,207,225,225,326,326,338,356,128,144,158,189,209,237,237,336,336,368,393,14,14,113,113,124,28,28,47,65,92,92,124,124,153,153,153,153,170,170,170],"floor_reached":51,"playtime":7500,"items_purged":[],"score":1321,"play_id":"f92568f1-99ab-47cc-a24c-db3da0f20c1e","local_time":"20210110012823","is_ascension_mode":true,"campfire_choices":[{"data":"Eviscerate","floor":6.0,"key":"SMITH"},{"data":"Choke","floor":13.0,"key":"SMITH"},{"data":"Tactician","floor":15.0,"key":"SMITH"},{"data":"Apotheosis","floor":28,"key":"SMITH"},{"floor":32,"key":"DIG"},{"floor":41,"key":"DIG"},{"floor":45,"key":"DIG"},{"floor":47,"key":"DIG"},{"floor":49,"key":"DIG"}],"circlet_count":0,"master_deck":["AscendersBane","Strike_G","Strike_G","Defend_G","Defend_G","Defend_G","Defend_G","Defend_G","Survivor","Neutralize","Well Laid Plans+1","Slice+1","Venomology+1","Leg Sweep","Flying Knee","Prepared+1","Eviscerate+1","Underhanded Strike","Choke+1","Tactician+1","Endless Agony","A Thousand Cuts","Dash+1","Leg Sweep+1","Footwork","Apotheosis+1","Prepared+1","Dagger Throw","Endless Agony+1","PiercingWail","Cloak And Dagger+1","Blade Dance+1","Calculated Gamble","Tools of the Trade+1","Infinite Blades+1","Reflex","Underhanded Strike+1","Blade Dance+1","Slice+1","Eviscerate+1","A Thousand Cuts+1","Predator+1"],"relics":["Astrolabe","Meat on the Bone","Bronze Scales","Mercury Hourglass","Gremlin Horn","Coffee Dripper","Bottled Flame","Frozen Egg 2","Vajra","Red Mask","StrikeDummy","Shovel","Molten Egg 2","WristBlade","Bag of Preparation","Singing Bowl","Orichalcum","Bottled Lightning","HornCleat","Centennial Puzzle","Question Card","Bag of Marbles"],"acts_visited":["Exordium","TheCity","TheBeyond"],"potions_floor_usage":[25,29,30,33,35,40,42,42,42,44,50,50],"damage_taken":[{"damage":0.0,"enemies":"Cultist","floor":1.0,"turns":5.0},{"damage":0.0,"enemies":"Jaw Worm","floor":2.0,"turns":6.0},{"damage":0.0,"enemies":"Gremlin Nob","floor":7.0,"turns":3.0},{"damage":0.0,"enemies":"Small Slimes","floor":8.0,"turns":2.0},{"damage":0.0,"enemies":"Lagavulin","floor":10.0,"turns":4.0},{"damage":12.0,"enemies":"Gremlin Nob","floor":12.0,"turns":4.0},{"damage":0.0,"enemies":"Looter","floor":14.0,"turns":3.0},{"damage":38.0,"enemies":"Slime Boss","floor":16.0,"turns":5.0},{"damage":1.0,"enemies":"Shell Parasite","floor":18.0,"turns":3.0},{"damage":2.0,"enemies":"Chosen","floor":19.0,"turns":4.0},{"damage":1.0,"enemies":"Centurion and Healer","floor":21.0,"turns":5.0},{"damage":0.0,"enemies":"3 Cultists","floor":22.0,"turns":5.0},{"damage":5.0,"enemies":"Slavers","floor":23.0,"turns":5.0},{"damage":0.0,"enemies":"Snecko","floor":24.0,"turns":5.0},{"damage":14,"enemies":"Book of Stabbing","floor":25,"turns":5},{"damage":0,"enemies":"Masked Bandits","floor":29,"turns":2},{"damage":0,"enemies":"Slavers","floor":30,"turns":5},{"damage":54,"enemies":"Champ","floor":33,"turns":10},{"damage":5,"enemies":"3 Shapes","floor":35,"turns":5},{"damage":0,"enemies":"3 Darklings","floor":38,"turns":3},{"damage":0,"enemies":"Maw","floor":39,"turns":6},{"damage":12,"enemies":"Nemesis","floor":40,"turns":5},{"damage":25,"enemies":"Reptomancer","floor":42,"turns":3},{"damage":14,"enemies":"Nemesis","floor":44,"turns":4},{"damage":18,"enemies":"Sphere and 2 Shapes","floor":48,"turns":3},{"damage":28,"enemies":"Donu and Deca","floor":50,"turns":5}],"seed_played":"-1240662003042295799","potions_obtained":[{"floor":2.0,"key":"GamblersBrew"},{"floor":23.0,"key":"DuplicationPotion"},{"floor":25,"key":"EntropicBrew"},{"floor":29,"key":"LiquidMemories"},{"floor":33,"key":"Fruit Juice"},{"floor":35,"key":"Block Potion"}],"is_trial":false,"path_per_floor":["M","M","$","$","?","R","E","M","T","E","?","E","R","M","R","B",null,"M","M","$","M","M","E","M","E","T","?","R","?","E","$","R","B",null,"M","$","?","M","M","E","R","E","T","E","R","?","R","M","R","B",null],"character_chosen":"THE_SILENT","items_purchased":["Prepared","Eviscerate","Footwork","Apotheosis","Shovel","Calculated Gamble","Reflex","Underhanded Strike+1"],"campfire_rested":0,"item_purchase_floors":[3,4,20,20,31,31,36,36],"current_hp_per_floor":[63,63,63,63,52,52,52,52,52,52,52,40,40,40,40,14,56,55,53,53,52,52,47,47,45,45,45,45,45,45,45,45,18,57,57,57,57,57,57,45,45,32,32,32,32,64,64,46,46,44],"gold":170,"neow_bonus":"BOSS_RELIC","is_daily":false,"chose_seed":false,"campfire_upgraded":4,"win_rate":0.0,"timestamp":1610249303,"path_taken":["M","M","?","$","?","R","E","M","T","E","?","E","R","M","R","BOSS","M","M","?","M","M","E","M","E","T","?","R","?","E","?","R","BOSS","M","?","?","M","M","E","R","E","T","E","R","?","R","M","R","BOSS"],"items_purchased_type":["Card","Card","Card","Card","Relic","Card","Card","Card"],"build_version":"2020-12-22","purchased_purges":0,"victory":true,"max_hp_per_floor":[70,70,70,70,70,70,70,70,70,70,70,70,70,70,70,70,70,70,70,70,70,70,70,70,70,70,70,70,70,70,70,70,70,70,75,75,71,71,71,71,71,71,71,73,73,64,64,64,64,64],"relic_stats":{"Gremlin Horn":[22,20],"Singing Bowl":2,"counters":[26,113],"Astrolabe":["Well Laid Plans","Slice","Venomology"],"Bag of Preparation":[9],"Orichalcum":[12],"Question Card":1,"Mercury Hourglass":[357],"Centennial Puzzle":[6],"Shovel":5,"Bronze Scales":[207],"obtain_stats":[{"Gremlin Horn":12,"Singing Bowl":41,"Astrolabe":0,"Vajra":26,"Bag of Preparation":40,"Frozen Egg 2":25,"Orichalcum":42,"Question Card":47,"Mercury Hourglass":10,"Bottled Flame":23,"Centennial Puzzle":45,"Shovel":31,"HornCleat":44,"WristBlade":34,"Bronze Scales":9,"Molten Egg 2":32,"Coffee Dripper":17,"Red Mask":29,"Bag of Marbles":49,"Bottled Lightning":43,"StrikeDummy":30,"Ring of the Snake":0,"Meat on the Bone":7},{"Gremlin Horn":6,"Singing Bowl":22,"Astrolabe":0,"Vajra":15,"Bag of Preparation":22,"Frozen Egg 2":15,"Orichalcum":23,"Question Card":24,"Mercury Hourglass":5,"Bottled Flame":13,"Centennial Puzzle":24,"Shovel":17,"HornCleat":24,"WristBlade":18,"Bronze Scales":4,"Molten Egg 2":17,"Coffee Dripper":8,"Red Mask":16,"Bag of Marbles":25,"Bottled Lightning":23,"StrikeDummy":17,"Ring of the Snake":0,"Meat on the Bone":3},{"Gremlin Horn":24,"Singing Bowl":98,"Astrolabe":0,"Vajra":63,"Bag of Preparation":98,"Frozen Egg 2":63,"Orichalcum":101,"Question Card":105,"Mercury Hourglass":20,"Bottled Flame":53,"Centennial Puzzle":105,"Shovel":70,"HornCleat":105,"WristBlade":80,"Bronze Scales":16,"Molten Egg 2":70,"Coffee Dripper":31,"Red Mask":65,"Bag of Marbles":108,"Bottled Lightning":101,"StrikeDummy":70,"Ring of the Snake":0,"Meat on the Bone":14}],"Meat on the Bone":72},"card_choices":[{"not_picked":["Prepared","Accuracy"],"picked":"Leg Sweep","floor":1.0},{"not_picked":["Bane","Dodge and Roll"],"picked":"Flying Knee","floor":2.0},{"not_picked":["Flying Knee","Blur"],"picked":"Underhanded Strike","floor":7.0},{"not_picked":["Blade Dance","Slice"],"picked":"Choke","floor":8.0},{"not_picked":["Slice","Finisher"],"picked":"Tactician","floor":10.0},{"not_picked":["Bane","Blur"],"picked":"Endless Agony","floor":12.0},{"not_picked":["Dodge and Roll","Bane","Quick Slash"],"picked":"SKIP","floor":14.0},{"not_picked":["Envenom","Glass Knife"],"picked":"A Thousand Cuts","floor":16.0},{"not_picked":["Deadly Poison","Dagger Spray"],"picked":"Dash+1","floor":18.0},{"not_picked":["Well Laid Plans","Sucker Punch"],"picked":"Leg Sweep+1","floor":19.0},{"not_picked":["Outmaneuver","Eviscerate"],"picked":"Prepared+1","floor":21.0},{"not_picked":["Noxious Fumes","Crippling Poison+1"],"picked":"Dagger Throw","floor":22.0},{"not_picked":["Well Laid Plans+1","Infinite Blades"],"picked":"Endless Agony+1","floor":23.0},{"not_picked":["Unload","Accuracy"],"picked":"PiercingWail","floor":24.0},{"not_picked":["Poisoned Stab","Deflect"],"picked":"Cloak And Dagger+1","floor":25},{"not_picked":["Dagger Throw","Slice"],"picked":"Blade Dance+1","floor":29},{"not_picked":["Quick Slash","Underhanded Strike","Dodge and Roll"],"picked":"SKIP","floor":30},{"not_picked":["Wraith Form v2+1","Doppelganger"],"picked":"Tools of the Trade+1","floor":33},{"not_picked":["Distraction+1","Bane+1"],"picked":"Infinite Blades+1","floor":35},{"not_picked":["Prepared","Acrobatics"],"picked":"Blade Dance+1","floor":38},{"not_picked":["Well Laid Plans+1","Setup+1"],"picked":"Slice+1","floor":39},{"not_picked":["Poisoned Stab+1","Blade Dance"],"picked":"Eviscerate+1","floor":40},{"not_picked":["Choke+1","Dagger Throw+1"],"picked":"A Thousand Cuts+1","floor":42},{"not_picked":["Flechettes+1","Bouncing Flask","Distraction"],"picked":"Singing Bowl","floor":44},{"not_picked":["Flying Knee+1","Bane+1","Deadly Poison"],"picked":"Predator+1","floor":48}],"player_experience":897115,"relics_obtained":[{"floor":7.0,"key":"Meat on the Bone"},{"floor":9.0,"key":"Bronze Scales"},{"floor":10.0,"key":"Mercury Hourglass"},{"floor":12.0,"key":"Gremlin Horn"},{"floor":23.0,"key":"Bottled Flame"},{"floor":25,"key":"Frozen Egg 2"},{"floor":26,"key":"Vajra"},{"floor":29,"key":"Red Mask"},{"floor":30,"key":"StrikeDummy"},{"floor":32,"key":"Molten Egg 2"},{"floor":40,"key":"Bag of Preparation"},{"floor":41,"key":"Singing Bowl"},{"floor":42,"key":"Orichalcum"},{"floor":43,"key":"Bottled Lightning"},{"floor":44,"key":"HornCleat"},{"floor":45,"key":"Centennial Puzzle"},{"floor":47,"key":"Question Card"},{"floor":49,"key":"Bag of Marbles"}],"event_choices":[{"damage_healed":0.0,"max_hp_gain":0.0,"max_hp_loss":0.0,"gold_gain":75.0,"event_name":"World of Goop","player_choice":"Gather Gold","floor":5.0,"gold_loss":0.0,"damage_taken":11.0},{"damage_healed":0.0,"max_hp_gain":0.0,"max_hp_loss":0.0,"gold_gain":0.0,"event_name":"Upgrade Shrine","player_choice":"Upgraded","floor":11.0,"gold_loss":0.0,"damage_taken":0.0,"cards_upgraded":["Prepared"]},{"damage_healed":0,"gold_gain":99,"player_choice":"Stole From Cult","damage_taken":0,"max_hp_gain":0,"max_hp_loss":0,"event_name":"Nest","floor":27,"gold_loss":0},{"damage_healed":0,"gold_gain":0,"player_choice":"Fought Bandits","damage_taken":0,"max_hp_gain":0,"max_hp_loss":0,"event_name":"Masked Bandits","floor":29,"gold_loss":0},{"damage_healed":0,"gold_gain":0,"player_choice":"Max HP","damage_taken":0,"max_hp_gain":0,"max_hp_loss":4,"event_name":"Winding Halls","floor":37,"gold_loss":0},{"damage_healed":64,"gold_gain":0,"player_choice":"Heal","damage_taken":0,"max_hp_gain":0,"max_hp_loss":9,"event_name":"The Moai Head","floor":46,"gold_loss":0}],"is_beta":false,"boss_relics":[{"not_picked":["Velvet Choker","Empty Cage"],"picked":"Coffee Dripper"},{"not_picked":["Snecko Eye","Cursed Key"],"picked":"WristBlade"}],"items_purged_floors":[],"is_endless":false,"potions_floor_spawned":[2,12,19,22,23,25,29,33,35,38,39,42],"ascension_level":11}}