{"host":"yptvp0rjza9g9li7","time":1610285003,"event":{"mods":["AchievementEnabler","BaseMod","Colored Map","Colored Powertips","DeckTracker","Minty Spire (QoL Compilation)","SuperFastMode"],"gold_per_floor":[115,126,143,143,160,187,187,187,187,187,187,199,111,134,146,158,158],"floor_reached":16,"playtime":375,"items_purged":[],"score":102,"play_id":"b2b73eb3-952e-4ff9-aa13-62b85cbd0e17","local_time":"20210110222323","is_ascension_mode":false,"campfire_choices":[{"data":"Flex","floor":7,"key":"SMITH"},{"data":"Shrug It Off","floor":10,"key":"SMITH"},{"data":"Pommel Strike","floor":15,"key":"SMITH"}],"circlet_count":0,"master_deck":["Strike_R","Strike_R","Strike_R","Strike_R","Defend_R","Defend_R","Defend_R","Defend_R","Bash","Deep Breath","Pommel Strike+1","Anger","Flex+1","Shrug It Off+1","Anger","Dropkick","Dark Embrace"],"relics":["Burning Blood","Turnip","TungstenRod","MawBank"],"acts_visited":["Exordium"],"potions_floor_usage":[6,12],"damage_taken":[{"damage":16,"enemies":"Jaw Worm","floor":1,"turns":5},{"damage":0,"enemies":"2 Louse","floor":2,"turns":3},{"damage":6,"enemies":"Small Slimes","floor":3,"turns":3},{"damage":12,"enemies":"Blue Slaver","floor":5,"turns":2},{"damage":28,"enemies":"Gremlin Nob","floor":6,"turns":4},{"damage":0,"enemies":"Lots of Slimes","floor":12,"turns":2},{"damage":8,"enemies":"2 Fungi Beasts","floor":14,"turns":2},{"damage":40,"enemies":"The Guardian","floor":16,"turns":9}],"seed_played":"-1775645439773657530","potions_obtained":[{"floor":2,"key":"EssenceOfSteel"},{"floor":5,"key":"Explosive Potion"}],"is_trial":false,"path_per_floor":["M","M","M","?","M","E","R","?","T","R","?","M","?","M","R","B"],"character_chosen":"IRONCLAD","items_purchased":[],"campfire_rested":0,"item_purchase_floors":[],"current_hp_per_floor":[70,76,76,76,70,48,48,36,36,36,36,42,42,40,40,0,0],"gold":158,"neow_bonus":"RANDOM_COLORLESS","is_daily":false,"chose_seed":false,"campfire_upgraded":3,"win_rate":0.0,"timestamp":1610285003,"path_taken":["M","M","M","?","M","E","R","?","T","R","?","?","?","M","R","BOSS"],"items_purchased_type":[],"build_version":"2020-12-22","purchased_purges":0,"victory":false,"max_hp_per_floor":[80,80,80,80,80,80,80,80,80,80,80,80,80,80,80,80,80],"card_choices":[{"not_picked":["Trip","Forethought"],"picked":"Deep Breath","floor":0},{"not_picked":["Twin Strike","Disarm"],"picked":"Pommel Strike","floor":1},{"not_picked":["Heavy Blade","Clothesline"],"picked":"Anger","floor":2},{"not_picked":["Entrench","Cleave"],"picked":"Flex","floor":3},{"not_picked":["Hemokinesis","Spot Weakness"],"picked":"Shrug It Off","floor":5},{"not_picked":["Pommel Strike","Metallicize"],"picked":"Anger","floor":6},{"not_picked":["Fire Breathing","Heavy Blade"],"picked":"Dropkick","floor":12},{"not_picked":["Limit Break","Clothesline"],"picked":"Dark Embrace","floor":14}],"player_experience":195263,"relics_obtained":[{"floor":6,"key":"Turnip"}],"event_choices":[{"cards_removed":["Strike_R"],"damage_healed":0,"gold_gain":0,"player_choice":"Forget","damage_taken":0,"max_hp_gain":0,"max_hp_loss":0,"event_name":"Living Wall","floor":4,"gold_loss":0},{"damage_healed":0,"gold_gain":0,"player_choice":"Success","damage_taken":12,"relics_obtained":["TungstenRod"],"max_hp_gain":0,"max_hp_loss":0,"event_name":"Scrap Ooze","floor":8,"gold_loss":0},{"damage_healed":0,"gold_gain":0,"player_choice":"Ignored","damage_taken":0,"max_hp_gain":0,"max_hp_loss":0,"event_name":"NoteForYourself","floor":11,"gold_loss":0},{"damage_healed":0,"gold_gain":0,"player_choice":"Paid Gold","damage_taken":0,"relics_obtained":["MawBank"],"max_hp_gain":0,"max_hp_loss":0,"event_name":"WeMeetAgain","floor":13,"gold_loss":88}],"is_beta":false,"boss_relics":[],"items_purged_floors":[],"is_endless":false,"potions_floor_spawned":[2,5],"killed_by":"The Guardian","ascension_level":0}}