{"host":"3ikutf0nfngyhvfs","time":1610267248,"event":{"mods":["AchievementEnabler","BaseMod","Downfall","Hermit","Minty Spire (QoL Compilation)","StSLib","The Construct","The Cursed","The Disciple","The Hierophant","The Poker Player","The Runesmith"],"gold_per_floor":[109,109,125,140,140,175,189,202,227,242,274,274,124,154,154,261,261,279,299,314,331,348,382,389,389],"floor_reached":24,"playtime":2295,"items_purged":["hermit:Defend_Hermit"],"score":232,"play_id":"24c98eed-07dd-4913-8c97-ba4864214fb2","local_time":"20210110022728","is_ascension_mode":false,"campfire_choices":[{"data":"hermit:Scavenge","floor":12,"key":"SMITH"},{"data":"hermit:Combo","floor":15,"key":"SMITH"}],"circlet_count":0,"master_deck":["hermit:Strike_Hermit","hermit:Strike_Hermit","hermit:Strike_Hermit","hermit:Strike_Hermit","hermit:Defend_Hermit","hermit:Defend_Hermit","hermit:Defend_Hermit","hermit:Snapshot","hermit:Covet","hermit:FlashPowder","hermit:BigShot","hermit:Scavenge+1","hermit:Deadeye","hermit:Combo+1","hermit:Gambit","hermit:GoldenBullet","hermit:Snipe","hermit:TakeAim+1"],"relics":["Philosopher\u0027s Stone","Strawberry","Pen Nib","Happy Flower","Ancient Tea Set","Vajra","Runic Pyramid","Nunchaku"],"acts_visited":["Exordium","TheCity"],"potions_floor_usage":[6,7,23,23,24],"damage_taken":[{"damage":0,"enemies":"Small Slimes","floor":1,"turns":3},{"damage":1,"enemies":"2 Louse","floor":3,"turns":3},{"damage":0,"enemies":"Jaw Worm","floor":4,"turns":3},{"damage":25,"enemies":"3 Sentries","floor":6,"turns":11},{"damage":14,"enemies":"Large Slime","floor":7,"turns":7},{"damage":7,"enemies":"Exordium Thugs","floor":8,"turns":5},{"damage":0,"enemies":"Looter","floor":10,"turns":3},{"damage":23,"enemies":"Gremlin Nob","floor":11,"turns":4},{"damage":36,"enemies":"Slime Boss","floor":16,"turns":7},{"damage":0,"enemies":"Shell Parasite","floor":18,"turns":2},{"damage":11,"enemies":"Spheric Guardian","floor":19,"turns":4},{"damage":13,"enemies":"Shelled Parasite and Fungi","floor":20,"turns":3},{"damage":20,"enemies":"3 Cultists","floor":21,"turns":5},{"damage":30,"enemies":"Snake Plant","floor":22,"turns":3},{"damage":6,"enemies":"Gremlin Leader","floor":23,"turns":5},{"damage":7,"enemies":"Masked Bandits","floor":24,"turns":1}],"seed_played":"-3164757501795333372","potions_obtained":[{"floor":3,"key":"FairyPotion"},{"floor":4,"key":"SpeedPotion"},{"floor":6,"key":"SkillPotion"},{"floor":20,"key":"construct:ShiftPotion"},{"floor":21,"key":"BlessingOfTheForge"},{"floor":23,"key":"Explosive Potion"}],"is_trial":false,"path_per_floor":["M","?","M","M","?","E","M","M","T","M","E","R","$","?","R","B",null,"M","M","M","M","M","E","?"],"character_chosen":"HERMIT","items_purchased":["hermit:Combo"],"campfire_rested":0,"item_purchase_floors":[13],"current_hp_per_floor":[75,70,69,69,74,49,35,28,28,28,5,5,5,5,5,26,87,87,76,63,43,13,7,0,0],"gold":389,"neow_bonus":"BOSS_RELIC","is_daily":false,"chose_seed":false,"campfire_upgraded":2,"win_rate":0.0,"timestamp":1610267248,"path_taken":["M","?","M","M","?","E","M","M","T","M","E","R","$","?","R","BOSS","M","M","M","M","M","E","?"],"items_purchased_type":["Card"],"build_version":"2020-12-22","purchased_purges":1,"victory":false,"max_hp_per_floor":[75,82,82,82,87,87,87,87,87,87,87,87,87,87,87,87,87,87,87,87,87,87,87,87,87],"card_choices":[{"not_picked":["hermit:Headshot","hermit:Desperado","hermit:Coalescence"],"picked":"SKIP","floor":1},{"not_picked":["hermit:EternalForm","hermit:Desperado"],"picked":"hermit:FlashPowder","floor":3},{"not_picked":["hermit:Misfire","hermit:ItchyTrigger","hermit:HighCaliber"],"picked":"SKIP","floor":4},{"not_picked":["hermit:Spite","hermit:Desperado","hermit:Misfire"],"picked":"SKIP","floor":6},{"not_picked":["hermit:Roulette","hermit:Feint"],"picked":"hermit:BigShot","floor":7},{"not_picked":["hermit:Purgatory","hermit:BigShot"],"picked":"hermit:Scavenge","floor":8},{"not_picked":["hermit:Coalescence","hermit:Midnight","hermit:WideOpen"],"picked":"SKIP","floor":10},{"not_picked":["hermit:Glare","hermit:Coalescence"],"picked":"hermit:Deadeye","floor":11},{"not_picked":["hermit:Reprieve","hermit:FinalCanter"],"picked":"hermit:Gambit","floor":16},{"not_picked":["hermit:TrackingShot","hermit:SprayPray"],"picked":"hermit:GoldenBullet","floor":18},{"not_picked":["hermit:Ricochet+1","hermit:HoleUp"],"picked":"hermit:Snipe","floor":19},{"not_picked":["hermit:Vantage","hermit:Quickdraw","hermit:Headshot"],"picked":"SKIP","floor":20},{"not_picked":["hermit:Dive","hermit:CalledShot","hermit:LuckOfTheDraw"],"picked":"SKIP","floor":21},{"not_picked":["hermit:Coalescence","hermit:CalledShot+1"],"picked":"hermit:TakeAim+1","floor":22},{"not_picked":["hermit:Grudge","hermit:TakeAim","hermit:Roulette"],"picked":"SKIP","floor":23}],"player_experience":460101,"relics_obtained":[{"floor":6,"key":"Pen Nib"},{"floor":9,"key":"Happy Flower"},{"floor":11,"key":"Ancient Tea Set"},{"floor":23,"key":"Nunchaku"}],"event_choices":[{"damage_healed":0,"gold_gain":0,"player_choice":"Success","damage_taken":12,"relics_obtained":["Strawberry"],"max_hp_gain":0,"max_hp_loss":0,"event_name":"Scrap Ooze","floor":2,"gold_loss":0},{"damage_healed":0,"gold_gain":0,"player_choice":"Donut","damage_taken":0,"max_hp_gain":5,"max_hp_loss":0,"event_name":"Big Fish","floor":5,"gold_loss":0},{"damage_healed":0,"gold_gain":30,"player_choice":"Searched \u00272\u0027 times","damage_taken":0,"relics_obtained":["Vajra"],"max_hp_gain":0,"max_hp_loss":0,"event_name":"Dead Adventurer","floor":14,"gold_loss":0},{"damage_healed":0,"gold_gain":0,"player_choice":"Fought Bandits","damage_taken":0,"max_hp_gain":0,"max_hp_loss":0,"event_name":"Masked Bandits","floor":24,"gold_loss":0}],"is_beta":false,"boss_relics":[{"not_picked":["Runic Dome","construct:WeddingRing"],"picked":"Runic Pyramid"}],"items_purged_floors":[13],"is_endless":false,"potions_floor_spawned":[3,4,6,20,21,23],"killed_by":"Masked Bandits","ascension_level":0}}