{"host":"359hz4210ybch7ku","time":1610246042,"event":{"mods":["BaseMod","Block Reminder","Colored Map","Colored Powertips","Highlight Path","Minty Spire (QoL Compilation)","Slay the Relics Exporter","StSLib"],"gold_per_floor":[13,13,13,28,39,39,314,314,314,314,326,326,338,8,8,113,113,126,146,76,76,87,87,120,120,145,174,192,192,205,217,217,316,366,386,41,41,91,91,91,133,133,133,133,194,225,225,225,225],"floor_reached":48,"playtime":3388,"items_purged":["Regret","Strike_P"],"score":677,"play_id":"14d9c37e-7f19-4925-8e0f-0714625f2e31","local_time":"20210109183402","is_ascension_mode":true,"campfire_choices":[{"data":"Study","floor":6,"key":"SMITH"},{"data":"FlurryOfBlows","floor":8,"key":"SMITH"},{"data":"Vigilance","floor":10,"key":"SMITH"},{"data":"Consecrate","floor":12,"key":"SMITH"},{"data":"EmptyMind","floor":15,"key":"SMITH"},{"data":"Adaptation","floor":23,"key":"SMITH"},{"data":"ForeignInfluence","floor":25,"key":"SMITH"},{"floor":29,"key":"REST"},{"data":"BowlingBash","floor":32,"key":"SMITH"},{"data":"DevaForm","floor":40,"key":"SMITH"},{"floor":42,"key":"REST"},{"floor":44,"key":"REST"}],"circlet_count":0,"master_deck":["Strike_P+1","Strike_P+1","Defend_P","Defend_P+1","Eruption+1","Vigilance+1","FlurryOfBlows+1","Study+1","Consecrate+1","EmptyMind+1","DeusExMachina","ForeignInfluence+1","FollowUp+1","SignatureMove","Adaptation+1","LessonLearned+1","InnerPeace","BowlingBash+1","FollowUp","DevaForm+1","Crescendo","FlurryOfBlows","Halt","MentalFortress+1","FlurryOfBlows+1"],"relics":["PureWater","Ornamental Fan","Anchor","Mercury Hourglass","Empty Cage","Juzu Bracelet","Damaru","Boot","CloakClasp","Tiny House","Ancient Tea Set","Torii","Pantograph","CeramicFish","Calipers","StoneCalendar","Bottled Tornado"],"acts_visited":["Exordium","TheCity","TheBeyond"],"potions_floor_usage":[16,28,31,33,41],"damage_taken":[{"damage":0,"enemies":"Jaw Worm","floor":1,"turns":3},{"damage":2,"enemies":"2 Louse","floor":4,"turns":3},{"damage":3,"enemies":"Cultist","floor":5,"turns":3},{"damage":2,"enemies":"Exordium Wildlife","floor":11,"turns":3},{"damage":0,"enemies":"3 Louse","floor":13,"turns":1},{"damage":17,"enemies":"Slime Boss","floor":16,"turns":6},{"damage":18,"enemies":"3 Byrds","floor":18,"turns":3},{"damage":0,"enemies":"Chosen","floor":19,"turns":2},{"damage":0,"enemies":"Snake Plant","floor":22,"turns":2},{"damage":0,"enemies":"Slavers","floor":24,"turns":2},{"damage":0,"enemies":"Gremlin Leader","floor":27,"turns":4},{"damage":1,"enemies":"Shelled Parasite and Fungi","floor":28,"turns":3},{"damage":5,"enemies":"Centurion and Healer","floor":30,"turns":4},{"damage":15,"enemies":"Snake Plant","floor":31,"turns":3},{"damage":20,"enemies":"Automaton","floor":33,"turns":6},{"damage":20,"enemies":"3 Shapes","floor":35,"turns":3},{"damage":20,"enemies":"Mind Bloom Boss Battle","floor":38,"turns":3},{"damage":35,"enemies":"Giant Head","floor":41,"turns":6},{"damage":14,"enemies":"2 Orb Walkers","floor":45,"turns":3},{"damage":14,"enemies":"Reptomancer","floor":46,"turns":4},{"damage":26,"enemies":"Nemesis","floor":48,"turns":3}],"seed_played":"6530837833137569603","potions_obtained":[{"floor":1,"key":"SkillPotion"},{"floor":11,"key":"Weak Potion"},{"floor":13,"key":"Ancient Potion"},{"floor":22,"key":"SkillPotion"},{"floor":30,"key":"Swift Potion"},{"floor":33,"key":"Ancient Potion"},{"floor":34,"key":"Regen Potion"},{"floor":41,"key":"SteroidPotion"},{"floor":46,"key":"Energy Potion"}],"is_trial":false,"path_per_floor":["M","?","?","M","M","R","?","R","T","R","M","R","M","$","R","B",null,"M","M","$","?","M","R","E","R","T","E","M","R","M","M","R","B",null,"M","$","?","?","T","R","E","R","T","R","?","E","?","E"],"character_chosen":"WATCHER","items_purchased":["Mercury Hourglass","SignatureMove","Ancient Tea Set","FlurryOfBlows","Halt"],"campfire_rested":3,"item_purchase_floors":[14,20,36,36,36],"current_hp_per_floor":[72,72,72,70,67,67,67,67,67,67,65,65,65,65,65,48,72,54,54,54,54,54,54,54,54,54,54,53,72,67,52,52,32,77,57,57,57,37,37,37,7,30,30,53,39,25,25,0,0],"gold":225,"neow_bonus":"REMOVE_TWO","is_daily":false,"chose_seed":false,"campfire_upgraded":9,"win_rate":0.0,"timestamp":1610246042,"path_taken":["M","?","?","M","M","R","?","R","T","R","?","R","M","$","R","BOSS","M","M","$","?","M","R","E","R","T","E","M","R","M","M","R","BOSS","M","$","?","?","?","R","E","R","T","R","?","E","?","E"],"items_purchased_type":["Relic","Card","Relic","Card","Card"],"build_version":"2020-12-22","purchased_purges":2,"victory":false,"max_hp_per_floor":[72,72,72,72,72,72,72,72,72,72,72,72,72,72,72,72,72,72,72,72,72,72,72,72,72,72,72,72,72,72,72,72,72,77,77,77,77,77,77,77,77,77,77,77,77,77,77,77,77],"card_choices":[{"not_picked":["Weave","ClearTheMind"],"picked":"FlurryOfBlows","floor":1},{"not_picked":["Conclude","CarveReality"],"picked":"Study","floor":4},{"not_picked":["FollowUp","Halt"],"picked":"Consecrate","floor":5},{"not_picked":["Crescendo","ThirdEye"],"picked":"EmptyMind","floor":11},{"not_picked":["CrushJoints","PathToVictory","Crescendo"],"picked":"SKIP","floor":13},{"not_picked":["DevaForm","Devotion"],"picked":"DeusExMachina","floor":16},{"not_picked":["Prostrate","JustLucky+1"],"picked":"ForeignInfluence","floor":18},{"not_picked":["WheelKick","FlyingSleeves+1"],"picked":"FollowUp+1","floor":19},{"not_picked":["JustLucky","Protect"],"picked":"Adaptation","floor":22},{"not_picked":["EmptyBody","Protect+1"],"picked":"Consecrate+1","floor":24},{"not_picked":["Perseverance","Adaptation"],"picked":"LessonLearned","floor":27},{"not_picked":["PathToVictory","ThirdEye"],"picked":"InnerPeace","floor":28},{"not_picked":["Evaluate","SashWhip"],"picked":"BowlingBash","floor":30},{"not_picked":["ReachHeaven","Conclude+1"],"picked":"FollowUp","floor":31},{"not_picked":["Omniscience","ConjureBlade"],"picked":"DevaForm","floor":33},{"not_picked":["FollowUp","CrushJoints+1"],"picked":"Crescendo","floor":35},{"not_picked":["SashWhip","EmptyFist+1"],"picked":"MentalFortress+1","floor":41},{"not_picked":["Alpha","Meditate+1"],"picked":"FlurryOfBlows+1","floor":45},{"not_picked":["FearNoEvil+1","Worship+1","PathToVictory+1"],"picked":"SKIP","floor":46}],"player_experience":174733,"relics_obtained":[{"floor":9,"key":"Anchor"},{"floor":24,"key":"Damaru"},{"floor":26,"key":"Boot"},{"floor":27,"key":"CloakClasp"},{"floor":38,"key":"Torii"},{"floor":39,"key":"Pantograph"},{"floor":41,"key":"CeramicFish"},{"floor":43,"key":"Calipers"},{"floor":45,"key":"StoneCalendar"},{"floor":46,"key":"Bottled Tornado"}],"event_choices":[{"damage_healed":0,"gold_gain":0,"player_choice":"Grow","damage_taken":0,"max_hp_gain":0,"max_hp_loss":0,"event_name":"Living Wall","floor":2,"gold_loss":0,"cards_upgraded":["Eruption"]},{"damage_healed":0,"gold_gain":0,"player_choice":"Box","damage_taken":0,"relics_obtained":["Ornamental Fan"],"max_hp_gain":0,"max_hp_loss":0,"event_name":"Big Fish","floor":3,"gold_loss":0,"cards_obtained":["Regret"]},{"damage_healed":0,"gold_gain":275,"player_choice":"Desecrate","damage_taken":0,"max_hp_gain":0,"max_hp_loss":0,"event_name":"Golden Shrine","floor":7,"gold_loss":0,"cards_obtained":["Regret"]},{"damage_healed":0,"gold_gain":0,"player_choice":"Opened","damage_taken":0,"relics_obtained":["Juzu Bracelet"],"max_hp_gain":0,"max_hp_loss":0,"event_name":"The Mausoleum","floor":21,"gold_loss":0},{"cards_removed":["Consecrate"],"damage_healed":0,"gold_gain":0,"player_choice":"Removed Attack","damage_taken":0,"max_hp_gain":0,"max_hp_loss":0,"event_name":"Falling","floor":37,"gold_loss":0},{"damage_healed":0,"gold_gain":0,"player_choice":"Fight","damage_taken":0,"max_hp_gain":0,"max_hp_loss":0,"event_name":"MindBloom","floor":38,"gold_loss":0},{"damage_healed":0,"gold_gain":0,"player_choice":"Fight","damage_taken":0,"max_hp_gain":0,"max_hp_loss":0,"event_name":"Mysterious Sphere","floor":45,"gold_loss":0},{"damage_healed":0,"gold_gain":0,"player_choice":"Memory 1","damage_taken":0,"max_hp_gain":0,"max_hp_loss":0,"event_name":"SensoryStone","floor":47,"gold_loss":0}],"is_beta":false,"boss_relics":[{"not_picked":["Black Star","Snecko Eye"],"picked":"Empty Cage"},{"not_picked":["Coffee Dripper","Astrolabe"],"picked":"Tiny House"}],"items_purged_floors":[14,36],"is_endless":false,"potions_floor_spawned":[1,11,13,22,24,30,33,35,41,46],"killed_by":"Nemesis","ascension_level":3}}