{"host":"whe4vf9w0yuhsr02","time":1610246335,"event":{"mods":["BaseMod","Highlight Path","Lobotomy","LobotomyExtend","Minty Spire (QoL Compilation)","Quick Restart","StSLib"],"gold_per_floor":[117,117,131,131,149,149,162,232,232,232,260,260,260,270,270,369,369,385,400,418,436,27,27,46,79,79,111,111,111,124,124,124,223,223,243,261,280,280,26,53,68,68,68,17,34,44,60,90,90,90,90,90],"floor_reached":53,"playtime":4138,"items_purged":["OSAHOGD","WhiteNight"],"score":849,"play_id":"1f8b5c07-3ff1-47f8-b325-7b820c11f1f2","local_time":"20210110043855","is_ascension_mode":true,"campfire_choices":[{"floor":49.0,"key":"RECALL"}],"circlet_count":0,"master_deck":["SpecialBullet","SpecialBullet","SpecialBullet","SpecialBullet","SpecialBullet","SpecialBullet","SpecialBullet","SpecialBullet","ControlCode","SecurityCode","TrainingCode","Spore+1","InformationCode","Hornet","Horn","SoundOfStar","Diffraction+1","CherryBlossom","Heaven","Regret_ego","DisciplinaryCode","ShedSkin","FourthMatchFlame+1","FourthMatchFlame+1","Twilight+1","HereticApostle","Ecstasy","Adoration","CentralCode","Heaven+1","ParadiseLost+1"],"relics":["CogitoBucket","Bag of Marbles","RabbitCall","LetterFromLob","Question Card","Juzu Bracelet","Theresia","Runic Pyramid","SkinProphecy","Ornamental Fan","Peace Pipe","Anchor","Thread and Needle","Molten Egg 2","Fusion Hammer","Mercury Hourglass","Kunai"],"acts_visited":["Exordium","TheCity","TheBeyond"],"potions_floor_usage":[],"damage_taken":[{"damage":0.0,"enemies":"Small Slimes","floor":1.0,"turns":2.0},{"damage":0.0,"enemies":"2 Louse","floor":3.0,"turns":1.0},{"damage":0.0,"enemies":"Cultist","floor":5.0,"turns":2.0},{"damage":18.0,"enemies":"2 Fungi Beasts","floor":7.0,"turns":3.0},{"damage":8.0,"enemies":"Gremlin Nob","floor":11.0,"turns":3.0},{"damage":57.0,"enemies":"Looter","floor":14.0,"turns":8.0},{"damage":4.0,"enemies":"Hexaghost","floor":16.0,"turns":3.0},{"damage":10.0,"enemies":"Chosen","floor":18.0,"turns":2.0},{"damage":10.0,"enemies":"2 Thieves","floor":19.0,"turns":2.0},{"damage":29.0,"enemies":"Shelled Parasite and Fungi","floor":20.0,"turns":4.0},{"damage":28.0,"enemies":"Sentry and Sphere","floor":21.0,"turns":9.0},{"damage":0.0,"enemies":"Centurion and Healer","floor":24.0,"turns":2.0},{"damage":21.0,"enemies":"Gremlin Leader","floor":25.0,"turns":4.0},{"damage":11.0,"enemies":"Book of Stabbing","floor":27.0,"turns":4.0},{"damage":0.0,"enemies":"3 Cultists","floor":30.0,"turns":2.0},{"damage":6.0,"enemies":"Collector","floor":33.0,"turns":6.0},{"damage":69.0,"enemies":"3 Darklings","floor":35.0,"turns":5.0},{"damage":3.0,"enemies":"Orb Walker","floor":36.0,"turns":2.0},{"damage":0.0,"enemies":"Jaw Worm Horde","floor":37.0,"turns":1.0},{"damage":7.0,"enemies":"Reptomancer","floor":40.0,"turns":5.0},{"damage":0.0,"enemies":"Transient","floor":41.0,"turns":5.0},{"damage":10.0,"enemies":"Maw","floor":45.0,"turns":6.0},{"damage":0.0,"enemies":"3 Darklings","floor":46.0,"turns":1.0},{"damage":16.0,"enemies":"Spire Growth","floor":47.0,"turns":4.0},{"damage":0.0,"enemies":"Giant Head","floor":48.0,"turns":6.0},{"damage":73.0,"enemies":"FixerMidnight","floor":50.0,"turns":10.0},{"damage":43.0,"enemies":"Malkuth","floor":51.0,"turns":12.0},{"damage":57.0,"enemies":"Yesod","floor":51.0,"turns":10.0},{"damage":142.0,"enemies":"Geburah","floor":52.0,"turns":22.0}],"seed_played":"7986565910861870266","potions_obtained":[{"floor":3.0,"key":"GamblersBrew"},{"floor":11.0,"key":"Ancient Potion"},{"floor":16.0,"key":"SkillPotion"},{"floor":18.0,"key":"BlessingOfTheForge"},{"floor":19.0,"key":"AttackPotion"},{"floor":24.0,"key":"Ancient Potion"},{"floor":27.0,"key":"Weak Potion"},{"floor":33.0,"key":"Block Potion"},{"floor":41.0,"key":"Dexterity Potion"},{"floor":47.0,"key":"Dexterity Potion"}],"is_trial":false,"path_per_floor":["M","?","M","?","M","R","M","?","T","R","E","R","M","M","R","B",null,"M","M","M","M","$","R","M","E","T","E","?","R","M","?","R","B",null,"M","M","M","?","$","E","M","R","T","$","M","M","M","E","R","B",null,null,null,null,null],"character_chosen":"Angela","items_purchased":["Ornamental Fan","Heaven","Ecstasy","DuplicationPotion","Swift Potion"],"campfire_rested":0,"item_purchase_floors":[22,22,39,39,44],"current_hp_per_floor":[70,56,64,64,70,70,60,60,60,60,60,60,60,11,11,15,70,68,70,53,37,37,37,48,47,47,56,56,56,67,78,78,80,80,27,38,49,49,49,72,92,92,92,92,94,96,98,100,100,79,93,37],"gold":90,"neow_bonus":"RANDOM_COMMON_RELIC","is_daily":false,"chose_seed":false,"campfire_upgraded":0,"win_rate":0.0,"timestamp":1610246335,"path_taken":["M","?","M","?","M","R","?","?","T","R","E","R","M","M","R","BOSS","M","M","M","M","$","R","M","E","T","E","?","R","M","?","R","BOSS","M","M","M","?","$","E","M","R","T","$","M","M","M","E","R","BOSS"],"items_purchased_type":["Relic","Card","Card","Potion","Potion"],"build_version":"2020-12-22","purchased_purges":2,"victory":true,"max_hp_per_floor":[70,70,70,70,70,70,70,70,70,70,70,70,70,70,70,70,70,70,70,70,70,70,70,72,74,74,76,76,76,78,78,78,80,80,84,86,88,88,88,90,92,92,92,92,94,96,98,100,100,102,106,108],"card_choices":[{"not_picked":["LifeForTheDareDevil"],"picked":"Spore","floor":1.0},{"not_picked":["Regret_ego","Lantern"],"picked":"SKIP","floor":3.0},{"not_picked":["Regret_ego"],"picked":"Lantern","floor":3.0},{"not_picked":["Penitence","Noise"],"picked":"SKIP","floor":5.0},{"not_picked":["RedEyes","CherryBlossom"],"picked":"SKIP","floor":7.0},{"not_picked":["RapturousDream","GrinderMk4"],"picked":"Hornet","floor":11.0},{"not_picked":["Bloodbath","QueenOfHatred"],"picked":"OSAHOGD","floor":14.0},{"not_picked":["Soda","RapturousDream"],"picked":"Horn","floor":14.0},{"not_picked":["TheSmile","Pinks"],"picked":"SoundOfStar","floor":16.0},{"not_picked":["Lantern","Soda","Loneliness"],"picked":"SKIP","floor":18.0},{"not_picked":["Horn","CUTE"],"picked":"Diffraction+1","floor":19.0},{"not_picked":["RedEyes","SomewhereSpear"],"picked":"CherryBlossom","floor":20.0},{"not_picked":["RedEyes","SomewhereSpear","CUTE+1"],"picked":"SKIP","floor":21.0},{"not_picked":["Soda","RapturousDream+1"],"picked":"Regret_ego","floor":24.0},{"not_picked":["CherryBlossom+1","Laetitia_ego"],"picked":"ShedSkin","floor":25.0},{"not_picked":["CrimsonScar","WristCuter+1"],"picked":"FourthMatchFlame+1","floor":27.0},{"not_picked":["Spore","Mimicry"],"picked":"FourthMatchFlame+1","floor":30.0},{"not_picked":["Adoration","CENSORED_ego"],"picked":"Twilight+1","floor":33.0},{"not_picked":["Wingbeat+1","CherryBlossom","Noise"],"picked":"SKIP","floor":35.0},{"not_picked":["RedShoes","MeatLantern"],"picked":"WhiteNight","floor":36.0},{"not_picked":["Laetitia_ego+1","Penitence+1"],"picked":"DaCapo","floor":36.0},{"not_picked":["BlueScar+1","CrimsonScar+1","Lantern+1"],"picked":"SKIP","floor":37.0},{"not_picked":["SomewhereSpear","CENSORED_ego"],"picked":"Adoration","floor":40.0},{"not_picked":["Amita","Lantern+1","Regret_ego"],"picked":"SKIP","floor":41.0},{"not_picked":["Regret_ego+1","SomewhereSpear","Lantern+1"],"picked":"SKIP","floor":45.0},{"not_picked":["Pleasure+1","Penitence+1","CherryBlossom"],"picked":"SKIP","floor":46.0},{"not_picked":["SomewhereSpear+1","BloodyDesire"],"picked":"Heaven+1","floor":47.0},{"not_picked":["Beak+1","Noise"],"picked":"ParadiseLost+1","floor":48.0}],"player_experience":450893,"relics_obtained":[{"floor":1.0,"key":"LetterFromLob"},{"floor":9.0,"key":"Question Card"},{"floor":11.0,"key":"Juzu Bracelet"},{"floor":25.0,"key":"Peace Pipe"},{"floor":26.0,"key":"Anchor"},{"floor":27.0,"key":"Thread and Needle"},{"floor":40.0,"key":"Mercury Hourglass"},{"floor":48.0,"key":"Kunai"}],"event_choices":[{"damage_healed":0.0,"max_hp_gain":0.0,"max_hp_loss":0.0,"gold_gain":0.0,"event_name":"Shining Light","player_choice":"Entered Light","floor":2.0,"gold_loss":0.0,"damage_taken":14.0,"cards_upgraded":["Spore"]},{"damage_healed":0.0,"max_hp_gain":0.0,"max_hp_loss":0.0,"gold_gain":0.0,"event_name":"Accursed Blacksmith","player_choice":"Forge","floor":4.0,"gold_loss":0.0,"damage_taken":0.0,"cards_upgraded":["Lantern"]},{"damage_healed":0.0,"max_hp_gain":0.0,"max_hp_loss":0.0,"gold_gain":70.0,"event_name":"Golden Wing","player_choice":"Gained Gold","floor":8.0,"gold_loss":0.0,"damage_taken":0.0},{"damage_healed":0.0,"max_hp_gain":0.0,"max_hp_loss":0.0,"gold_gain":0.0,"event_name":"Addict","player_choice":"Stole Relic","floor":28.0,"gold_loss":0.0,"damage_taken":0.0,"relics_obtained":["Molten Egg 2"],"cards_obtained":["Shame"]},{"damage_healed":26.0,"max_hp_gain":0.0,"max_hp_loss":0.0,"gold_gain":0.0,"event_name":"The Library","player_choice":"Heal","floor":31.0,"gold_loss":0.0,"damage_taken":0.0},{"cards_removed":["Lantern"],"damage_healed":0.0,"max_hp_gain":0.0,"max_hp_loss":0.0,"gold_gain":0.0,"event_name":"Falling","player_choice":"Removed Attack","floor":38.0,"gold_loss":0.0,"damage_taken":0.0}],"is_beta":false,"boss_relics":[{"not_picked":["Coffee Dripper","Runic Dome"],"picked":"Runic Pyramid"},{"not_picked":["SacredBark","Snecko Eye"],"picked":"Fusion Hammer"}],"items_purged_floors":[22,39],"is_endless":false,"potions_floor_spawned":[3,11,16,18,19,20,24,27,33,41,45,46,47],"ascension_level":1}}