{"host":"u7lm8z2rvb4dg2oo","time":1610264544,"event":{"mods":["AchievementEnabler","BaseMod","Colored Map","Colored Powertips","Curses Come First","Googly Eyes","Highlight Path","Minty Spire (QoL Compilation)","Quick Restart","StSLib"],"gold_per_floor":[364,61,61,61,76,76,92,68,94,94,94,114,155,171,171,302,302,322,237,262,282,282,282],"floor_reached":22,"playtime":741,"items_purged":[],"score":211,"play_id":"ab5b1063-504e-4cec-9184-94c453bdb8b8","local_time":"20210110024224","is_ascension_mode":false,"campfire_choices":[{"data":"Accuracy","floor":6.0,"key":"SMITH"},{"data":"Blade Dance","floor":10.0,"key":"SMITH"},{"floor":15.0,"key":"REST"}],"circlet_count":0,"master_deck":["Strike_G","Strike_G","Strike_G","Strike_G+1","Strike_G","Defend_G","Defend_G","Defend_G","Defend_G","Defend_G","Survivor+1","Neutralize","Regret","Cloak And Dagger","Accuracy+1","Endless Agony","Backflip","Blade Dance+1","Phantasmal Killer","Night Terror","Cloak And Dagger","Dash","Well Laid Plans+1"],"relics":["Ring of the Serpent","Snake Skull","Ninja Scroll","PreservedInsect","Golden Idol","Pantograph","Frozen Egg 2"],"acts_visited":["Exordium","TheCity"],"potions_floor_usage":[],"damage_taken":[{"damage":2.0,"enemies":"2 Louse","floor":1.0,"turns":3.0},{"damage":1.0,"enemies":"Small Slimes","floor":5.0,"turns":2.0},{"damage":1.0,"enemies":"Jaw Worm","floor":7.0,"turns":3.0},{"damage":4.0,"enemies":"Blue Slaver","floor":12.0,"turns":3.0},{"damage":0.0,"enemies":"Lagavulin","floor":13.0,"turns":2.0},{"damage":5.0,"enemies":"2 Fungi Beasts","floor":14.0,"turns":2.0},{"damage":18.0,"enemies":"Hexaghost","floor":16.0,"turns":9.0},{"damage":29.0,"enemies":"Chosen","floor":18.0,"turns":5.0},{"damage":5.0,"enemies":"2 Thieves","floor":20.0,"turns":2.0},{"damage":4.0,"enemies":"Cultist and Chosen","floor":21.0,"turns":4.0},{"damage":35,"enemies":"Snake Plant","floor":22,"turns":4}],"seed_played":"2451311876239016431","potions_obtained":[{"floor":5.0,"key":"Explosive Potion"},{"floor":16.0,"key":"Swift Potion"},{"floor":21.0,"key":"Ancient Potion"}],"is_trial":false,"path_per_floor":["M","$","?","?","M","R","M","$","T","R","?","M","E","M","R","B",null,"M","?","M","M","M"],"character_chosen":"THE_SILENT","items_purchased":["Snake Skull","Accuracy","Endless Agony","Blade Dance"],"campfire_rested":1,"item_purchase_floors":[2,2,2,8],"current_hp_per_floor":[68,68,65,51,50,50,49,49,49,49,32,28,28,23,44,51,70,41,41,36,32,0,0],"gold":282,"neow_bonus":"TWO_FIFTY_GOLD","is_daily":false,"chose_seed":false,"campfire_upgraded":2,"win_rate":0.0,"timestamp":1610264544,"path_taken":["M","$","?","?","M","R","M","$","T","R","?","M","E","M","R","BOSS","M","?","M","M","M"],"items_purchased_type":["Relic","Card","Card","Card"],"build_version":"2020-12-22","purchased_purges":0,"victory":false,"max_hp_per_floor":[70,70,70,70,70,70,70,70,70,70,70,70,70,70,70,70,70,70,70,70,70,70,70],"card_choices":[{"not_picked":["PiercingWail","Bouncing Flask"],"picked":"Cloak And Dagger","floor":1.0},{"not_picked":["Dodge and Roll","Outmaneuver","Sucker Punch"],"picked":"SKIP","floor":5.0},{"not_picked":["Deflect","Dodge and Roll"],"picked":"Backflip","floor":7.0},{"not_picked":["Infinite Blades","Acrobatics","Quick Slash"],"picked":"SKIP","floor":12.0},{"not_picked":["Poisoned Stab","Caltrops"],"picked":"Phantasmal Killer","floor":13.0},{"not_picked":["Flying Knee","Dagger Spray","Infinite Blades"],"picked":"SKIP","floor":14.0},{"not_picked":["Corpse Explosion","Bullet Time"],"picked":"Night Terror","floor":16.0},{"not_picked":["Slice","Prepared"],"picked":"Cloak And Dagger","floor":18.0},{"not_picked":["Dagger Spray","Slice"],"picked":"Dash","floor":20.0},{"not_picked":["Slice","Distraction+1"],"picked":"Well Laid Plans+1","floor":21.0}],"player_experience":930447,"relics_obtained":[{"floor":9.0,"key":"PreservedInsect"},{"floor":13.0,"key":"Pantograph"}],"event_choices":[{"damage_healed":0.0,"max_hp_gain":0.0,"max_hp_loss":0.0,"gold_gain":0.0,"event_name":"Scrap Ooze","player_choice":"Success","floor":3.0,"gold_loss":0.0,"damage_taken":3.0,"relics_obtained":["Ninja Scroll"]},{"damage_healed":0.0,"max_hp_gain":0.0,"max_hp_loss":0.0,"gold_gain":0.0,"event_name":"Shining Light","player_choice":"Entered Light","floor":4.0,"gold_loss":0.0,"damage_taken":14.0,"cards_upgraded":["Strike_G","Survivor"]},{"damage_healed":0.0,"max_hp_gain":0.0,"max_hp_loss":0.0,"gold_gain":0.0,"event_name":"Golden Idol","player_choice":"Take Damage","floor":11.0,"gold_loss":0.0,"damage_taken":17.0,"relics_obtained":["Golden Idol"]},{"damage_healed":0.0,"max_hp_gain":0.0,"max_hp_loss":0.0,"gold_gain":0.0,"event_name":"Addict","player_choice":"Obtained Relic","floor":19.0,"gold_loss":85.0,"damage_taken":0.0,"relics_obtained":["Frozen Egg 2"]}],"is_beta":false,"boss_relics":[{"not_picked":["Empty Cage","HoveringKite"],"picked":"Ring of the Serpent"}],"items_purged_floors":[],"is_endless":false,"potions_floor_spawned":[5,16,21],"killed_by":"Snake Plant","ascension_level":0}}