{"host":"fm9e0lfunjlbhzxv","time":1610241850,"event":{"mods":["2.2 Compatiblity","Astrologer","BaseMod","Better Match","Better Skull","Better Third Choice","Colored Map","Colored Powertips","Downfall","Key Reminder","Marisa????????","Minty Spire (QoL Compilation)","Permanent Neow","Rare Cards Sparkle","Relic Stats","Remilia??????","Spicy Shops","StSLib","The Administrix","The Bug Knight","The Disciple","The Servant 0.9.4","The Vixen","slay the spire mod where everything is the same but ironclad has a cowboy hat"],"gold_per_floor":[399,410,429,429,442,468,468,483,496,496,496,516,78,104,124,219,219,219,233,14,14,14,83,163,163,180,205,218,249,219,219,219],"floor_reached":31,"playtime":3615,"items_purged":["sneckomod:Strike","sneckomod:Strike"],"score":361,"play_id":"ad939f9d-23c9-4ff4-86c8-2fba9ec8f11a","local_time":"20210109172410","is_ascension_mode":true,"campfire_choices":[{"data":"sneckomod:TailWhip","floor":1,"key":"SMITH"},{"floor":10,"key":"REST"},{"data":"sneckomod:MasterEye","floor":18,"key":"SMITH"},{"data":"sneckomod:TrashToTreasure","floor":25,"key":"SMITH"}],"circlet_count":0,"master_deck":["sneckomod:Defend","sneckomod:TailWhip+1","sneckomod:SnekBite+1","sneckomod:Unknown","sneckomod:Unknown","sneckomod:UnknownBlock","sneckomod:UnknownWeak","sneckomod:Rotation","sneckomod:Rotation+1","sneckomod:UnknownClassASTROLOGER+1","sneckomod:UnknownUncommonSkill","sneckomod:UnknownEthereal","sneckomod:UnknownVulnerable","sneckomod:MasterEye+1","sneckomod:TrashToTreasure+1","sneckomod:UnknownClassHEXA_GHOST_PURPLE","sneckomod:SoulCleanse","sneckomod:SerpentIdol","sneckomod:MorePower","hexamod:ThirdSeal","sneckomod:UnknownClassREMILIA_COLOR+1","sneckomod:UnknownUncommonAttack","sneckomod:UnknownClassBUGKNIGHT_GRAY_COLOR+1","sneckomod:UnknownBlock+1","sneckomod:UnknownClassREMILIA_COLOR","sneckomod:MasterEye","Envy_TH","sneckomod:Unknown3Cost+1","sneckomod:UnknownClassGREEN+1","sneckomod:UnknownClassTHE_VIXEN_ORANGE+1","sneckomod:SlitherStrike","sneckomod:Unknown2Cost","sneckomod:UnknownRareSkill+1","sneckomod:UnknownRarePower","sneckomod:UnlimitedRolls","sneckomod:UnknownClassRED+1","sneckomod:Unknown2Cost+1","sneckomod:UnknownClassASTROLOGER+1"],"relics":["sneckomod:SneckoSoul","Old Coin","Question Card","Mercury Hourglass","War Paint","Bottled Tornado","Sozu","Ornamental Fan","Bag of Marbles","HollowMod:LifeEnderRelic","sneckomod:LoadedDie","Gremlin Horn","keyreminder:keyreminder","TheVixenMod:UmbreonRelic"],"acts_visited":["Exordium","TheCity"],"potions_floor_usage":[14,23,23,29],"damage_taken":[{"damage":7,"enemies":"Jaw Worm","floor":2,"turns":3},{"damage":2,"enemies":"Cultist","floor":3,"turns":5},{"damage":8,"enemies":"2 Louse","floor":5,"turns":3},{"damage":31,"enemies":"3 Sentries","floor":6,"turns":10},{"damage":2,"enemies":"Blue Slaver","floor":8,"turns":4},{"damage":1,"enemies":"Exordium Wildlife","floor":9,"turns":3},{"damage":0,"enemies":"Gremlin Gang","floor":12,"turns":4},{"damage":0,"enemies":"downfall:FleeingMerchant","floor":13,"turns":4},{"damage":17,"enemies":"Lagavulin","floor":14,"turns":6},{"damage":16,"enemies":"Blue Slaver","floor":15,"turns":3},{"damage":25,"enemies":"downfall:Silent","floor":16,"turns":6},{"damage":12,"enemies":"3 Byrds","floor":19,"turns":4},{"damage":0,"enemies":"downfall:FleeingMerchant","floor":20,"turns":4},{"damage":27,"enemies":"Slavers","floor":23,"turns":5},{"damage":16,"enemies":"Spheric Guardian","floor":26,"turns":5},{"damage":8,"enemies":"Gremlin Leader","floor":27,"turns":4},{"damage":17,"enemies":"Shelled Parasite and Fungi","floor":28,"turns":3},{"damage":32,"enemies":"Book of Stabbing","floor":29,"turns":5},{"damage":0,"enemies":"Book of Stabbing","floor":30,"turns":4},{"damage":6,"enemies":"Chosen and Byrds","floor":31,"turns":1}],"seed_played":"4208121814134918622","potions_obtained":[{"floor":6,"key":"SneckoOil"},{"floor":8,"key":"sneckomod:DiceRollPotion"},{"floor":12,"key":"Block Potion"},{"floor":15,"key":"PowerPotion"},{"floor":16,"key":"ColorlessPotion"}],"is_trial":false,"path_per_floor":["R","M","M","?","M","E","T","M","M","R","?","M","$","E","M","B",null,"R","M","$","?","?","E","T","R","M","E","M","E","?","M"],"character_chosen":"THE_SNECKO","items_purchased":["sneckomod:MasterEye","War Paint","sneckomod:TrashToTreasure","sneckomod:UnknownClassHEXA_GHOST_PURPLE","sneckomod:MasterEye","Ornamental Fan"],"campfire_rested":1,"item_purchase_floors":[13,13,13,13,20,20],"current_hp_per_floor":[81,75,74,74,66,35,35,34,35,60,60,61,63,50,34,9,88,88,78,81,81,81,66,66,66,52,48,33,3,3,0,0],"gold":219,"neow_bonus":"ONE_RARE_RELIC","is_daily":false,"chose_seed":false,"campfire_upgraded":3,"win_rate":0.0,"timestamp":1610241850,"path_taken":["R","M","M","?","M","E","T","M","?","R","?","M","$","E","M","BOSS","R","M","$","?","?","E","T","R","M","E","M","E","?","?"],"items_purchased_type":["Card","Relic","Card","Card","Card","Relic"],"build_version":"2020-12-22","purchased_purges":2,"victory":false,"max_hp_per_floor":[81,82,83,83,83,83,83,84,85,85,85,86,88,88,88,88,88,88,90,93,93,93,95,95,95,97,99,100,102,102,102,102],"relic_stats":{"Sozu":3,"Gremlin Horn":[1,1],"counters":[20,84],"Ornamental Fan":[52],"War Paint":["sneckomod:UnknownClassASTROLOGER","sneckomod:Rotation"],"Question Card":37,"obtain_stats":[{"HollowMod:LifeEnderRelic":24,"sneckomod:LoadedDie":27,"Gremlin Horn":29,"War Paint":13,"Bottled Tornado":14,"sneckomod:SneckoSoul":0,"Question Card":6,"Old Coin":0,"Mercury Hourglass":7,"Sozu":17,"keyreminder:keyreminder":29,"Ornamental Fan":20,"Bag of Marbles":23,"TheVixenMod:UmbreonRelic":30},{"HollowMod:LifeEnderRelic":14,"sneckomod:LoadedDie":16,"Gremlin Horn":18,"War Paint":8,"Bottled Tornado":9,"sneckomod:SneckoSoul":0,"Question Card":4,"Old Coin":0,"Mercury Hourglass":4,"Sozu":11,"keyreminder:keyreminder":18,"Ornamental Fan":13,"Bag of Marbles":14,"TheVixenMod:UmbreonRelic":18},{"HollowMod:LifeEnderRelic":62,"sneckomod:LoadedDie":71,"Gremlin Horn":79,"War Paint":35,"Bottled Tornado":40,"sneckomod:SneckoSoul":0,"Question Card":21,"Old Coin":0,"Mercury Hourglass":21,"Sozu":49,"keyreminder:keyreminder":79,"Ornamental Fan":57,"Bag of Marbles":62,"TheVixenMod:UmbreonRelic":79}],"Mercury Hourglass":[225]},"card_choices":[{"not_picked":["sneckomod:UnknownCommonAttack","sneckomod:UnknownStrike"],"picked":"sneckomod:UnknownBlock","floor":2},{"not_picked":["sneckomod:UnknownStrike","sneckomod:DiceCrush"],"picked":"sneckomod:UnknownWeak","floor":3},{"not_picked":["sneckomod:Unknown1Cost","sneckomod:QuickBite"],"picked":"sneckomod:Rotation","floor":5},{"not_picked":["sneckomod:DiceCrush","sneckomod:IronFang"],"picked":"sneckomod:Rotation","floor":6},{"not_picked":["sneckomod:SlitherStrike","sneckomod:RainOfDice","sneckomod:UnknownWeak"],"picked":"sneckomod:UnknownClassASTROLOGER","floor":8},{"not_picked":["sneckomod:Unknown2Cost","sneckomod:UnknownClassMARISA_DERIVATIONS","sneckomod:SoulDraw"],"picked":"sneckomod:UnknownUncommonSkill","floor":9},{"not_picked":["sneckomod:SnakeSap","sneckomod:DangerNoodle","sneckomod:IronFang"],"picked":"sneckomod:UnknownEthereal","floor":12},{"not_picked":["sneckomod:UnknownCommonSkill","sneckomod:DangerNoodle","sneckomod:SoulDraw"],"picked":"sneckomod:UnknownVulnerable","floor":13},{"not_picked":["sneckomod:Unknown0Cost","sneckomod:QuickBite","sneckomod:UnknownClassSLIMEBOUND"],"picked":"sneckomod:SoulCleanse","floor":14},{"not_picked":["sneckomod:DiceBlock","sneckomod:UnknownCommonSkill","sneckomod:UnknownVulnerable"],"picked":"sneckomod:SerpentIdol","floor":15},{"not_picked":["sneckomod:UnknownRareSkill","sneckomod:Transmogrify","sneckomod:UnknownRarePower"],"picked":"sneckomod:MorePower","floor":16},{"not_picked":["hexamod:FirstSeal","hexamod:FourthSeal","hexamod:SecondSeal"],"picked":"hexamod:ThirdSeal","floor":19},{"not_picked":["sneckomod:UnknownClassRED+1","sneckomod:UnknownVulnerable+1","sneckomod:UnknownClassMARISA_COLOR+1"],"picked":"sneckomod:UnknownClassREMILIA_COLOR+1","floor":19},{"not_picked":["sneckomod:UnknownWeak","sneckomod:SoulRoll","sneckomod:DiceCrush"],"picked":"sneckomod:UnknownUncommonAttack","floor":19},{"not_picked":["sneckomod:UnknownExhaust+1","sneckomod:UnknownClassCHRONO_GOLD+1","sneckomod:UnknownClassREMILIA_COLOR+1"],"picked":"sneckomod:UnknownClassBUGKNIGHT_GRAY_COLOR+1","floor":20},{"not_picked":["sneckomod:Unknown1Cost","sneckomod:SerpentIdol","sneckomod:UnknownCommonAttack"],"picked":"sneckomod:UnknownBlock+1","floor":20},{"not_picked":["sneckomod:UnknownVulnerable","sneckomod:QuickMove","sneckomod:UnknownBlock"],"picked":"sneckomod:UnknownClassREMILIA_COLOR","floor":20},{"not_picked":["sneckomod:Unknown0Cost+1","sneckomod:UnknownClassASTROLOGER+1","sneckomod:UnknownClassRED+1"],"picked":"sneckomod:Unknown3Cost+1","floor":23},{"not_picked":["sneckomod:UnknownClassTHE_VIXEN_ORANGE","sneckomod:MorePower","sneckomod:UnknownWeak"],"picked":"sneckomod:UnknownClassGREEN+1","floor":23},{"not_picked":["sneckomod:UnknownClassRED+1","sneckomod:UnknownClassSILVER+1","sneckomod:UnknownClassSLIMEBOUND+1"],"picked":"sneckomod:UnknownClassTHE_VIXEN_ORANGE+1","floor":26},{"not_picked":["sneckomod:QuickMove","sneckomod:QuickBite","sneckomod:UnknownVulnerable"],"picked":"sneckomod:SlitherStrike","floor":26},{"not_picked":["sneckomod:UnknownVulnerable","sneckomod:QuickMove","sneckomod:SoulDraw"],"picked":"sneckomod:Unknown2Cost","floor":26},{"not_picked":["sneckomod:UnknownClassMARISA_DERIVATIONS+1","sneckomod:UnknownClassCHRONO_GOLD+1","sneckomod:UnknownClassLichGold+1"],"picked":"sneckomod:UnknownRareSkill+1","floor":27},{"not_picked":["sneckomod:UnknownStrike+1","sneckomod:UnknownClassGREEN","sneckomod:SoulRoll"],"picked":"sneckomod:UnknownRarePower","floor":27},{"not_picked":["sneckomod:IronFang","sneckomod:UnknownClassBLUE+1","sneckomod:UnknownCommonAttack"],"picked":"sneckomod:UnlimitedRolls","floor":27},{"not_picked":["sneckomod:UnknownClassTHE_CHAMP_GRAY+1","sneckomod:UnknownExhaust+1","sneckomod:Unknown2Cost+1"],"picked":"sneckomod:UnknownClassRED+1","floor":28},{"not_picked":["sneckomod:SnekBeam+1","sneckomod:UnknownCommonAttack","sneckomod:UnknownStrike","sneckomod:IronFang"],"picked":"SKIP","floor":28},{"not_picked":["sneckomod:UnknownWeak","sneckomod:UnknownClassBUGKNIGHT_GRAY_COLOR","sneckomod:UnknownEthereal"],"picked":"sneckomod:Unknown2Cost+1","floor":29},{"not_picked":["sneckomod:UnknownVulnerable+1","sneckomod:UnknownClassBUGKNIGHT_GRAY_COLOR+1","sneckomod:UnknownCommonSkill+1"],"picked":"sneckomod:UnknownClassASTROLOGER+1","floor":29},{"not_picked":["sneckomod:UnknownClassASTROLOGER","sneckomod:DiceCrush","sneckomod:Unknown1Cost","sneckomod:UnknownClassBUGKNIGHT_GRAY_COLOR"],"picked":"SKIP","floor":29}],"player_experience":727384,"relics_obtained":[{"floor":6,"key":"Question Card"},{"floor":7,"key":"Mercury Hourglass"},{"floor":14,"key":"Bottled Tornado"},{"floor":23,"key":"Bag of Marbles"},{"floor":24,"key":"HollowMod:LifeEnderRelic"},{"floor":27,"key":"sneckomod:LoadedDie"},{"floor":29,"key":"Gremlin Horn"}],"event_choices":[{"damage_healed":0,"gold_gain":0,"player_choice":"Upgraded","damage_taken":0,"max_hp_gain":0,"max_hp_loss":0,"event_name":"Upgrade Shrine","floor":4,"gold_loss":0,"cards_upgraded":["sneckomod:SnekBite"]},{"cards_removed":["sneckomod:Defend"],"damage_healed":0,"gold_gain":0,"player_choice":"Card Removal","damage_taken":0,"max_hp_gain":0,"max_hp_loss":0,"event_name":"The Cleric","floor":11,"gold_loss":0},{"damage_healed":0,"gold_gain":0,"player_choice":"Ignored","damage_taken":0,"max_hp_gain":0,"max_hp_loss":0,"event_name":"Vampires","floor":22,"gold_loss":0},{"damage_healed":0,"gold_gain":0,"player_choice":"Fight the Beast\u0027s assailants","damage_taken":0,"relics_obtained":["TheVixenMod:UmbreonRelic"],"max_hp_gain":0,"max_hp_loss":0,"event_name":"Creature of the Night","floor":30,"gold_loss":0}],"is_beta":false,"boss_relics":[{"not_picked":["Calling Bell","Fusion Hammer"],"picked":"Sozu"}],"items_purged_floors":[13,13],"is_endless":false,"potions_floor_spawned":[6,8,12,15,16,23,26,30],"killed_by":"Chosen and Byrds","ascension_level":2}}