{"host":"tm3ghj8mno6gwywm","time":1610269897,"event":{"mods":["2.2 Compatiblity","AchievementEnabler","Bard","BaseMod","Beaked The Cultist","Better Third Choice","Colored Map","Colored Powertips","Conspire","Downfall","Glutton Mod","GungeonMod","Halation","Hermit","Hubris","Infinite Spire","Jorbs\u0027s Wanderer Trilogy","Lobotomy","Mad Scientist","Marisa????????","Marked Mod","Mimic Mod","Minty Spire (QoL Compilation)","Potionbrewer","Quick Restart","READ ME - Guardian Mod","Replay The Spire","Shade Mod","Shop Mod","Somnambulant","Spicy Shops","StSLib","SuperFastMode","The Bug Knight","The Construct","The Cursed","The Disciple","The Factory","The Hierophant","The IronCluck","The Judge","The Jungle","The Necromancer","The Runesmith","The Servant 0.9.4","egg"],"gold_per_floor":[110,173,190,190,201,211,19,19,19,19,19,52,70,84,84,189,189,209,10,10,10,10,10,44,44,90,90,125,139,238,56,56,157,157,177,177,77,87,87,87,113,113,161,161,191,191,207,252,252,252,252,252,252,32,61,73],"floor_reached":57,"playtime":1384,"items_purged":["Shame"],"score":1517,"play_id":"42b015a3-5c3f-4bf0-87e3-f609b6088005","local_time":"20210110041137","is_ascension_mode":false,"campfire_choices":[{"floor":10,"key":"REST"},{"floor":15,"key":"REST"},{"floor":23,"key":"REST"},{"floor":25,"key":"REST"},{"floor":32,"key":"RECALL"},{"data":"Dualcast","floor":40,"key":"SMITH"},{"data":"Defend_B","floor":44,"key":"SMITH"},{"floor":49,"key":"REST"},{"data":"Defend_B","floor":53,"key":"SMITH"}],"circlet_count":0,"master_deck":["Strike_B+1","Strike_B","Strike_B","Strike_B","Defend_B+1","Defend_B+1","Defend_B+1","Defend_B+1","Zap+1","Dualcast+1","Sunder+1","Hologram+1","Stack+1","Gash+1","Steam+1","Gash+1","Beam Cell+1","Rebound+1","Defragment+1","Sweeping Beam+1","Machine Learning+1","ReplayGash+1","Conserve Battery+1","Conserve Battery+1","ReplaySolidLightProjector+1","Electrodynamics+1","Gash+1","Gash+1","Core Surge+1","Gash+1","White Noise+1","Go for the Eyes+1","Rebound+1","FTL+1","Streamline+1"],"relics":["Cracked Core","Lizard Tail","Mummified Hand","Black Star","Molten Egg 2","Toxic Egg 2","Frozen Egg 2","Quantum Egg","Membership Card","WingedGreaves","Akabeko","champ:Barbells","hubris:OldNail","Juzu Bracelet","Ancient Tea Set","beaked:SacredDeck","Replay:Antivirus Software","infinitespire:WardingShard","hubris:Towel","potionbrewer:SlideRule","SlaversCollar","Oddly Smooth Stone","sneckomod:BlankCard","Gremlin Food","potionbrewer:ToyAutogyro","halation:EternalFortune","Unceasing Top","Pen Nib","DemoMod:NanoMachines","halation:PinkSoulGem","HollowMod:PaleOreRelic","Dream Catcher","hubris:BallOfYels","Replay:Baseball","Runesmith:Nanobots","potionbrewer:AlchemistFlask","conspire:DeflatedDodgeball","infinitespire:Midas Blood"],"acts_visited":["Exordium","TheCity","TheBeyond","TheEnding"],"potions_floor_usage":[12,16,16,33,33,50,56],"damage_taken":[{"damage":6,"enemies":"Jaw Worm","floor":1,"turns":2},{"damage":0,"enemies":"conspire:RoseBush","floor":3,"turns":2},{"damage":0,"enemies":"Cultist","floor":5,"turns":3},{"damage":0,"enemies":"3 Louse","floor":6,"turns":3},{"damage":9,"enemies":"Lagavulin","floor":12,"turns":3},{"damage":7,"enemies":"Blue Slaver","floor":13,"turns":2},{"damage":0,"enemies":"Large Slime","floor":14,"turns":4},{"damage":4,"enemies":"Fading Forest","floor":16,"turns":11},{"damage":23,"enemies":"3 Byrds","floor":18,"turns":4},{"damage":46,"enemies":"Slavers","floor":24,"turns":6},{"damage":0,"enemies":"Gremlin Leader","floor":28,"turns":6},{"damage":5,"enemies":"3 Cultists","floor":29,"turns":4},{"damage":0,"enemies":"Champ","floor":33,"turns":7},{"damage":0,"enemies":"3 Shapes","floor":35,"turns":1},{"damage":0,"enemies":"Orb Walker","floor":38,"turns":2},{"damage":0,"enemies":"Giant Head","floor":41,"turns":6},{"damage":6,"enemies":"Nemesis","floor":45,"turns":3},{"damage":13,"enemies":"Spire Growth","floor":47,"turns":3},{"damage":0,"enemies":"2 Orb Walkers","floor":48,"turns":2},{"damage":0,"enemies":"Time Eater","floor":50,"turns":4},{"damage":0,"enemies":"Shield and Spear","floor":55,"turns":2},{"damage":28,"enemies":"The Heart","floor":56,"turns":6}],"seed_played":"9038293043719607716","potions_obtained":[{"floor":2,"key":"AttackPotion"},{"floor":5,"key":"potionbrewer:AcidPotion"},{"floor":12,"key":"EssenceOfSteel"},{"floor":13,"key":"potionbrewer:EndurancePotion"},{"floor":24,"key":"Reflective Coating"},{"floor":28,"key":"potionbrewer:DiscountPotion"},{"floor":35,"key":"Dexterity Potion"},{"floor":38,"key":"champ:CounterPotion"}],"is_trial":false,"path_per_floor":["M","?","M","?","M","M","$","?","T","R","?","E","M","M","R","B",null,"M","$","?","?","AVR","R","E","R","T","?","E","M","?","$","R","B",null,"M","?","NS","M","?","R","E","?","T","R","E","?","M","?","R","B",null,null,"R","$","E","B",null],"character_chosen":"DEFECT","items_purchased":["Beam Cell+1","champ:Barbells","hubris:OldNail","Rebound+1","Replay:Antivirus Software","infinitespire:WardingShard","DemoMod:NanoMachines","DemoMod:BlankPotion","potionbrewer:SplittingPotion","potionbrewer:CleansingPotion","FTL+1"],"campfire_rested":5,"item_purchase_floors":[7,7,7,7,19,19,31,54,54,54,54],"current_hp_per_floor":[69,39,39,39,39,39,39,39,39,61,61,52,45,45,67,71,75,52,52,52,52,52,74,28,50,50,53,53,48,48,48,48,48,78,78,78,78,78,78,78,78,74,74,74,68,68,58,58,77,77,77,77,77,77,77,49],"gold":73,"neow_bonus":"THREE_CARDS","is_daily":false,"chose_seed":false,"campfire_upgraded":3,"win_rate":0.0,"timestamp":1610269897,"path_taken":["M","?","M","?","?","M","$","?","T","R","?","E","M","M","R","BOSS","M","$","?","?","AVR","R","E","R","T","?","E","M","?","?","R","BOSS","M","?","NS","M","?","R","E","?","T","R","E","?","M","?","R","BOSS","R","$","E","BOSS"],"items_purchased_type":["Card","Relic","Relic","Card","Relic","Relic","Relic","Potion","Potion","Potion","Card"],"build_version":"2020-12-22","purchased_purges":1,"victory":true,"max_hp_per_floor":[75,75,75,75,75,75,75,75,75,75,75,75,75,75,75,75,75,75,75,75,75,75,75,75,75,75,78,78,78,78,78,78,78,78,78,78,78,78,78,78,78,74,74,74,74,74,77,77,77,77,77,77,77,77,77,77],"card_choices":[{"not_picked":["Rebound","Storm"],"picked":"Sunder","floor":0},{"not_picked":["Recycle+1","Redo+1"],"picked":"Hologram+1","floor":1},{"not_picked":["BasicCrystalCard+1","Cold Snap+1"],"picked":"Stack+1","floor":2},{"not_picked":["Sweeping Beam+1","Streamline+1"],"picked":"Gash+1","floor":2},{"not_picked":["Defragment+1","Ball Lightning+1"],"picked":"Steam+1","floor":3},{"not_picked":["Recycle+1","Doom and Gloom+1"],"picked":"ReplayTheSpireMod:Repulse+1","floor":5},{"not_picked":["Rebound+1","Steam+1"],"picked":"Gash+1","floor":6},{"not_picked":["Barrage+1","Hyperbeam+1"],"picked":"Defragment+1","floor":12},{"not_picked":["Redo+1","Capacitor+1"],"picked":"Sweeping Beam+1","floor":13},{"not_picked":["Compile Driver+1","Loop+1","Panic Button+1"],"picked":"SKIP","floor":14},{"not_picked":["Mirror Shield+1","Thunder Strike+1"],"picked":"Machine Learning+1","floor":16},{"not_picked":["Coolheaded+1","Leap+1"],"picked":"Conserve Battery+1","floor":18},{"not_picked":["Cold Snap+1","Barrage+1"],"picked":"Conserve Battery+1","floor":24},{"not_picked":["Fusion+1","ReplaySort+1"],"picked":"Hologram+1","floor":28},{"not_picked":["hubris:Ukulele+1","conspire:Rain+1"],"picked":"ReplaySolidLightProjector+1","floor":29},{"not_picked":["hubris:SpecializedCircuitry+1","Creative AI+1"],"picked":"Electrodynamics+1","floor":33},{"not_picked":["Reinforced Body+1","BootSequence+1"],"picked":"Gash+1","floor":35},{"not_picked":["Scrape+1","Compile Driver+1"],"picked":"Gash+1","floor":38},{"not_picked":["Steam+1","Gash+1"],"picked":"Core Surge+1","floor":41},{"not_picked":["Rebound+1","Steam+1"],"picked":"Gash+1","floor":45},{"not_picked":["Barrage+1","Hologram+1"],"picked":"White Noise+1","floor":47},{"not_picked":["BootSequence+1","Conserve Battery+1"],"picked":"Go for the Eyes+1","floor":48},{"not_picked":["Beam Cell+1","Hyperbeam+1"],"picked":"Rebound+1","floor":49},{"not_picked":["Lockon+1","Rebound+1"],"picked":"Streamline+1","floor":55}],"player_experience":806418,"relics_obtained":[{"floor":2,"key":"Akabeko"},{"floor":12,"key":"Juzu Bracelet"},{"floor":12,"key":"Ancient Tea Set"},{"floor":24,"key":"sneckomod:BlankCard"},{"floor":24,"key":"Gremlin Food"},{"floor":26,"key":"potionbrewer:ToyAutogyro"},{"floor":28,"key":"Unceasing Top"},{"floor":28,"key":"Pen Nib"},{"floor":41,"key":"HollowMod:PaleOreRelic"},{"floor":41,"key":"Dream Catcher"},{"floor":43,"key":"hubris:BallOfYels"},{"floor":45,"key":"Replay:Baseball"},{"floor":45,"key":"Runesmith:Nanobots"},{"floor":47,"key":"halation:EternalFortune"},{"floor":48,"key":"potionbrewer:AlchemistFlask"},{"floor":55,"key":"conspire:DeflatedDodgeball"},{"floor":55,"key":"infinitespire:Midas Blood"}],"event_choices":[{"damage_healed":0,"gold_gain":0,"player_choice":"0 cards matched","damage_taken":0,"max_hp_gain":0,"max_hp_loss":0,"event_name":"Match and Keep!","floor":4,"gold_loss":0,"cards_obtained":[]},{"damage_healed":0,"gold_gain":0,"player_choice":"Stole Relic","damage_taken":0,"relics_obtained":["potionbrewer:SlideRule"],"max_hp_gain":0,"max_hp_loss":0,"event_name":"Addict","floor":21,"gold_loss":0,"cards_obtained":["Shame"]},{"damage_healed":0,"gold_gain":99,"player_choice":"Steal","damage_taken":0,"max_hp_gain":0,"max_hp_loss":0,"event_name":"betterThird:BetterNest","floor":30,"gold_loss":0},{"damage_healed":0,"gold_gain":0,"player_choice":"Max HP","damage_taken":0,"max_hp_gain":0,"max_hp_loss":4,"event_name":"Winding Halls","floor":42,"gold_loss":0},{"damage_healed":0,"gold_gain":0,"player_choice":"Fight","damage_taken":0,"max_hp_gain":0,"max_hp_loss":0,"event_name":"Mysterious Sphere","floor":48,"gold_loss":0}],"is_beta":false,"boss_relics":[{"not_picked":["hubris:ScarierMask","Runic Pyramid"],"picked":"beaked:SacredDeck"},{"not_picked":["halation:CatFaceCupcake","halation:PinkAlligatorPlush","Black Star"]}],"items_purged_floors":[31],"is_endless":false,"potions_floor_spawned":[5,12,13,24,28,35,38,55],"ascension_level":0}}