{"host":"vrsxkkch9ccrec7k","time":1610285394,"event":{"mods":["Act Like it!","BaseMod","Bestiary","Better Third Choice","Better Vampires","Downfall","Minty Spire (QoL Compilation)","Permanent Neow","Relic Stats","Spicy Shops","StSLib"],"gold_per_floor":[99,113,129,129,140,172,172,272,272,372,388,415,340,351,368,470,470,470,470,470,21,21,21,21,21,21,21,21,21,21,21,21,21,21,21,21,21,21,21,21,21,21,21,21,21,21,21,21,21,21],"floor_reached":51,"playtime":6158,"items_purged":[],"score":968,"play_id":"3947d27a-c497-4081-9f36-b7e38cfc72aa","local_time":"20210110082954","is_ascension_mode":true,"campfire_choices":[{"data":"Guardian:TwinSlam","floor":1,"key":"SMITH"},{"data":"Guardian:RollAttack","floor":9,"key":"SMITH"},{"data":"Guardian:ChargeCore","floor":13,"key":"SMITH"},{"data":"Guardian:GemFinder","floor":18,"key":"SMITH"},{"data":"Guardian:FloatingOrbs","floor":23,"key":"SMITH"},{"data":"Guardian:Suspension","floor":26,"key":"SMITH"},{"data":"Guardian:PrismaticBarrier","floor":30,"key":"SMITH"},{"data":"Guardian:AncientConstruct","floor":35,"key":"SMITH"},{"data":"Guardian:CurlUp","floor":40,"key":"SMITH"},{"data":"Guardian:Planning","floor":42,"key":"SMITH"},{"floor":47,"key":"RECALL"}],"circlet_count":0,"master_deck":["Guardian:Defend_Guardian","Guardian:Defend_Guardian","Guardian:Defend_Guardian","Guardian:Defend_Guardian","Guardian:CurlUp+1","Guardian:TwinSlam+1","Guardian:Reroute","Guardian:ChargeCore+1","Guardian:RollAttack+1","Guardian:BronzeArmor+1","Guardian:PrismaticBarrier+1","Guardian:ChargeUp","Guardian:Planning+1","Guardian:Suspension+1","Guardian:PiercingHide","Guardian:GemFinder+1","Guardian:FloatingOrbs+1","Guardian:SentryBeam+1","Guardian:DecasProtection","Guardian:AncientConstruct+1","Guardian:TemporalShield","Guardian:Gem_Green","Guardian:TimeSifter","Guardian:Gem_Green","Guardian:Gem_Green","Guardian:Gem_White","Guardian:SpikerProtocol","Guardian:BaubleBeam"],"relics":["Guardian:ModeShifter","Pear","Ornamental Fan","White Beast Statue","Regal Pillow","downfall:HeartBlessingGreen","downfall:Hecktoplasm","Bag of Preparation","Bird Faced Urn","FossilizedHelix","downfall:HeartBlessingBlue","Happy Flower","Bottled Lightning","Coffee Dripper","Letter Opener","Bronze Scales","Frozen Egg 2","Bag of Marbles"],"acts_visited":["Exordium","TheCity","TheBeyond"],"potions_floor_usage":[10,10,12,15,16,21,28,31,31,43,49,50],"damage_taken":[{"damage":0,"enemies":"Jaw Worm","floor":2,"turns":3},{"damage":0,"enemies":"2 Louse","floor":3,"turns":2},{"damage":0,"enemies":"Cultist","floor":5,"turns":3},{"damage":25,"enemies":"Lagavulin","floor":6,"turns":9},{"damage":13,"enemies":"downfall:Heads","floor":8,"turns":6},{"damage":16,"enemies":"downfall:LadyInBlue","floor":10,"turns":14},{"damage":0,"enemies":"Exordium Wildlife","floor":11,"turns":4},{"damage":5,"enemies":"3 Sentries","floor":12,"turns":5},{"damage":0,"enemies":"3 Louse","floor":14,"turns":2},{"damage":0,"enemies":"Large Slime","floor":15,"turns":5},{"damage":30,"enemies":"downfall:Defect","floor":16,"turns":11},{"damage":0,"enemies":"Spheric Guardian","floor":19,"turns":4},{"damage":0,"enemies":"downfall:FleeingMerchant","floor":21,"turns":4},{"damage":0,"enemies":"Snake Plant","floor":22,"turns":4},{"damage":0,"enemies":"Centurion and Healer","floor":27,"turns":3},{"damage":0,"enemies":"Slavers","floor":28,"turns":5},{"damage":0,"enemies":"Gremlin Leader","floor":31,"turns":5},{"damage":10,"enemies":"Shelled Parasite and Fungi","floor":32,"turns":3},{"damage":9,"enemies":"downfall:Watcher","floor":33,"turns":9},{"damage":0,"enemies":"Orb Walker","floor":36,"turns":3},{"damage":12,"enemies":"3 Darklings","floor":37,"turns":5},{"damage":0,"enemies":"4 Shapes","floor":38,"turns":4},{"damage":0,"enemies":"Maw","floor":39,"turns":8},{"damage":0,"enemies":"Nemesis","floor":43,"turns":9},{"damage":0,"enemies":"Jaw Worm Horde","floor":44,"turns":3},{"damage":0,"enemies":"Giant Head","floor":46,"turns":10},{"damage":0,"enemies":"Sphere and 2 Shapes","floor":49,"turns":4},{"damage":0,"enemies":"downfall:Silent","floor":50,"turns":11}],"seed_played":"6637658088297646772","potions_obtained":[{"floor":3,"key":"Fire Potion"},{"floor":8,"key":"Energy Potion"},{"floor":10,"key":"BlessingOfTheForge"},{"floor":10,"key":"EssenceOfSteel"},{"floor":10,"key":"Ancient Potion"},{"floor":12,"key":"Weak Potion"},{"floor":14,"key":"Fruit Juice"},{"floor":15,"key":"FearPotion"},{"floor":16,"key":"ColorlessPotion"},{"floor":21,"key":"FearPotion"},{"floor":22,"key":"Guardian:AcceleratePotion"},{"floor":27,"key":"Strength Potion"},{"floor":28,"key":"Regen Potion"},{"floor":31,"key":"champ:CounterPotion"},{"floor":32,"key":"Energy Potion"},{"floor":33,"key":"Guardian:DefensiveModePotion"},{"floor":38,"key":"Guardian:AcceleratePotion"},{"floor":39,"key":"ColorlessPotion"},{"floor":43,"key":"Guardian:BlockOnCardUsePotion"},{"floor":49,"key":"champ:CounterPotion"}],"is_trial":false,"path_per_floor":["R","M","M","?","M","E","T","?","R","?","M","E","R","M","M","B",null,"R","M","?","$","M","R","T","T","R","M","E","?","R","E","M","B",null,"R","M","M","M","M","R","T","R","E","M","?","E","R","?","M","B",null],"character_chosen":"GUARDIAN","items_purchased":["Bag of Preparation","Bird Faced Urn"],"campfire_rested":0,"item_purchase_floors":[21,21],"current_hp_per_floor":[80,80,80,80,80,65,65,52,52,36,36,31,31,31,36,6,95,95,95,95,95,95,95,95,95,105,105,105,105,105,105,95,92,105,105,105,93,99,105,105,105,105,105,105,105,105,105,105,105,105],"gold":21,"neow_bonus":"REMOVE_CARD","is_daily":false,"chose_seed":false,"campfire_upgraded":10,"win_rate":0.0,"timestamp":1610285394,"path_taken":["R","M","M","?","M","E","T","?","R","?","?","E","R","M","M","BOSS","R","M","?","$","M","R","T","?","R","M","E","?","R","E","M","BOSS","R","M","M","M","M","R","T","R","E","M","?","E","R","?","M","BOSS"],"items_purchased_type":["Relic","Relic"],"build_version":"2020-12-22","purchased_purges":0,"victory":true,"max_hp_per_floor":[80,80,80,80,80,90,90,90,90,90,90,90,90,90,95,95,95,95,95,95,95,95,95,95,95,105,105,105,105,105,105,105,105,105,105,105,105,105,105,105,105,105,105,105,105,105,105,105,105,105],"relic_stats":{"Regal Pillow":0,"Happy Flower":[24],"counters":[28,158],"Ornamental Fan":[140],"Bird Faced Urn":[18],"Bronze Scales":[65],"Bag of Preparation":[30],"Letter Opener":[221],"obtain_stats":[{"Regal Pillow":12,"Pear":6,"Happy Flower":28,"Guardian:ModeShifter":0,"downfall:HeartBlessingGreen":13,"Bag of Preparation":21,"Letter Opener":41,"Frozen Egg 2":45,"White Beast Statue":10,"Ornamental Fan":7,"downfall:HeartBlessingBlue":26,"Bird Faced Urn":21,"Bronze Scales":43,"downfall:Hecktoplasm":17,"Coffee Dripper":34,"Bag of Marbles":46,"Bottled Lightning":31,"FossilizedHelix":25},{"Regal Pillow":8,"Pear":4,"Happy Flower":16,"Guardian:ModeShifter":0,"downfall:HeartBlessingGreen":8,"Bag of Preparation":13,"Letter Opener":23,"Frozen Egg 2":25,"White Beast Statue":6,"Ornamental Fan":4,"downfall:HeartBlessingBlue":14,"Bird Faced Urn":13,"Bronze Scales":24,"downfall:Hecktoplasm":11,"Coffee Dripper":19,"Bag of Marbles":26,"Bottled Lightning":17,"FossilizedHelix":14},{"Regal Pillow":46,"Pear":17,"Happy Flower":84,"Guardian:ModeShifter":0,"downfall:HeartBlessingGreen":46,"Bag of Preparation":72,"Letter Opener":121,"Frozen Egg 2":133,"White Beast Statue":37,"Ornamental Fan":17,"downfall:HeartBlessingBlue":76,"Bird Faced Urn":72,"Bronze Scales":130,"downfall:Hecktoplasm":64,"Coffee Dripper":101,"Bag of Marbles":143,"Bottled Lightning":89,"FossilizedHelix":76}]},"card_choices":[{"not_picked":["Guardian:Suspension","Guardian:Gem_Cyan"],"picked":"Guardian:Reroute","floor":2},{"not_picked":["Guardian:ChargeUp","Guardian:TemporalShield"],"picked":"Guardian:ChargeCore","floor":3},{"not_picked":["Guardian:ShieldSpikes","Guardian:WalkerClaw"],"picked":"Guardian:RollAttack","floor":5},{"not_picked":["Guardian:Gem_Crimson","Guardian:Gem_White"],"picked":"Guardian:BronzeArmor","floor":6},{"not_picked":["Guardian:PiercingHide","Guardian:SphericShield"],"picked":"Guardian:ChargeUp","floor":10},{"not_picked":["Guardian:DonusPower","Guardian:PiercingHide"],"picked":"Guardian:Planning","floor":11},{"not_picked":["Guardian:Incinerate","Guardian:DecasProtection"],"picked":"Guardian:Gem_Yellow","floor":12},{"not_picked":["Guardian:MultiBeam","Guardian:VentSteam"],"picked":"Guardian:Suspension","floor":14},{"not_picked":["Guardian:ShieldCharger","Guardian:BronzeOrb"],"picked":"Guardian:PiercingHide","floor":15},{"not_picked":["Guardian:StasisField","Guardian:SphericShield"],"picked":"Guardian:GemFinder","floor":16},{"not_picked":["Guardian:Gem_Red","Guardian:Gem_Lightblue"],"picked":"Guardian:Gem_Green","floor":19},{"not_picked":["Guardian:Repulse","Guardian:WalkerClaw"],"picked":"Guardian:SentryBeam","floor":19},{"not_picked":["Guardian:Harden","Guardian:HyperBeam_Guardian"],"picked":"Guardian:FloatingOrbs","floor":21},{"not_picked":["Guardian:Suspension","Guardian:Planning"],"picked":"Guardian:Gem_Crimson","floor":22},{"not_picked":["Guardian:Gem_Lightblue","Guardian:Gem_Red"],"picked":"Guardian:Gem_Green","floor":22},{"not_picked":["Guardian:Gem_Lightblue","Guardian:Gem_Red"],"picked":"Guardian:Gem_Green","floor":27},{"not_picked":["Guardian:RefractedBeam+1","Guardian:TimeBomb"],"picked":"Guardian:Gem_White","floor":27},{"not_picked":["Guardian:RefractedBeam+1","Guardian:Reroute"],"picked":"Guardian:Gem_Green","floor":28},{"not_picked":["Guardian:Gem_Cyan","Guardian:Gem_Lightblue"],"picked":"Guardian:Gem_Red","floor":28},{"not_picked":["Guardian:PrimingBeam","Guardian:Harden"],"picked":"Guardian:SentryBeam+1","floor":31},{"not_picked":["Guardian:Gem_Lightblue","Guardian:Gem_Cyan"],"picked":"Guardian:Gem_Red","floor":31},{"not_picked":["Guardian:Incinerate","Guardian:PrimingBeam"],"picked":"Guardian:DecasProtection","floor":32},{"not_picked":["Guardian:Gem_Cyan","Guardian:Gem_Lightblue"],"picked":"Guardian:Gem_Green","floor":32},{"not_picked":["Guardian:FierceBash","Guardian:BaubleBeam"],"picked":"Guardian:AncientConstruct","floor":33},{"not_picked":["Guardian:Gem_Red","Guardian:Gem_Cyan"],"picked":"Guardian:Gem_Green","floor":33},{"not_picked":["Guardian:RollAttack","Guardian:ShieldCharger"],"picked":"Guardian:TemporalShield","floor":36},{"not_picked":["Guardian:Gem_Cyan","Guardian:Gem_Lightblue"],"picked":"Guardian:Gem_Green","floor":36},{"not_picked":["Guardian:Gem_Crimson","Guardian:TemporalShield"],"picked":"Guardian:Gem_Blue","floor":37},{"not_picked":["Guardian:Gem_Cyan","Guardian:Gem_Red"],"picked":"Guardian:Gem_Green","floor":37},{"not_picked":["Guardian:ChargeCore+1","Guardian:WalkerClaw+1"],"picked":"Guardian:TimeSifter","floor":38},{"not_picked":["Guardian:Gem_Lightblue","Guardian:Gem_Cyan"],"picked":"Guardian:Gem_Green","floor":38},{"not_picked":["Guardian:Incinerate","Guardian:PolyBeam+1"],"picked":"Guardian:Gem_White","floor":39},{"not_picked":["Guardian:Gem_Cyan","Guardian:Gem_Lightblue"],"picked":"Guardian:Gem_Green","floor":39},{"not_picked":["Guardian:TemporalStrike+1","Guardian:FierceBash"],"picked":"Guardian:Gem_White","floor":43},{"not_picked":["Guardian:WalkerClaw","Guardian:CrystalBeam+1"],"picked":"Guardian:SpikerProtocol","floor":44},{"not_picked":["Guardian:Planning+1","Guardian:Gem_Lightblue"],"picked":"Guardian:BaubleBeam","floor":46},{"not_picked":["Guardian:CrystalBeam","Guardian:RollAttack","Guardian:BronzeOrb+1"],"picked":"SKIP","floor":49}],"player_experience":1434790,"relics_obtained":[{"floor":6,"key":"Pear"},{"floor":7,"key":"Ornamental Fan"},{"floor":10,"key":"White Beast Statue"},{"floor":12,"key":"Regal Pillow"},{"floor":25,"key":"FossilizedHelix"},{"floor":28,"key":"Happy Flower"},{"floor":31,"key":"Bottled Lightning"},{"floor":41,"key":"Letter Opener"},{"floor":43,"key":"Bronze Scales"},{"floor":45,"key":"Frozen Egg 2"},{"floor":46,"key":"Bag of Marbles"}],"event_choices":[{"cards_removed":["Guardian:Strike_Guardian"],"damage_healed":0,"gold_gain":0,"player_choice":"Card Removal","damage_taken":0,"max_hp_gain":0,"max_hp_loss":0,"event_name":"The Cleric","floor":4,"gold_loss":0},{"damage_healed":0,"gold_gain":0,"player_choice":"Ignored","damage_taken":0,"max_hp_gain":0,"max_hp_loss":0,"event_name":"Ghosts","floor":20,"gold_loss":0},{"cards_removed":["Guardian:SentryBeam"],"damage_healed":0,"gold_gain":0,"player_choice":"Removed Attack","damage_taken":0,"max_hp_gain":0,"max_hp_loss":0,"event_name":"Falling","floor":48,"gold_loss":0}],"is_beta":false,"boss_relics":[{"not_picked":["Calling Bell","Empty Cage"],"picked":"downfall:Hecktoplasm"},{"not_picked":["Philosopher\u0027s Stone","Guardian:StasisSlotReductionRelic"],"picked":"Coffee Dripper"}],"items_purged_floors":[],"is_endless":false,"potions_floor_spawned":[3,8,11,12,14,15,16,19,21,22,27,28,31,32,33,36,37,38,39,43,44,46,49],"ascension_level":2}}