{"host":"t2li07c0j4v81685","time":1610308190,"event":{"mods":["BaseMod","Bestiary","Colored Map","Colored Powertips","Dark Map","DeckTracker","Highlight Path","Infinite Spire","Minty Spire (QoL Compilation)","StSLib"],"gold_per_floor":[116,116,136,146,156,156,168,183,183,199,14,14,14,27,27,125,125,142,156,71,87,87,87,104,104,130,144,144,144,157,157,157,157,157],"floor_reached":33,"playtime":2954,"items_purged":[],"score":243,"play_id":"14c1cc36-2f5a-410d-88cd-2e31da1dc66c","local_time":"20210110204950","is_ascension_mode":false,"campfire_choices":[{"floor":6,"key":"REST"},{"data":"Infinite Blades","floor":12,"key":"SMITH"},{"floor":15,"key":"REST"},{"data":"Deadly Poison","floor":23,"key":"SMITH"},{"floor":28,"key":"REST"},{"floor":32,"key":"REST"}],"circlet_count":0,"master_deck":["Strike_G+1","Strike_G+1","Strike_G+1","Strike_G+1","Strike_G+1","Defend_G+1","Defend_G+1","Defend_G+1","Defend_G+1","Defend_G+1","Survivor","Neutralize","Die Die Die+1","Deadly Poison+1","Infinite Blades+1","Dodge and Roll","Night Terror","Poisoned Stab","Outmaneuver","Dagger Spray","Dash","Finisher","Burst","Dagger Spray+1","Leg Sweep","Acrobatics+1","Adrenaline","Blur","Dagger Spray+1"],"relics":["Ring of the Snake","Meat on the Bone","Orichalcum","Sozu","Strawberry","Toy Ornithopter"],"acts_visited":["Exordium","TheCity"],"potions_floor_usage":[27],"damage_taken":[{"damage":0,"enemies":"Small Slimes","floor":1,"turns":2},{"damage":0,"enemies":"2 Louse","floor":3,"turns":1},{"damage":10,"enemies":"Jaw Worm","floor":4,"turns":4},{"damage":7,"enemies":"Blue Slaver","floor":5,"turns":4},{"damage":6,"enemies":"Looter","floor":7,"turns":4},{"damage":1,"enemies":"Exordium Thugs","floor":8,"turns":3},{"damage":12,"enemies":"Exordium Wildlife","floor":10,"turns":4},{"damage":3,"enemies":"Blue Slaver","floor":14,"turns":4},{"damage":48,"enemies":"Slime Boss","floor":16,"turns":12},{"damage":18,"enemies":"Shell Parasite","floor":18,"turns":8},{"damage":13,"enemies":"Spheric Guardian","floor":19,"turns":4},{"damage":4,"enemies":"3 Cultists","floor":21,"turns":4},{"damage":26,"enemies":"Chosen and Byrds","floor":24,"turns":9},{"damage":10,"enemies":"Centurion and Healer","floor":27,"turns":5},{"damage":24,"enemies":"Snake Plant","floor":30,"turns":6},{"damage":76,"enemies":"Champ","floor":33,"turns":11}],"seed_played":"8887915159144851160","potions_obtained":[{"floor":5,"key":"Ancient Potion"},{"floor":10,"key":"PowerPotion"},{"floor":16,"key":"PowerPotion"}],"is_trial":false,"path_per_floor":["M","?","M","M","M","R","M","M","T","M","$","R","?","M","R","B",null,"M","M","?","M","?","R","M","?","T","M","R","$","M","?","R","B"],"character_chosen":"THE_SILENT","items_purchased":["Dash","Orichalcum"],"campfire_rested":4,"item_purchase_floors":[11,11],"current_hp_per_floor":[70,70,70,60,53,70,64,63,63,51,51,51,51,48,69,33,70,52,39,46,42,42,42,28,28,28,35,58,58,46,46,69,0,0],"gold":157,"neow_bonus":"ONE_RANDOM_RARE_CARD","is_daily":false,"chose_seed":false,"campfire_upgraded":2,"win_rate":0.0,"timestamp":1610308190,"path_taken":["M","?","M","M","M","R","M","M","T","M","$","R","?","M","R","BOSS","M","M","?","M","?","R","M","?","T","M","R","$","M","?","R","BOSS"],"items_purchased_type":["Card","Relic"],"build_version":"2020-12-22","purchased_purges":0,"victory":false,"max_hp_per_floor":[70,70,70,70,70,70,70,70,70,70,70,70,70,70,70,70,70,70,70,77,77,77,77,77,77,77,77,77,77,77,77,77,77,77],"card_choices":[{"not_picked":["Sucker Punch","Blur"],"picked":"Deadly Poison","floor":1},{"not_picked":["Skewer","Deadly Poison"],"picked":"Infinite Blades","floor":3},{"not_picked":["Sucker Punch","Expertise"],"picked":"Dodge and Roll","floor":4},{"not_picked":["Poisoned Stab","Deadly Poison"],"picked":"Night Terror","floor":5},{"not_picked":["PiercingWail","Eviscerate"],"picked":"Poisoned Stab","floor":7},{"not_picked":["All Out Attack","Tactician"],"picked":"Outmaneuver","floor":8},{"not_picked":["Prepared","Sucker Punch"],"picked":"Dagger Spray","floor":10},{"not_picked":["Sucker Punch","Acrobatics"],"picked":"Finisher","floor":14},{"not_picked":["Wraith Form v2","Venomology"],"picked":"Burst","floor":16},{"not_picked":["Eviscerate","Deflect"],"picked":"Dagger Spray+1","floor":18},{"not_picked":["Flechettes","Poisoned Stab"],"picked":"Leg Sweep","floor":19},{"not_picked":["Flying Knee","Deflect"],"picked":"Acrobatics+1","floor":21},{"not_picked":["Dagger Throw","Poisoned Stab+1"],"picked":"Adrenaline","floor":24},{"not_picked":["Slice","PiercingWail"],"picked":"Blur","floor":27},{"not_picked":["Dagger Throw","Quick Slash"],"picked":"Dagger Spray+1","floor":30}],"player_experience":4131,"relics_obtained":[{"floor":9,"key":"Meat on the Bone"},{"floor":26,"key":"Toy Ornithopter"}],"event_choices":[{"damage_healed":0,"gold_gain":0,"player_choice":"Ignored","damage_taken":0,"max_hp_gain":0,"max_hp_loss":0,"event_name":"Liars Game","floor":2,"gold_loss":0},{"damage_healed":0,"gold_gain":0,"player_choice":"Grow","damage_taken":0,"max_hp_gain":0,"max_hp_loss":0,"event_name":"Living Wall","floor":13,"gold_loss":0,"cards_upgraded":["Die Die Die"]},{"damage_healed":0,"gold_gain":0,"player_choice":"Obtained Relic","damage_taken":0,"relics_obtained":["Strawberry"],"max_hp_gain":0,"max_hp_loss":0,"event_name":"Addict","floor":20,"gold_loss":85},{"damage_healed":0,"gold_gain":0,"player_choice":"Simplicity","damage_taken":0,"max_hp_gain":0,"max_hp_loss":0,"event_name":"Back to Basics","floor":22,"gold_loss":0,"cards_upgraded":["Strike_G","Strike_G","Strike_G","Strike_G","Strike_G","Defend_G","Defend_G","Defend_G","Defend_G","Defend_G"]},{"damage_healed":0,"gold_gain":0,"player_choice":"Ignored","damage_taken":0,"max_hp_gain":0,"max_hp_loss":0,"event_name":"Beggar","floor":25,"gold_loss":0},{"damage_healed":0,"gold_gain":0,"player_choice":"Ignored","damage_taken":0,"max_hp_gain":0,"max_hp_loss":0,"event_name":"Ghosts","floor":31,"gold_loss":0}],"is_beta":false,"boss_relics":[{"not_picked":["Busted Crown","infinitespire:Cupcake"],"picked":"Sozu"}],"items_purged_floors":[],"is_endless":false,"potions_floor_spawned":[5,8,10,16,21,24,27,30],"killed_by":"Champ","ascension_level":0}}