{"host":"ijmqth23a408ytzh","time":1610264227,"event":{"mods":["BaseMod","Curses Come First","Downfall","Minty Spire (QoL Compilation)","StSLib"],"gold_per_floor":[149,159,172,172,198,198,198,225,225,258,268,443,456,456,470,470,470],"floor_reached":16,"playtime":1042,"items_purged":[],"score":115,"play_id":"f0aabebc-2012-446e-a166-14a5d6b40fb5","local_time":"20210109233707","is_ascension_mode":true,"campfire_choices":[{"data":"Well Laid Plans","floor":1,"key":"SMITH"},{"floor":9,"key":"REST"}],"circlet_count":0,"master_deck":["Strike_G","Strike_G","Strike_G","Strike_G","Defend_G","Defend_G","Defend_G","Defend_G+1","Defend_G","Survivor","Neutralize","Well Laid Plans+1","Deadly Poison","Catalyst","Bane","Deflect","Doubt","Poisoned Stab","Injury","Backstab"],"relics":["Tiny House","PreservedInsect","Bronze Scales","Pen Nib","Orichalcum","Question Card","Golden Idol"],"acts_visited":["Exordium"],"potions_floor_usage":[10,15],"damage_taken":[{"damage":0,"enemies":"Jaw Worm","floor":2,"turns":6},{"damage":1,"enemies":"2 Louse","floor":3,"turns":4},{"damage":36,"enemies":"3 Sentries","floor":10,"turns":8},{"damage":4,"enemies":"Small Slimes","floor":11,"turns":4},{"damage":5,"enemies":"Blue Slaver","floor":13,"turns":3},{"damage":0,"enemies":"3 Louse","floor":15,"turns":3},{"damage":33,"enemies":"The Guardian","floor":16,"turns":7}],"seed_played":"-1042066874935277228","potions_obtained":[{"floor":0,"key":"DistilledChaos"},{"floor":10,"key":"sneckomod:MuddlingPotion"},{"floor":11,"key":"DuplicationPotion"},{"floor":13,"key":"Slimebound:ThreeZeroPotion"}],"is_trial":false,"path_per_floor":["R","M","M","?","T","?","T","T","R","E","M","?","M","?","M","B"],"character_chosen":"THE_SILENT","items_purchased":[],"campfire_rested":1,"item_purchase_floors":[],"current_hp_per_floor":[75,75,74,62,62,55,55,55,75,39,35,35,30,30,30,0,0],"gold":470,"neow_bonus":"BOSS_RELIC","is_daily":false,"chose_seed":false,"campfire_upgraded":1,"win_rate":0.0,"timestamp":1610264227,"path_taken":["R","M","M","?","?","?","T","?","R","E","M","?","?","?","M","BOSS"],"items_purchased_type":[],"build_version":"2020-12-22","purchased_purges":0,"victory":false,"max_hp_per_floor":[75,75,75,75,75,75,75,75,75,75,75,75,75,75,75,75,75],"card_choices":[{"not_picked":["Quick Slash","Acrobatics"],"picked":"Well Laid Plans","floor":0},{"not_picked":["Well Laid Plans","Heel Hook"],"picked":"Deadly Poison","floor":2},{"not_picked":["Setup","Outmaneuver"],"picked":"Catalyst","floor":3},{"not_picked":["Acrobatics","Dagger Throw"],"picked":"Bane","floor":10},{"not_picked":["Leg Sweep","Well Laid Plans","Heel Hook"],"picked":"Deflect","floor":11},{"not_picked":["Unload","Setup","Caltrops"],"picked":"Poisoned Stab","floor":13},{"not_picked":["Outmaneuver","Eviscerate","Escape Plan"],"picked":"Backstab","floor":15}],"player_experience":776543,"relics_obtained":[{"floor":5,"key":"Bronze Scales"},{"floor":7,"key":"Pen Nib"},{"floor":8,"key":"Orichalcum"},{"floor":10,"key":"Question Card"}],"event_choices":[{"damage_healed":0,"gold_gain":0,"player_choice":"Success","damage_taken":12,"relics_obtained":["PreservedInsect"],"max_hp_gain":0,"max_hp_loss":0,"event_name":"Scrap Ooze","floor":4,"gold_loss":0},{"cards_removed":["Strike_G"],"damage_healed":0,"gold_gain":0,"player_choice":"Card Removal","damage_taken":7,"max_hp_gain":0,"max_hp_loss":0,"event_name":"Golden Wing","floor":6,"gold_loss":0},{"damage_healed":0,"gold_gain":175,"player_choice":"AGREE","damage_taken":0,"max_hp_gain":0,"max_hp_loss":0,"event_name":"Liars Game","floor":12,"gold_loss":0,"cards_obtained":["Doubt"]},{"damage_healed":0,"gold_gain":0,"player_choice":"Take Wound","damage_taken":0,"relics_obtained":["Golden Idol"],"max_hp_gain":0,"max_hp_loss":0,"event_name":"Golden Idol","floor":14,"gold_loss":0,"cards_obtained":["Injury"]}],"is_beta":false,"boss_relics":[],"items_purged_floors":[],"is_endless":false,"potions_floor_spawned":[10,11,13],"killed_by":"The Guardian","ascension_level":3}}