{"host":"Vert","time":1610301183,"event":{"mods":["BaseMod","Better Note","Colored Powertips","Hermit","Marisa????????","Minty Spire (QoL Compilation)","Replay The Spire","StSLib","Td1madao Mod","The Gatherer","The Marked","The Servant 0.9.4"],"gold_per_floor":[112,162,174,186,222,267,279,291,291],"floor_reached":8,"playtime":553,"items_purged":[],"score":79,"play_id":"94d53c41-01f4-48d5-a4ed-99ff0075a648","local_time":"20210110205303","is_ascension_mode":false,"campfire_choices":[{"data":"Exchange","floor":7,"key":"SMITH"}],"circlet_count":0,"master_deck":["Strike_S","Strike_S","Strike_S","Strike_S","Defend_S","Defend_S","Defend_S","Defend_S","KidneyShot+1","Exchange+1","Rewind","ReplayTheSpireMod:Doomed","ShatteredReality","Writhe","GearUp"],"relics":["Uniform","NeowsBlessing","Ring of Greed","Ring of Fangs","MealTicket","MawBank","Golden Idol","BranchBurnRelic"],"acts_visited":["Exordium"],"potions_floor_usage":[],"damage_taken":[{"damage":0,"enemies":"2 Louse","floor":1,"turns":1},{"damage":0,"enemies":"Jaw Worm","floor":5,"turns":1},{"damage":0,"enemies":"3 Sentries","floor":6,"turns":2},{"damage":66,"enemies":"Replay:BlueRogue","floor":8,"turns":23}],"seed_played":"-7195889381657861777","potions_obtained":[{"floor":6,"key":"Explosive Potion"}],"is_trial":false,"path_per_floor":["M","?","?","?","M","E","R","E"],"character_chosen":"THE_SERVANT","items_purchased":[],"campfire_rested":0,"item_purchase_floors":[],"current_hp_per_floor":[65,65,49,49,49,49,49,0,0],"gold":291,"neow_bonus":"THREE_ENEMY_KILL","is_daily":false,"chose_seed":false,"campfire_upgraded":1,"win_rate":0.0,"timestamp":1610301183,"path_taken":["M","?","?","?","M","E","R","E"],"items_purchased_type":[],"build_version":"2020-12-18","purchased_purges":0,"victory":false,"max_hp_per_floor":[65,65,65,65,65,65,65,65,65],"card_choices":[{"not_picked":["FastForward","Collapse"],"picked":"Rewind","floor":1},{"not_picked":["Sabotage","Starlight"],"picked":"ShatteredReality","floor":5},{"not_picked":["BestPractice","Rewind"],"picked":"GearUp","floor":6}],"player_experience":528734,"relics_obtained":[{"floor":2,"key":"Ring of Greed"},{"floor":2,"key":"Ring of Fangs"},{"floor":2,"key":"MealTicket"},{"floor":2,"key":"MawBank"},{"floor":6,"key":"Dead Branch"}],"event_choices":[{"damage_healed":0,"gold_gain":0,"player_choice":"Take Damage","damage_taken":16,"relics_obtained":["Golden Idol"],"max_hp_gain":0,"max_hp_loss":0,"event_name":"Golden Idol","floor":3,"gold_loss":0},{"damage_healed":0,"gold_gain":0,"player_choice":"Grow","damage_taken":0,"max_hp_gain":0,"max_hp_loss":0,"event_name":"Living Wall","floor":4,"gold_loss":0,"cards_upgraded":["KidneyShot"]}],"is_beta":true,"boss_relics":[],"items_purged_floors":[],"is_endless":false,"potions_floor_spawned":[6],"killed_by":"Replay:BlueRogue","ascension_level":0}}