{"host":"m77rrhbqzv44va4v","time":1610275651,"event":{"mods":["AchievementEnabler","BaseMod","Colored Map","DeckTracker","Keyboard Shortcuts","Minty Spire (QoL Compilation)","StSLib","SuperFastMode","everything is the same but u backflip on backflip"],"gold_per_floor":[118,129,129,129,129,141,193,50,50,85,110,90,90,129,129,222,222,235,235,315,338,288,288,311,311,337,351,351,366,366,385,385,385,385],"floor_reached":33,"playtime":464,"items_purged":["Strike_R"],"score":576,"play_id":"7ea65622-ad71-4893-912c-51f0e2db850b","local_time":"20210110194731","is_ascension_mode":true,"campfire_choices":[{"floor":6,"key":"REST"},{"data":"Fire Breathing","floor":13,"key":"SMITH"},{"data":"Bash","floor":15,"key":"SMITH"},{"floor":23,"key":"REST"},{"floor":25,"key":"REST"},{"floor":28,"key":"REST"},{"data":"Inflame","floor":30,"key":"SMITH"},{"data":"Metallicize","floor":32,"key":"SMITH"}],"circlet_count":0,"master_deck":["AscendersBane","Strike_R","Strike_R","Strike_R","Strike_R","Defend_R","Defend_R","Defend_R","Defend_R","Bash+1","Wild Strike","Pommel Strike","Fiend Fire","Fire Breathing+1","Dropkick","Immolate","Evolve","Immolate","Inflame+1","Metallicize+1"],"relics":["Burning Blood","NeowsBlessing","Golden Idol","MawBank","Bronze Scales","Tiny Chest","Meat on the Bone","MealTicket","Sozu","Darkstone Periapt","PreservedInsect"],"acts_visited":["Exordium","TheCity"],"potions_floor_usage":[10,14,14,16],"damage_taken":[{"damage":0,"enemies":"Small Slimes","floor":1,"turns":1},{"damage":0,"enemies":"2 Louse","floor":2,"turns":1},{"damage":0,"enemies":"Gremlin Nob","floor":7,"turns":1},{"damage":25,"enemies":"Lagavulin","floor":10,"turns":5},{"damage":4,"enemies":"Jaw Worm","floor":11,"turns":3},{"damage":8,"enemies":"Gremlin Nob","floor":14,"turns":3},{"damage":40,"enemies":"Hexaghost","floor":16,"turns":7},{"damage":42,"enemies":"2 Thieves","floor":18,"turns":4},{"damage":33,"enemies":"Spheric Guardian","floor":21,"turns":4},{"damage":43,"enemies":"Centurion and Healer","floor":24,"turns":5},{"damage":38,"enemies":"Cultist and Chosen","floor":27,"turns":4},{"damage":8,"enemies":"Chosen and Byrds","floor":29,"turns":3},{"damage":18,"enemies":"Centurion and Healer","floor":31,"turns":5},{"damage":58,"enemies":"Champ","floor":33,"turns":6}],"seed_played":"-9111814015938471235","potions_obtained":[{"floor":1,"key":"PowerPotion"},{"floor":10,"key":"SteroidPotion"},{"floor":12,"key":"Strength Potion"},{"floor":14,"key":"LiquidMemories"}],"is_trial":false,"path_per_floor":["M","M","?","?","?","R","E","$","T","E","M","?","R","E","R","B",null,"M","?","T","M","?","R","M","R","T","M","R","M","R","M","R","B"],"character_chosen":"IRONCLAD","items_purchased":["Fire Breathing"],"campfire_rested":4,"item_purchase_floors":[8],"current_hp_per_floor":[74,75,49,54,36,60,66,66,66,47,49,49,49,47,47,25,66,42,42,42,27,27,51,26,50,50,30,54,52,52,52,52,0,0],"gold":385,"neow_bonus":"THREE_ENEMY_KILL","is_daily":false,"chose_seed":false,"campfire_upgraded":4,"win_rate":0.0,"timestamp":1610275651,"path_taken":["M","M","?","?","?","R","E","?","T","E","?","?","R","E","R","BOSS","M","?","?","M","?","R","M","R","T","M","R","M","R","M","R","BOSS"],"items_purchased_type":["Card"],"build_version":"2020-12-22","purchased_purges":1,"victory":false,"max_hp_per_floor":[75,75,75,80,80,80,80,80,80,80,80,80,80,80,80,80,80,80,80,80,80,80,80,80,80,80,80,80,80,80,80,80,80,80],"card_choices":[{"not_picked":["Clash","Twin Strike"],"picked":"Wild Strike","floor":1},{"not_picked":["Clash","Body Slam"],"picked":"Pommel Strike","floor":2},{"not_picked":["Twin Strike","Havoc"],"picked":"Fiend Fire","floor":7},{"not_picked":["Perfected Strike","Sword Boomerang"],"picked":"Dropkick","floor":10},{"not_picked":["Pummel","Headbutt","Sword Boomerang"],"picked":"SKIP","floor":11},{"not_picked":["True Grit","Fire Breathing","Rage"],"picked":"SKIP","floor":14},{"not_picked":["Exhume","Offering"],"picked":"Immolate","floor":16},{"not_picked":["Hemokinesis","Headbutt"],"picked":"Evolve","floor":18},{"not_picked":["Wild Strike","Flex","Cleave"],"picked":"SKIP","floor":21},{"not_picked":["Heavy Blade","Rage"],"picked":"Inflame","floor":24},{"not_picked":["Clash","Anger","Heavy Blade"],"picked":"SKIP","floor":27},{"not_picked":["Heavy Blade","Dual Wield"],"picked":"Metallicize","floor":29},{"not_picked":["Metallicize","Dropkick","Sword Boomerang"],"picked":"SKIP","floor":31}],"player_experience":923890,"relics_obtained":[{"floor":7,"key":"Bronze Scales"},{"floor":9,"key":"Tiny Chest"},{"floor":10,"key":"Meat on the Bone"},{"floor":14,"key":"MealTicket"},{"floor":20,"key":"Darkstone Periapt"},{"floor":26,"key":"PreservedInsect"}],"event_choices":[{"damage_healed":0,"gold_gain":0,"player_choice":"Take Damage","damage_taken":26,"relics_obtained":["Golden Idol"],"max_hp_gain":0,"max_hp_loss":0,"event_name":"Golden Idol","floor":3,"gold_loss":0},{"damage_healed":0,"gold_gain":0,"player_choice":"Donut","damage_taken":0,"max_hp_gain":5,"max_hp_loss":0,"event_name":"Big Fish","floor":4,"gold_loss":0},{"damage_healed":0,"gold_gain":0,"player_choice":"Success","damage_taken":18,"relics_obtained":["MawBank"],"max_hp_gain":0,"max_hp_loss":0,"event_name":"Scrap Ooze","floor":5,"gold_loss":0},{"damage_healed":0,"gold_gain":0,"player_choice":"Bought 1 Potion","damage_taken":0,"max_hp_gain":0,"max_hp_loss":0,"event_name":"The Woman in Blue","floor":12,"gold_loss":0},{"damage_healed":0,"gold_gain":0,"player_choice":"Copied","damage_taken":0,"max_hp_gain":0,"max_hp_loss":0,"event_name":"Duplicator","floor":19,"gold_loss":0,"cards_obtained":["Immolate"]},{"damage_healed":0,"gold_gain":0,"player_choice":"Bet on Owner","damage_taken":0,"max_hp_gain":0,"max_hp_loss":0,"event_name":"The Joust","floor":22,"gold_loss":50}],"is_beta":false,"boss_relics":[{"not_picked":["Snecko Eye","Cursed Key"],"picked":"Sozu"}],"items_purged_floors":[8],"is_endless":false,"potions_floor_spawned":[1,10,14,18,27,29],"killed_by":"Champ","ascension_level":20}}