{"host":"5apxsqgkueisybsc","time":1610311193,"event":{"mods":["BaseMod","Hunter ??","Mimic Mod","Minty Spire (QoL Compilation)","Replay The Spire","Shade Mod","StSLib","The Bladedancer","The Bug Knight","The Cursed","The Druid","The Exalted","The Forsaken","The Valiant","The Witch"],"gold_per_floor":[110,110,129,129,141,166,166,184,210,221,262,275,275,291,291,386,386,401,401,417,417,432,432,432,432],"floor_reached":24,"playtime":1111,"items_purged":[],"score":225,"play_id":"f5437c98-9ec8-4cb3-aa90-130a75fc64c1","local_time":"20210110153953","is_ascension_mode":false,"campfire_choices":[{"data":"Bromod:SteelCharge","floor":7,"key":"SMITH"},{"data":"EmpoweringForce","floor":13,"key":"SMITH"},{"floor":15,"key":"REST"},{"data":"Reaper","floor":23,"key":"SMITH"}],"circlet_count":0,"master_deck":["Bromod:Strike_Bro","Bromod:Strike_Bro","Bromod:Strike_Bro","Bromod:Defend_Bro","Bromod:Defend_Bro","Bromod:Defend_Bro","Bromod:Defend_Bro","Bromod:SlashDash","Bromod:SlashDash","Bromod:SlashDash+1","Bromod:SteelCharge+1","Bromod:SlashDash","EmpoweringForce+1","Sweeping Beam","Reaper+1","theDruid:Gore+1","Shade:Frenzy","Bromod:Redirection+1"],"relics":["Bromod:Ordis","Bromod:AscarisDevice","PrismaticShard","ReplayFunnel","Strawberry","Boot","Busted Crown"],"acts_visited":["Exordium","TheCity"],"potions_floor_usage":[6,12,14,14],"damage_taken":[{"damage":6,"enemies":"Jaw Worm","floor":1,"turns":2},{"damage":0,"enemies":"Small Slimes","floor":3,"turns":4},{"damage":1,"enemies":"Cultist","floor":5,"turns":3},{"damage":21,"enemies":"Lagavulin","floor":6,"turns":6},{"damage":4,"enemies":"Exordium Wildlife","floor":8,"turns":3},{"damage":13,"enemies":"Lots of Slimes","floor":10,"turns":3},{"damage":4,"enemies":"3 Louse","floor":12,"turns":3},{"damage":3,"enemies":"2 Fungi Beasts","floor":14,"turns":3},{"damage":27,"enemies":"Slime Boss","floor":16,"turns":7},{"damage":10,"enemies":"2 Thieves","floor":18,"turns":3},{"damage":12,"enemies":"Shell Parasite","floor":20,"turns":4},{"damage":47,"enemies":"Snecko","floor":22,"turns":6},{"damage":41,"enemies":"Book of Stabbing","floor":24,"turns":4}],"seed_played":"5720430106951725425","potions_obtained":[{"floor":1,"key":"Cursed Concoction"},{"floor":5,"key":"Bromod:AmmoRestore"},{"floor":11,"key":"Adrenaline Potion"},{"floor":12,"key":"Regen Potion"},{"floor":18,"key":"SteroidPotion"}],"is_trial":false,"path_per_floor":["M","?","M","?","M","E","R","M","T","M","?","M","R","M","R","B",null,"M","?","M","?","M","R","E"],"character_chosen":"THE_EXALTED","items_purchased":[],"campfire_rested":1,"item_purchase_floors":[],"current_hp_per_floor":[69,69,69,69,68,47,47,43,50,37,5,1,1,7,31,4,82,72,72,68,68,30,30,0,0],"gold":432,"neow_bonus":"UPGRADE_CARD","is_daily":false,"chose_seed":false,"campfire_upgraded":3,"win_rate":0.0,"timestamp":1610311193,"path_taken":["M","?","M","?","M","E","R","M","T","M","?","M","R","M","R","BOSS","M","?","M","?","M","R","E"],"items_purchased_type":[],"build_version":"2020-12-22","purchased_purges":0,"victory":false,"max_hp_per_floor":[75,75,75,75,75,75,75,75,82,82,82,82,82,82,82,82,82,82,82,82,82,82,82,82,82],"card_choices":[{"not_picked":["Bromod:FormaBlueprint","Bromod:ShatteringImpact"],"picked":"Bromod:SteelCharge","floor":1},{"not_picked":["Bromod:SteelFiber","Bromod:SlipMagazine"],"picked":"Bromod:SlashDash","floor":3},{"not_picked":["Tempest","Trace_Giant","HollowMod:SharpenedNail"],"picked":"SKIP","floor":5},{"not_picked":["Sunder","Combo Recycle","blademaster:Quickstep"],"picked":"SKIP","floor":6},{"not_picked":["Bromod:PointStrike","blademaster:DragonStrike"],"picked":"EmpoweringForce","floor":8},{"not_picked":["Rebound","blademaster:AwakeningDefend","theForsaken:NobleSacrifice"],"picked":"SKIP","floor":10},{"not_picked":["Decrepify","HollowMod:ShadowDash"],"picked":"blademaster:ColdBlood","floor":11},{"not_picked":["blademaster:SharpBlades","theDruid:Gore"],"picked":"Sweeping Beam","floor":12},{"not_picked":["Havoc","TheCursedMod:CursedAmulet","Hello World"],"picked":"SKIP","floor":14},{"not_picked":["Transmutation","TheCursedMod:ForbiddenAlchemy"],"picked":"Reaper","floor":16},{"not_picked":[],"picked":"theDruid:Gore+1","floor":18},{"not_picked":[],"picked":"Shade:Frenzy","floor":20},{"not_picked":[],"picked":"Bromod:Redirection+1","floor":22}],"player_experience":100371,"relics_obtained":[{"floor":6,"key":"ReplayFunnel"},{"floor":9,"key":"Strawberry"},{"floor":11,"key":"Boot"}],"event_choices":[{"cards_removed":["blademaster:ColdBlood"],"damage_healed":0,"gold_gain":0,"player_choice":"Card Removal","damage_taken":0,"max_hp_gain":0,"max_hp_loss":0,"event_name":"Wheel of Change","floor":21,"gold_loss":0}],"is_beta":false,"boss_relics":[{"not_picked":["Ectoplasm","Ring of Chaos"],"picked":"Busted Crown"}],"items_purged_floors":[],"is_endless":false,"potions_floor_spawned":[1,5,12,18],"killed_by":"Book of Stabbing","ascension_level":0}}