{"host":"qy4anwei0ctnk0kd","time":1610239497,"event":{"mods":["BaseMod","Minty Spire (QoL Compilation)"],"gold_per_floor":[115,126,80,97,57,89,89,109,161,190,205,234,209,224,224,325,325,343,332,247,92,105,105,136,44,97,97,109,109,121,121,121,121,121],"floor_reached":33,"playtime":4094,"items_purged":[],"score":328,"play_id":"55799c4f-b551-4a1c-adb6-fc2818545898","local_time":"20210109194457","is_ascension_mode":true,"campfire_choices":[{"floor":7.0,"key":"REST"},{"floor":15.0,"key":"REST"},{"data":"FlurryOfBlows","floor":23.0,"key":"SMITH"},{"floor":29.0,"key":"REST"},{"floor":32,"key":"REST"}],"circlet_count":0,"master_deck":["Strike_P","Strike_P","Strike_P","Strike_P","Defend_P","Defend_P","Defend_P","Defend_P","Eruption","Vigilance","FlurryOfBlows+1","SandsOfTime","Protect+1","ClearTheMind","EmptyFist","FollowUp","Wallop","Prostrate","SpiritShield+1","Protect","ThirdEye+1","FearNoEvil+1","Bandage Up","EmptyFist+1"],"relics":["PureWater","Potion Belt","HornCleat","Ancient Tea Set","Happy Flower","Nunchaku","Busted Crown","Bag of Marbles","TheAbacus","Centennial Puzzle","War Paint"],"acts_visited":["Exordium","TheCity"],"potions_floor_usage":[33],"damage_taken":[{"damage":0.0,"enemies":"Small Slimes","floor":1.0,"turns":3.0},{"damage":0.0,"enemies":"Cultist","floor":2.0,"turns":3.0},{"damage":0.0,"enemies":"Jaw Worm","floor":4.0,"turns":3.0},{"damage":33.0,"enemies":"Gremlin Nob","floor":6.0,"turns":5.0},{"damage":0.0,"enemies":"2 Fungi Beasts","floor":8.0,"turns":3.0},{"damage":13.0,"enemies":"3 Sentries","floor":10.0,"turns":12.0},{"damage":0.0,"enemies":"Looter","floor":11.0,"turns":3.0},{"damage":0.0,"enemies":"Gremlin Nob","floor":12.0,"turns":3.0},{"damage":0.0,"enemies":"Large Slime","floor":14.0,"turns":3.0},{"damage":36.0,"enemies":"Hexaghost","floor":16.0,"turns":10.0},{"damage":6.0,"enemies":"3 Byrds","floor":18.0,"turns":5.0},{"damage":0.0,"enemies":"2 Thieves","floor":19.0,"turns":4.0},{"damage":0.0,"enemies":"Snecko","floor":22.0,"turns":4.0},{"damage":18.0,"enemies":"Gremlin Leader","floor":24.0,"turns":6.0},{"damage":18.0,"enemies":"Cultist and Chosen","floor":28.0,"turns":9.0},{"damage":12.0,"enemies":"Centurion and Healer","floor":30.0,"turns":6.0},{"damage":76,"enemies":"Champ","floor":33,"turns":15}],"seed_played":"7330785131825956275","potions_obtained":[{"floor":2.0,"key":"Fire Potion"},{"floor":4.0,"key":"Block Potion"},{"floor":5.0,"key":"Explosive Potion"},{"floor":5.0,"key":"BottledMiracle"},{"floor":5.0,"key":"BottledMiracle"},{"floor":8.0,"key":"StancePotion"},{"floor":14.0,"key":"BottledMiracle"},{"floor":22.0,"key":"Explosive Potion"}],"is_trial":false,"path_per_floor":["M","M","$","M","?","E","R","M","T","E","M","E","$","M","R","B",null,"M","M","?","$","M","R","E","$","T","T","M","R","M","?","R","B"],"character_chosen":"WATCHER","items_purchased":["Protect","Prostrate","TheAbacus","Bandage Up"],"campfire_rested":4,"item_purchase_floors":[3,13,21,25],"current_hp_per_floor":[72,72,72,72,72,39,60,60,60,47,47,47,47,47,68,32,72,66,66,66,66,66,66,48,48,48,48,34,55,47,47,68,0,0],"gold":121,"neow_bonus":"RANDOM_COMMON_RELIC","is_daily":false,"chose_seed":false,"campfire_upgraded":1,"win_rate":0.0,"timestamp":1610239497,"path_taken":["M","M","$","M","?","E","R","?","T","E","M","E","?","M","R","BOSS","M","M","?","$","M","R","E","$","T","?","M","R","M","?","R","BOSS"],"items_purchased_type":["Card","Card","Relic","Card"],"build_version":"2020-12-22","purchased_purges":0,"victory":false,"max_hp_per_floor":[72,72,72,72,72,72,72,72,72,72,72,72,72,72,72,72,72,72,72,72,72,72,72,72,72,72,72,72,72,72,72,72,72,72],"card_choices":[{"not_picked":["Study","Swivel"],"picked":"FlurryOfBlows","floor":1.0},{"not_picked":["Collect","Sanctity"],"picked":"SandsOfTime","floor":2.0},{"not_picked":["Study","PathToVictory"],"picked":"ClearTheMind","floor":4.0},{"not_picked":["SignatureMove","Consecrate"],"picked":"EmptyFist","floor":6.0},{"not_picked":["JustLucky","Scrawl"],"picked":"FollowUp","floor":8.0},{"not_picked":["FlyingSleeves","TalkToTheHand"],"picked":"Wallop","floor":10.0},{"not_picked":["Sanctity","FearNoEvil","FlyingSleeves"],"picked":"SKIP","floor":11.0},{"not_picked":["PathToVictory","FollowUp","DeceiveReality"],"picked":"SKIP","floor":12.0},{"not_picked":["Wireheading","EmptyFist","JustLucky"],"picked":"SKIP","floor":14.0},{"not_picked":["ConjureBlade","Wish"],"picked":"SpiritShield","floor":16.0},{"not_picked":[],"picked":"Protect","floor":18.0},{"not_picked":[],"picked":"ThirdEye+1","floor":19.0},{"not_picked":[],"picked":"FearNoEvil+1","floor":22.0},{"not_picked":["Consecrate"],"picked":"SKIP","floor":24.0},{"not_picked":[],"picked":"EmptyFist+1","floor":28.0},{"not_picked":["BowlingBash"],"picked":"SKIP","floor":30.0}],"player_experience":346195,"relics_obtained":[{"floor":6.0,"key":"HornCleat"},{"floor":9.0,"key":"Ancient Tea Set"},{"floor":10.0,"key":"Happy Flower"},{"floor":12.0,"key":"Nunchaku"},{"floor":24.0,"key":"Centennial Puzzle"},{"floor":26.0,"key":"War Paint"}],"event_choices":[{"damage_healed":0.0,"max_hp_gain":0.0,"max_hp_loss":0.0,"gold_gain":0.0,"event_name":"The Woman in Blue","player_choice":"Bought 3 Potions","floor":5.0,"gold_loss":0.0,"damage_taken":0.0},{"damage_healed":0.0,"max_hp_gain":0.0,"max_hp_loss":0.0,"gold_gain":0.0,"event_name":"Addict","player_choice":"Obtained Relic","floor":20.0,"gold_loss":85.0,"damage_taken":0.0,"relics_obtained":["Bag of Marbles"]},{"damage_healed":0.0,"max_hp_gain":0.0,"max_hp_loss":0.0,"gold_gain":0.0,"event_name":"Ghosts","player_choice":"Ignored","floor":31.0,"gold_loss":0.0,"damage_taken":0.0}],"is_beta":false,"boss_relics":[{"not_picked":["Coffee Dripper","Cursed Key"],"picked":"Busted Crown"}],"items_purged_floors":[],"is_endless":false,"potions_floor_spawned":[2,4,8,14,16,19,22],"killed_by":"Champ","ascension_level":1}}