{"host":"1p0ug38l8q9et435","time":1610293003,"event":{"mods":["AchievementEnabler","BaseMod","Colored Powertips","Downfall","Hermit","Minty Spire (QoL Compilation)","Spicy Shops","StSLib","UnlockEverythingMod"],"gold_per_floor":[413,428,88,88,63,90,90,90,114,155,167,199,211,211],"floor_reached":13,"playtime":439,"items_purged":[],"score":166,"play_id":"403efcab-19f9-4fff-8d2e-0bf3a7b32b91","local_time":"20210110073643","daily_mods":["Draft","Allstar","Heirloom","Time Dilation","Flight","downfall:Lament"],"is_ascension_mode":false,"campfire_choices":[{"data":"Body Slam","floor":7,"key":"SMITH"},{"data":"Body Slam","floor":8,"key":"SMITH"}],"circlet_count":0,"master_deck":["Shrug It Off","Thunderclap","Shrug It Off","Rupture","Shockwave","Iron Wave","Shrug It Off","Iron Wave","Armaments","Flex","Armaments","Flex","Searing Blow","Shrug It Off","True Grit+1","Armaments","Ghostly Armor","Mind Blast+1","Body Slam+1","Body Slam+1","Flex"],"relics":["Burning Blood","NeowsBlessing","Old Coin","InkBottle","Sundial","MawBank","Nunchaku","NlothsMask"],"acts_visited":["Exordium"],"potions_floor_usage":[],"damage_taken":[{"damage":0,"enemies":"Cultist","floor":1,"turns":1},{"damage":0,"enemies":"2 Louse","floor":2,"turns":2},{"damage":1,"enemies":"3 Sentries","floor":6,"turns":3},{"damage":22,"enemies":"Lagavulin","floor":10,"turns":7},{"damage":0,"enemies":"Small Slimes","floor":12,"turns":3},{"damage":0,"enemies":"3 Sentries","floor":13,"turns":1}],"seed_played":"7468794016884220723","potions_obtained":[{"floor":10,"key":"Weak Potion"}],"is_trial":true,"path_per_floor":["M","M","$","?","$","E","R","R","T","E","?","M","E"],"character_chosen":"IRONCLAD","items_purchased":["Mind Blast","InkBottle","Body Slam"],"campfire_rested":0,"item_purchase_floors":[3,3,5],"current_hp_per_floor":[80,80,80,64,64,69,69,69,69,53,53,59,59,59],"gold":211,"neow_bonus":"","is_daily":false,"chose_seed":false,"campfire_upgraded":2,"win_rate":0.0,"timestamp":1610293003,"path_taken":["M","?","$","?","$","E","R","R","T","E","?","?","E"],"items_purchased_type":["Card","Relic","Card"],"build_version":"2020-12-22","purchased_purges":0,"victory":false,"max_hp_per_floor":[80,80,80,80,80,80,80,80,80,80,80,80,80,80],"card_choices":[{"not_picked":["Warcry","Hemokinesis"],"picked":"Shrug It Off","floor":0},{"not_picked":["Whirlwind","Disarm"],"picked":"Thunderclap","floor":0},{"not_picked":["Feel No Pain","Havoc"],"picked":"Shrug It Off","floor":0},{"not_picked":["Heavy Blade","Havoc"],"picked":"Rupture","floor":0},{"not_picked":["Sword Boomerang","Feel No Pain"],"picked":"Shockwave","floor":0},{"not_picked":["Flame Barrier","Spot Weakness"],"picked":"Iron Wave","floor":0},{"not_picked":["Anger","Havoc"],"picked":"Shrug It Off","floor":0},{"not_picked":["Heavy Blade","Sword Boomerang"],"picked":"Iron Wave","floor":0},{"not_picked":["Havoc","Headbutt"],"picked":"Armaments","floor":0},{"not_picked":["Heavy Blade","Power Through"],"picked":"Flex","floor":0},{"not_picked":["Headbutt","Pommel Strike"],"picked":"Armaments","floor":0},{"not_picked":["Intimidate","Wild Strike"],"picked":"Flex","floor":0},{"not_picked":["Perfected Strike","Wild Strike"],"picked":"Searing Blow","floor":0},{"not_picked":["Twin Strike","Evolve"],"picked":"Shrug It Off","floor":0},{"not_picked":["Havoc","Warcry"],"picked":"True Grit","floor":0},{"not_picked":["Clothesline","Headbutt"],"picked":"Armaments","floor":1},{"not_picked":["Rage","Combust"],"picked":"Ghostly Armor","floor":2},{"not_picked":["Thunderclap","Heavy Blade"],"picked":"Body Slam","floor":6},{"not_picked":["Armaments","Evolve","Warcry"],"picked":"SKIP","floor":10},{"not_picked":["Hemokinesis","Heavy Blade"],"picked":"Flex","floor":12}],"player_experience":30987,"relics_obtained":[{"floor":6,"key":"Sundial"},{"floor":9,"key":"MawBank"},{"floor":10,"key":"Nunchaku"}],"event_choices":[{"damage_healed":0,"gold_gain":0,"player_choice":"Entered Light","damage_taken":16,"max_hp_gain":0,"max_hp_loss":0,"event_name":"Shining Light","floor":4,"gold_loss":0,"cards_upgraded":["True Grit","Mind Blast"]},{"damage_healed":0,"gold_gain":0,"player_choice":"Trade","damage_taken":0,"relics_obtained":["NlothsMask"],"max_hp_gain":0,"max_hp_loss":0,"event_name":"FaceTrader","floor":11,"gold_loss":0}],"is_beta":false,"boss_relics":[],"items_purged_floors":[],"is_endless":true,"potions_floor_spawned":[1,10],"killed_by":"3 Sentries","ascension_level":0}}