{"host":"wxiym01yrel3h990","time":1610259087,"event":{"mods":["AchievementEnabler","BaseMod","HololiveMod","Koishi","Marisa????????","Minty Spire (QoL Compilation)","Reimu??????","Remilia??????","StSLib","Td1madao Mod","The Animator","The Senshi","The Servant 0.9.4"],"gold_per_floor":[84,84,84,98,108,142,43,43,111,144,154,154,154,173,173,270,270,286,299,299,178,190,205,220,220,220,220,233,258,258,273,273,375,375,388,388,388],"floor_reached":36,"playtime":3136,"items_purged":["Hololive_CallAiraniIofifteen"],"score":607,"play_id":"12f96e07-2656-4c96-9f6c-755cfe46b74c","local_time":"20210109221127","is_ascension_mode":true,"campfire_choices":[{"floor":8,"key":"RECALL"},{"data":"Hololive_Yoholoon","floor":15,"key":"SMITH"},{"data":"Hololive_CallHoushouMarine","floor":25,"key":"SMITH"},{"data":"Hololive_Thief","floor":27,"key":"SMITH"},{"data":"Hololive_FlyingPonyTail","floor":30,"key":"SMITH"},{"data":"Hololive_StrengthChampion","floor":32,"key":"SMITH"}],"circlet_count":0,"master_deck":["Hololive_Strike","Hololive_Strike","Hololive_Defend","Hololive_Defend","Hololive_Teleport","Hololive_CallTokoyamiTowa","Hololive_CallAkaiHaato","Hololive_CallHoshimachiSuisei+1","Hololive_CallNatsuiroMatsuri","Hololive_FlyingPonyTail+1","Hololive_CallRoboco","Hololive_StrengthChampion+1","Hololive_Rebound","Hololive_LuckPotion","Hololive_OvertimeWork","Hololive_Yoholoon+1","Hololive_Thief+1","Hololive_CallHoushouMarine+1","Hololive_CallHimemoriLuna","Hololive_CallHoshimachiSuisei","Hololive_Recruit","Hololive_CallFriendA","Hololive_CallKiryuuCoco+1","Hololive_Psychosis+1","Hololive_CallSakuraMiko","Hololive_HuntDinosaur","Hololive_StarCraft","Hololive_OvertimeWork+1"],"relics":["Hololive_TheStar","Lantern","Gremlin Horn","Pen Nib","Sundial","Black Star"],"acts_visited":["Exordium","TheCity","TheBeyond"],"potions_floor_usage":[10,19,22,33,36,36],"damage_taken":[{"damage":0,"enemies":"Small Slimes","floor":1,"turns":3},{"damage":0,"enemies":"Jaw Worm","floor":4,"turns":4},{"damage":0,"enemies":"Cultist","floor":5,"turns":3},{"damage":0,"enemies":"3 Sentries","floor":6,"turns":6},{"damage":0,"enemies":"Lagavulin","floor":10,"turns":4},{"damage":0,"enemies":"Looter","floor":11,"turns":2},{"damage":0,"enemies":"Large Slime","floor":14,"turns":4},{"damage":0,"enemies":"Slime Boss","floor":16,"turns":6},{"damage":0,"enemies":"3 Byrds","floor":18,"turns":3},{"damage":7,"enemies":"2 Thieves","floor":19,"turns":4},{"damage":0,"enemies":"3 Cultists","floor":22,"turns":4},{"damage":0,"enemies":"Centurion and Healer","floor":23,"turns":5},{"damage":0,"enemies":"Cultist and Chosen","floor":24,"turns":4},{"damage":0,"enemies":"Shelled Parasite and Fungi","floor":28,"turns":4},{"damage":0,"enemies":"Centurion and Healer","floor":29,"turns":6},{"damage":0,"enemies":"Snecko","floor":31,"turns":4},{"damage":0,"enemies":"Collector","floor":33,"turns":7},{"damage":0,"enemies":"3 Darklings","floor":35,"turns":5},{"damage":50,"enemies":"2 Orb Walkers","floor":36,"turns":5}],"seed_played":"-2880587623281838668","potions_obtained":[{"floor":1,"key":"DistilledChaos"},{"floor":6,"key":"Regen Potion"},{"floor":10,"key":"Energy Potion"},{"floor":18,"key":"EssenceOfSteel"},{"floor":22,"key":"SpeedPotion"},{"floor":33,"key":"Strength Potion"},{"floor":35,"key":"FearPotion"}],"is_trial":false,"path_per_floor":["M","?","?","M","M","E","$","R","T","E","M","?","T","M","R","B",null,"M","M","?","$","M","M","M","R","T","R","M","M","R","M","R","B",null,"M","?"],"character_chosen":"Hololive_HololiveCharacter","items_purchased":["Hololive_LuckPotion","Hololive_CallFriendA","Fire Potion"],"campfire_rested":0,"item_purchase_floors":[7,21,21],"current_hp_per_floor":[35,35,35,35,35,35,35,35,35,35,35,35,35,35,35,35,35,35,28,28,28,28,28,28,28,28,28,28,28,28,28,28,28,35,35,0,0],"gold":388,"neow_bonus":"UPGRADE_CARD","is_daily":false,"chose_seed":false,"campfire_upgraded":5,"win_rate":0.0,"timestamp":1610259087,"path_taken":["M","?","?","M","M","E","$","R","T","E","?","?","?","M","R","BOSS","M","M","?","$","M","M","M","R","T","R","M","?","R","M","R","BOSS","M","?"],"items_purchased_type":["Card","Card","Potion"],"build_version":"2020-12-22","purchased_purges":1,"victory":false,"max_hp_per_floor":[35,35,35,35,35,35,35,35,35,35,35,35,35,35,35,35,35,35,35,35,35,35,35,35,35,35,35,35,35,35,35,35,35,35,35,35,35],"card_choices":[{"not_picked":["Hololive_CallManoAloe","Hololive_CallHimemoriLuna","Hololive_CocoNews"],"picked":"Hololive_FlyingPonyTail","floor":1},{"not_picked":["Hololive_OvertimeWork","Hololive_Psychosis","Hololive_Drill"],"picked":"Hololive_CallRoboco","floor":4},{"not_picked":["Hololive_LuckPotion","Hololive_Watashimo","Hololive_Psychosis"],"picked":"Hololive_StrengthChampion","floor":5},{"not_picked":["Hololive_CallTokoyamiTowa","Hololive_OvertimeWork","Hololive_Sequa"],"picked":"Hololive_Rebound","floor":6},{"not_picked":["Hololive_CallMurasakiShion","Hololive_CallArtia","Hololive_HuntDinosaur"],"picked":"Hololive_OvertimeWork","floor":10},{"not_picked":["Hololive_CallFriendA","Hololive_CallArtia","Hololive_HuntDinosaur"],"picked":"Hololive_Yoholoon","floor":11},{"not_picked":["Hololive_OvertimeWork","Hololive_Rebound","Hololive_FlyingPonyTail","Hololive_WolfAndLamb"],"picked":"SKIP","floor":14},{"not_picked":["Hololive_Nanodesu","Hololive_MaximGun","Hololive_Recruit"],"picked":"Hololive_Thief","floor":16},{"not_picked":["Hololive_OvertimeWork+1","Hololive_SummonFox","Hololive_HuntDinosaur"],"picked":"Hololive_CallHoushouMarine","floor":18},{"not_picked":["Hololive_Rebound","Hololive_Sequa+1","Hololive_HuntDinosaur"],"picked":"Hololive_CallHimemoriLuna","floor":19},{"not_picked":["Hololive_Breathe","Hololive_StrengthChampion","Hololive_CallSpadeEcho","Hololive_CallArtia"],"picked":"SKIP","floor":22},{"not_picked":["Hololive_CallSpadeEcho+1","Hololive_Breathe+1","Hololive_CallShishiroBotan"],"picked":"Hololive_CallKiryuuCoco+1","floor":23},{"not_picked":["Hololive_Trident+1","Hololive_Drill","Hololive_FlyingPonyTail"],"picked":"Hololive_Psychosis+1","floor":24},{"not_picked":["Hololive_OvertimeWork","Hololive_DurableLive","Hololive_StrengthChampion"],"picked":"Hololive_CallSakuraMiko","floor":28},{"not_picked":["Hololive_CallMomosuzuNene","Hololive_Sequa","Hololive_RevenueBasedLive"],"picked":"Hololive_HuntDinosaur","floor":29},{"not_picked":["Hololive_CallNatsuiroMatsuri","Hololive_HuntDinosaur","Hololive_CallDoris","Hololive_Teleport"],"picked":"SKIP","floor":31},{"not_picked":["Hololive_WolfAndLamb","Hololive_BeCareful","Hololive_DDD"],"picked":"Hololive_StarCraft","floor":33},{"not_picked":["Hololive_Drill","Hololive_CallSakuraMiko+1","Hololive_Breathe+1"],"picked":"Hololive_OvertimeWork+1","floor":35}],"player_experience":133486,"relics_obtained":[{"floor":6,"key":"Lantern"},{"floor":10,"key":"Gremlin Horn"},{"floor":13,"key":"Sundial"}],"event_choices":[{"damage_healed":0,"gold_gain":0,"player_choice":"Ignored","damage_taken":0,"max_hp_gain":0,"max_hp_loss":0,"event_name":"Golden Wing","floor":2,"gold_loss":0},{"damage_healed":0,"gold_gain":0,"player_choice":"Ignored","damage_taken":0,"max_hp_gain":0,"max_hp_loss":0,"event_name":"Golden Idol","floor":3,"gold_loss":0},{"damage_healed":0,"gold_gain":0,"player_choice":"Searched \u00271\u0027 times","damage_taken":0,"relics_obtained":["Pen Nib"],"max_hp_gain":0,"max_hp_loss":0,"event_name":"Dead Adventurer","floor":12,"gold_loss":0},{"damage_healed":0,"gold_gain":0,"player_choice":"2 cards matched","damage_taken":0,"max_hp_gain":0,"max_hp_loss":0,"event_name":"Match and Keep!","floor":20,"gold_loss":0,"cards_obtained":["Hololive_CallHoshimachiSuisei","Hololive_Recruit"]},{"damage_healed":0,"gold_gain":0,"player_choice":"Fight","damage_taken":0,"max_hp_gain":0,"max_hp_loss":0,"event_name":"Mysterious Sphere","floor":36,"gold_loss":0}],"is_beta":false,"boss_relics":[{"not_picked":["Cursed Key","Coffee Dripper","Sozu"]},{"not_picked":["Runic Pyramid","Empty Cage"],"picked":"Black Star"}],"items_purged_floors":[7],"is_endless":false,"potions_floor_spawned":[1,6,10,18,22,29,33,35],"killed_by":"2 Orb Walkers","ascension_level":3}}