{"host":"56ghxnzsglgdq727","time":1610322009,"event":{"mods":["AchievementEnabler","BaseMod","Downfall","Duelist Mod","Minty Spire (QoL Compilation)","Rare Cards Sparkle","StSLib","The Bug Knight","The Exalted","The Senshi","The Wild Card"],"gold_per_floor":[142,157,157,177,177,217,217,233,285,329,345,365,365,290,290,420,420,435,435,435],"floor_reached":19,"playtime":632,"items_purged":["Slimebound:Icky"],"score":179,"play_id":"e4ab9003-2e33-4cc7-b7ac-4016279253d9","local_time":"20210110184009","is_ascension_mode":false,"campfire_choices":[{"floor":13,"key":"REST"},{"data":"theDuelist:HammerShot","floor":15,"key":"SMITH"}],"circlet_count":0,"master_deck":["theDuelist:CastleWalls","theDuelist:CastleWalls","theDuelist:DarkMagician","theDuelist:MysticalElf","theDuelist:MysticalElf","theDuelist:NeoMagic+1","theDuelist:NeoMagic","theDuelist:Sparks+1","theDuelist:Sparks","theDuelist:Sparks","theDuelist:HammerShot+1","theDuelist:HammerShot","theDuelist:GiantTrunade"],"relics":["theDuelist:MillenniumPuzzle","theDuelist:CardPoolRelic","theDuelist:CardPoolBasicRelic","theDuelist:BoosterPackPoolRelic","theDuelist:CardPoolAddRelic","theDuelist:CardPoolMinusRelic","theDuelist:CardPoolSaveRelic","theDuelist:CardPoolOptionsRelic","Champion Belt","theSenshi:FeatherClipsRelic","Golden Idol","theDuelist:DuelistOrichalcum","theDuelist:ZoneToken","Unceasing Top","Cursed Key"],"acts_visited":["Exordium","TheCity"],"potions_floor_usage":[6,16,19,19],"damage_taken":[{"damage":0,"enemies":"Cultist","floor":1,"turns":4},{"damage":0,"enemies":"Jaw Worm","floor":2,"turns":3},{"damage":0,"enemies":"2 Louse","floor":4,"turns":2},{"damage":8,"enemies":"Gremlin Nob","floor":6,"turns":5},{"damage":2,"enemies":"Looter","floor":8,"turns":3},{"damage":7,"enemies":"3 Sentries","floor":10,"turns":6},{"damage":4,"enemies":"3 Louse","floor":11,"turns":2},{"damage":0,"enemies":"Large Slime","floor":12,"turns":4},{"damage":53,"enemies":"Hexaghost","floor":16,"turns":12},{"damage":12,"enemies":"2 Thieves","floor":18,"turns":3},{"damage":76,"enemies":"2 Thieves","floor":19,"turns":7}],"seed_played":"8809527154880637082","potions_obtained":[{"floor":2,"key":"theDuelist:ExtraOrbsBottle"},{"floor":4,"key":"theDuelist:VampireVial"},{"floor":10,"key":"Weak Potion"},{"floor":16,"key":"Explosive Potion"}],"is_trial":false,"path_per_floor":["M","M","?","M","?","E","?","M","T","E","M","M","R","$","R","B",null,"M","?"],"character_chosen":"THE_DUELIST","items_purchased":[],"campfire_rested":1,"item_purchase_floors":[],"current_hp_per_floor":[80,80,73,79,59,57,41,45,45,44,46,52,76,76,76,29,80,74,0,0],"gold":435,"neow_bonus":"ONE_RARE_RELIC","is_daily":false,"chose_seed":false,"campfire_upgraded":1,"win_rate":0.0,"timestamp":1610322009,"path_taken":["M","?","?","M","?","E","?","M","T","E","M","M","R","$","R","BOSS","M","?"],"items_purchased_type":[],"build_version":"2020-12-22","purchased_purges":1,"victory":false,"max_hp_per_floor":[80,80,80,80,80,80,80,80,80,80,80,80,80,80,80,80,80,80,80,80],"card_choices":[{"not_picked":["theDuelist:CircleFireKings","theDuelist:Mudballman","theDuelist:Illusionist","theDuelist:GiantTrunade","theDuelist:FlyingSaucer"],"picked":"SKIP","floor":1},{"not_picked":["theDuelist:BattleguardKing","theDuelist:EvilswarmHeliotrope","theDuelist:GaiaMidNightSun","theDuelist:FuryFire"],"picked":"theDuelist:HammerShot","floor":2},{"not_picked":[],"picked":"theDuelist:HammerShot","floor":4},{"not_picked":["theDuelist:ClearKuriboh","theDuelist:FluteKuriboh","theDuelist:FlameTiger","theDuelist:OneForOne","theDuelist:LightningRodLord"],"picked":"SKIP","floor":6},{"not_picked":["theDuelist:WhiteHowling","theDuelist:StatueAnguishPattern","theDuelist:DarkHorizon","theDuelist:AltarTribute","theDuelist:BadReaction"],"picked":"SKIP","floor":8},{"not_picked":["theDuelist:SilentDoom","theDuelist:InfernoFireBlast","theDuelist:CallAtlanteans","theDuelist:MagiciansRobe"],"picked":"theDuelist:GiantTrunade","floor":10},{"not_picked":["theDuelist:InfernoFireBlast","theDuelist:PowerKaishin","theDuelist:VoidExpansion","theDuelist:GoblinSecret","theDuelist:DiffusionWaveMotion"],"picked":"SKIP","floor":11},{"not_picked":["theDuelist:ExodiaNecross","theDuelist:RainbowMagician","theDuelist:DoomShaman","theDuelist:IceQueen","theDuelist:IrisEarthMother"],"picked":"SKIP","floor":12},{"not_picked":["theDuelist:DarkMagician+1","theDuelist:Mudballman+1","theDuelist:LordD","theDuelist:SpellShatteringArrow","theDuelist:AltarTribute"],"picked":"SKIP","floor":18}],"player_experience":213276,"relics_obtained":[{"floor":6,"key":"theDuelist:DuelistOrichalcum"},{"floor":9,"key":"theDuelist:ZoneToken"},{"floor":10,"key":"Unceasing Top"}],"event_choices":[{"damage_healed":0,"gold_gain":0,"player_choice":"Success","damage_taken":7,"relics_obtained":["theSenshi:FeatherClipsRelic"],"max_hp_gain":0,"max_hp_loss":0,"event_name":"Scrap Ooze","floor":3,"gold_loss":0},{"damage_healed":0,"gold_gain":0,"player_choice":"Take Damage","damage_taken":20,"relics_obtained":["Golden Idol"],"max_hp_gain":0,"max_hp_loss":0,"event_name":"Golden Idol","floor":5,"gold_loss":0},{"damage_healed":0,"gold_gain":0,"player_choice":"Entered Light","damage_taken":16,"max_hp_gain":0,"max_hp_loss":0,"event_name":"Shining Light","floor":7,"gold_loss":0,"cards_upgraded":["theDuelist:Sparks","theDuelist:NeoMagic"]},{"damage_healed":0,"gold_gain":0,"player_choice":"Fight","duelist":true,"damage_taken":0,"max_hp_gain":0,"max_hp_loss":0,"event_name":"Battle City","floor":19,"gold_loss":0}],"is_beta":false,"boss_relics":[{"not_picked":["Busted Crown","Tiny House"],"picked":"Cursed Key"}],"items_purged_floors":[14],"is_endless":false,"potions_floor_spawned":[2,4,10,16],"killed_by":"2 Thieves","ascension_level":0}}