{"host":"f5y45f7z7ziu0smp","time":1610265869,"event":{"mods":["AchievementEnabler","BaseMod","Koishi","Marisa£¨Ùöéë¡¡Øª×âÞÞ£©","Minty Spire (QoL Compilation)","StSLib","SuperFastMode"],"gold_per_floor":[116,136,136,19,19,19,37,37,37,63,63,79,79,93,93,200,200,210,210,66,82,51,51,51,90,90,90,90,540,558,558,558,653,653,670,731,747,747,747,747,672,726,749,758,529,570,587,648,648,648],"floor_reached":51,"playtime":1541,"items_purged":["Core Surge+1"],"score":987,"play_id":"c02f5280-d030-40dd-a25f-e686e3b85a81","local_time":"20210110170429","daily_mods":["SealedDeck","Shiny","Vintage","Heirloom","Time Dilation","Flight"],"is_ascension_mode":false,"campfire_choices":[{"data":"Fission","floor":6,"key":"SMITH"},{"data":"Amplify","floor":8,"key":"SMITH"},{"data":"Recycle","floor":11,"key":"SMITH"},{"data":"Defragment","floor":13,"key":"SMITH"},{"data":"Consume","floor":15,"key":"SMITH"},{"data":"Heatsinks","floor":23,"key":"SMITH"},{"data":"Capacitor","floor":24,"key":"SMITH"},{"data":"Machine Learning","floor":27,"key":"SMITH"},{"data":"Biased Cognition","floor":28,"key":"SMITH"},{"floor":32,"key":"REST"},{"data":"Discovery","floor":49,"key":"SMITH"}],"circlet_count":0,"master_deck":["Hyperbeam+1","Machine Learning+1","Buffer+1","Seek+1","Echo Form+1","All For One+1","Reboot+1","Fission+1","Multi-Cast+1","Thunder Strike+1","Biased Cognition+1","Electrodynamics+1","Rainbow+1","Meteor Strike+1","Amplify+1","Creative AI+1","Self Repair+1","Force Field+1","Turbo+1","Compile Driver+1","Coolheaded+1","Consume+1","Defragment+1","Storm+1","Double Energy+1","Beam Cell+1","Capacitor+1","Turbo+1","Recycle+1","Biased Cognition+1","Heatsinks+1","Beam Cell+1","Hologram+1","Discovery+1","Aggregate","Double Energy","Master of Strategy","Consume","Aggregate+1"],"relics":["Cracked Core","Gambling Chip","White Beast Statue","Peace Pipe","War Paint","Question Card","Pantograph","Unceasing Top","CeramicFish","Nuclear Battery","Boot","Enchiridion","Membership Card","Mercury Hourglass","Potion Belt","Blood Vial","Symbiotic Virus","Sozu","PreservedInsect","Pocketwatch","StrikeDummy","Bottled Tornado","Mark of the Bloom","Chemical X","Bag of Marbles","Nunchaku","Centennial Puzzle","Kunai","CatCart"],"acts_visited":["Exordium","TheCity","TheBeyond"],"potions_floor_usage":[12,12,21,33],"damage_taken":[{"damage":0,"enemies":"Small Slimes","floor":1,"turns":1},{"damage":0,"enemies":"Jaw Worm","floor":2,"turns":1},{"damage":0,"enemies":"Cultist","floor":7,"turns":2},{"damage":9,"enemies":"3 Sentries","floor":10,"turns":2},{"damage":10,"enemies":"Gremlin Gang","floor":12,"turns":7},{"damage":0,"enemies":"Exordium Wildlife","floor":14,"turns":1},{"damage":0,"enemies":"Slime Boss","floor":16,"turns":2},{"damage":0,"enemies":"Spheric Guardian","floor":18,"turns":2},{"damage":0,"enemies":"2 Thieves","floor":21,"turns":1},{"damage":12,"enemies":"Gremlin Leader","floor":25,"turns":2},{"damage":0,"enemies":"Snake Plant","floor":30,"turns":1},{"damage":0,"enemies":"Champ","floor":33,"turns":1},{"damage":0,"enemies":"3 Darklings","floor":35,"turns":1},{"damage":0,"enemies":"2 Orb Walkers","floor":36,"turns":1},{"damage":0,"enemies":"Orb Walker","floor":37,"turns":2},{"damage":0,"enemies":"Nemesis","floor":46,"turns":1},{"damage":0,"enemies":"Maw","floor":47,"turns":1},{"damage":0,"enemies":"Orin","floor":48,"turns":5},{"damage":8,"enemies":"Awakened One","floor":50,"turns":3}],"seed_played":"2432732600658118803","potions_obtained":[{"floor":1,"key":"Strength Potion"},{"floor":2,"key":"AttackPotion"},{"floor":7,"key":"Ancient Potion"},{"floor":10,"key":"AttackPotion"},{"floor":12,"key":"ColorlessPotion"},{"floor":14,"key":"GamblersBrew"},{"floor":21,"key":"Fruit Juice"},{"floor":30,"key":"EssenceOfSteel"},{"floor":33,"key":"SteroidPotion"}],"is_trial":true,"path_per_floor":["M","M","?","$","?","R","M","R","T","E","R","M","R","M","R","B",null,"M","?","$","M","$","R","R","E","T","R","R","?","M","?","R","B",null,"M","?","M","T","?","?","$","T","T","?","$","E","M","?","R","B",null],"character_chosen":"DEFECT","items_purchased":["Capacitor","Turbo","Membership Card","Heatsinks","Chemical X","Centennial Puzzle","Aggregate","Double Energy","Master of Strategy"],"campfire_rested":1,"item_purchase_floors":[4,4,20,22,41,45,45,45,45],"current_hp_per_floor":[75,75,60,60,60,60,60,60,60,58,58,48,48,48,48,73,75,75,59,59,64,64,64,64,52,52,52,52,6,15,15,39,66,80,80,80,80,80,80,80,80,80,80,80,80,80,80,80,80,72],"gold":648,"neow_bonus":"","is_daily":false,"chose_seed":false,"campfire_upgraded":10,"win_rate":0.0,"timestamp":1610265869,"path_taken":["M","M","?","$","?","R","?","R","T","E","R","M","R","?","R","BOSS","M","?","$","M","$","R","R","E","T","R","R","?","?","?","R","BOSS","M","?","M","?","?","?","$","?","T","?","$","E","?","?","R","BOSS"],"items_purchased_type":["Card","Card","Relic","Card","Relic","Relic","Card","Card","Card"],"build_version":"2020-12-22","purchased_purges":1,"victory":true,"max_hp_per_floor":[75,75,75,75,75,75,75,75,75,75,75,75,75,75,75,75,75,75,75,75,80,80,80,80,80,80,80,80,80,80,80,80,80,80,80,80,80,80,80,80,80,80,80,80,80,80,80,80,80,80],"card_choices":[{"not_picked":["Sunder","Compile Driver","Conserve Battery"],"picked":"Recycle","floor":10},{"not_picked":["Meteor Strike","Seek","Machine Learning"],"picked":"Biased Cognition","floor":16},{"not_picked":["Turbo","Go for the Eyes","Machine Learning"],"picked":"Beam Cell+1","floor":25},{"not_picked":["Tempest","Compile Driver","Reprogram+1"],"picked":"Hologram+1","floor":36},{"not_picked":["Violence","Transmutation","Flash of Steel"],"picked":"Discovery","floor":44},{"not_picked":["Scrape+1","Doom and Gloom+1","Rebound"],"picked":"Consume","floor":46},{"not_picked":["Rebound","Streamline","Compile Driver"],"picked":"Aggregate+1","floor":48}],"player_experience":82103,"relics_obtained":[{"floor":1,"key":"White Beast Statue"},{"floor":2,"key":"Peace Pipe"},{"floor":7,"key":"War Paint"},{"floor":9,"key":"Question Card"},{"floor":10,"key":"Pantograph"},{"floor":12,"key":"Unceasing Top"},{"floor":14,"key":"CeramicFish"},{"floor":18,"key":"Boot"},{"floor":19,"key":"Enchiridion"},{"floor":21,"key":"Mercury Hourglass"},{"floor":25,"key":"Potion Belt"},{"floor":26,"key":"Blood Vial"},{"floor":30,"key":"Symbiotic Virus"},{"floor":35,"key":"PreservedInsect"},{"floor":36,"key":"Pocketwatch"},{"floor":37,"key":"StrikeDummy"},{"floor":38,"key":"Bottled Tornado"},{"floor":42,"key":"Bag of Marbles"},{"floor":43,"key":"Nunchaku"},{"floor":46,"key":"Kunai"},{"floor":48,"key":"CatCart"}],"event_choices":[{"damage_healed":0,"gold_gain":0,"player_choice":"Entered Light","damage_taken":15,"max_hp_gain":0,"max_hp_loss":0,"event_name":"Shining Light","floor":3,"gold_loss":0,"cards_upgraded":["Reboot","Electrodynamics"]},{"damage_healed":0,"gold_gain":0,"player_choice":"Forge","damage_taken":0,"max_hp_gain":0,"max_hp_loss":0,"event_name":"Accursed Blacksmith","floor":5,"gold_loss":0,"cards_upgraded":["Storm"]},{"damage_healed":0,"gold_gain":0,"player_choice":"Obtained Book","damage_taken":16,"max_hp_gain":0,"max_hp_loss":0,"event_name":"Cursed Tome","floor":19,"gold_loss":0},{"damage_healed":0,"gold_gain":450,"player_choice":"GOLD GOLD GOLD GOLD GOLD ","damage_taken":46,"max_hp_gain":0,"max_hp_loss":0,"event_name":"Knowing Skull","floor":29,"potions_obtained":[],"gold_loss":0,"cards_obtained":[]},{"damage_healed":0,"gold_gain":0,"player_choice":"Ignored","damage_taken":0,"max_hp_gain":0,"max_hp_loss":0,"event_name":"Vampires","floor":31,"gold_loss":0},{"damage_healed":0,"gold_gain":0,"player_choice":"Fight","damage_taken":0,"max_hp_gain":0,"max_hp_loss":0,"event_name":"Mysterious Sphere","floor":36,"gold_loss":0},{"damage_healed":0,"gold_gain":0,"player_choice":"Ignored","damage_taken":0,"max_hp_gain":0,"max_hp_loss":0,"event_name":"Tomb of Lord Red Mask","floor":39,"gold_loss":0},{"damage_healed":0,"gold_gain":0,"player_choice":"Upgrade","damage_taken":0,"relics_obtained":["Mark of the Bloom"],"max_hp_gain":0,"max_hp_loss":0,"event_name":"MindBloom","floor":40,"gold_loss":0,"cards_upgraded":["Hyperbeam","Buffer","Echo Form","All For One","Core Surge","Thunder Strike","Rainbow","Meteor Strike","Creative AI","Self Repair","Force Field","Turbo","Compile Driver","Coolheaded","Double Energy","Beam Cell","Turbo","Biased Cognition"]},{"damage_healed":0,"gold_gain":0,"player_choice":"Memory 1","damage_taken":0,"max_hp_gain":0,"max_hp_loss":0,"event_name":"SensoryStone","floor":44,"gold_loss":0},{"damage_healed":0,"gold_gain":0,"player_choice":"Fight","damage_taken":0,"max_hp_gain":0,"max_hp_loss":0,"event_name":"OrinTheCat","floor":48,"gold_loss":0}],"is_beta":false,"boss_relics":[{"not_picked":["Tiny House","Inserter"],"picked":"Nuclear Battery"},{"not_picked":["Fusion Hammer","Astrolabe"],"picked":"Sozu"}],"items_purged_floors":[45],"is_endless":false,"potions_floor_spawned":[1,2,7,10,12,14,16,18,21,25,30,33,35,36,37,46,47,48],"ascension_level":0}}