{"host":"i98650m3tufgrrto","time":1610246540,"event":{"mods":["Act Like it!","BaseMod","CapriCore","KomeijiMod","Marisa£®ÏF”Í°°ƒß¿Ì…≥£©","Minty Spire (QoL Compilation)","Reimu£®≤©¿ˆ¡È√Œ£©","Remilia£®¿Ÿ√◊¿Ú—«£©","StSLib","The Immortal","The Servant 0.9.4","Yakumo Yukari mod","Youmu£®ªÍ∆«—˝√Œ£©"],"gold_per_floor":[179,179,189,264,284,309,329,329,329,363,363,392,410,422,422,522,522,534,215,515,528,528,528,545,575,601,601,306,306,306,318,318,419,419,432,484,484,0,11,46,64,64,64,64,76,76,76,111,111,111,111,111,111,140,140],"floor_reached":56,"playtime":2199,"items_purged":["Strike_Remiria","Greed_TH"],"score":1343,"play_id":"4bac0c14-8f14-4152-8681-7cdd34a814d8","local_time":"20210110104220","is_ascension_mode":false,"campfire_choices":[{"data":"Absorbed","floor":8.0,"key":"SMITH"},{"data":"FastHealing","floor":15.0,"key":"PURGE"},{"data":"Writhe","floor":23.0,"key":"PURGE"},{"data":"Exhaustion","floor":27.0,"key":"PURGE"},{"data":"FateConcerto","floor":29.0,"key":"SMITH"},{"data":"Strike_Remiria","floor":32.0,"key":"PURGE"},{"data":"Enlightenment","floor":46.0,"key":"SMITH"},{"floor":49,"key":"RECALL"},{"data":"Defend_Remirira","floor":52,"key":"PURGE"}],"circlet_count":0,"master_deck":["Defend_Remirira","Defend_Remirira","Absorbed+1","Scratch","HeartBreak_Remiria+1","Impregnable+1","Paradox+1","YoungDemonLord","ScarletDestiny","ThePrice","FateConcerto+1","MiserableFate_Remiria","Enlightenment+1","DoubleEdge+1","BloodSurge+1","Madness","Madness"],"relics":["Astrolabe","StrikeDummy","Tea:ReiMu","Peace Pipe","Cursed Key","Mummified Hand","Centennial Puzzle","Tiny Chest","Turnip","Black Star","Ginger","Sundial","Gremlin Horn","Juzu Bracelet","Bronze Scales","Pantograph","ScarletDevilRocket","RuthlessExorcism:ReiMu"],"acts_visited":["Exordium","TheCity","TheBeyond","TheEnding"],"potions_floor_usage":[55,55,55],"damage_taken":[{"damage":2.0,"enemies":"2 Louse","floor":1.0,"turns":2.0},{"damage":3.0,"enemies":"Small Slimes","floor":3.0,"turns":3.0},{"damage":3.0,"enemies":"Cultist","floor":5.0,"turns":5.0},{"damage":24.0,"enemies":"Gremlin Nob","floor":6.0,"turns":6.0},{"damage":16.0,"enemies":"Blue Slaver","floor":7.0,"turns":5.0},{"damage":18.0,"enemies":"3 Sentries","floor":10.0,"turns":6.0},{"damage":7.0,"enemies":"Lagavulin","floor":12.0,"turns":6.0},{"damage":0.0,"enemies":"Looter","floor":13.0,"turns":3.0},{"damage":3.0,"enemies":"Exordium Wildlife","floor":14.0,"turns":5.0},{"damage":2.0,"enemies":"Hexaghost","floor":16.0,"turns":6.0},{"damage":4.0,"enemies":"Spheric Guardian","floor":18.0,"turns":4.0},{"damage":2.0,"enemies":"Shell Parasite","floor":21.0,"turns":4.0},{"damage":1.0,"enemies":"3 Cultists","floor":24.0,"turns":4.0},{"damage":0.0,"enemies":"Gremlin Leader","floor":25.0,"turns":3.0},{"damage":4.0,"enemies":"Shelled Parasite and Fungi","floor":31.0,"turns":3.0},{"damage":10.0,"enemies":"Champ","floor":33.0,"turns":5.0},{"damage":3.0,"enemies":"Orb Walker","floor":35.0,"turns":4.0},{"damage":3.0,"enemies":"2 Orb Walkers","floor":36.0,"turns":3.0},{"damage":11.0,"enemies":"3 Shapes","floor":39.0,"turns":5.0},{"damage":9.0,"enemies":"Reptomancer","floor":40.0,"turns":3.0},{"damage":6.0,"enemies":"Writhing Mass","floor":41.0,"turns":3.0},{"damage":11.0,"enemies":"4 Shapes","floor":45.0,"turns":2.0},{"damage":15,"enemies":"Giant Head","floor":48,"turns":4},{"damage":19,"enemies":"Donu and Deca","floor":50,"turns":4},{"damage":11,"enemies":"Shield and Spear","floor":54,"turns":3},{"damage":40,"enemies":"The Heart","floor":55,"turns":3}],"seed_played":"-9059711136064346239","potions_obtained":[{"floor":5.0,"key":"SpeedPotion"},{"floor":6.0,"key":"GrandPatriotsElixir:ReiMu"},{"floor":12.0,"key":"SkillPotion"},{"floor":14.0,"key":"SpeedPotion"},{"floor":31.0,"key":"CalmPotion"},{"floor":33.0,"key":"Weak Potion"},{"floor":40.0,"key":"SkillPotion"},{"floor":41.0,"key":"DistilledChaos"},{"floor":54,"key":"MagicPotion:ReiMu"}],"is_trial":false,"path_per_floor":["M","?","M","?","M","E","M","R","T","E","?","E","M","M","R","B",null,"M","$","?","M","?","R","M","E","T","R","$","R","?","M","R","B",null,"M","?","T","$","M","E","M","?","T","?","M","R","T","E","R","B",null,"R","$","E","B",null],"character_chosen":"RemiriaScarlet","items_purchased":["Mummified Hand","Turnip","Sundial","Enlightenment","Swift Potion"],"campfire_rested":0,"item_purchase_floors":[19,28,38,38,38],"current_hp_per_floor":[98,103,100,90,87,63,47,47,47,29,29,22,22,19,19,17,105,101,101,101,99,99,99,98,98,98,98,93,93,93,89,89,79,105,102,99,99,79,68,96,102,102,102,89,78,78,78,91,91,92,105,105,105,105,105],"gold":140,"neow_bonus":"BOSS_RELIC","is_daily":false,"chose_seed":false,"campfire_upgraded":3,"win_rate":0.0,"timestamp":1610246540,"path_taken":["M","?","M","?","M","E","?","R","T","E","?","E","M","M","R","BOSS","M","$","?","M","?","R","M","E","T","R","?","R","?","M","R","BOSS","M","?","?","?","M","E","M","?","T","?","M","R","?","E","R","BOSS","R","$","E","BOSS"],"items_purchased_type":["Relic","Relic","Relic","Card","Potion"],"build_version":"2020-12-22","purchased_purges":2,"victory":true,"max_hp_per_floor":[100,105,105,105,105,105,105,105,105,105,105,105,105,105,105,105,105,105,105,105,105,105,105,105,105,105,105,105,105,105,105,105,105,105,105,105,105,105,105,105,105,105,105,105,105,105,105,105,105,105,105,105,105,105,105],"card_choices":[{"not_picked":["FierceSweep","TrickFate","Warpath"],"picked":"SKIP","floor":1.0},{"not_picked":["BodyStrengthen","Warpath"],"picked":"YoungDemonLord","floor":3.0},{"not_picked":["Warpath","Feint","NaturallyHealing"],"picked":"SKIP","floor":5.0},{"not_picked":["TrickFate","SealingFear"],"picked":"FastHealing","floor":6.0},{"not_picked":["Warpath","RocketKickup","StigmaNizer"],"picked":"SKIP","floor":7.0},{"not_picked":["StigmaNizer","LifeBreak"],"picked":"ScarletDestiny","floor":10.0},{"not_picked":["BloodySuit","BloodCollect","SealingFear"],"picked":"SKIP","floor":12.0},{"not_picked":["Cripple","CombatMeter","BloodCollect"],"picked":"SKIP","floor":13.0},{"not_picked":["DoubleEdge","BloodySuit"],"picked":"ThePrice","floor":14.0},{"not_picked":["MiserableFate_Remiria","AllTheWorldInNightmare"],"picked":"FateConcerto","floor":16.0},{"not_picked":["Warpath","VampirishNight+1","DoubleEdge"],"picked":"SKIP","floor":18.0},{"not_picked":["BathedInBlood","ScarletNetherworld","BloodCollect"],"picked":"SKIP","floor":21.0},{"not_picked":["ServantFlier","SealingFear+1","Warpath"],"picked":"SKIP","floor":24.0},{"not_picked":["DoubleEdge+1","BadLadyScramble"],"picked":"YoungDemonLord","floor":25.0},{"not_picked":["DemonsDinnerFork_Remiria","BloodPact","FastHealing+1"],"picked":"SKIP","floor":31.0},{"not_picked":["FateSonata","BadLadyScramble"],"picked":"MiserableFate_Remiria","floor":33.0},{"not_picked":["DoubleEdge","FateMeister+1","BloodPact+1"],"picked":"SKIP","floor":35.0},{"not_picked":["BathedInBlood","Warpath"],"picked":"DoubleEdge+1","floor":39.0},{"not_picked":["Feint+1","NaturallyHealing","QueenOfMidnight"],"picked":"SKIP","floor":40.0},{"not_picked":["PainBurst+1","FierceSweep+1"],"picked":"BloodSurge+1","floor":41.0},{"not_picked":["ServantFlier","FierceSweep","YoungDemonLord"],"picked":"SKIP","floor":45.0},{"not_picked":["Feint+1","BloodCleaner","RedtheNightlessCastle"],"picked":"SKIP","floor":48},{"not_picked":["BloodCollect+1","StigmaNizer","BloodCleaner"],"picked":"SKIP","floor":54}],"player_experience":1197991,"relics_obtained":[{"floor":6.0,"key":"StrikeDummy"},{"floor":10.0,"key":"Tea:ReiMu"},{"floor":12.0,"key":"Peace Pipe"},{"floor":26.0,"key":"Tiny Chest"},{"floor":36.0,"key":"Ginger"},{"floor":40.0,"key":"Gremlin Horn"},{"floor":40.0,"key":"Juzu Bracelet"},{"floor":48,"key":"Bronze Scales"},{"floor":48,"key":"Pantograph"},{"floor":54,"key":"ScarletDevilRocket"},{"floor":54,"key":"RuthlessExorcism:ReiMu"}],"event_choices":[{"damage_healed":0.0,"max_hp_gain":5.0,"max_hp_loss":0.0,"gold_gain":0.0,"event_name":"Big Fish","player_choice":"Donut","floor":2.0,"gold_loss":0.0,"damage_taken":0.0},{"damage_healed":0.0,"max_hp_gain":0.0,"max_hp_loss":0.0,"gold_gain":75.0,"event_name":"FaceTrader","player_choice":"Touch","floor":4.0,"gold_loss":0.0,"damage_taken":10.0},{"damage_healed":0.0,"max_hp_gain":0.0,"max_hp_loss":0.0,"gold_gain":0.0,"event_name":"The Mausoleum","player_choice":"Opened","floor":22.0,"gold_loss":0.0,"damage_taken":0.0,"relics_obtained":["Centennial Puzzle"],"cards_obtained":["Writhe"]},{"damage_healed":0.0,"max_hp_gain":0.0,"max_hp_loss":0.0,"gold_gain":0.0,"event_name":"Mysterious Sphere","player_choice":"Fight","floor":36.0,"gold_loss":0.0,"damage_taken":0.0},{"cards_removed":["YoungDemonLord"],"damage_healed":0.0,"max_hp_gain":0.0,"max_hp_loss":0.0,"gold_gain":0.0,"event_name":"Falling","player_choice":"Removed Skill","floor":42.0,"gold_loss":0.0,"damage_taken":0.0},{"damage_healed":0.0,"max_hp_gain":0.0,"max_hp_loss":0.0,"gold_gain":0.0,"event_name":"Winding Halls","player_choice":"Embrace Madness","floor":44.0,"gold_loss":0.0,"damage_taken":13.0,"cards_obtained":["Madness","Madness"]}],"is_beta":false,"boss_relics":[{"not_picked":["RedLine:ReiMu","Pandora\u0027s Box"],"picked":"Cursed Key"},{"not_picked":["SacredBark","Busted Crown"],"picked":"Black Star"}],"items_purged_floors":[19,38],"is_endless":false,"potions_floor_spawned":[5,6,12,14,31,33,40,41,48,54],"ascension_level":0}}