{"host":"3b5lda25ezqra65h","time":1610288161,"event":{"mods":["BaseMod","BetterRewards","Colored Map","Colored Powertips","Marisa????????","Minty Spire (QoL Compilation)","Shop Mod","StSLib","The Animator","The Cursed","The Disciple","The Senshi","The Servant 0.9.4","Yuri Mod"],"gold_per_floor":[112,112,112,112,123,123,158,158,231,251,251,263,263,297,297,297,297],"floor_reached":16,"playtime":5451,"items_purged":[],"score":194,"play_id":"aebfad51-29c2-476a-81f7-b01ae15270e4","local_time":"20210110151601","is_ascension_mode":true,"campfire_choices":[{"floor":6,"key":"RECALL"},{"data":"Infinite Blades","floor":15,"key":"SMITH"}],"circlet_count":0,"master_deck":["Strike_G","Strike_G+1","Strike_G","Strike_G","Strike_G+1","Defend_G+1","Defend_G","Defend_G","Defend_G","Defend_G","Survivor","Neutralize+1","After Image+1","Infinite Blades+1","All Out Attack"],"relics":["Ring of the Snake","NeowsBlessing","Blood Vial","Whetstone"],"acts_visited":["Exordium"],"potions_floor_usage":[10,11,13,14],"damage_taken":[{"damage":0,"enemies":"2 Louse","floor":1,"turns":1},{"damage":0,"enemies":"Jaw Worm","floor":5,"turns":1},{"damage":0,"enemies":"Gremlin Nob","floor":7,"turns":1},{"damage":0,"enemies":"Cultist","floor":10,"turns":4},{"damage":0,"enemies":"2 Fungi Beasts","floor":11,"turns":2},{"damage":6,"enemies":"Exordium Wildlife","floor":12,"turns":8},{"damage":5,"enemies":"3 Louse","floor":13,"turns":2},{"damage":0,"enemies":"Lagavulin","floor":14,"turns":7},{"damage":57,"enemies":"Slime Boss","floor":16,"turns":12}],"seed_played":"5772824611093369613","potions_obtained":[{"floor":7,"key":"EntropicBrew"}],"is_trial":false,"path_per_floor":["M","?","?","?","M","R","E","?","T","M","M","M","M","E","R","B"],"character_chosen":"THE_SILENT","items_purchased":[],"campfire_rested":0,"item_purchase_floors":[],"current_hp_per_floor":[70,70,70,70,70,70,70,56,56,58,60,56,53,55,55,0,0],"gold":297,"neow_bonus":"THREE_ENEMY_KILL","is_daily":false,"chose_seed":false,"campfire_upgraded":1,"win_rate":0.0,"timestamp":1610288161,"path_taken":["M","?","?","?","?","R","E","?","T","M","M","M","M","E","R","BOSS"],"items_purchased_type":[],"build_version":"2020-12-22","purchased_purges":0,"victory":false,"max_hp_per_floor":[70,70,70,70,70,70,70,70,70,70,70,70,70,70,70,70,70],"card_choices":[{"not_picked":["Dagger Spray","Choke","Underhanded Strike"],"picked":"SKIP","floor":1},{"not_picked":["Flying Knee","Crippling Poison","Underhanded Strike"],"picked":"SKIP","floor":5},{"not_picked":["Deadly Poison","PiercingWail"],"picked":"After Image","floor":7},{"not_picked":["Deflect","Slice"],"picked":"Infinite Blades","floor":10},{"not_picked":["Deflect","Dash"],"picked":"All Out Attack","floor":12},{"not_picked":["Calculated Gamble","Setup","Prepared"],"picked":"SKIP","floor":14}],"player_experience":256701,"relics_obtained":[{"floor":7,"key":"Blood Vial"},{"floor":14,"key":"Whetstone"}],"event_choices":[{"damage_healed":0,"gold_gain":0,"player_choice":"Ignored","damage_taken":0,"max_hp_gain":0,"max_hp_loss":0,"event_name":"Golden Wing","floor":2,"gold_loss":0},{"damage_healed":0,"gold_gain":0,"player_choice":"Ignored","damage_taken":0,"max_hp_gain":0,"max_hp_loss":0,"event_name":"Liars Game","floor":3,"gold_loss":0},{"damage_healed":0,"gold_gain":0,"player_choice":"Upgraded","damage_taken":0,"max_hp_gain":0,"max_hp_loss":0,"event_name":"Upgrade Shrine","floor":4,"gold_loss":0,"cards_upgraded":["Neutralize"]},{"damage_healed":0,"gold_gain":0,"player_choice":"Entered Light","damage_taken":14,"max_hp_gain":0,"max_hp_loss":0,"event_name":"Shining Light","floor":8,"gold_loss":0,"cards_upgraded":["Defend_G","After Image"]}],"is_beta":false,"boss_relics":[],"items_purged_floors":[],"is_endless":false,"potions_floor_spawned":[7,11],"killed_by":"Slime Boss","ascension_level":4}}