{"host":"i2ir6b55gxkcwpt4","time":1610300432,"event":{"mods":["BaseMod","Colored Map","Colored Powertips","KinomotoSakuraMod(木之本樱)","Lobotomy","Marisa（F雨　魔理沙）","Minty Spire (QoL Compilation)","Remilia（蕾米莉亚）"],"gold_per_floor":[216,11,35,55,72,105,105,105,129,163,163,163,182,257,257,357,357,372,372,3,19,19,19,30,30,54,54,54,80,35,46,46,146,146,165,19,0,0,16,16,41,57,57,75,75,75,75,122,122,110,110],"floor_reached":50,"playtime":7293,"items_purged":[],"score":594,"play_id":"184b56aa-db52-48d5-8d10-182ada9ef8f9","local_time":"20210111014032","is_ascension_mode":false,"campfire_choices":[{"data":"Metamorphosis","floor":7,"key":"SMITH"},{"floor":15,"key":"REST"}],"circlet_count":0,"master_deck":["SpecialBullet","SpecialBullet","SpecialBullet","SpecialBullet","SpecialBullet","SpecialBullet","InformationCode","DisciplinaryCode","SecurityCode","ShyLook","FourthMatchFlame","Metamorphosis+1","Heaven+1","OSAHOGD","Heaven+1","OldLady","InTheNameOfLoveAndHate","SpiderBud","RedEyes","FrostShard","FieryBird","Beak","Wellcheers","ParadiseLost","GreedKing","SomewhereSpear+1","FeatherOfHonor","Rudolta","Mimicry","WristCuter","TrainingCode","Spore","Penitence","Loneliness+1","QueenOfHatred","SoundOfStar","Penitence+1","Metamorphosis+1","TodaysExpression","BigBird","Penitence+1","Funeral","RedEyes+1","Freischutz","WristCuter","CUTE"],"relics":["CogitoBucket","Toy Ornithopter","Omamori","Bag of Marbles","Torii","Potion Belt","BackwardClock","Philosopher\u0027s Stone","Oddly Smooth Stone","Pen Nib","Ancient Tea Set","Bag of Preparation","Blood Vial","Theresia","Black Star","DollysMirror","Red Mask","CaptainsWheel","ScarletDevilRocket","The Courier","Pocketwatch"],"acts_visited":["Exordium","TheCity","TheBeyond"],"potions_floor_usage":[6,10,13,31,41,41,41,42,42,42,42],"damage_taken":[{"damage":6,"enemies":"Cultist","floor":1,"turns":3},{"damage":21,"enemies":"2 Louse","floor":4,"turns":3},{"damage":11,"enemies":"Jaw Worm","floor":5,"turns":3},{"damage":21,"enemies":"3 Sentries","floor":6,"turns":4},{"damage":13,"enemies":"Lagavulin","floor":10,"turns":3},{"damage":22,"enemies":"Gremlin Gang","floor":13,"turns":6},{"damage":37,"enemies":"Slime Boss","floor":16,"turns":7},{"damage":51,"enemies":"Shell Parasite","floor":18,"turns":5},{"damage":12,"enemies":"2 Thieves","floor":21,"turns":4},{"damage":1,"enemies":"Shelled Parasite and Fungi","floor":24,"turns":2},{"damage":0,"enemies":"Gremlin Leader","floor":29,"turns":3},{"damage":29,"enemies":"Centurion and Healer","floor":31,"turns":8},{"damage":36,"enemies":"Automaton","floor":33,"turns":8},{"damage":0,"enemies":"3 Darklings","floor":35,"turns":2},{"damage":0,"enemies":"Orb Walker","floor":39,"turns":4},{"damage":68,"enemies":"Reptomancer","floor":41,"turns":6},{"damage":118,"enemies":"Jaw Worm Horde","floor":42,"turns":11},{"damage":1,"enemies":"Writhing Mass","floor":44,"turns":5},{"damage":9,"enemies":"2 Orb Walkers","floor":48,"turns":3},{"damage":105,"enemies":"FixerMidnight","floor":50,"turns":4}],"seed_played":"6205672409936425457","potions_obtained":[{"floor":1,"key":"FearPotion"},{"floor":4,"key":"Strength Potion"},{"floor":5,"key":"Weak Potion"},{"floor":18,"key":"FairyPotion"},{"floor":24,"key":"Ancient Potion"},{"floor":29,"key":"Fire Potion"},{"floor":35,"key":"EntropicBrew"},{"floor":41,"key":"ColorlessPotion"}],"is_trial":false,"path_per_floor":["M","$","T","M","M","E","R","?","T","E","R","T","M","?","R","B",null,"M","?","$","M","?","R","M","R","T","R","?","E","$","M","R","B",null,"M","$","?","?","M","R","E","M","T","M","R","?","R","?","R","B"],"character_chosen":"Angela","items_purchased":["Metamorphosis","Heaven","FeatherOfHonor","Oddly Smooth Stone","Pen Nib","Penitence","DollysMirror"],"campfire_rested":1,"item_purchase_floors":[2,2,20,20,20,30,36],"current_hp_per_floor":[70,70,70,57,54,46,46,32,32,32,32,32,19,8,30,14,78,42,42,42,45,45,45,52,52,52,52,52,63,63,51,51,29,90,90,90,90,90,90,90,58,13,13,50,50,89,89,89,89,0,0],"gold":110,"neow_bonus":"HUNDRED_GOLD","is_daily":false,"chose_seed":false,"campfire_upgraded":1,"win_rate":0.0,"timestamp":1610300432,"path_taken":["M","$","?","M","?","E","R","?","T","E","R","?","?","?","R","BOSS","M","?","$","M","?","R","M","R","T","R","?","E","$","M","R","BOSS","M","$","?","?","M","R","E","?","T","M","R","?","R","?","R","BOSS"],"items_purchased_type":["Card","Card","Card","Relic","Relic","Card","Relic"],"build_version":"2020-12-22","purchased_purges":0,"victory":false,"max_hp_per_floor":[70,70,70,70,70,70,70,70,70,70,70,70,74,74,74,78,78,82,82,82,86,86,86,86,86,86,86,86,86,86,86,86,90,90,90,90,90,90,90,90,94,98,98,102,102,89,89,89,89,89,89],"card_choices":[{"not_picked":["LongBird","Alriune"],"picked":"ShyLook","floor":1},{"not_picked":["Beak"],"picked":"FourthMatchFlame","floor":1},{"not_picked":["VoidDream","WhitesApple"],"picked":"OSAHOGD","floor":4},{"not_picked":["Penitence"],"picked":"Heaven","floor":4},{"not_picked":["FairyFestival","MHz"],"picked":"OldLady","floor":5},{"not_picked":["RedEyes"],"picked":"InTheNameOfLoveAndHate","floor":5},{"not_picked":["Murderer","MeatLantern"],"picked":"SpiderBud","floor":6},{"not_picked":["GrinderMk4"],"picked":"RedEyes","floor":6},{"not_picked":["Beak"],"picked":"FrostShard","floor":10},{"not_picked":["LaLuna","MeatLantern"],"picked":"FieryBird","floor":13},{"not_picked":["RedEyes"],"picked":"Beak","floor":13},{"not_picked":["LittleHelper","Mercenary"],"picked":"Wellcheers","floor":16},{"not_picked":["Adoration"],"picked":"ParadiseLost","floor":16},{"not_picked":["CherryBlossoms","BeautyBeast"],"picked":"GreedKing","floor":18},{"not_picked":["Beak"],"picked":"SomewhereSpear+1","floor":18},{"not_picked":["BigBadWolf","MHz"],"picked":"Rudolta","floor":21},{"not_picked":["Logging"],"picked":"Mimicry","floor":21},{"not_picked":["Tough+1"],"picked":"WristCuter","floor":24},{"not_picked":["Moonlight"],"picked":"Spore","floor":29},{"not_picked":["Tough"],"picked":"Loneliness+1","floor":31},{"not_picked":["Variant","PunishingBird"],"picked":"QueenOfHatred","floor":33},{"not_picked":["TheSmile"],"picked":"SoundOfStar","floor":33},{"not_picked":["Tough+1"],"picked":"Penitence+1","floor":35},{"not_picked":["Tough"],"picked":"TodaysExpression","floor":39},{"not_picked":["BlackArmy","CrumblingArmor"],"picked":"BigBird","floor":41},{"not_picked":["Hornet"],"picked":"Penitence+1","floor":41},{"not_picked":["HappyTeddy","SilentOrchestra"],"picked":"Funeral","floor":42},{"not_picked":["CUTE+1"],"picked":"RedEyes+1","floor":42},{"not_picked":["LaLuna","WhitesApple"],"picked":"Freischutz","floor":44},{"not_picked":["Lantern"],"picked":"WristCuter","floor":44},{"not_picked":["Harvest"],"picked":"CUTE","floor":48}],"player_experience":95476,"relics_obtained":[{"floor":3,"key":"Toy Ornithopter"},{"floor":6,"key":"Omamori"},{"floor":9,"key":"Bag of Marbles"},{"floor":10,"key":"Torii"},{"floor":12,"key":"Potion Belt"},{"floor":26,"key":"Bag of Preparation"},{"floor":29,"key":"Blood Vial"},{"floor":41,"key":"CaptainsWheel"},{"floor":41,"key":"ScarletDevilRocket"},{"floor":43,"key":"The Courier"},{"floor":48,"key":"Pocketwatch"}],"event_choices":[{"damage_healed":0,"gold_gain":0,"player_choice":"Entered Light","damage_taken":14,"max_hp_gain":0,"max_hp_loss":0,"event_name":"Shining Light","floor":8,"gold_loss":0,"cards_upgraded":["Heaven","Heaven"]},{"damage_healed":0,"gold_gain":75,"player_choice":"Gather Gold","damage_taken":11,"max_hp_gain":0,"max_hp_loss":0,"event_name":"World of Goop","floor":14,"gold_loss":0},{"cards_removed":["SpecialBullet"],"damage_healed":0,"gold_gain":0,"player_choice":"Elegance","damage_taken":0,"max_hp_gain":0,"max_hp_loss":0,"event_name":"Back to Basics","floor":19,"gold_loss":0},{"damage_healed":0,"gold_gain":0,"player_choice":"Stole Relic","damage_taken":0,"relics_obtained":["Ancient Tea Set"],"max_hp_gain":0,"max_hp_loss":0,"event_name":"Addict","floor":22,"gold_loss":0,"cards_obtained":["Shame"]},{"damage_healed":0,"gold_gain":0,"player_choice":"Ignored","damage_taken":0,"max_hp_gain":0,"max_hp_loss":0,"event_name":"Vampires","floor":28,"gold_loss":0},{"damage_healed":0,"gold_gain":0,"player_choice":"Paid","damage_taken":0,"relics_obtained":["Red Mask"],"max_hp_gain":0,"max_hp_loss":0,"event_name":"Tomb of Lord Red Mask","floor":37,"gold_loss":19},{"damage_healed":0,"gold_gain":0,"player_choice":"Copied","damage_taken":0,"max_hp_gain":0,"max_hp_loss":0,"event_name":"Duplicator","floor":38,"gold_loss":0,"cards_obtained":["Metamorphosis"]},{"damage_healed":89,"gold_gain":0,"player_choice":"Heal","damage_taken":0,"max_hp_gain":0,"max_hp_loss":13,"event_name":"The Moai Head","floor":46,"gold_loss":0},{"damage_healed":0,"gold_gain":0,"player_choice":"Fight","damage_taken":0,"max_hp_gain":0,"max_hp_loss":0,"event_name":"Mysterious Sphere","floor":48,"gold_loss":0}],"is_beta":false,"boss_relics":[{"not_picked":["Busted Crown","Coffee Dripper"],"picked":"Philosopher\u0027s Stone"},{"not_picked":["Snecko Eye","Cursed Key"],"picked":"Black Star"}],"items_purged_floors":[],"is_endless":false,"potions_floor_spawned":[1,4,5,18,24,29,35,41],"killed_by":"FixerMidnight","ascension_level":0}}