{"host":"sian7qp8a9pc9xwd","time":1610241275,"event":{"mods":["BaseMod","Minty Spire (QoL Compilation)","StSLib","SuperFastMode"],"gold_per_floor":[118,138,138,138,138,167,184,56,56,56,90,90,101,111,111,214,214,233,243,89,89,101,101,101,101],"floor_reached":24,"playtime":1193,"items_purged":["Defend_R"],"score":312,"play_id":"a186269f-13f1-40d5-b61e-199a348f7d0d","local_time":"20210109201435","is_ascension_mode":true,"campfire_choices":[{"data":"Juggernaut","floor":10,"key":"SMITH"},{"data":"Clothesline","floor":12,"key":"SMITH"},{"data":"Shrug It Off","floor":15,"key":"SMITH"},{"data":"Body Slam","floor":23,"key":"SMITH"}],"circlet_count":0,"master_deck":["Strike_R","Strike_R","Strike_R+1","Strike_R+1","Strike_R","Defend_R","Bash+1","Wild Strike+1","Shrug It Off+1","Juggernaut+1","Clothesline+1","Shrug It Off","Shrug It Off","Dropkick","Corruption","Body Slam+1","Pain","Dropkick"],"relics":["Burning Blood","NeowsBlessing","Letter Opener","Whetstone","Gremlin Horn","Empty Cage","Lantern","WarpedTongs"],"acts_visited":["Exordium","TheCity"],"potions_floor_usage":[6,16,16,16],"damage_taken":[{"damage":0,"enemies":"Cultist","floor":1,"turns":1},{"damage":0,"enemies":"2 Louse","floor":2,"turns":1},{"damage":0,"enemies":"3 Sentries","floor":6,"turns":1},{"damage":0,"enemies":"Small Slimes","floor":7,"turns":4},{"damage":10,"enemies":"Lagavulin","floor":11,"turns":6},{"damage":1,"enemies":"Blue Slaver","floor":13,"turns":4},{"damage":0,"enemies":"Lots of Slimes","floor":14,"turns":2},{"damage":25,"enemies":"Hexaghost","floor":16,"turns":9},{"damage":1,"enemies":"Chosen","floor":18,"turns":4},{"damage":21,"enemies":"3 Byrds","floor":19,"turns":7},{"damage":18,"enemies":"Snecko","floor":22,"turns":5},{"damage":35,"enemies":"Cultist and Chosen","floor":24,"turns":7}],"seed_played":"6723192979126786717","potions_obtained":[{"floor":1,"key":"ColorlessPotion"},{"floor":2,"key":"Weak Potion"},{"floor":7,"key":"Swift Potion"},{"floor":14,"key":"Fire Potion"},{"floor":18,"key":"CultistPotion"},{"floor":19,"key":"SteroidPotion"}],"is_trial":false,"path_per_floor":["M","M","?","?","?","E","M","$","T","R","E","R","M","M","R","B",null,"M","M","$","?","M","R","M"],"character_chosen":"IRONCLAD","items_purchased":["Shrug It Off","Lantern"],"campfire_rested":0,"item_purchase_floors":[8,20],"current_hp_per_floor":[78,80,80,85,68,74,80,80,80,80,76,76,81,85,85,66,80,85,70,70,70,58,58,23,23],"gold":101,"neow_bonus":"THREE_ENEMY_KILL","is_daily":false,"chose_seed":false,"campfire_upgraded":4,"win_rate":0.0,"timestamp":1610241275,"path_taken":["M","M","?","?","?","E","M","$","T","R","E","R","M","M","R","BOSS","M","M","$","?","M","R","?"],"items_purchased_type":["Card","Relic"],"build_version":"2020-12-22","purchased_purges":1,"victory":false,"max_hp_per_floor":[80,80,80,85,85,85,85,85,85,85,85,85,85,85,85,85,85,85,85,85,85,85,85,85,85],"card_choices":[{"not_picked":["Bloodletting","Rage"],"picked":"Wild Strike","floor":1},{"not_picked":["Inflame","Clothesline"],"picked":"Shrug It Off","floor":2},{"not_picked":["True Grit","Shockwave"],"picked":"Reckless Charge","floor":6},{"not_picked":["Twin Strike","Rupture"],"picked":"Clothesline","floor":7},{"not_picked":["Spot Weakness","Pommel Strike"],"picked":"Shrug It Off","floor":11},{"not_picked":["Reaper","Sword Boomerang"],"picked":"Dropkick","floor":13},{"not_picked":["Sentinel","Carnage","Reckless Charge"],"picked":"SKIP","floor":14},{"not_picked":["Limit Break","Brutality"],"picked":"Corruption","floor":16},{"not_picked":["Pommel Strike","Anger","Entrench"],"picked":"SKIP","floor":18},{"not_picked":["Anger","Headbutt"],"picked":"Body Slam","floor":19},{"not_picked":["Cleave+1","Flex"],"picked":"Dropkick","floor":22}],"player_experience":644788,"relics_obtained":[{"floor":6,"key":"Letter Opener"},{"floor":9,"key":"Whetstone"},{"floor":11,"key":"Gremlin Horn"}],"event_choices":[{"damage_healed":0,"gold_gain":0,"cards_transformed":["Defend_R"],"player_choice":"Change","damage_taken":0,"max_hp_gain":0,"max_hp_loss":0,"event_name":"Living Wall","floor":3,"gold_loss":0,"cards_obtained":["Juggernaut"]},{"damage_healed":0,"gold_gain":0,"player_choice":"Donut","damage_taken":0,"max_hp_gain":5,"max_hp_loss":0,"event_name":"Big Fish","floor":4,"gold_loss":0},{"damage_healed":0,"gold_gain":0,"player_choice":"Entered Light","damage_taken":17,"max_hp_gain":0,"max_hp_loss":0,"event_name":"Shining Light","floor":5,"gold_loss":0,"cards_upgraded":["Wild Strike","Bash"]},{"damage_healed":0,"gold_gain":0,"player_choice":"Rummage","damage_taken":0,"relics_obtained":["WarpedTongs"],"max_hp_gain":0,"max_hp_loss":0,"event_name":"Accursed Blacksmith","floor":21,"gold_loss":0,"cards_obtained":["Pain"]}],"is_beta":false,"boss_relics":[{"not_picked":["Philosopher\u0027s Stone","Runic Cube"],"picked":"Empty Cage"}],"items_purged_floors":[8],"is_endless":false,"potions_floor_spawned":[1,2,7,14,18,19],"killed_by":"Cultist and Chosen","ascension_level":7}}