{"host":"Jinnai","time":1610253946,"event":{"mods":["BaseMod","Bestiary","Block Reminder","Colored Map","Colored Powertips","Highlight Path","Minty Spire (QoL Compilation)","Quick Restart","Relic Stats","StSLib"],"gold_per_floor":[117,117,135,146,157,192,192,192,192,192,226,39,56,85,85,162,162,175,186,202,218,228,228,262,262,317,232,232,232,232,251,251,328,328,341,387,406,145,161,179,205,205,228,228,258,17,17,0,0,0,0],"floor_reached":50,"playtime":2561,"items_purged":["Strike_P","Strike_P"],"score":1102,"play_id":"6da92ddd-58f2-4466-9fea-46a5d44ed124","local_time":"20210109234546","is_ascension_mode":true,"campfire_choices":[{"data":"CrushJoints","floor":8,"key":"SMITH"},{"data":"Scrawl","floor":10,"key":"SMITH"},{"data":"Vengeance","floor":15,"key":"SMITH"},{"floor":23,"key":"REST"},{"floor":25,"key":"REST"},{"data":"Omniscience","floor":28,"key":"SMITH"},{"data":"Ghostly","floor":32,"key":"SMITH"},{"data":"Tantrum","floor":42,"key":"SMITH"},{"data":"EmptyFist","floor":44,"key":"SMITH"},{"floor":47,"key":"REST"},{"floor":49,"key":"RECALL"}],"circlet_count":0,"master_deck":["AscendersBane","Strike_P","Strike_P","Defend_P","Defend_P","Defend_P","Defend_P","Eruption","Vigilance","FearNoEvil","CrushJoints+1","Scrawl+1","Adaptation","Vengeance+1","Meditate","Omniscience+1","CurseOfTheBell","FlurryOfBlows","FlurryOfBlows","Conclude","EmptyFist+1","FlurryOfBlows+1","DevaForm","Ghostly+1","Ghostly","Ghostly","Omniscience+1","BowlingBash","SpiritShield","ThirdEye+1","Tantrum+1","Consecrate+1","Scrawl","Fasting2"],"relics":["HolyWater","Du-Vu Doll","FaceOfCleric","Art of War","Incense Burner","Lantern","Calling Bell","Toy Ornithopter","Question Card","Lizard Tail","Tiny Chest","Bag of Preparation","Happy Flower","PreservedInsect","OrangePellets","Pantograph","Potion Belt","Blue Candle","Blood Vial","Red Mask"],"acts_visited":["Exordium","TheCity","TheBeyond"],"potions_floor_usage":[5,6,14,16,16,22,24,41,45,50,50,50,50],"damage_taken":[{"damage":0,"enemies":"2 Louse","floor":1,"turns":2},{"damage":0,"enemies":"Cultist","floor":3,"turns":2},{"damage":0,"enemies":"Jaw Worm","floor":4,"turns":2},{"damage":0,"enemies":"2 Fungi Beasts","floor":5,"turns":2},{"damage":26,"enemies":"Gremlin Nob","floor":6,"turns":4},{"damage":0,"enemies":"Lagavulin","floor":11,"turns":3},{"damage":0,"enemies":"Large Slime","floor":13,"turns":4},{"damage":1,"enemies":"Gremlin Nob","floor":14,"turns":3},{"damage":4,"enemies":"The Guardian","floor":16,"turns":9},{"damage":22,"enemies":"2 Thieves","floor":18,"turns":4},{"damage":0,"enemies":"Chosen","floor":19,"turns":3},{"damage":15,"enemies":"Centurion and Healer","floor":20,"turns":5},{"damage":3,"enemies":"Snake Plant","floor":21,"turns":3},{"damage":23,"enemies":"Snecko","floor":22,"turns":5},{"damage":20,"enemies":"Book of Stabbing","floor":24,"turns":3},{"damage":2,"enemies":"Cultist and Chosen","floor":31,"turns":4},{"damage":17,"enemies":"Collector","floor":33,"turns":5},{"damage":0,"enemies":"3 Shapes","floor":35,"turns":2},{"damage":0,"enemies":"Orb Walker","floor":37,"turns":3},{"damage":1,"enemies":"Maw","floor":39,"turns":4},{"damage":0,"enemies":"3 Darklings","floor":40,"turns":3},{"damage":7,"enemies":"Nemesis","floor":41,"turns":3},{"damage":29,"enemies":"Giant Head","floor":45,"turns":5},{"damage":147,"enemies":"Awakened One","floor":50,"turns":6}],"seed_played":"-5695353784006728531","potions_obtained":[{"floor":1,"key":"EssenceOfSteel"},{"floor":4,"key":"Explosive Potion"},{"floor":5,"key":"Dexterity Potion"},{"floor":14,"key":"BlessingOfTheForge"},{"floor":18,"key":"Strength Potion"},{"floor":21,"key":"EntropicBrew"},{"floor":22,"key":"BottledMiracle"},{"floor":24,"key":"StancePotion"},{"floor":41,"key":"SteroidPotion"}],"is_trial":false,"path_per_floor":["M","?","M","M","M","E","?","R","T","R","E","$","M","E","R","B",null,"M","M","M","M","M","R","E","R","T","?","R","?","?","M","R","B",null,"M","T","M","$","M","M","E","R","T","R","E","$","R","?","R","B"],"character_chosen":"WATCHER","items_purchased":["Fruit Juice","OrangePellets","Fasting2","Blood Vial"],"campfire_rested":3,"item_purchase_floors":[12,38,46,46],"current_hp_per_floor":[61,61,62,63,64,39,39,39,39,39,40,40,41,46,46,43,67,46,47,33,31,14,38,24,48,48,48,48,40,40,39,39,23,37,38,38,39,39,39,40,39,39,39,39,16,16,30,30,30,0,0],"gold":0,"neow_bonus":"ONE_RARE_RELIC","is_daily":false,"chose_seed":false,"campfire_upgraded":7,"win_rate":0.0,"timestamp":1610253946,"path_taken":["M","?","M","?","M","E","?","R","T","R","E","$","M","E","R","BOSS","M","M","M","M","M","R","E","R","T","?","R","?","?","M","R","BOSS","M","?","M","$","M","M","E","R","T","R","E","$","R","?","R","BOSS"],"items_purchased_type":["Potion","Relic","Card","Relic"],"build_version":"2020-12-18","purchased_purges":2,"victory":false,"max_hp_per_floor":[62,62,63,64,65,66,66,66,66,66,67,67,68,74,74,75,75,76,77,78,79,80,80,81,81,81,81,81,40,40,41,41,42,42,43,43,44,44,45,46,47,47,47,47,48,48,48,48,48,48,48],"relic_stats":{"Happy Flower":[11],"counters":[24,89],"Blue Candle":[0],"PreservedInsect":180,"Bag of Preparation":[18],"Question Card":14,"Blood Vial":2,"OrangePellets":[4],"Lizard Tail":24,"FaceOfCleric":22,"Pantograph":16,"Tiny Chest":1,"Art of War":[6],"obtain_stats":[{"Potion Belt":43,"Lantern":14,"Happy Flower":27,"Blue Candle":45,"PreservedInsect":36,"Incense Burner":11,"Bag of Preparation":26,"Question Card":17,"Du-Vu Doll":0,"Calling Bell":17,"Blood Vial":46,"OrangePellets":38,"Lizard Tail":17,"FaceOfCleric":2,"Pantograph":41,"HolyWater":34,"Tiny Chest":24,"Art of War":6,"Red Mask":48,"PureWater":0,"Toy Ornithopter":17},{"Potion Belt":22,"Lantern":8,"Happy Flower":15,"Blue Candle":23,"PreservedInsect":18,"Incense Burner":6,"Bag of Preparation":15,"Question Card":9,"Du-Vu Doll":0,"Calling Bell":9,"Blood Vial":23,"OrangePellets":19,"Lizard Tail":9,"FaceOfCleric":1,"Pantograph":22,"HolyWater":17,"Tiny Chest":15,"Art of War":5,"Red Mask":23,"PureWater":0,"Toy Ornithopter":9},{"Potion Belt":78,"Lantern":22,"Happy Flower":54,"Blue Candle":83,"PreservedInsect":65,"Incense Burner":15,"Bag of Preparation":54,"Question Card":31,"Du-Vu Doll":0,"Calling Bell":31,"Blood Vial":83,"OrangePellets":68,"Lizard Tail":31,"FaceOfCleric":2,"Pantograph":78,"HolyWater":63,"Tiny Chest":54,"Art of War":12,"Red Mask":83,"PureWater":0,"Toy Ornithopter":31}],"Toy Ornithopter":20},"card_choices":[{"not_picked":["ClearTheMind","InnerPeace"],"picked":"FearNoEvil","floor":1},{"not_picked":["Crescendo","Protect"],"picked":"CrushJoints","floor":3},{"not_picked":["FlyingSleeves","Prostrate"],"picked":"Scrawl","floor":4},{"not_picked":["PathToVictory","Evaluate","Study"],"picked":"SKIP","floor":5},{"not_picked":["WaveOfTheHand","Weave"],"picked":"Adaptation","floor":6},{"not_picked":["CrushJoints","Halt","Collect"],"picked":"SKIP","floor":11},{"not_picked":["PathToVictory","CarveReality"],"picked":"Vengeance","floor":13},{"not_picked":["Worship","ForeignInfluence"],"picked":"Meditate","floor":14},{"not_picked":["Alpha","Ragnarok"],"picked":"Omniscience","floor":16},{"not_picked":["Evaluate","CrushJoints","PathToVictory"],"picked":"FlurryOfBlows","floor":18},{"not_picked":["FearNoEvil","ClearTheMind","ForeignInfluence"],"picked":"FlurryOfBlows","floor":19},{"not_picked":["Prostrate","SashWhip","MasterReality"],"picked":"Conclude","floor":20},{"not_picked":["Prostrate+1","CrushJoints","Consecrate"],"picked":"EmptyFist","floor":21},{"not_picked":["Meditate","WheelKick","WaveOfTheHand"],"picked":"FlurryOfBlows+1","floor":22},{"not_picked":["TalkToTheHand","CutThroughFate","Protect+1"],"picked":"DevaForm","floor":24},{"not_picked":["Crescendo","Consecrate","Collect"],"picked":"BowlingBash","floor":31},{"not_picked":["Ragnarok","Establishment","Omniscience"],"picked":"SpiritShield","floor":33},{"not_picked":["ReachHeaven+1","Study","ForeignInfluence"],"picked":"ThirdEye+1","floor":35},{"not_picked":["ClearTheMind","Prostrate","EmptyFist","Consecrate"],"picked":"SKIP","floor":37},{"not_picked":["Prostrate","Pray","FlyingSleeves"],"picked":"Tantrum","floor":39},{"not_picked":["FlyingSleeves","Halt+1","Prostrate"],"picked":"Consecrate+1","floor":40},{"not_picked":["Weave","Judgement","Halt"],"picked":"Scrawl","floor":41},{"not_picked":["EmptyFist","FollowUp+1","Prostrate","SignatureMove"],"picked":"SKIP","floor":45}],"player_experience":1504642,"relics_obtained":[{"floor":6,"key":"Art of War"},{"floor":11,"key":"Incense Burner"},{"floor":14,"key":"Lantern"},{"floor":17,"key":"Toy Ornithopter"},{"floor":17,"key":"Question Card"},{"floor":17,"key":"Lizard Tail"},{"floor":24,"key":"Tiny Chest"},{"floor":26,"key":"Bag of Preparation"},{"floor":36,"key":"PreservedInsect"},{"floor":41,"key":"Pantograph"},{"floor":43,"key":"Potion Belt"},{"floor":45,"key":"Blue Candle"}],"event_choices":[{"damage_healed":0,"gold_gain":0,"player_choice":"Trade","damage_taken":0,"relics_obtained":["FaceOfCleric"],"max_hp_gain":0,"max_hp_loss":0,"event_name":"FaceTrader","floor":2,"gold_loss":0},{"damage_healed":0,"gold_gain":0,"player_choice":"Ignored","damage_taken":0,"max_hp_gain":0,"max_hp_loss":0,"event_name":"Shining Light","floor":7,"gold_loss":0},{"damage_healed":0,"gold_gain":0,"player_choice":"Obtained Relic","damage_taken":0,"relics_obtained":["Happy Flower"],"max_hp_gain":0,"max_hp_loss":0,"event_name":"Addict","floor":27,"gold_loss":85},{"damage_healed":0,"gold_gain":0,"player_choice":"Became a Ghost","damage_taken":0,"max_hp_gain":0,"max_hp_loss":41,"event_name":"Ghosts","floor":29,"gold_loss":0,"cards_obtained":["Ghostly","Ghostly","Ghostly"]},{"damage_healed":0,"gold_gain":0,"player_choice":"Copied","damage_taken":0,"max_hp_gain":0,"max_hp_loss":0,"event_name":"Duplicator","floor":30,"gold_loss":0,"cards_obtained":["Omniscience"]},{"damage_healed":0,"gold_gain":0,"player_choice":"Paid","damage_taken":0,"relics_obtained":["Red Mask"],"max_hp_gain":0,"max_hp_loss":0,"event_name":"Tomb of Lord Red Mask","floor":48,"gold_loss":17}],"is_beta":true,"boss_relics":[{"not_picked":["VioletLotus","Empty Cage"],"picked":"Calling Bell"},{"not_picked":["Black Star","Philosopher\u0027s Stone"],"picked":"HolyWater"}],"items_purged_floors":[12,38],"is_endless":false,"potions_floor_spawned":[1,4,5,14,18,21,22,24,37,41],"killed_by":"Awakened One","ascension_level":19}}