{"host":"egwexuw5uvnxf11j","time":1610252103,"event":{"mods":["2.2 Compatiblity","Aspiration","BaseMod","Better Altar","Better Note","Better Sensory Stone","Better Third Choice","Displayed Cursed Tome","Downfall","Hermit","Key Reminder","Koishi","Marisa????????","Minty Spire (QoL Compilation)","Quick Restart","Shade Mod","Spicy Shops","StSLib","The Construct","The Cursed","The Hierophant","The Runesmith","The Senshi","The Servant 0.9.4","Transform Curses"],"gold_per_floor":[118,118,118,16,30,30,56,56,101,131,131,160,160,171,171,171,171],"floor_reached":16,"playtime":596,"items_purged":[],"score":139,"play_id":"a7affb5f-9509-457b-bce5-7c578502d7df","local_time":"20210109231503","is_ascension_mode":true,"campfire_choices":[{"data":"Luminosity","floor":6,"key":"SMITH"},{"floor":8,"key":"REST"},{"floor":11,"key":"REST"},{"floor":13,"key":"REST"},{"floor":15,"key":"REST"}],"circlet_count":0,"master_deck":["Strike_S","Strike_S","Strike_S","Strike_S","Defend_S","Defend_S","Defend_S","Defend_S","KidneyShot+1","Exchange","Luminosity","Alleviate","TimeWarp","Luminosity+1","Reset","SilverBlades","Ricochet","TrueSight","DoubleEdge"],"relics":["Uniform","Ginger","keyreminder:keyreminder","PreservedInsect","Broom","aspiration:HiddenCompartment"],"acts_visited":["Exordium"],"potions_floor_usage":[7,16],"damage_taken":[{"damage":7,"enemies":"Jaw Worm","floor":1,"turns":4},{"damage":0,"enemies":"Cultist","floor":5,"turns":4},{"damage":18,"enemies":"Gremlin Nob","floor":7,"turns":4},{"damage":29,"enemies":"3 Sentries","floor":10,"turns":9},{"damage":27,"enemies":"Gremlin Nob","floor":12,"turns":4},{"damage":8,"enemies":"2 Louse","floor":14,"turns":2},{"damage":58,"enemies":"Hexaghost","floor":16,"turns":11}],"seed_played":"-2158460947529506309","potions_obtained":[{"floor":1,"key":"champ:CounterPotion"},{"floor":14,"key":"DistilledChaos"}],"is_trial":false,"path_per_floor":["M","?","?","$","M","R","E","R","T","E","R","E","R","M","R","B"],"character_chosen":"THE_SERVANT","items_purchased":["TimeWarp","Luminosity"],"campfire_rested":4,"item_purchase_floors":[4,4],"current_hp_per_floor":[58,65,65,65,65,65,47,65,65,36,55,28,47,39,58,0,0],"gold":171,"neow_bonus":"UPGRADE_CARD","is_daily":false,"chose_seed":false,"campfire_upgraded":1,"win_rate":0.0,"timestamp":1610252103,"path_taken":["M","?","?","$","M","R","E","R","T","E","R","E","R","?","R","BOSS"],"items_purchased_type":["Card","Card"],"build_version":"2020-12-22","purchased_purges":0,"victory":false,"max_hp_per_floor":[65,65,65,65,65,65,65,65,65,65,65,65,65,65,65,65,65],"card_choices":[{"not_picked":["Barrier","DoubleEdge"],"picked":"Luminosity","floor":1},{"not_picked":["Starlight","DancingSilver"],"picked":"Reset","floor":5},{"not_picked":["Defy","Starlight"],"picked":"SilverBlades","floor":7},{"not_picked":["Desolation","Shuttle"],"picked":"Ricochet","floor":10},{"not_picked":["Revamp","Spin"],"picked":"TrueSight","floor":12},{"not_picked":["Comet","Advance"],"picked":"DoubleEdge","floor":14}],"player_experience":2179628,"relics_obtained":[{"floor":7,"key":"Ginger"},{"floor":9,"key":"PreservedInsect"},{"floor":10,"key":"Broom"},{"floor":12,"key":"aspiration:HiddenCompartment"}],"event_choices":[{"damage_healed":0,"gold_gain":0,"player_choice":"1 cards matched","damage_taken":0,"max_hp_gain":0,"max_hp_loss":0,"event_name":"Match and Keep!","floor":3,"gold_loss":0,"cards_obtained":["Alleviate"]}],"is_beta":false,"boss_relics":[],"items_purged_floors":[],"is_endless":false,"potions_floor_spawned":[1,14],"killed_by":"Hexaghost","ascension_level":4}}