{"host":"7po9pgh86bqe2blc","time":1610293477,"event":{"mods":["BaseMod","ChefMod","Colored Map","Colored Powertips","Hermit","Koishi","Minty Spire (QoL Compilation)","StSLib","The Cursed","The Disciple","The Hierophant","The Runesmith"],"gold_per_floor":[113,129,143,156,156,187,207,207,278,278,303,318,204,214,214,314,314,272,254,83,83,83,104,104,107,186,186,186,193,208,216,216,262,262,268,268,268,268,268,278,153,170,170,176,190,40,49,59,59,34,34,34,34,53,33],"floor_reached":56,"playtime":8365,"items_purged":["Koishi:BasicDefend","Koishi:BasicStrike","Koishi:BasicDefend","Koishi:UnansweredLove+1"],"score":1283,"play_id":"4043f8a4-94b4-4bb9-8ece-04098f5ff408","local_time":"20210110164437","is_ascension_mode":false,"campfire_choices":[{"data":"Koishi:GhostParty","floor":8,"key":"SMITH"},{"data":"Koishi:UnconsciousUrges","floor":10,"key":"SMITH"},{"data":"Koishi:Untouchable","floor":15,"key":"SMITH"},{"data":"Koishi:HauntingSlash","floor":24,"key":"SMITH"},{"data":"Koishi:VengefulSpirit","floor":27,"key":"SMITH"},{"data":"Koishi:FleetingPhantom","floor":32,"key":"SMITH"},{"floor":49,"key":"RECALL"},{"data":"Koishi:IdleWhim","floor":52,"key":"SMITH"}],"circlet_count":0,"master_deck":["Koishi:BasicDefend","Koishi:Provoke","Koishi:HauntingSlash+1","Koishi:SilentAndRestless","Koishi:GhostParty+1","Koishi:VengefulSpirit+1","Koishi:FleetingPhantom+1","Koishi:ReflexRadar","Koishi:Untouchable+1","Koishi:UnconsciousUprising","Koishi:IdleWhim+1","Koishi:LastRemote","Koishi:RollingInRichesHeart+1","Koishi:UnconsciousUrges+1","Koishi:YoukaiPolygraph+1","Koishi:ConditionedTeleport+1","Koishi:MassHysteria","Koishi:EmbersOfLove+1","Koishi:FreudianInstinct+1","Koishi:SubconsciousSweep","Koishi:SubterraneanRose+1","Koishi:GhostParty","Koishi:ReleaseOfTheId+1","Koishi:RorschachInDanmaku","Koishi:HeartfeltFancy","Koishi:ReflexRadar","Koishi:ReflexRadar+1"],"relics":["Koishi:ImaginaryFriend","Shuriken","Question Card","CaptainsWheel","Astrolabe","Juzu Bracelet","Meat on the Bone","Turnip","Busted Crown","PreservedInsect","Centennial Puzzle"],"acts_visited":["Exordium","TheCity","TheBeyond","TheEnding"],"potions_floor_usage":[2,7,16,25,44,54,55,55,55,55,55],"damage_taken":[{"damage":0,"enemies":"Small Slimes","floor":1,"turns":3},{"damage":2,"enemies":"Cultist","floor":2,"turns":7},{"damage":0,"enemies":"2 Louse","floor":3,"turns":4},{"damage":21,"enemies":"Gremlin Gang","floor":4,"turns":11},{"damage":25,"enemies":"Gremlin Nob","floor":6,"turns":8},{"damage":4,"enemies":"Lots of Slimes","floor":7,"turns":10},{"damage":19,"enemies":"3 Sentries","floor":11,"turns":16},{"damage":0,"enemies":"Blue Slaver","floor":12,"turns":5},{"damage":0,"enemies":"Gremlin Gang","floor":14,"turns":22},{"damage":0,"enemies":"The Guardian","floor":16,"turns":15},{"damage":20,"enemies":"2 Thieves","floor":18,"turns":5},{"damage":4,"enemies":"Shell Parasite","floor":19,"turns":9},{"damage":0,"enemies":"Snecko","floor":22,"turns":9},{"damage":26,"enemies":"Slavers","floor":23,"turns":4},{"damage":3,"enemies":"Snake Plant","floor":25,"turns":5},{"damage":0,"enemies":"Sentry and Sphere","floor":29,"turns":4},{"damage":12,"enemies":"Gremlin Leader","floor":30,"turns":10},{"damage":15,"enemies":"Centurion and Healer","floor":31,"turns":5},{"damage":0,"enemies":"Champ","floor":33,"turns":20},{"damage":17,"enemies":"3 Darklings","floor":35,"turns":6},{"damage":0,"enemies":"3 Shapes","floor":40,"turns":6},{"damage":0,"enemies":"Jaw Worm Horde","floor":42,"turns":4},{"damage":4,"enemies":"Nemesis","floor":44,"turns":14},{"damage":14,"enemies":"Transient","floor":45,"turns":5},{"damage":0,"enemies":"Sphere and 2 Shapes","floor":47,"turns":3},{"damage":0,"enemies":"3 Darklings","floor":48,"turns":5},{"damage":8,"enemies":"Awakened One","floor":50,"turns":12},{"damage":0,"enemies":"Shield and Spear","floor":54,"turns":8},{"damage":1,"enemies":"The Heart","floor":55,"turns":11}],"seed_played":"5836974423668751809","potions_obtained":[{"floor":1,"key":"EntropicBrew"},{"floor":2,"key":"Energy Potion"},{"floor":7,"key":"LiquidBronze"},{"floor":14,"key":"Regen Potion"},{"floor":19,"key":"BlessingOfTheForge"},{"floor":23,"key":"Block Potion"},{"floor":29,"key":"FearPotion"},{"floor":35,"key":"DistilledChaos"},{"floor":42,"key":"Fire Potion"},{"floor":45,"key":"FearPotion"},{"floor":47,"key":"Block Potion"},{"floor":48,"key":"EntropicBrew"}],"is_trial":false,"path_per_floor":["M","M","M","M","?","E","M","R","T","R","E","M","$","M","R","B",null,"M","M","$","?","M","E","R","M","T","R","?","M","E","M","R","B",null,"M","?","?","?","?","M","$","M","T","E","M","$","M","M","R","B",null,"R","$","E","B",null],"character_chosen":"KOISHI","items_purchased":["Koishi:IdleWhim","Koishi:EmbersOfLove"],"campfire_rested":0,"item_purchase_floors":[13,20],"current_hp_per_floor":[60,60,60,43,43,22,22,22,22,22,7,9,9,18,18,42,60,41,39,39,39,40,16,16,17,17,17,17,29,37,38,38,42,60,47,47,47,47,47,49,49,53,53,53,41,41,41,43,43,35,57,57,57,57,57],"gold":33,"neow_bonus":"ONE_RANDOM_RARE_CARD","is_daily":false,"chose_seed":false,"campfire_upgraded":7,"win_rate":0.0,"timestamp":1610293477,"path_taken":["M","M","M","M","?","E","M","R","T","R","E","M","$","M","R","BOSS","M","M","$","?","M","E","R","M","T","R","?","M","E","M","R","BOSS","M","?","?","?","?","M","$","M","T","E","M","$","M","M","R","BOSS","R","$","E","BOSS"],"items_purchased_type":["Card","Card"],"build_version":"2020-12-13","purchased_purges":4,"victory":true,"max_hp_per_floor":[60,60,60,60,60,60,60,60,60,60,60,60,60,60,60,60,60,60,60,60,60,60,60,60,60,60,60,60,60,60,60,60,60,60,60,60,60,57,57,57,57,57,57,57,57,57,57,57,57,57,57,57,57,57,57],"card_choices":[{"not_picked":["Koishi:UnseenTerror","Koishi:StrangeCloudFist"],"picked":"Koishi:GhostParty","floor":1},{"not_picked":["Koishi:BramblyRoseGarden","Koishi:PhantomStrike","Koishi:HeartAttack"],"picked":"SKIP","floor":2},{"not_picked":["Koishi:YoukaiPolygraph","Koishi:FourthEye"],"picked":"Koishi:VengefulSpirit","floor":3},{"not_picked":["Koishi:SubconsciousSweep","Koishi:BloodcurdlingScream"],"picked":"Koishi:UnconsciousUrges","floor":4},{"not_picked":["Koishi:StingingMind","Koishi:Prune"],"picked":"Koishi:FleetingPhantom","floor":6},{"not_picked":["Koishi:SuperEgo","Koishi:DanmakuParanoia"],"picked":"Koishi:ReflexRadar","floor":7},{"not_picked":["Koishi:YoukaiPolygraph","Koishi:UnansweredLove","Koishi:SubterraneanRose"],"picked":"Koishi:Untouchable","floor":11},{"not_picked":["Koishi:ReflexRadar","Koishi:SubterraneanRose","Koishi:PhilosophyOfTheDespised"],"picked":"Koishi:UnconsciousUprising","floor":12},{"not_picked":["Koishi:BramblyRoseGarden","Koishi:StingingMind","Koishi:CatchAndRose"],"picked":"Koishi:LastRemote","floor":14},{"not_picked":["Koishi:RuptureMind","Koishi:MindStellarRelief","Koishi:HeartStoppingHorror"],"picked":"Koishi:RollingInRichesHeart","floor":16},{"not_picked":["Koishi:PhantomStrike","Koishi:UnansweredLove","Koishi:StingingMind","Koishi:Jaunt"],"picked":"SKIP","floor":18},{"not_picked":["Koishi:PhantomStrike","Koishi:UnansweredLove+1","Koishi:ParalyzingFear+1"],"picked":"Koishi:MassHysteria","floor":19},{"not_picked":["Koishi:Ego","Koishi:Vanish","Koishi:PhantomStrike+1"],"picked":"Koishi:FreudianInstinct+1","floor":22},{"not_picked":["Koishi:JumpScare","Koishi:BloodcurdlingScream","Koishi:TerrifyingSpectre"],"picked":"Koishi:SubconsciousSweep","floor":23},{"not_picked":["Koishi:Catatonia","Koishi:PredatoryInstincts","Koishi:YoukaiPolygraph+1"],"picked":"Koishi:SubterraneanRose+1","floor":25},{"not_picked":["Koishi:StingingMind","Koishi:PhantomStrike","Koishi:SpiritedAway","Koishi:Prune"],"picked":"SKIP","floor":29},{"not_picked":["Koishi:GhostParty","Koishi:Ego","Koishi:Prune","Koishi:SubconsciousSweep"],"picked":"SKIP","floor":30},{"not_picked":["Koishi:PhantomStrike","Koishi:PhilosophyOfTheDespised","Koishi:SpiritedAway","Koishi:DNAsFlaw+1"],"picked":"SKIP","floor":31},{"not_picked":["Koishi:PhantomStrike"],"picked":"Koishi:ReleaseOfTheId+1","floor":35},{"not_picked":["Koishi:EmbryosDream"],"picked":"Koishi:HeartfeltFancy","floor":40},{"not_picked":["Koishi:HeartAttack"],"picked":"Koishi:UnansweredLove+1","floor":42},{"not_picked":["Koishi:FourthEye+1","Koishi:MassHysteria+1"],"picked":"SKIP","floor":44},{"not_picked":["Koishi:LastRemote+1"],"picked":"Koishi:ReflexRadar","floor":45},{"not_picked":["Koishi:Prune+1","Koishi:UnconsciousUrges"],"picked":"SKIP","floor":47},{"not_picked":["Koishi:CatchAndRose"],"picked":"Koishi:ReflexRadar+1","floor":48},{"not_picked":["Koishi:DreadfulBlow","Koishi:Whimsy"],"picked":"SKIP","floor":54}],"player_experience":343129,"relics_obtained":[{"floor":6,"key":"Shuriken"},{"floor":9,"key":"Question Card"},{"floor":11,"key":"CaptainsWheel"},{"floor":23,"key":"Juzu Bracelet"},{"floor":26,"key":"Meat on the Bone"},{"floor":30,"key":"Turnip"},{"floor":44,"key":"PreservedInsect"},{"floor":54,"key":"Centennial Puzzle"}],"event_choices":[{"cards_removed":["Koishi:BasicStrike"],"damage_healed":0,"gold_gain":0,"player_choice":"Purged","damage_taken":0,"max_hp_gain":0,"max_hp_loss":0,"event_name":"Purifier","floor":5,"gold_loss":0},{"damage_healed":0,"gold_gain":0,"player_choice":"Read","damage_taken":0,"max_hp_gain":0,"max_hp_loss":0,"event_name":"The Library","floor":28,"gold_loss":0,"cards_obtained":["Koishi:GhostParty"]},{"damage_healed":0,"gold_gain":0,"cards_transformed":["Koishi:UnconsciousUrges"],"player_choice":"Transformed","damage_taken":0,"max_hp_gain":0,"max_hp_loss":0,"event_name":"Transmorgrifier","floor":36,"gold_loss":0,"cards_obtained":["Koishi:RorschachInDanmaku"]},{"damage_healed":0,"gold_gain":0,"player_choice":"Forge","damage_taken":0,"max_hp_gain":0,"max_hp_loss":0,"event_name":"Accursed Blacksmith","floor":37,"gold_loss":0,"cards_upgraded":["Koishi:EmbersOfLove"]},{"damage_healed":0,"gold_gain":0,"player_choice":"Max HP","damage_taken":0,"max_hp_gain":0,"max_hp_loss":3,"event_name":"Winding Halls","floor":38,"gold_loss":0},{"damage_healed":0,"gold_gain":0,"player_choice":"Upgraded","damage_taken":0,"max_hp_gain":0,"max_hp_loss":0,"event_name":"Upgrade Shrine","floor":39,"gold_loss":0,"cards_upgraded":["Koishi:RollingInRichesHeart"]}],"is_beta":false,"boss_relics":[{"not_picked":["Empty Cage","Fusion Hammer"],"picked":"Astrolabe"},{"not_picked":["Calling Bell","Philosopher\u0027s Stone"],"picked":"Busted Crown"}],"items_purged_floors":[13,20,41,46],"is_endless":false,"potions_floor_spawned":[1,2,7,14,19,22,23,29,35,42,45,47,48],"ascension_level":0}}