{"host":"Ceyx","time":1610290724,"event":{"mods":["BaseMod","Beaked The Cultist","Better Third Choice","BetterRewards","Conspire","Downfall","Hermit","Hubris","Infinite Spire","Jorbs\u0027s Wanderer Trilogy","Lobotomy","Minty Spire (QoL Compilation)","Permanent Neow","Replay The Spire","Shop Mod","StSLib","The Alterego","The Jungle","The Poker Player"],"gold_per_floor":[119,194,211,211,211,239,255,255,255,301,335,335,369,412,412,534,534,577,614,673,710,710,710,710,710],"floor_reached":24,"playtime":1289,"items_purged":[],"score":247,"play_id":"f52c72c1-48c3-4d27-80ea-fe4d4de9b5e6","local_time":"20210110215844","is_ascension_mode":true,"campfire_choices":[{"data":"alterego_mod:GachaTicket","floor":8,"key":"SMITH"},{"data":"alterego_mod:Nekomimi","floor":12,"key":"SMITH"},{"data":"alterego_mod:BustOut","floor":15,"key":"SMITH"},{"data":"alterego_mod:AlterEgo","floor":23,"key":"SMITH"}],"circlet_count":0,"master_deck":["alterego_mod:Strike","alterego_mod:Strike","alterego_mod:Strike","alterego_mod:Strike","alterego_mod:Defend","alterego_mod:Defend","alterego_mod:Defend","alterego_mod:Defend","alterego_mod:Impale","alterego_mod:BigMeatyClaws","alterego_mod:BrynhildrsRune","beaked:Strike_Y","stsjorbsmod:Apparition_Cull","alterego_mod:AlterEgo+1","alterego_mod:1TonWallop","alterego_mod:GachaTicket","alterego_mod:Punishment","alterego_mod:GachaTicket+1","alterego_mod:Nekomimi+1","alterego_mod:SakuraFive","alterego_mod:BustOut+1","alterego_mod:IdEs","alterego_mod:BreastValley","alterego_mod:MagicResistance+1","alterego_mod:Swimsuit"],"relics":["alterego_mod:MasochisticConstitution","Shuriken","Replay:Bandana","infinitespire:Midas Blood","Ornamental Fan","hubris:VirtuousBlindfold"],"acts_visited":["Exordium","TheCity"],"potions_floor_usage":[14],"damage_taken":[{"damage":2.0,"enemies":"2 Louse","floor":1.0,"turns":2.0},{"damage":4,"enemies":"Cultist","floor":3,"turns":3},{"damage":25,"enemies":"Gremlin Nob","floor":6,"turns":5},{"damage":1,"enemies":"conspire:RoseBush","floor":7,"turns":5},{"damage":0,"enemies":"Exordium Wildlife","floor":10,"turns":2},{"damage":4,"enemies":"Lots of Slimes","floor":11,"turns":1},{"damage":5,"enemies":"Looter","floor":13,"turns":3},{"damage":13,"enemies":"Lagavulin","floor":14,"turns":5},{"damage":1,"enemies":"Slime Boss","floor":16,"turns":7},{"damage":5,"enemies":"Chosen","floor":18,"turns":6},{"damage":20,"enemies":"Shell Parasite","floor":19,"turns":5},{"damage":20,"enemies":"Snake Plant","floor":20,"turns":5},{"damage":36,"enemies":"Shelled Parasite and Fungi","floor":21,"turns":7}],"seed_played":"6581001707935163610","potions_obtained":[{"floor":1.0,"key":"Elixir"},{"floor":6,"key":"Flashbang"},{"floor":10,"key":"champ:CounterPotion"}],"is_trial":false,"path_per_floor":["M","?","M","$","T","E","M","R","T","M","M","R","M","E","R","B",null,"M","M","M","M","?","R","AVR"],"character_chosen":"The_Alterego","items_purchased":[],"campfire_rested":0,"item_purchase_floors":[],"current_hp_per_floor":[69,62,59,59,59,35,35,35,35,35,32,32,28,16,16,16,78,74,55,36,15,15,15,15,15],"gold":710,"neow_bonus":"THREE_RARE_CARDS","is_daily":false,"chose_seed":false,"campfire_upgraded":4,"win_rate":0.0,"timestamp":1610290724,"path_taken":["M","?","M","?","?","E","M","R","T","?","M","R","M","E","R","BOSS","M","M","M","M","?","R","AVR"],"items_purchased_type":[],"build_version":"2020-12-18","purchased_purges":0,"victory":false,"max_hp_per_floor":[71,71,72,72,72,73,74,74,74,74,75,75,76,77,77,78,78,79,80,81,82,82,82,82,82],"card_choices":[{"not_picked":["alterego_mod:Tantrum","alterego_mod:Lift"],"picked":"alterego_mod:AlterEgo","floor":0.0},{"not_picked":["alterego_mod:Pet","alterego_mod:Rip"],"picked":"alterego_mod:1TonWallop","floor":1.0},{"not_picked":["alterego_mod:BustOut","alterego_mod:Bloomers"],"picked":"alterego_mod:GachaTicket","floor":3},{"not_picked":["alterego_mod:Rip","alterego_mod:Table"],"picked":"alterego_mod:Punishment","floor":6},{"not_picked":["alterego_mod:Maid","alterego_mod:MagicResistance"],"picked":"alterego_mod:GachaTicket","floor":7},{"not_picked":["alterego_mod:Mirror","alterego_mod:RingBreak","alterego_mod:Rip"],"picked":"SKIP","floor":10},{"not_picked":["alterego_mod:Jiggle","alterego_mod:Swimsuit"],"picked":"alterego_mod:Nekomimi","floor":11},{"not_picked":["alterego_mod:1TonWallop","alterego_mod:Clones"],"picked":"alterego_mod:SakuraFive","floor":13},{"not_picked":["alterego_mod:Punishment","alterego_mod:Smother"],"picked":"alterego_mod:BustOut","floor":14},{"not_picked":["alterego_mod:Antipathy","alterego_mod:GIGAMILK"],"picked":"alterego_mod:IdEs","floor":16},{"not_picked":["alterego_mod:Bounce","alterego_mod:Mirror","alterego_mod:Bunnysuit+1"],"picked":"SKIP","floor":18},{"not_picked":["alterego_mod:Maid","alterego_mod:GIGAMILK"],"picked":"alterego_mod:BreastValley","floor":19},{"not_picked":["alterego_mod:Smother","alterego_mod:Pet"],"picked":"alterego_mod:MagicResistance+1","floor":20},{"not_picked":["alterego_mod:PurpleHair+1","alterego_mod:Stockings"],"picked":"alterego_mod:Swimsuit","floor":21}],"player_experience":589296,"relics_obtained":[{"floor":5,"key":"Shuriken"},{"floor":6,"key":"Replay:Bandana"},{"floor":9,"key":"infinitespire:Midas Blood"},{"floor":14,"key":"Ornamental Fan"}],"event_choices":[{"damage_healed":0,"gold_gain":75,"player_choice":"Touch","damage_taken":7,"max_hp_gain":0,"max_hp_loss":0,"event_name":"FaceTrader","floor":2,"gold_loss":0},{"damage_healed":0,"gold_gain":0,"player_choice":"Ignored","damage_taken":0,"max_hp_gain":0,"max_hp_loss":0,"event_name":"Cursed Tome","floor":22,"gold_loss":0}],"is_beta":true,"boss_relics":[{"not_picked":["ChewingGum","hubris:HollowSoul"],"picked":"hubris:VirtuousBlindfold"}],"items_purged_floors":[],"is_endless":false,"potions_floor_spawned":[1,6,10],"ascension_level":1}}