{"host":"ox77rn1xcurm2t5a","time":1610320778,"event":{"mods":["2.2 Compatiblity","AchievementEnabler","Act Like it!","Aspiration","BaseMod","Best Route Mod","Better Match","Better Note","Better Sensory Stone","Block Reminder","Colored Map","Colored Powertips","Conjunction","Conspire","Custom Start","Energized Spire","GifTheSpireLib","Gold Saver","Gremlin Skip","Halation","Highlight Path","Hubris","Infinite Spire","Minty Spire (QoL Compilation)","Pale of the Ancients","Quick Restart","Replay The Spire","Reworked Bosses","ShortenTheSpire","Spire Exporter","StSLib","Stuff the Spire","Wandering Minibosses","vexMod"],"gold_per_floor":[116,37,37,51,65,65,30,30,57,82,7,26,26,26],"floor_reached":13,"playtime":354,"items_purged":[],"score":141,"play_id":"d6ad0711-15e4-4af2-b703-7a41566179fe","local_time":"20210111011938","is_ascension_mode":true,"campfire_choices":[{"floor":6,"key":"RECALL"},{"data":"Zap","floor":8,"key":"SMITH"}],"circlet_count":0,"master_deck":["AscendersBane","Strike_B","Strike_B","Strike_B","Strike_B","Defend_B","Defend_B","Defend_B","Defend_B","Zap+1","Dualcast","Ball Lightning","Static Discharge","FIFO Queue","Ball Lightning","Dark Shackles+1"],"relics":["Cracked Core","NeowsBlessing","halation:PromiseList","halation:Gekota"],"acts_visited":["Exordium"],"potions_floor_usage":[10],"damage_taken":[{"damage":0,"enemies":"2 Louse","floor":1,"turns":1},{"damage":0,"enemies":"Cultist","floor":4,"turns":1},{"damage":0,"enemies":"Jaw Worm","floor":5,"turns":1},{"damage":36,"enemies":"3 Sentries","floor":10,"turns":5},{"damage":6,"enemies":"2 Fungi Beasts","floor":12,"turns":2},{"damage":40,"enemies":"Lagavulin","floor":13,"turns":4}],"seed_played":"-978843736520327908","potions_obtained":[{"floor":4,"key":"Dexterity Potion"},{"floor":10,"key":"Elixir"}],"is_trial":false,"path_per_floor":["M","$","?","M","M","R","?","R","T","E","?","M","E"],"character_chosen":"DEFECT","items_purchased":["Static Discharge"],"campfire_rested":0,"item_purchase_floors":[2],"current_hp_per_floor":[64,64,64,64,64,64,64,64,64,28,28,22,0,0],"gold":26,"neow_bonus":"THREE_ENEMY_KILL","is_daily":false,"chose_seed":false,"campfire_upgraded":1,"win_rate":0.0,"timestamp":1610320778,"path_taken":["M","$","?","M","M","R","?","R","T","E","?","?","E"],"items_purchased_type":["Card"],"build_version":"2020-12-22","purchased_purges":0,"victory":false,"max_hp_per_floor":[71,71,71,71,71,71,71,71,71,71,71,71,71,71],"card_choices":[{"not_picked":["Auto Shields","Sweeping Beam"],"picked":"Ball Lightning","floor":1},{"not_picked":["Redo","StuffTheSpire:SnapShoot"],"picked":"FIFO Queue","floor":4},{"not_picked":["Turbo","Barrage"],"picked":"Ball Lightning","floor":5},{"not_picked":["StuffTheSpire:NuclearReactor","Beam Cell","Tempest"],"picked":"SKIP","floor":10},{"not_picked":["StuffTheSpire:PlasmaPulse+1","Jack Of All Trades+1"],"picked":"Dark Shackles+1","floor":11},{"not_picked":["Lockon","StuffTheSpire:LaunchingStrike","Reprogram"],"picked":"SKIP","floor":12}],"player_experience":2981964,"relics_obtained":[{"floor":9,"key":"halation:PromiseList"},{"floor":10,"key":"halation:Gekota"}],"event_choices":[{"damage_healed":0,"gold_gain":0,"player_choice":"Left Gold","damage_taken":0,"max_hp_gain":0,"max_hp_loss":0,"event_name":"World of Goop","floor":7,"gold_loss":35},{"damage_healed":0,"gold_gain":0,"player_choice":"2","damage_taken":0,"max_hp_gain":0,"max_hp_loss":0,"event_name":"betterMatch:BetterMatch","floor":11,"gold_loss":0,"cards_obtained":["betterMatch:ColorlessUncommonCard"]}],"is_beta":false,"boss_relics":[],"items_purged_floors":[],"is_endless":false,"potions_floor_spawned":[4,10],"killed_by":"Lagavulin","ascension_level":14}}