{"host":"4328iixd8pca51w5","time":1610246264,"event":{"mods":["2.2 Compatiblity","BaseMod","CapriCore","KOR Keyword Fix","Minty Spire (QoL Compilation)","StSLib","The Immortal"],"gold_per_floor":[113,131,81,81,6,6,40,40,40,67,84,100,131,131,131,235,235,255,272,23,23,23,23,48,48,116,152,181,210,231,242,242,355,382,410,438,114,132,10,10,69,94,94,94,94,125,142,170,170,170],"floor_reached":51,"playtime":2947,"items_purged":["MokouMod:Strike","MokouMod:Cataclysm+1"],"score":896,"play_id":"b50a0f07-9679-4b04-b8df-9316b502bd2f","local_time":"20210110113744","is_ascension_mode":true,"campfire_choices":[{"data":"MokouMod:Sear","floor":6.0,"key":"SMITH"},{"data":"MokouMod:ResonanceReactor","floor":8.0,"key":"SMITH"},{"data":"MokouMod:FlickeringFlame","floor":15.0,"key":"SMITH"},{"floor":23.0,"key":"REST"},{"floor":32.0,"key":"REST"},{"data":"MokouMod:FujiyamaVolcano","floor":40.0,"key":"SMITH"},{"data":"MokouMod:FujiyamaVolcano","floor":49,"key":"SMITH"}],"circlet_count":0,"master_deck":["MokouMod:HeatSpark","MokouMod:IndiscriminateIgnition","MokouMod:AdaptivePyromancy","MokouMod:Sear+1","MokouMod:ResonanceReactor+1","MokouMod:RisingSunBarrier+1","MokouMod:SearingShot","MokouMod:FlickeringFlame+1","MokouMod:PhoenixForm","MokouMod:FujiyamaVolcano+1","MokouMod:Afterburner","MokouMod:RisingSunBarrier","Necronomicurse","MokouMod:Combust+1","MokouMod:AdaptivePyromancy","MokouMod:Overheat","MokouMod:TemporalFireSeal+1","MokouMod:FujiyamaVolcano+1","MokouMod:Ventilation","MokouMod:RadiantBlade+1","MokouMod:HeatTransfer+1","MokouMod:ScorchedEarth+1","MokouMod:IndiscriminateIgnition+1","Madness","Madness","MokouMod:FujiyamaVolcano+1","MokouMod:ShiftIgnition+1","Parasite","MokouMod:Burn+1","MokouMod:IgnitionBarrier+1"],"relics":["MokouMod:PhoenixFeather","Bronze Scales","Blue Candle","PreservedInsect","The Courier","Incense Burner","Empty Cage","White Beast Statue","Necronomicon","Ornamental Fan","HornCleat","CeramicFish","Astrolabe","Bird Faced Urn","Chemical X","Lizard Tail","Question Card","Pantograph"],"acts_visited":["Exordium","TheCity","TheBeyond"],"potions_floor_usage":[46,50,50,50],"damage_taken":[{"damage":0.0,"enemies":"Small Slimes","floor":1.0,"turns":3.0},{"damage":7.0,"enemies":"Jaw Worm","floor":2.0,"turns":3.0},{"damage":10.0,"enemies":"3 Sentries","floor":7.0,"turns":6.0},{"damage":0.0,"enemies":"Gremlin Nob","floor":10.0,"turns":2.0},{"damage":6.0,"enemies":"2 Louse","floor":11.0,"turns":3.0},{"damage":21.0,"enemies":"Exordium Thugs","floor":12.0,"turns":3.0},{"damage":0.0,"enemies":"Lagavulin","floor":13.0,"turns":4.0},{"damage":12.0,"enemies":"Hexaghost","floor":16.0,"turns":7.0},{"damage":25.0,"enemies":"Chosen","floor":18.0,"turns":5.0},{"damage":33.0,"enemies":"Spheric Guardian","floor":19.0,"turns":5.0},{"damage":4.0,"enemies":"Slavers","floor":24.0,"turns":2.0},{"damage":4.0,"enemies":"Gremlin Leader","floor":27.0,"turns":3.0},{"damage":12.0,"enemies":"Shelled Parasite and Fungi","floor":28.0,"turns":3.0},{"damage":0.0,"enemies":"Centurion and Healer","floor":29.0,"turns":4.0},{"damage":0.0,"enemies":"Snake Plant","floor":30.0,"turns":4.0},{"damage":6.0,"enemies":"Shelled Parasite and Fungi","floor":31.0,"turns":3.0},{"damage":0.0,"enemies":"Automaton","floor":33.0,"turns":7.0},{"damage":11.0,"enemies":"3 Darklings","floor":35.0,"turns":2.0},{"damage":9.0,"enemies":"Orb Walker","floor":36.0,"turns":3.0},{"damage":4.0,"enemies":"Mind Bloom Boss Battle","floor":41.0,"turns":3.0},{"damage":30.0,"enemies":"3 Darklings","floor":42.0,"turns":4.0},{"damage":0,"enemies":"Writhing Mass","floor":46,"turns":3},{"damage":20,"enemies":"4 Shapes","floor":47,"turns":2},{"damage":20,"enemies":"Spire Growth","floor":48,"turns":4},{"damage":72,"enemies":"Awakened One","floor":50,"turns":8}],"seed_played":"-4639610208405418914","potions_obtained":[{"floor":2.0,"key":"Regen Potion"},{"floor":11.0,"key":"Regen Potion"},{"floor":24.0,"key":"FearPotion"},{"floor":27.0,"key":"EssenceOfSteel"},{"floor":28.0,"key":"LiquidMemories"},{"floor":29.0,"key":"LiquidBronze"},{"floor":30.0,"key":"Weak Potion"},{"floor":31.0,"key":"GamblersBrew"},{"floor":33.0,"key":"FairyPotion"},{"floor":35.0,"key":"DuplicationPotion"},{"floor":36.0,"key":"Block Potion"},{"floor":41.0,"key":"AttackPotion"},{"floor":42.0,"key":"Fire Potion"},{"floor":46,"key":"PowerPotion"},{"floor":48,"key":"EssenceOfSteel"}],"is_trial":false,"path_per_floor":["M","M","?","?","$","R","E","R","T","E","M","M","E","?","R","B",null,"M","M","$","?","$","R","E","?","T","E","M","M","M","M","R","B",null,"M","M","$","?","$","R","?","M","T","T","$","M","M","M","R","B",null],"character_chosen":"MKU","items_purchased":["MokouMod:RisingSunBarrier","White Beast Statue","Bird Faced Urn","Chemical X"],"campfire_rested":2,"item_purchase_floors":[20,20,37,39],"current_hp_per_floor":[54,47,47,44,44,44,49,49,49,49,43,22,22,22,22,25,75,50,17,17,1,1,23,19,19,19,15,3,3,3,15,37,37,75,64,55,55,46,46,46,48,22,22,22,22,22,4,20,20,25],"gold":170,"neow_bonus":"TRANSFORM_TWO_CARDS","is_daily":false,"chose_seed":false,"campfire_upgraded":5,"win_rate":0.0,"timestamp":1610246264,"path_taken":["M","M","?","?","$","R","E","R","T","E","M","M","E","?","R","BOSS","M","M","$","?","$","R","E","?","T","E","?","M","M","M","R","BOSS","M","M","$","?","$","R","?","M","T","?","?","M","M","M","R","BOSS"],"items_purchased_type":["Card","Relic","Relic","Relic"],"build_version":"2020-12-22","purchased_purges":2,"victory":true,"max_hp_per_floor":[75,75,75,75,75,75,75,75,75,75,75,75,75,75,75,75,75,75,75,75,75,75,75,75,75,75,75,75,75,75,75,75,75,75,75,75,75,75,75,75,75,75,75,75,75,75,75,75,75,75],"card_choices":[{"not_picked":["MokouMod:Stoke","MokouMod:EternalBurstReactor"],"picked":"MokouMod:AdaptivePyromancy","floor":1.0},{"not_picked":["MokouMod:AdaptivePyromancy","MokouMod:UncontrollableSolarReaction"],"picked":"MokouMod:Sear","floor":2.0},{"not_picked":["MokouMod:Trailblazer","MokouMod:Fireball"],"picked":"MokouMod:ResonanceReactor","floor":7.0},{"not_picked":["MokouMod:FlareStarter","MokouMod:CrimsonArmoury"],"picked":"MokouMod:RisingSunBarrier","floor":10.0},{"not_picked":["MokouMod:FlareStarter","MokouMod:IndiscriminateIgnition"],"picked":"MokouMod:SearingShot","floor":11.0},{"not_picked":["MokouMod:Rebirth","MokouMod:RoaringFlare"],"picked":"MokouMod:FlickeringFlame","floor":12.0},{"not_picked":["MokouMod:CrimsonFlare","MokouMod:Firecracker","MokouMod:Singe"],"picked":"SKIP","floor":13.0},{"not_picked":["MokouMod:SacredFire","MokouMod:ExplosiveFlame"],"picked":"MokouMod:PhoenixForm","floor":16.0},{"not_picked":["MokouMod:Cataclysm+1","MokouMod:UncontrollableSolarReaction"],"picked":"MokouMod:FujiyamaVolcano","floor":18.0},{"not_picked":["MokouMod:ResonanceReactor","MokouMod:Singe"],"picked":"MokouMod:Afterburner","floor":19.0},{"not_picked":["MokouMod:ProfanedFlare","MokouMod:FlickeringFlame"],"picked":"MokouMod:Combust+1","floor":24.0},{"not_picked":["MokouMod:RoaringFlare","MokouMod:EnchantingBambooForest"],"picked":"MokouMod:AdaptivePyromancy","floor":27.0},{"not_picked":["MokouMod:EternalBurstReactor+1","MokouMod:ImperishableFlame"],"picked":"MokouMod:Overheat","floor":28.0},{"not_picked":["MokouMod:HeatTransfer+1","MokouMod:RoaringFlare+1"],"picked":"MokouMod:TemporalFireSeal+1","floor":29.0},{"not_picked":["MokouMod:FlickeringFlame+1","MokouMod:FlamingFireTalons"],"picked":"MokouMod:FujiyamaVolcano","floor":30.0},{"not_picked":["MokouMod:Ember","MokouMod:ShiftIgnition","MokouMod:Trailblazer"],"picked":"SKIP","floor":31.0},{"not_picked":["MokouMod:PhoenixForm","MokouMod:SearingBlow"],"picked":"MokouMod:Ventilation","floor":33.0},{"not_picked":["MokouMod:Refresh+1","MokouMod:Overheat+1"],"picked":"MokouMod:ScorchedEarth+1","floor":35.0},{"not_picked":["MokouMod:ShiftIgnition","MokouMod:ResonanceReactor+1"],"picked":"MokouMod:IndiscriminateIgnition+1","floor":36.0},{"not_picked":["MokouMod:RoaringFlare","MokouMod:InfernalWave+1"],"picked":"MokouMod:FujiyamaVolcano+1","floor":41.0},{"not_picked":["MokouMod:Afterburner+1","MokouMod:AdaptivePyromancy"],"picked":"MokouMod:ShiftIgnition+1","floor":42.0},{"not_picked":["MokouMod:Meltdown","MokouMod:InfernalWave","MokouMod:RoaringFlare+1"],"picked":"MokouMod:Burn+1","floor":46},{"not_picked":["MokouMod:ResonanceReactor+1","MokouMod:UncontrollableSolarReaction+1","MokouMod:Ventilation","MokouMod:FlickeringFlame+1"],"picked":"SKIP","floor":47},{"not_picked":["MokouMod:Ember+1","MokouMod:Stoke+1","MokouMod:RoaringFlare+1"],"picked":"MokouMod:IgnitionBarrier+1","floor":48}],"player_experience":182899,"relics_obtained":[{"floor":7.0,"key":"Blue Candle"},{"floor":9.0,"key":"PreservedInsect"},{"floor":10.0,"key":"The Courier"},{"floor":13.0,"key":"Incense Burner"},{"floor":21.0,"key":"Necronomicon"},{"floor":24.0,"key":"Ornamental Fan"},{"floor":26.0,"key":"HornCleat"},{"floor":27.0,"key":"CeramicFish"},{"floor":41.0,"key":"Lizard Tail"},{"floor":43.0,"key":"Question Card"},{"floor":44.0,"key":"Pantograph"}],"event_choices":[{"cards_removed":["MokouMod:Cataclysm"],"damage_healed":0.0,"max_hp_gain":0.0,"max_hp_loss":0.0,"gold_gain":0.0,"event_name":"The Cleric","player_choice":"Card Removal","floor":3.0,"gold_loss":50.0,"damage_taken":0.0},{"damage_healed":0.0,"max_hp_gain":0.0,"max_hp_loss":0.0,"gold_gain":0.0,"event_name":"Scrap Ooze","player_choice":"Success","floor":4.0,"gold_loss":0.0,"damage_taken":3.0,"relics_obtained":["Bronze Scales"]},{"damage_healed":0.0,"max_hp_gain":0.0,"max_hp_loss":0.0,"gold_gain":0.0,"event_name":"Accursed Blacksmith","player_choice":"Forge","floor":14.0,"gold_loss":0.0,"damage_taken":0.0,"cards_upgraded":["MokouMod:RisingSunBarrier"]},{"damage_healed":0.0,"max_hp_gain":0.0,"max_hp_loss":0.0,"gold_gain":0.0,"event_name":"Cursed Tome","player_choice":"Obtained Book","floor":21.0,"gold_loss":0.0,"damage_taken":16.0},{"cards_removed":["MokouMod:Defend"],"damage_healed":0.0,"max_hp_gain":0.0,"max_hp_loss":0.0,"gold_gain":0.0,"event_name":"Purifier","player_choice":"Purged","floor":25.0,"gold_loss":0.0,"damage_taken":0.0},{"damage_healed":0.0,"max_hp_gain":0.0,"max_hp_loss":0.0,"gold_gain":0.0,"event_name":"Winding Halls","player_choice":"Embrace Madness","floor":38.0,"gold_loss":0.0,"damage_taken":9.0,"cards_obtained":["Madness","Madness"]},{"damage_healed":0.0,"max_hp_gain":0.0,"max_hp_loss":0.0,"gold_gain":0.0,"event_name":"MindBloom","player_choice":"Fight","floor":41.0,"gold_loss":0.0,"damage_taken":0.0}],"is_beta":false,"boss_relics":[{"not_picked":["SlaversCollar","SacredBark"],"picked":"Empty Cage"},{"not_picked":["Coffee Dripper","Tiny House"],"picked":"Astrolabe"}],"items_purged_floors":[5,37],"is_endless":false,"potions_floor_spawned":[2,11,24,27,28,29,30,31,33,35,36,41,42,46,47,48],"ascension_level":3}}