{"host":"2tgyrzvaa7l04o2e","time":1610306578,"event":{"mods":["BaseMod","Highlight Path","Minty Spire (QoL Compilation)","Permanent Neow","Relic Stats"],"gold_per_floor":[216,10,22,37,55,90,110,110,161,192,205,219,144,144,144,221,221,196,196,196,208,123,123,138,138,138,173,173,173],"floor_reached":28,"playtime":1870,"items_purged":[],"score":525,"play_id":"5b321f84-8d3a-42b0-85d6-09a0c5831136","local_time":"20210110202258","is_ascension_mode":true,"campfire_choices":[{"floor":8,"key":"REST"},{"floor":15,"key":"REST"},{"data":"Bouncing Flask","floor":23,"key":"SMITH"},{"data":"Catalyst","floor":25,"key":"SMITH"}],"circlet_count":0,"master_deck":["AscendersBane","Defend_G","Defend_G","Defend_G","Defend_G","Defend_G","Survivor","Neutralize","Bouncing Flask+1","Noxious Fumes","PiercingWail","Poisoned Stab","Catalyst+1","Leg Sweep","Venomology","Dagger Spray","Night Terror","Footwork","Writhe","Bite","Bite","Bite","Bite","Bite","PiercingWail"],"relics":["Ring of the Snake","Membership Card","Pantograph","Coffee Dripper","Anchor","Snake Skull","The Specimen","Eternal Feather"],"acts_visited":["Exordium","TheCity"],"potions_floor_usage":[6,6,10,16,18,24,24,24,24,28,28,28],"damage_taken":[{"damage":3,"enemies":"Cultist","floor":1,"turns":5},{"damage":5,"enemies":"Jaw Worm","floor":3,"turns":5},{"damage":1,"enemies":"2 Louse","floor":4,"turns":4},{"damage":1,"enemies":"2 Fungi Beasts","floor":5,"turns":4},{"damage":21,"enemies":"Lagavulin","floor":6,"turns":7},{"damage":7,"enemies":"Blue Slaver","floor":7,"turns":5},{"damage":21,"enemies":"3 Sentries","floor":10,"turns":8},{"damage":10,"enemies":"Looter","floor":11,"turns":4},{"damage":10,"enemies":"Exordium Wildlife","floor":12,"turns":3},{"damage":10,"enemies":"Hexaghost","floor":16,"turns":10},{"damage":16,"enemies":"2 Thieves","floor":18,"turns":4},{"damage":6,"enemies":"Spheric Guardian","floor":21,"turns":4},{"damage":0,"enemies":"Snecko","floor":24,"turns":4},{"damage":41,"enemies":"Slavers","floor":27,"turns":6},{"damage":30,"enemies":"Masked Bandits","floor":28,"turns":4}],"seed_played":"5852796676845780275","potions_obtained":[{"floor":1,"key":"Weak Potion"},{"floor":3,"key":"Energy Potion"},{"floor":7,"key":"Dexterity Potion"},{"floor":12,"key":"Weak Potion"},{"floor":21,"key":"AttackPotion"},{"floor":27,"key":"Ancient Potion"}],"is_trial":false,"path_per_floor":["M","$","M","M","M","E","M","R","T","E","M","M","?","?","R","B",null,"M","?","?","M","?","R","M","R","T","E","?"],"character_chosen":"THE_SILENT","items_purchased":["Membership Card","Noxious Fumes"],"campfire_rested":2,"item_purchase_floors":[2,2],"current_hp_per_floor":[56,56,51,50,49,28,23,42,42,23,15,7,7,7,26,43,60,46,46,46,44,44,44,52,52,52,21,0,0],"gold":173,"neow_bonus":"HUNDRED_GOLD","is_daily":false,"chose_seed":false,"campfire_upgraded":2,"win_rate":0.0,"timestamp":1610306578,"path_taken":["M","$","M","M","M","E","M","R","T","E","M","M","?","?","R","BOSS","M","?","?","M","?","R","M","R","T","E","?"],"items_purchased_type":["Relic","Card"],"build_version":"2020-12-22","purchased_purges":0,"victory":false,"max_hp_per_floor":[66,66,66,66,66,66,66,66,66,66,66,66,66,66,66,66,66,66,66,66,66,66,66,66,66,66,66,66,66],"relic_stats":{"counters":[15,77],"Pantograph":25,"Eternal Feather":0,"Snake Skull":[27],"obtain_stats":[{"Blood Vial":6,"Anchor":19,"The Specimen":26,"Pantograph":10,"Eternal Feather":27,"Snake Skull":22,"Coffee Dripper":17,"Membership Card":2,"Ring of the Snake":0},{"Blood Vial":5,"Anchor":11,"The Specimen":13,"Pantograph":7,"Eternal Feather":14,"Snake Skull":12,"Coffee Dripper":10,"Membership Card":1,"Ring of the Snake":0},{"Blood Vial":25,"Anchor":59,"The Specimen":67,"Pantograph":38,"Eternal Feather":73,"Snake Skull":63,"Coffee Dripper":55,"Membership Card":5,"Ring of the Snake":0}],"Ring of the Snake":[30]},"card_choices":[{"not_picked":["Infinite Blades","Predator"],"picked":"Bouncing Flask","floor":1},{"not_picked":["Bane","Blade Dance"],"picked":"PiercingWail","floor":3},{"not_picked":["Prepared","Eviscerate"],"picked":"Poisoned Stab","floor":4},{"not_picked":["Accuracy","Bouncing Flask","Bane"],"picked":"SKIP","floor":5},{"not_picked":["Flying Knee","Cloak And Dagger"],"picked":"Catalyst","floor":6},{"not_picked":["Deflect","Bane"],"picked":"Leg Sweep","floor":7},{"not_picked":["Blade Dance","Acrobatics","Quick Slash"],"picked":"SKIP","floor":10},{"not_picked":["Flechettes","Outmaneuver"],"picked":"Venomology","floor":11},{"not_picked":["Poisoned Stab","Expertise"],"picked":"Dagger Spray","floor":12},{"not_picked":["Phantasmal Killer","Die Die Die"],"picked":"Night Terror","floor":16},{"not_picked":["Leg Sweep","Slice+1"],"picked":"Footwork","floor":18},{"not_picked":["Slice","Skewer","Dodge and Roll"],"picked":"SKIP","floor":21},{"not_picked":["Prepared","Bouncing Flask"],"picked":"PiercingWail","floor":24},{"not_picked":["Tools of the Trade","Deadly Poison","Dagger Throw"],"picked":"SKIP","floor":27}],"player_experience":582763,"relics_obtained":[{"floor":6,"key":"Blood Vial"},{"floor":10,"key":"Pantograph"},{"floor":26,"key":"The Specimen"},{"floor":27,"key":"Eternal Feather"}],"event_choices":[{"damage_healed":0,"gold_gain":0,"player_choice":"Left Gold","damage_taken":0,"max_hp_gain":0,"max_hp_loss":0,"event_name":"World of Goop","floor":13,"gold_loss":75},{"damage_healed":0,"gold_gain":0,"player_choice":"Fled","damage_taken":0,"max_hp_gain":0,"max_hp_loss":0,"event_name":"Scrap Ooze","floor":14,"gold_loss":0},{"damage_healed":0,"gold_gain":0,"player_choice":"Opened","damage_taken":0,"relics_obtained":["Anchor"],"max_hp_gain":0,"max_hp_loss":0,"event_name":"The Mausoleum","floor":19,"gold_loss":0,"cards_obtained":["Writhe"]},{"damage_healed":0,"gold_gain":0,"player_choice":"Became a vampire (Vial)","damage_taken":0,"max_hp_gain":0,"max_hp_loss":0,"event_name":"Vampires","floor":20,"relics_lost":["Blood Vial"],"gold_loss":0,"cards_obtained":["Bite","Bite","Bite","Bite","Bite"]},{"damage_healed":0,"gold_gain":0,"player_choice":"Obtained Relic","damage_taken":0,"relics_obtained":["Snake Skull"],"max_hp_gain":0,"max_hp_loss":0,"event_name":"Addict","floor":22,"gold_loss":85},{"damage_healed":0,"gold_gain":0,"player_choice":"Fought Bandits","damage_taken":0,"max_hp_gain":0,"max_hp_loss":0,"event_name":"Masked Bandits","floor":28,"gold_loss":0}],"is_beta":false,"boss_relics":[{"not_picked":["Velvet Choker","Ectoplasm"],"picked":"Coffee Dripper"}],"items_purged_floors":[],"is_endless":false,"potions_floor_spawned":[1,3,7,12,21,27],"killed_by":"Masked Bandits","ascension_level":20}}