{"host":"1hyzy7ndnud2osw4","time":1610314197,"event":{"mods":["2.2 Compatiblity","Act Like it!","Aspiration","Bard","BaseMod","Better Third Choice","BetterRewards","Colored Map","Colored Powertips","Dota2Spire","Elementarium","Gensokyo","GifTheSpireLib","GungeonMod","Hallownest","Highlight Path","Hubris","Infinite Spire","Menagerie","Mimic Mod","Minty Spire (QoL Compilation)","Quick Restart","Shop Mod","Spicy Shops","StSLib","The Factory","The Jungle","Uncapped","[IsaacMod]ì¤ß®ôÓ÷²"],"gold_per_floor":[114,114,114,136,136,177,196,248,322,364,364,400,457,485,485,614,614,635,701,761,806,134,169,169,212,212,274,300,326,377,420,420,542,542,591,600,866,889,902,965,965,1015,1015,1054,1078,1142,1161,280,280,490,490,503,503,530,51,66,93,105,129,159,159,178,214,299,316,316,353,353],"floor_reached":67,"playtime":6580,"items_purged":[],"score":1448,"play_id":"8fb191f5-f223-4932-8b5c-649e01ba4c02","local_time":"20210111062957","daily_mods":["Draft","Heirloom","Time Dilation","DeadlyEvents","Elite Swarm"],"is_ascension_mode":true,"campfire_choices":[{"data":"Storm","floor":11.0,"key":"SMITH"},{"data":"Fission","floor":15.0,"key":"SMITH"},{"data":"Fission","floor":24.0,"key":"SMITH"},{"data":"Aggregate","floor":32.0,"key":"SMITH"},{"data":"Defragment","floor":41.0,"key":"SMITH"},{"data":"Fission","floor":49.0,"key":"SMITH"},{"data":"Defragment","floor":61.0,"key":"SMITH"},{"data":"Defragment","floor":66.0,"key":"SMITH"}],"circlet_count":0,"master_deck":["Conserve Battery","Hello World","Hologram","Hologram","Defragment+1","Cold Snap","Barrage","Capacitor","Coolheaded","Streamline","Storm+1","Self Repair","Aggregate+1","Phantasmal Killer","Caltrops","Envenom","Hologram","Electrodynamics","Hologram","Electrodynamics","Echo Form","Buffer","Fission+1","Turbo","Creative AI","Barrage+1","Fission+1","hubris:PowerSurge","Electrodynamics","Creative AI","Seek","Sunder","Thunder Strike","Reinforced Body","Buffer","Self Repair+1","Glacier","infinitespire:Fortify","Buffer","Creative AI","Machine Learning","Thunder Strike","infinitespire:FutureSight","Fission+1","Double Energy","Capacitor","Reboot","Tempest","Defragment+1","Self Repair","Leap","Amplify","Creative AI","Barrage","Defragment+1","Machine Learning","infinitespire:Punishment","Creative AI","Heatsinks"],"relics":["Burning Blood","HushsDoor","Dota2Spire:HeartOfTarrasque","SalivaCoin","TheBible","DataDisk","hubris:SoftwareUpdate","Sundial","aspiration:AnachronicSnailShell","CeramicFish","DemoMod:BigBoy","Philosopher\u0027s Stone","DemoMod:DecoyRelic","Tiny Chest","Dota2Spire:UrnOfShadows","Pen Nib","Runic Capacitor","Frozen Eye","DemoMod:Bottle","DemoMod:Metronome","Dota2Spire:DrumOfEndurance","Regal Pillow","Dota2Spire:MagicBottle","Nuclear Battery","Dota2Spire:Satanic","Ancient Tea Set","Dota2Spire:PowerTreads","Smiling Mask","GuppysHead","DemoMod:Orange","D4","DeathBook","hubris:PeanutButter","NineVolt","HowToJump","Dota2Spire:RefresherOrb","infinitespire:Cubic Diamond","DemoMod:MemoryAlloy","hubris:TinFlute","infinitespire:Midas Blood","TungstenRod","Du-Vu Doll","aspiration:TomeofQuesting","Lantern","DemoMod:GlassGuonStoneRelic","DemoMod:ClearGuonStone"],"acts_visited":["Exordium","TheCity","TheBeyond","Exordium"],"potions_floor_usage":[],"damage_taken":[{"damage":0.0,"enemies":"Cultist","floor":1.0,"turns":4.0},{"damage":3.0,"enemies":"Small Slimes","floor":4.0,"turns":2.0},{"damage":18.0,"enemies":"Lagavulin","floor":6.0,"turns":5.0},{"damage":4.0,"enemies":"Jaw Worm","floor":7.0,"turns":2.0},{"damage":15.0,"enemies":"3 Sentries","floor":8.0,"turns":4.0},{"damage":6.0,"enemies":"Gremlin Nob","floor":10.0,"turns":3.0},{"damage":0.0,"enemies":"3 Sentries","floor":12.0,"turns":2.0},{"damage":15.0,"enemies":"Lagavulin","floor":13.0,"turns":4.0},{"damage":0.0,"enemies":"3 Louse","floor":14.0,"turns":1.0},{"damage":10.0,"enemies":"The Guardian","floor":16.0,"turns":5.0},{"damage":3.0,"enemies":"2 Thieves","floor":18.0,"turns":2.0},{"damage":0.0,"enemies":"Hiden Room Battle","floor":19.0,"turns":2.0},{"damage":7.0,"enemies":"3 Byrds","floor":20.0,"turns":3.0},{"damage":30.0,"enemies":"Shelled Parasite and Fungi","floor":21.0,"turns":3.0},{"damage":0.0,"enemies":"Nightmare","floor":23.0,"turns":3.0},{"damage":0.0,"enemies":"Gremlin Leader","floor":25.0,"turns":3.0},{"damage":8.0,"enemies":"Slavers","floor":27.0,"turns":3.0},{"damage":0.0,"enemies":"3 Cultists","floor":28.0,"turns":2.0},{"damage":0.0,"enemies":"Sentry and Sphere","floor":29.0,"turns":3.0},{"damage":7.0,"enemies":"Book of Stabbing","floor":30.0,"turns":2.0},{"damage":5.0,"enemies":"Snake Plant","floor":31.0,"turns":3.0},{"damage":5.0,"enemies":"Automaton","floor":33.0,"turns":3.0},{"damage":8.0,"enemies":"3 Darklings","floor":35.0,"turns":2.0},{"damage":0.0,"enemies":"infinitespire:Three Voidlings","floor":37.0,"turns":1.0},{"damage":96.0,"enemies":"Nightmare_Alpha","floor":37.0,"turns":7.0},{"damage":0.0,"enemies":"Giant Head","floor":38.0,"turns":2.0},{"damage":0.0,"enemies":"3 Shapes","floor":39.0,"turns":1.0},{"damage":12.0,"enemies":"Reptomancer","floor":40.0,"turns":3.0},{"damage":4.0,"enemies":"Giant Head","floor":42.0,"turns":5.0},{"damage":0.0,"enemies":"Nemesis","floor":44.0,"turns":3.0},{"damage":16.0,"enemies":"Spire Growth","floor":45.0,"turns":3.0},{"damage":12.0,"enemies":"Nightmare","floor":46.0,"turns":3.0},{"damage":0.0,"enemies":"3 Darklings","floor":47.0,"turns":2.0},{"damage":42.0,"enemies":"infinitespire:MassOfShapes","floor":50.0,"turns":2.0},{"damage":0.0,"enemies":"2 Louse","floor":52.0,"turns":2.0},{"damage":0.0,"enemies":"Small Slimes","floor":54.0,"turns":2.0},{"damage":3.0,"enemies":"Small Slimes","floor":56.0,"turns":2.0},{"damage":0.0,"enemies":"Lagavulin","floor":57.0,"turns":1.0},{"damage":0.0,"enemies":"Jaw Worm","floor":58.0,"turns":1.0},{"damage":0.0,"enemies":"3 Sentries","floor":59.0,"turns":2.0},{"damage":4.0,"enemies":"3 Louse","floor":60.0,"turns":4.0},{"damage":0.0,"enemies":"3 Louse","floor":62.0,"turns":1.0},{"damage":0.0,"enemies":"Gremlin Nob","floor":63.0,"turns":2.0},{"damage":47.0,"enemies":"Nightmare","floor":64.0,"turns":4.0},{"damage":0.0,"enemies":"Exordium Thugs","floor":65.0,"turns":1.0},{"damage":98,"enemies":"Delirium","floor":67,"turns":3}],"seed_played":"-1327502584073393305","potions_obtained":[{"floor":4.0,"key":"PowerPotion"},{"floor":7.0,"key":"DistilledChaos"},{"floor":10.0,"key":"Dexterity Potion"},{"floor":12.0,"key":"Energy Potion"},{"floor":13.0,"key":"LiquidMemories"},{"floor":16.0,"key":"Dota2Spire:HealingSalve"},{"floor":18.0,"key":"SmokeBomb"},{"floor":25.0,"key":"Fire Potion"},{"floor":27.0,"key":"Weak Potion"},{"floor":28.0,"key":"Dota2Spire:Clarity"},{"floor":30.0,"key":"Energy Potion"},{"floor":33.0,"key":"Regen Potion"},{"floor":35.0,"key":"Fire Potion"},{"floor":39.0,"key":"PotionOfCapacity"},{"floor":45.0,"key":"DistilledChaos"},{"floor":50.0,"key":"SkillPotion"},{"floor":56.0,"key":"GamblersBrew"},{"floor":57.0,"key":"DemoMod:LeadSkinPotion"},{"floor":59.0,"key":"Strength Potion"},{"floor":64.0,"key":"Dota2Spire:HealingSalve"}],"is_trial":true,"path_per_floor":["M","$","?","M","T","E","M","E","T","E","R","E","E","M","R","B",null,"M","?","M","M","$","NM","R","E","T","E","M","M","E","M","R","B",null,"M","?","?","E","M","E","R","E","T","E","M","NM","M","$","R","B",null,"M","?","MIM","$","M","E","M","E","MIM","R","M","E","NM","M","R","B"],"character_chosen":"DEFECT","items_purchased":["Dota2Spire:UrnOfShadows","Pen Nib","Runic Capacitor","hubris:PowerSurge","Frozen Eye","DeathBook","hubris:PeanutButter","NineVolt","HowToJump","Capacitor","Self Repair","hubris:TinFlute","infinitespire:Midas Blood","Leap"],"campfire_rested":0,"item_purchase_floors":[22,22,22,22,22,48,48,48,48,48,55,55,55,55],"current_hp_per_floor":[83,83,83,80,80,72,68,60,60,54,54,54,46,53,53,50,83,83,68,68,44,44,57,57,64,64,56,56,56,52,53,53,61,83,75,75,20,36,46,67,67,83,83,95,89,93,93,93,93,63,95,95,95,95,95,95,95,95,95,95,95,95,95,88,94,94,0,0],"gold":353,"neow_bonus":"","is_daily":false,"chose_seed":false,"campfire_upgraded":8,"win_rate":0.0,"timestamp":1610314197,"path_taken":["M","?","?","M","?","E","M","E","T","E","R","?","E","M","R","BOSS","M","?","M","M","$","NM","R","E","T","E","M","M","E","?","R","BOSS","M","?","?","?","M","E","R","E","T","E","M","NM","M","?","R","BOSS","M","?","?","$","M","E","M","E","MIM","R","M","?","NM","M","R","BOSS"],"items_purchased_type":["Relic","Relic","Relic","Card","Relic","Relic","Relic","Relic","Relic","Card","Card","Relic","Relic","Card"],"build_version":"2020-12-22","purchased_purges":0,"victory":false,"max_hp_per_floor":[83,83,83,83,83,83,83,83,83,83,83,83,83,83,83,83,83,83,83,83,83,83,83,83,83,83,83,83,83,83,83,83,83,83,83,83,83,83,83,83,83,83,83,95,95,95,95,95,95,95,95,95,95,95,95,95,95,95,95,95,95,95,95,95,95,95,95,95],"card_choices":[{"not_picked":["Reprogram","Auto Shields"],"picked":"Conserve Battery","floor":0.0},{"not_picked":["Fusion","Go for the Eyes"],"picked":"Hello World","floor":0.0},{"not_picked":["Distribution","Leap"],"picked":"Hologram","floor":0.0},{"not_picked":["Redo","Go for the Eyes"],"picked":"Hologram","floor":0.0},{"not_picked":["Streamline","Gash"],"picked":"Defragment","floor":0.0},{"not_picked":["Auto Shields","Beam Cell"],"picked":"Self Repair","floor":0.0},{"not_picked":["Doom and Gloom","Undo"],"picked":"Cold Snap","floor":0.0},{"not_picked":["Glacier","White Noise"],"picked":"Self Repair","floor":0.0},{"not_picked":["Go for the Eyes","Fusion"],"picked":"Barrage","floor":0.0},{"not_picked":["Streamline","Stack"],"picked":"Capacitor","floor":0.0},{"not_picked":["FTL","Rainbow"],"picked":"Coolheaded","floor":0.0},{"not_picked":["Beam Cell","Leap"],"picked":"Streamline","floor":0.0},{"not_picked":["Turbo","Chill"],"picked":"Storm","floor":0.0},{"not_picked":["Beam Cell","Go for the Eyes"],"picked":"Self Repair","floor":0.0},{"not_picked":["Skim","Melter"],"picked":"Aggregate","floor":0.0},{"not_picked":["Barrage","Auto Shields"],"picked":"Recycle","floor":1.0},{"not_picked":["Pulse","Fan"],"picked":"Hologram","floor":4.0},{"not_picked":["Seek","Thunder Strike"],"picked":"Electrodynamics","floor":6.0},{"not_picked":["Doom and Gloom","Fan"],"picked":"Hologram","floor":7.0},{"not_picked":["Hyperbeam","Meteor Strike"],"picked":"Electrodynamics","floor":8.0},{"not_picked":["Multi-Cast","Rainbow"],"picked":"Echo Form","floor":10.0},{"not_picked":["hubris:DoWhile","Amplify"],"picked":"Buffer","floor":12.0},{"not_picked":["Meteor Strike","Biased Cognition"],"picked":"Fission","floor":13.0},{"not_picked":["Hologram","Leap"],"picked":"Turbo","floor":14.0},{"not_picked":["hubris:Prefetch","ElectricPowerLearning"],"picked":"Creative AI","floor":16.0},{"not_picked":["Rebound","Darkness","Steam"],"picked":"SKIP","floor":18.0},{"not_picked":["Ball Lightning","Reprogram"],"picked":"Barrage+1","floor":19.0},{"not_picked":["Ball Lightning","Rip and Tear","Stack"],"picked":"SKIP","floor":20.0},{"not_picked":["Glacier","Redo+1"],"picked":"Fission","floor":21.0},{"not_picked":["Reboot","Rainbow"],"picked":"Electrodynamics","floor":23.0},{"not_picked":["Core Surge","Amplify"],"picked":"Creative AI","floor":25.0},{"not_picked":["Amplify","Creative AI"],"picked":"Seek","floor":27.0},{"not_picked":["Ball Lightning+1","Glacier"],"picked":"Sweeping Beam","floor":28.0},{"not_picked":["Gash","Reinforced Body"],"picked":"Sunder","floor":29.0},{"not_picked":["Hyperbeam","Meteor Strike"],"picked":"Thunder Strike","floor":30.0},{"not_picked":["Blizzard","Stack+1"],"picked":"Reinforced Body","floor":31.0},{"not_picked":["Meteor Strike","hubris:Prefetch"],"picked":"Buffer","floor":33.0},{"not_picked":["Conserve Battery","hubris:Ukulele+1"],"picked":"Self Repair+1","floor":35.0},{"not_picked":["infinitespire:TheBestDefense","hubris:InfiniteBlow"],"picked":"infinitespire:Fortify","floor":37.0},{"not_picked":["hubris:Prefetch","ElectricPowerLearning"],"picked":"Buffer","floor":38.0},{"not_picked":["Undo","Steam+1","Lockon"],"picked":"SKIP","floor":39.0},{"not_picked":["Undo","Steam+1","Lockon"],"picked":"SKIP","floor":39.0},{"not_picked":["Amplify","Reboot"],"picked":"Creative AI","floor":40.0},{"not_picked":["hubris:SpecializedCircuitry","Reboot"],"picked":"Machine Learning","floor":42.0},{"not_picked":["Multi-Cast","Creative AI"],"picked":"Thunder Strike","floor":44.0},{"not_picked":["Auto Shields","Rip and Tear","Gash"],"picked":"SKIP","floor":45.0},{"not_picked":["hubris:Rewind","infinitespire:Gouge"],"picked":"infinitespire:FutureSight","floor":46.0},{"not_picked":["Electrodynamics","Reboot"],"picked":"Fission","floor":46.0},{"not_picked":["Reinforced Body","Beam Cell+1"],"picked":"Double Energy","floor":47.0},{"not_picked":["hubris:SpecializedCircuitry","hubris:Prefetch"],"picked":"Reboot","floor":50.0},{"not_picked":["Hologram","Recycle"],"picked":"Tempest","floor":52.0},{"not_picked":["Doom and Gloom","Stack"],"picked":"Defragment","floor":54.0},{"not_picked":["Scrape","Gash","Go for the Eyes"],"picked":"SKIP","floor":56.0},{"not_picked":["Rainbow","Reboot"],"picked":"Amplify","floor":57.0},{"not_picked":["Coolheaded","Turbo","Glacier"],"picked":"SKIP","floor":58.0},{"not_picked":["hubris:Prefetch","Amplify"],"picked":"Creative AI","floor":59.0},{"not_picked":["Stack","Streamline"],"picked":"Barrage","floor":60.0},{"not_picked":["Static Discharge","Melter"],"picked":"Defragment","floor":62.0},{"not_picked":["Multi-Cast","All For One"],"picked":"Machine Learning","floor":63.0},{"not_picked":["infinitespire:FutureSight","infinitespire:Starlight"],"picked":"infinitespire:Punishment","floor":64.0},{"not_picked":["Core Surge","Multi-Cast"],"picked":"Creative AI","floor":64.0},{"not_picked":["Steam","Ball Lightning"],"picked":"Heatsinks","floor":65.0}],"player_experience":897272,"relics_obtained":[{"floor":5.0,"key":"TheBible"},{"floor":6.0,"key":"DataDisk"},{"floor":8.0,"key":"hubris:SoftwareUpdate"},{"floor":9.0,"key":"Sundial"},{"floor":10.0,"key":"aspiration:AnachronicSnailShell"},{"floor":12.0,"key":"CeramicFish"},{"floor":13.0,"key":"DemoMod:BigBoy"},{"floor":19.0,"key":"DemoMod:DecoyRelic"},{"floor":19.0,"key":"Tiny Chest"},{"floor":23.0,"key":"DemoMod:Bottle"},{"floor":25.0,"key":"DemoMod:Metronome"},{"floor":26.0,"key":"Dota2Spire:DrumOfEndurance"},{"floor":27.0,"key":"Regal Pillow"},{"floor":30.0,"key":"Dota2Spire:MagicBottle"},{"floor":37.0,"key":"Dota2Spire:Satanic"},{"floor":37.0,"key":"Ancient Tea Set"},{"floor":40.0,"key":"Dota2Spire:PowerTreads"},{"floor":42.0,"key":"Smiling Mask"},{"floor":43.0,"key":"GuppysHead"},{"floor":44.0,"key":"DemoMod:Orange"},{"floor":46.0,"key":"D4"},{"floor":54.0,"key":"DemoMod:MemoryAlloy"},{"floor":57.0,"key":"TungstenRod"},{"floor":59.0,"key":"Du-Vu Doll"},{"floor":60.0,"key":"aspiration:TomeofQuesting"},{"floor":63.0,"key":"Lantern"},{"floor":64.0,"key":"DemoMod:ClearGuonStone"}],"event_choices":[{"damage_healed":0.0,"max_hp_gain":0.0,"max_hp_loss":0.0,"gold_gain":0.0,"event_name":"HidenRoomEvent","player_choice":"Fight","floor":19.0,"gold_loss":0.0,"damage_taken":0.0},{"damage_healed":0.0,"max_hp_gain":0.0,"max_hp_loss":0.0,"gold_gain":0.0,"cards_transformed":["Sweeping Beam"],"event_name":"Transmorgrifier","player_choice":"Transformed","floor":36.0,"gold_loss":0.0,"damage_taken":0.0,"cards_obtained":["Glacier"]}],"is_beta":false,"boss_relics":[{"not_picked":["hubris:VirtuousBlindfold","Empty Cage"],"picked":"Philosopher\u0027s Stone"},{"not_picked":[]},{"not_picked":["hubris:GrandSneckoEye","hubris:HollowSoul"],"picked":"Nuclear Battery"},{"not_picked":[]},{"not_picked":["hubris:Backtick","FrozenCore"],"picked":"Dota2Spire:RefresherOrb"},{"not_picked":[]}],"items_purged_floors":[],"is_endless":true,"potions_floor_spawned":[4,7,10,12,13,16,18,25,27,28,30,33,35,37,39,45,50,56,57,59,64],"killed_by":"Delirium","ascension_level":1}}