{"host":"o7j6aatxjwpw1421","time":1610286302,"event":{"mods":["2.2 Compatiblity","AchievementEnabler","BaseMod","Colored Map","DeckTracker","Highlight Path","Keyboard Shortcuts","Minty Spire (QoL Compilation)","Permanent Neow","Quick Restart","StSLib","SuperFastMode","everything is the same but u backflip on backflip"],"gold_per_floor":[113,38,57,74,74,74,94,94,119,133,143,155,165,181,181,181,181],"floor_reached":16,"playtime":1495,"items_purged":["Strike_G"],"score":196,"play_id":"636a544a-e08d-4b27-982b-59458a3806f6","local_time":"20210110224502","is_ascension_mode":true,"campfire_choices":[{"floor":6.0,"key":"DIG"},{"floor":15.0,"key":"REST"}],"circlet_count":0,"master_deck":["AscendersBane","Strike_G","Strike_G","Strike_G","Defend_G","Defend_G","Defend_G","Defend_G","Defend_G","Survivor","Neutralize","Deadly Poison","Bane","Poisoned Stab","Crippling Poison","Escape Plan","Skewer"],"relics":["Ring of the Snake","Shovel","Bronze Scales","Smiling Mask"],"acts_visited":["Exordium"],"potions_floor_usage":[16,16],"damage_taken":[{"damage":1.0,"enemies":"Cultist","floor":1.0,"turns":5.0},{"damage":4.0,"enemies":"Jaw Worm","floor":3.0,"turns":5.0},{"damage":6.0,"enemies":"Small Slimes","floor":4.0,"turns":3.0},{"damage":3.0,"enemies":"Exordium Thugs","floor":7.0,"turns":4.0},{"damage":5.0,"enemies":"Blue Slaver","floor":10.0,"turns":3.0},{"damage":8.0,"enemies":"2 Fungi Beasts","floor":11.0,"turns":4.0},{"damage":4.0,"enemies":"Exordium Thugs","floor":12.0,"turns":4.0},{"damage":0.0,"enemies":"Large Slime","floor":13.0,"turns":5.0},{"damage":4.0,"enemies":"Red Slaver","floor":14.0,"turns":3.0},{"damage":23,"enemies":"Slime Boss","floor":16,"turns":6}],"seed_played":"2504831797889520060","potions_obtained":[{"floor":1.0,"key":"BlessingOfTheForge"},{"floor":10.0,"key":"Dexterity Potion"},{"floor":13.0,"key":"Poison Potion"},{"floor":14.0,"key":"BlessingOfTheForge"}],"is_trial":false,"path_per_floor":["M","$","M","M","?","R","M","?","T","M","M","M","M","M","R","B"],"character_chosen":"THE_SILENT","items_purchased":[],"campfire_rested":1,"item_purchase_floors":[],"current_hp_per_floor":[43,43,39,33,33,33,30,30,30,25,17,13,13,9,28,5,5],"gold":181,"neow_bonus":"ONE_RARE_RELIC","is_daily":false,"chose_seed":false,"campfire_upgraded":0,"win_rate":0.0,"timestamp":1610286302,"path_taken":["M","$","M","?","?","R","M","?","T","M","M","M","M","M","R","BOSS"],"items_purchased_type":[],"build_version":"2020-12-22","purchased_purges":1,"victory":false,"max_hp_per_floor":[66,66,66,66,66,66,66,66,66,66,66,66,66,66,66,66,66],"card_choices":[{"not_picked":["Endless Agony","Caltrops"],"picked":"Deadly Poison","floor":1.0},{"not_picked":["Cloak And Dagger","Acrobatics"],"picked":"Bane","floor":3.0},{"not_picked":["Flying Knee","Slice"],"picked":"Poisoned Stab","floor":4.0},{"not_picked":["Outmaneuver","Setup"],"picked":"Crippling Poison","floor":7.0},{"not_picked":["Deadly Poison","Underhanded Strike"],"picked":"Escape Plan","floor":10.0},{"not_picked":["Endless Agony","Underhanded Strike"],"picked":"Skewer","floor":11.0},{"not_picked":["Dodge and Roll","Poisoned Stab","Dagger Spray"],"picked":"SKIP","floor":12.0},{"not_picked":["Expertise","Bouncing Flask","Sucker Punch"],"picked":"SKIP","floor":13.0},{"not_picked":["Quick Slash","Bouncing Flask","Underhanded Strike"],"picked":"SKIP","floor":14.0}],"player_experience":484319,"relics_obtained":[{"floor":6.0,"key":"Bronze Scales"},{"floor":9.0,"key":"Smiling Mask"}],"event_choices":[{"damage_healed":0.0,"max_hp_gain":0.0,"max_hp_loss":0.0,"gold_gain":0.0,"event_name":"Shining Light","player_choice":"Ignored","floor":5.0,"gold_loss":0.0,"damage_taken":0.0},{"cards_removed":["Strike_G"],"damage_healed":0.0,"max_hp_gain":0.0,"max_hp_loss":0.0,"gold_gain":0.0,"event_name":"Bonfire Elementals","player_choice":"Offered Basic","floor":8.0,"gold_loss":0.0,"damage_taken":0.0}],"is_beta":false,"boss_relics":[],"items_purged_floors":[2],"is_endless":false,"potions_floor_spawned":[1,10,13,14],"killed_by":"Slime Boss","ascension_level":20}}