{"host":"njcl8kinlkfw245p","time":1610304588,"event":{"mods":["BaseMod","Block Reminder","Colored Map","Googly Eyes","KinomotoSakuraMod(????)","Minty Spire (QoL Compilation)","StSLib","The Senshi","Unceasing Turn Reminder","everything is the same but u backflip on backflip"],"gold_per_floor":[117,117,63,63,88,88,103,103,103],"floor_reached":8,"playtime":371,"items_purged":[],"score":74,"play_id":"0039e5b5-f0f4-4e48-beee-f529f76461c5","local_time":"20210110104948","is_ascension_mode":true,"campfire_choices":[{"data":"theSenshi:RoseThrow","floor":6,"key":"SMITH"}],"circlet_count":0,"master_deck":["AscendersBane","theSenshi:SailorKick","theSenshi:SailorKick","theSenshi:SailorKick","theSenshi:SailorKick","theSenshi:SailorBlock","theSenshi:SailorBlock","theSenshi:SailorBlock","theSenshi:SailorBlock","theSenshi:RoseThrow+1","theSenshi:MoonPrismPowerMakeUp+1","theSenshi:SailorVenusAssists","theSenshi:TallSilhouette","Injury","theSenshi:SailorMercuryAssists","theSenshi:MoonPrincessHalation"],"relics":["Coffee Dripper","Golden Idol"],"acts_visited":["Exordium"],"potions_floor_usage":[],"damage_taken":[{"damage":0,"enemies":"2 Louse","floor":1,"turns":3},{"damage":0,"enemies":"Jaw Worm","floor":5,"turns":2},{"damage":0,"enemies":"Small Slimes","floor":7,"turns":4},{"damage":78,"enemies":"Gremlin Nob","floor":8,"turns":7}],"seed_played":"-6175620135984395193","potions_obtained":[{"floor":7,"key":"Ancient Potion"}],"is_trial":false,"path_per_floor":["M","?","$","?","M","R","M","E"],"character_chosen":"THE_SENSHI","items_purchased":["theSenshi:TallSilhouette"],"campfire_rested":0,"item_purchase_floors":[3],"current_hp_per_floor":[68,68,68,68,68,68,68,0,0],"gold":103,"neow_bonus":"BOSS_RELIC","is_daily":false,"chose_seed":false,"campfire_upgraded":1,"win_rate":0.0,"timestamp":1610304588,"path_taken":["M","?","$","?","M","R","M","E"],"items_purchased_type":["Card"],"build_version":"2020-12-22","purchased_purges":0,"victory":false,"max_hp_per_floor":[75,75,75,75,75,75,75,75,75],"card_choices":[{"not_picked":["theSenshi:SupersonicWaves","theSenshi:SchoolBag"],"picked":"theSenshi:SailorVenusAssists","floor":1},{"not_picked":["theSenshi:SailorNeptuneAssists","theSenshi:SailorMarsAssists"],"picked":"theSenshi:SailorMercuryAssists","floor":5},{"not_picked":["theSenshi:TallSilhouette","theSenshi:LunaWiseMentor"],"picked":"theSenshi:MoonPrincessHalation","floor":7}],"player_experience":891722,"relics_obtained":[],"event_choices":[{"damage_healed":0,"gold_gain":0,"player_choice":"Grow","damage_taken":0,"max_hp_gain":0,"max_hp_loss":0,"event_name":"Living Wall","floor":2,"gold_loss":0,"cards_upgraded":["theSenshi:MoonPrismPowerMakeUp"]},{"damage_healed":0,"gold_gain":0,"player_choice":"Take Wound","damage_taken":0,"relics_obtained":["Golden Idol"],"max_hp_gain":0,"max_hp_loss":0,"event_name":"Golden Idol","floor":4,"gold_loss":0,"cards_obtained":["Injury"]}],"is_beta":false,"boss_relics":[],"items_purged_floors":[],"is_endless":false,"potions_floor_spawned":[7],"killed_by":"Gremlin Nob","ascension_level":12}}