{"host":"0fmi5fguj5lvt8pf","time":1610276278,"event":{"mods":["BaseMod","Colored Map","Curses Come First","Downfall","Minty Spire (QoL Compilation)","Permanent Neow","StSLib","Waifu the Spire"],"gold_per_floor":[99,118,28,40,40,40,40,40,40,53,153,253,253,238,253,351,351,351,369,389,389,474,574,647,660,251,283,296,271,290,309,325,424,424,424,438,438,438,450,370,449,460,460,460,490,490,504,504,517,517,517,517,517],"floor_reached":52,"playtime":4327,"items_purged":["Normality","Slimebound:Tackle","Slimebound:Defend_Slimebound"],"score":717,"play_id":"0191df92-d8d5-461d-86d5-aef487c8b5a3","local_time":"20210110025758","is_ascension_mode":false,"campfire_choices":[{"data":"Mayhem","floor":1.0,"key":"SMITH"},{"data":"Slimebound:CorrosiveSpit","floor":6.0,"key":"SMITH"},{"data":"Slimebound:HauntingLick","floor":8.0,"key":"SMITH"},{"data":"Slimebound:SamplingLick","floor":13.0,"key":"SMITH"},{"floor":18.0,"key":"RECALL"},{"floor":29.0,"key":"REST"},{"data":"Slimebound:SlimeSlap","floor":35.0,"key":"SMITH"},{"floor":43.0,"key":"REST"},{"data":"Slimebound:Darklings","floor":46.0,"key":"SMITH"}],"circlet_count":0,"master_deck":["Slimebound:Strike_Slimebound","Slimebound:Strike_Slimebound","Slimebound:Defend_Slimebound+1","Slimebound:Defend_Slimebound","Slimebound:Split+1","Slimebound:CorrosiveSpit+1","Mayhem+1","Slimebound:HauntingLick+1","Slimebound:SamplingLick+1","Slimebound:GrowthPunch","Slimebound:MassFeed","Slimebound:LeechingTouch+1","Slimebound:Nibble+1","Slimebound:Gluttony","Slimebound:SlimeSpikes+1","Slimebound:Prepare+1","Slimebound:SlimeSlap+1","Slimebound:Darklings+1","Slimebound:HungryTackle+1"],"relics":["Slimebound:AbsorbEndCombat","HornCleat","Black Star","downfall:RedIOU","downfall:GremlinWheel","Ornamental Fan","champ:Barbells","War Paint","downfall:HeartBlessingRed","downfall:HeartBlessingGreen","downfall:HeartBlessingBlue","Empty Cage","Slimebound:SelfDamagePreventRelic","Bag of Preparation","StrikeDummy","Meat on the Bone","Thread and Needle","downfall:TeleportStone"],"acts_visited":["Exordium","TheCity","TheBeyond","TheEnding"],"potions_floor_usage":[52],"damage_taken":[{"damage":6.0,"enemies":"2 Louse","floor":2.0,"turns":4.0},{"damage":14.0,"enemies":"downfall:FleeingMerchant","floor":3.0,"turns":4.0},{"damage":10.0,"enemies":"Jaw Worm","floor":4.0,"turns":3.0},{"damage":5.0,"enemies":"Small Slimes","floor":10.0,"turns":4.0},{"damage":7.0,"enemies":"downfall:FleeingMerchant","floor":14.0,"turns":4.0},{"damage":7.0,"enemies":"Large Slime","floor":15.0,"turns":4.0},{"damage":58.0,"enemies":"downfall:Defect","floor":16.0,"turns":8.0},{"damage":18.0,"enemies":"Chosen","floor":19.0,"turns":6.0},{"damage":35.0,"enemies":"Spheric Guardian","floor":20.0,"turns":7.0},{"damage":14.0,"enemies":"Spheric Guardian","floor":23.0,"turns":4.0},{"damage":23.0,"enemies":"Cultist and Chosen","floor":25.0,"turns":6.0},{"damage":4.0,"enemies":"downfall:FleeingMerchant","floor":26.0,"turns":4.0},{"damage":74.0,"enemies":"Gremlin Leader","floor":27.0,"turns":11.0},{"damage":16.0,"enemies":"Centurion and Healer","floor":28.0,"turns":6.0},{"damage":14.0,"enemies":"3 Cultists","floor":30.0,"turns":5.0},{"damage":11.0,"enemies":"Cultist and Chosen","floor":31.0,"turns":6.0},{"damage":11.0,"enemies":"Centurion and Healer","floor":32.0,"turns":5.0},{"damage":75.0,"enemies":"downfall:Silent","floor":33.0,"turns":10.0},{"damage":15.0,"enemies":"3 Darklings","floor":36.0,"turns":5.0},{"damage":35.0,"enemies":"3 Shapes","floor":39.0,"turns":4.0},{"damage":16.0,"enemies":"downfall:FleeingMerchant","floor":40.0,"turns":4.0},{"damage":117.0,"enemies":"Giant Head","floor":42.0,"turns":11.0},{"damage":38.0,"enemies":"Reptomancer","floor":45.0,"turns":7.0},{"damage":14.0,"enemies":"Writhing Mass","floor":47.0,"turns":6.0},{"damage":28,"enemies":"Sphere and 2 Shapes","floor":49,"turns":4},{"damage":40,"enemies":"downfall:Watcher","floor":50,"turns":7},{"damage":167,"enemies":"downfall:CharBossMerchant","floor":52,"turns":8}],"seed_played":"1869619388992004034","potions_obtained":[{"floor":10.0,"key":"PowerPotion"},{"floor":16.0,"key":"SteroidPotion"},{"floor":20.0,"key":"DuplicationPotion"},{"floor":27.0,"key":"Strength Potion"},{"floor":28.0,"key":"Swift Potion"},{"floor":30.0,"key":"BlessingOfTheForge"},{"floor":39.0,"key":"Fruit Juice"},{"floor":45.0,"key":"AttackPotion"}],"is_trial":false,"path_per_floor":["R","M","$","M","?","R","T","R","T","M","?","?","R","$","M","B",null,"R","M","M","?","?","?","T","M","$","E","M","R","M","M","M","B",null,"R","M","?","?","M","$","T","E","R","?","E","R","M","?","M","B",null,"E"],"character_chosen":"SLIMEBOUND","items_purchased":["champ:Barbells","Slimebound:Gluttony","Regen Potion","Slimebound:SelfDamagePreventRelic","Bag of Preparation"],"campfire_rested":2,"item_purchase_floors":[26,26,26,40,40],"current_hp_per_floor":[60,60,52,48,45,45,45,45,45,46,46,46,46,51,56,24,60,60,50,29,29,17,20,20,16,28,15,23,55,69,81,88,57,92,92,95,95,95,83,96,96,28,58,58,60,60,76,76,73,69,106,0,0],"gold":517,"neow_bonus":"RANDOM_COLORLESS_2","is_daily":false,"chose_seed":false,"campfire_upgraded":6,"win_rate":0.0,"timestamp":1610276278,"path_taken":["R","M","$","M","?","R","T","R","?","M","?","?","R","?","M","BOSS","R","M","M","?","?","?","T","M","$","E","M","R","?","M","M","BOSS","R","M","?","?","M","$","T","E","R","?","E","R","M","?","M","BOSS","E"],"items_purchased_type":["Relic","Card","Potion","Relic","Relic"],"build_version":"2020-12-22","purchased_purges":3,"victory":false,"max_hp_per_floor":[60,60,60,60,60,60,60,60,60,60,60,60,60,60,60,60,60,60,60,60,60,60,63,63,66,66,66,66,76,82,85,88,92,92,92,95,95,95,100,103,103,103,103,103,103,103,103,103,106,106,106,106,106],"card_choices":[{"not_picked":["Chrysalis","Apotheosis"],"picked":"Mayhem","floor":0.0},{"not_picked":["Slimebound:LeechingTouch","Slimebound:SlimeBarrage","Slimebound:ComboTackle"],"picked":"SKIP","floor":2.0},{"not_picked":["Slimebound:DisruptingSlam","Slimebound:SlimeSlap"],"picked":"Slimebound:HauntingLick","floor":3.0},{"not_picked":["Slimebound:SplitAcid","Slimebound:FinishingTackle","Slimebound:BestDefense"],"picked":"SKIP","floor":4.0},{"not_picked":["Slimebound:ProtectTheBoss","Slimebound:SlimeBrawl"],"picked":"Slimebound:SamplingLick","floor":10.0},{"not_picked":["Slimebound:PressTheAttack","Slimebound:FinishingTackle"],"picked":"Slimebound:GrowthPunch","floor":14.0},{"not_picked":["Slimebound:ViciousTackle","Slimebound:SplitBruiser","Slimebound:HauntingLick"],"picked":"SKIP","floor":15.0},{"not_picked":["Slimebound:RallyTheTroops","Slimebound:DuplicatedForm"],"picked":"Slimebound:MassFeed","floor":16.0},{"not_picked":["Slimebound:PressTheAttack","Slimebound:SplitMire"],"picked":"Slimebound:LeechingTouch+1","floor":19.0},{"not_picked":["Slimebound:SplitMire","Slimebound:RollThrough","Slimebound:PressTheAttack"],"picked":"SKIP","floor":20.0},{"not_picked":["Slimebound:SlimeSpikes","Slimebound:LevelUp+1"],"picked":"Slimebound:Nibble+1","floor":25.0},{"not_picked":["Slimebound:LeechLife","Slimebound:SplitBruiser","Slimebound:MegaLick"],"picked":"SKIP","floor":26.0},{"not_picked":["Slimebound:SplitBruiser+1","Slimebound:Prepare"],"picked":"Slimebound:SlimeSpikes+1","floor":27.0},{"not_picked":["Slimebound:ItLooksTasty","Slimebound:ComboTackle"],"picked":"Slimebound:Prepare+1","floor":28.0},{"not_picked":["Slimebound:Chomp","Slimebound:RejuvenatingLick","Slimebound:LeechEnergy"],"picked":"SKIP","floor":30.0},{"not_picked":["Slimebound:LeechingTouch","Slimebound:Schlurp","Slimebound:LeechEnergy"],"picked":"SKIP","floor":31.0},{"not_picked":["Slimebound:LeechingTouch","Slimebound:GoopSpray+1"],"picked":"Slimebound:Gluttony","floor":32.0},{"not_picked":["Slimebound:MassRepurpose","Slimebound:SelfFormingGoo"],"picked":"Slimebound:SlimeSlap","floor":33.0},{"not_picked":["Slimebound:SplitBruiser+1","Slimebound:DisruptingSlam","Slimebound:PressTheAttack+1"],"picked":"SKIP","floor":36.0},{"not_picked":["Slimebound:RollThrough+1","Slimebound:SplitAcid"],"picked":"Slimebound:HungryTackle+1","floor":39.0},{"not_picked":["Slimebound:LeechingTouch+1","Slimebound:GoopTackle","Slimebound:RallyTheTroops"],"picked":"SKIP","floor":42.0},{"not_picked":["Slimebound:SplitLeeching","Slimebound:FinishingTackle","Slimebound:LeadByExample"],"picked":"SKIP","floor":45.0},{"not_picked":["Slimebound:FinishingTackle","Slimebound:GoopSpray","Slimebound:ItLooksTasty+1"],"picked":"SKIP","floor":47.0},{"not_picked":["Slimebound:AcidTongue","Slimebound:Replication","Slimebound:LeechingTouch"],"picked":"SKIP","floor":49}],"player_experience":1314358,"relics_obtained":[{"floor":7.0,"key":"HornCleat"},{"floor":23.0,"key":"downfall:GremlinWheel"},{"floor":24.0,"key":"Ornamental Fan"},{"floor":27.0,"key":"War Paint"},{"floor":41.0,"key":"StrikeDummy"},{"floor":45.0,"key":"Meat on the Bone"},{"floor":45.0,"key":"Thread and Needle"}],"event_choices":[{"damage_healed":0.0,"max_hp_gain":0.0,"max_hp_loss":0.0,"gold_gain":0.0,"event_name":"Scrap Ooze","player_choice":"Success","floor":5.0,"gold_loss":0.0,"damage_taken":3.0,"relics_obtained":["Blue Candle"]},{"damage_healed":0.0,"max_hp_gain":0.0,"max_hp_loss":0.0,"gold_gain":200.0,"event_name":"Wheel of Change","player_choice":"Gold","floor":29.0,"gold_loss":0.0,"damage_taken":0.0},{"damage_healed":0.0,"max_hp_gain":0.0,"max_hp_loss":0.0,"gold_gain":0.0,"event_name":"Mysterious Sphere","player_choice":"Ignored","floor":37.0,"gold_loss":0.0,"damage_taken":0.0},{"cards_removed":["Slimebound:Gluttony"],"damage_healed":0.0,"max_hp_gain":0.0,"max_hp_loss":0.0,"gold_gain":0.0,"event_name":"Falling","player_choice":"Removed Power","floor":44.0,"gold_loss":0.0,"damage_taken":0.0}],"is_beta":false,"boss_relics":[{"not_picked":["Tiny House","Cursed Key"],"picked":"Black Star"},{"not_picked":["Calling Bell","Slimebound:AbsorbEndCombatUpgraded"],"picked":"Empty Cage"}],"items_purged_floors":[3,26,40],"is_endless":false,"potions_floor_spawned":[10,16,20,27,28,30,39,45],"killed_by":"downfall:CharBossMerchant","ascension_level":0}}