{"host":"6qo42zgaknezulyg","time":1610242264,"event":{"mods":["2.2 Compatiblity","BaseMod","Downfall","Keyboard Shortcuts","Minty Spire (QoL Compilation)","Permanent Neow","Quick Restart","StSLib","SuperFastMode"],"gold_per_floor":[0,18,18,18,3,23,49,63,90,15,0,12,42,42,56,161,161,161,161,172,372,68,68,68,68,78,103,28,47,47,67,79,184,184,184,197,210,333,346,5,5,16,70,147,72,72,90,108,122,122,122,156,33,33,33],"floor_reached":56,"playtime":2413,"items_purged":["Guardian:Strike_Guardian","Guardian:Strike_Guardian+1","Guardian:CurlUp"],"score":1504,"play_id":"3402a06f-7edd-4487-8bd0-7168e357d619","local_time":"20210110103104","is_ascension_mode":false,"campfire_choices":[{"data":"expansioncontent:QuickStudy","floor":1.0,"key":"SMITH"},{"data":"Guardian:MultiBeam","floor":10.0,"key":"SMITH"},{"floor":18.0,"key":"DIG"},{"floor":28.0,"key":"DIG"},{"data":"Guardian:VentSteam","floor":30.0,"key":"SMITH"},{"floor":35.0,"key":"RECALL"},{"data":"expansioncontent:StudyTheSpire","floor":45.0,"key":"SMITH"},{"data":"Guardian:FierceBash","floor":54,"key":"SMITH"}],"circlet_count":0,"master_deck":["Guardian:Defend_Guardian","Guardian:Defend_Guardian","Guardian:Defend_Guardian","Guardian:Defend_Guardian","expansioncontent:QuickStudy+1","Guardian:MultiBeam+1","Guardian:VentSteam+1","Guardian:BronzeArmor","Guardian:Orbwalk","Guardian:Repulse","Ghostly","Ghostly","Ghostly","Ghostly","Ghostly","Guardian:FuturePlans+1","Guardian:Harden","Guardian:PolyBeam+1","Guardian:ChargeUp","Guardian:FierceBash+1","CurseOfTheBell","Guardian:DecasProtection+1","expansioncontent:StudyTheSpire+1","Guardian:Preprogram+1","Guardian:SphericShield"],"relics":["Guardian:ModeShifter","Orichalcum","Shovel","downfall:HeartBlessingGreen","Whetstone","downfall:ShatteredFragment","Philosopher\u0027s Stone","Incense Burner","Guardian:BottledStasis","Ancient Tea Set","downfall:HeartBlessingBlue","Lantern","Calling Bell","Anchor","The Courier","Torii","TungstenRod","Eternal Feather","Ice Cream","Bottled Lightning","downfall:HeartBlessingRed","Pen Nib","Nunchaku"],"acts_visited":["Exordium","TheCity","TheBeyond","TheEnding"],"potions_floor_usage":[55],"damage_taken":[{"damage":0.0,"enemies":"2 Louse","floor":2.0,"turns":2.0},{"damage":0.0,"enemies":"downfall:FleeingMerchant","floor":5.0,"turns":4.0},{"damage":1.0,"enemies":"Jaw Worm","floor":6.0,"turns":4.0},{"damage":0.0,"enemies":"Cultist","floor":8.0,"turns":3.0},{"damage":10.0,"enemies":"3 Sentries","floor":9.0,"turns":7.0},{"damage":0.0,"enemies":"downfall:FleeingMerchant","floor":11.0,"turns":4.0},{"damage":0.0,"enemies":"Exordium Wildlife","floor":12.0,"turns":1.0},{"damage":12.0,"enemies":"Lagavulin","floor":13.0,"turns":5.0},{"damage":0.0,"enemies":"Blue Slaver","floor":15.0,"turns":2.0},{"damage":14.0,"enemies":"downfall:Watcher","floor":16.0,"turns":7.0},{"damage":0.0,"enemies":"3 Byrds","floor":20.0,"turns":3.0},{"damage":11.0,"enemies":"3 Byrds","floor":21.0,"turns":4.0},{"damage":15.0,"enemies":"downfall:FleeingMerchant","floor":22.0,"turns":4.0},{"damage":0.0,"enemies":"3 Cultists","floor":26.0,"turns":1.0},{"damage":0.0,"enemies":"Book of Stabbing","floor":27.0,"turns":5.0},{"damage":0.0,"enemies":"Snake Plant","floor":29.0,"turns":4.0},{"damage":0.0,"enemies":"Snecko","floor":31.0,"turns":4.0},{"damage":0.0,"enemies":"Centurion and Healer","floor":32.0,"turns":3.0},{"damage":0.0,"enemies":"downfall:Silent","floor":33.0,"turns":7.0},{"damage":0.0,"enemies":"Orb Walker","floor":36.0,"turns":3.0},{"damage":0.0,"enemies":"3 Shapes","floor":37.0,"turns":2.0},{"damage":0.0,"enemies":"downfall:FleeingMerchant","floor":38.0,"turns":2.0},{"damage":0.0,"enemies":"Transient","floor":39.0,"turns":5.0},{"damage":0.0,"enemies":"Maw","floor":42.0,"turns":7.0},{"damage":7.0,"enemies":"2 Orb Walkers","floor":43.0,"turns":5.0},{"damage":0.0,"enemies":"Writhing Mass","floor":47.0,"turns":4.0},{"damage":5,"enemies":"Jaw Worm Horde","floor":48,"turns":5},{"damage":0,"enemies":"3 Darklings","floor":49,"turns":3},{"damage":0,"enemies":"downfall:Ironclad","floor":50,"turns":6},{"damage":0,"enemies":"downfall:CharBossMerchant","floor":52,"turns":7},{"damage":0,"enemies":"downfall:NeowBoss","floor":55,"turns":17}],"seed_played":"-749986344044042105","potions_obtained":[{"floor":2.0,"key":"Guardian:AcceleratePotion"},{"floor":6.0,"key":"Guardian:DefensiveModePotion"},{"floor":9.0,"key":"Guardian:AcceleratePotion"},{"floor":12.0,"key":"PowerPotion"},{"floor":16.0,"key":"SkillPotion"},{"floor":27.0,"key":"ColorlessPotion"}],"is_trial":false,"path_per_floor":["R","M","?","?","$","M","T","M","E","R","$","M","E","?","M","B",null,"R","?","M","?","$","?","T","?","M","E","R","M","R","M","M","B",null,"R","M","M","$","M","$","T","M","?","?","R","?","M","M","M","B",null,"E","$","R","B",null],"character_chosen":"GUARDIAN","items_purchased":["Guardian:Repulse","Guardian:BottledStasis","expansioncontent:StudyTheSpire","TungstenRod","Nunchaku"],"campfire_rested":0,"item_purchase_floors":[22,22,38,40,53],"current_hp_per_floor":[80,80,80,80,80,79,79,79,69,69,69,69,57,33,33,19,80,80,80,80,69,54,40,40,40,40,40,50,50,50,50,50,50,50,50,50,50,50,50,50,50,50,43,43,50,50,50,45,45,45,50,50,50,50,50],"gold":33,"neow_bonus":"RANDOM_COLORLESS_2","is_daily":false,"chose_seed":false,"campfire_upgraded":5,"win_rate":0.0,"timestamp":1610242264,"path_taken":["R","M","?","?","$","M","T","M","E","R","?","?","E","?","M","BOSS","R","?","M","?","$","?","T","?","M","E","R","M","R","?","M","BOSS","R","M","M","?","?","$","T","?","?","?","R","?","?","M","M","BOSS","E","$","R","BOSS"],"items_purchased_type":["Card","Relic","Card","Relic","Relic"],"build_version":"2020-12-22","purchased_purges":3,"victory":true,"max_hp_per_floor":[80,80,80,80,80,80,80,80,80,80,80,80,80,80,80,80,80,80,80,80,80,80,40,40,40,40,40,50,50,50,50,50,50,50,50,50,50,50,50,50,50,50,50,50,50,50,50,50,50,50,50,50,50,50,50],"card_choices":[{"not_picked":["Secret Technique","Violence"],"picked":"expansioncontent:QuickStudy","floor":0.0},{"not_picked":["Guardian:SpikerProtocol","Guardian:ShieldCharger","Guardian:WalkerClaw"],"picked":"SKIP","floor":2.0},{"not_picked":["Guardian:SpikerProtocol","Guardian:ShieldCharger","Guardian:WalkerClaw"],"picked":"SKIP","floor":2.0},{"not_picked":["Guardian:ChargeCore","Guardian:Gem_Red","Guardian:CrystalBeam"],"picked":"SKIP","floor":5.0},{"not_picked":["Guardian:Planning","Guardian:SpikerProtocol","Guardian:Gem_Red"],"picked":"SKIP","floor":6.0},{"not_picked":["Guardian:HyperBeam_Guardian","Guardian:ShieldCharger"],"picked":"Guardian:MultiBeam","floor":8.0},{"not_picked":["Guardian:CrystalBeam","Guardian:PrimingBeam","Guardian:SpikerProtocol"],"picked":"SKIP","floor":9.0},{"not_picked":["Guardian:TimeBomb","Guardian:SpikerProtocol","Guardian:PrismaticBeam"],"picked":"SKIP","floor":11.0},{"not_picked":["Guardian:PrismaticBarrier","Guardian:RollAttack"],"picked":"Guardian:VentSteam","floor":12.0},{"not_picked":["Guardian:ChargeCore","Guardian:PrismaticBeam"],"picked":"Guardian:BronzeArmor","floor":13.0},{"not_picked":["Guardian:PrimingBeam","Guardian:Gem_Red","Guardian:VentSteam"],"picked":"SKIP","floor":15.0},{"not_picked":["Guardian:GemFinder","Guardian:FastForward"],"picked":"Guardian:Gem_Orange","floor":16.0},{"not_picked":["Guardian:Planning","Guardian:WalkerClaw+1","Guardian:TimeBomb"],"picked":"SKIP","floor":20.0},{"not_picked":["Guardian:PrimingBeam","Guardian:TemporalStrike"],"picked":"Guardian:Orbwalk","floor":22.0},{"not_picked":["Guardian:TemporalShield","Guardian:Reroute"],"picked":"Guardian:FuturePlans+1","floor":26.0},{"not_picked":["Guardian:ShieldCharger","Guardian:Incinerate"],"picked":"Guardian:Harden","floor":27.0},{"not_picked":["Guardian:Suspension","Guardian:PiercingHide","Guardian:Planning+1"],"picked":"SKIP","floor":29.0},{"not_picked":["Guardian:Recover","Guardian:Repulse"],"picked":"Guardian:PolyBeam+1","floor":31.0},{"not_picked":["Guardian:Recover","Guardian:ArmoredProtocol"],"picked":"Guardian:ChargeUp","floor":32.0},{"not_picked":["Guardian:GemFire","Guardian:BaubleBeam"],"picked":"Guardian:FierceBash","floor":33.0},{"not_picked":["Guardian:PrimingBeam","Guardian:Recover"],"picked":"Guardian:DecasProtection+1","floor":36.0},{"not_picked":["Guardian:GuardianWhirl+1","Guardian:Gem_Red","Guardian:Recover+1"],"picked":"SKIP","floor":37.0},{"not_picked":["Guardian:Reroute+1","Guardian:VentSteam","Guardian:ChargeCore+1"],"picked":"SKIP","floor":38.0},{"not_picked":["Guardian:PrismaticBarrier+1","Guardian:DonusPower","Guardian:Gem_Fragmented"],"picked":"SKIP","floor":39.0},{"not_picked":["Guardian:Orbwalk","Guardian:Emergency+1","Guardian:Reroute+1"],"picked":"SKIP","floor":42.0},{"not_picked":["Guardian:Gem_Red","Guardian:BronzeOrb"],"picked":"Guardian:Preprogram+1","floor":43.0},{"not_picked":["Guardian:Recover","Guardian:GuardianWhirl+1","Guardian:Gem_Green"],"picked":"SKIP","floor":47.0},{"not_picked":["Guardian:RollAttack+1","Guardian:PrimingBeam+1"],"picked":"Guardian:SphericShield","floor":48},{"not_picked":["Guardian:Gem_Lightblue","Guardian:ChargeCore+1","Guardian:Suspension+1"],"picked":"SKIP","floor":49},{"not_picked":["Guardian:AncientConstruct","Guardian:Gem_Green","Guardian:RefractedBeam+1"],"picked":"SKIP","floor":52}],"player_experience":1095638,"relics_obtained":[{"floor":7.0,"key":"Orichalcum"},{"floor":9.0,"key":"Shovel"},{"floor":13.0,"key":"Whetstone"},{"floor":18.0,"key":"Incense Burner"},{"floor":27.0,"key":"Ancient Tea Set"},{"floor":28.0,"key":"Lantern"},{"floor":34.0,"key":"Anchor"},{"floor":34.0,"key":"The Courier"},{"floor":34.0,"key":"Torii"},{"floor":41.0,"key":"Eternal Feather"},{"floor":43.0,"key":"Ice Cream"},{"floor":44.0,"key":"Bottled Lightning"},{"floor":52,"key":"Pen Nib"}],"event_choices":[{"cards_removed":["Guardian:Strike_Guardian"],"damage_healed":0.0,"max_hp_gain":0.0,"max_hp_loss":0.0,"gold_gain":0.0,"event_name":"The Cleric","player_choice":"Card Removal","floor":3.0,"gold_loss":0.0,"damage_taken":0.0},{"damage_healed":0.0,"max_hp_gain":0.0,"max_hp_loss":40.0,"gold_gain":0.0,"event_name":"Ghosts","player_choice":"Became a Ghost","floor":23.0,"gold_loss":0.0,"damage_taken":0.0,"cards_obtained":["Ghostly","Ghostly","Ghostly","Ghostly","Ghostly"]},{"damage_healed":0.0,"max_hp_gain":0.0,"max_hp_loss":0.0,"gold_gain":0.0,"event_name":"The Library","player_choice":"Read","floor":25.0,"gold_loss":0.0,"damage_taken":0.0,"cards_obtained":["Guardian:Gem_Purple"]},{"damage_healed":0.0,"max_hp_gain":0.0,"max_hp_loss":0.0,"gold_gain":0.0,"event_name":"Mysterious Sphere","player_choice":"Fight","floor":43.0,"gold_loss":0.0,"damage_taken":0.0},{"cards_removed":["Guardian:TwinSlam"],"damage_healed":0.0,"max_hp_gain":0.0,"max_hp_loss":0.0,"gold_gain":0.0,"event_name":"Bonfire Elementals","player_choice":"Offered Basic","floor":46.0,"gold_loss":0.0,"damage_taken":0.0}],"is_beta":false,"boss_relics":[{"not_picked":["Busted Crown","Tiny House"],"picked":"Philosopher\u0027s Stone"},{"not_picked":["Coffee Dripper","Runic Dome"],"picked":"Calling Bell"}],"items_purged_floors":[22,38,40],"is_endless":false,"potions_floor_spawned":[2,6,9,12,16,20,27,29,32,37,39,43,48,49],"ascension_level":0}}