{"host":"cijhj3091wf4aho3","time":1610322177,"event":{"mods":["BaseMod","Colored Map","Colored Powertips","Downfall","Friendly Minions","GifTheSpireLib","Highlight Path","Minty Spire (QoL Compilation)","Permanent Neow","Random Character Button","Relic Sorter","Relic Stats","StSLib","everything is the same but u backflip on backflip","slay the spire mod where everything is the same but ironclad has a cowboy hat"],"gold_per_floor":[0,18,18,29,40,72,72,87,87,101,118,135,135,285,295,397,397,397,412,412,412,425,425,425,442,292,47,77,97,22,22,35,132,132,132,143,163,63,77,77,101,111,157,157,167,42,42,67,84,84,84,110,110,110,110],"floor_reached":56,"playtime":2394,"items_purged":["Slimebound:Icky","champ:Strike","champ:Strike"],"score":2210,"play_id":"b343cea6-9222-4755-bec5-241ba3768db4","local_time":"20210110154257","is_ascension_mode":true,"campfire_choices":[{"data":"champ:Devastate","floor":1,"key":"SMITH"},{"floor":9,"key":"REST"},{"floor":13,"key":"REST"},{"data":"champ:Lariat","floor":18,"key":"SMITH"},{"floor":23,"key":"RECALL"},{"data":"champ:HoldFirm","floor":26,"key":"SMITH"},{"data":"champ:Duel","floor":30,"key":"SMITH"},{"data":"champ:BringItOn","floor":35,"key":"SMITH"},{"data":"champ:Taunt","floor":40,"key":"SMITH"},{"data":"champ:Execute","floor":47,"key":"SMITH"},{"data":"champ:Defend","floor":54,"key":"SMITH"}],"circlet_count":0,"master_deck":["AscendersBane","champ:Strike","champ:Strike","champ:Defend+1","champ:Defend","champ:Defend","champ:Defend","champ:Execute+1","champ:Taunt+1","champ:Devastate+1","champ:Lariat+1","champ:BringItOn+1","champ:Duel+1","champ:HoldFirm+1","champ:Devastate+1","champ:IgnorePain"],"relics":["champ:ChampionCrown","Unceasing Top","Happy Flower","Calipers","Snecko Eye","Bottled Flame","downfall:HeartBlessingRed","downfall:HeartBlessingBlue","DollysMirror","champ:GladiatorsBookOfMartialProwess","downfall:HeartBlessingGreen","Enchiridion","Busted Crown","TungstenRod","Oddly Smooth Stone","StoneCalendar","Ancient Tea Set","InkBottle"],"acts_visited":["Exordium","TheCity","TheBeyond","TheEnding"],"potions_floor_usage":[16,55,55],"damage_taken":[{"damage":6,"enemies":"Cultist","floor":2,"turns":3},{"damage":4,"enemies":"2 Louse","floor":4,"turns":2},{"damage":7,"enemies":"Small Slimes","floor":5,"turns":4},{"damage":53,"enemies":"Lagavulin","floor":6,"turns":10},{"damage":23,"enemies":"Exordium Thugs","floor":8,"turns":5},{"damage":0,"enemies":"Exordium Wildlife","floor":10,"turns":4},{"damage":18,"enemies":"3 Louse","floor":11,"turns":5},{"damage":5,"enemies":"Large Slime","floor":12,"turns":4},{"damage":0,"enemies":"Looter","floor":15,"turns":1},{"damage":37,"enemies":"downfall:Watcher","floor":16,"turns":15},{"damage":7,"enemies":"Chosen","floor":19,"turns":4},{"damage":0,"enemies":"Spheric Guardian","floor":22,"turns":1},{"damage":5,"enemies":"Centurion and Healer","floor":25,"turns":5},{"damage":5,"enemies":"downfall:FleeingMerchant","floor":27,"turns":4},{"damage":0,"enemies":"Book of Stabbing","floor":28,"turns":2},{"damage":5,"enemies":"Chosen and Byrds","floor":29,"turns":3},{"damage":5,"enemies":"3 Cultists","floor":32,"turns":3},{"damage":10,"enemies":"downfall:Ironclad","floor":33,"turns":8},{"damage":5,"enemies":"Orb Walker","floor":36,"turns":1},{"damage":0,"enemies":"3 Shapes","floor":37,"turns":3},{"damage":20,"enemies":"downfall:FleeingMerchant","floor":38,"turns":2},{"damage":0,"enemies":"Writhing Mass","floor":39,"turns":2},{"damage":4,"enemies":"Jaw Worm Horde","floor":42,"turns":3},{"damage":7,"enemies":"2 Orb Walkers","floor":43,"turns":2},{"damage":4,"enemies":"Maw","floor":45,"turns":5},{"damage":8,"enemies":"Giant Head","floor":48,"turns":7},{"damage":0,"enemies":"Sphere and 2 Shapes","floor":49,"turns":2},{"damage":30,"enemies":"downfall:Silent","floor":50,"turns":3},{"damage":12,"enemies":"downfall:CharBossMerchant","floor":52,"turns":7},{"damage":98,"enemies":"downfall:NeowBoss","floor":55,"turns":23}],"seed_played":"321515752012559584","potions_obtained":[{"floor":11,"key":"champ:TechniquePotion"},{"floor":12,"key":"Strength Potion"},{"floor":16,"key":"champ:CounterPotion"},{"floor":25,"key":"Slimebound:ThreeZeroPotion"},{"floor":36,"key":"Fire Potion"},{"floor":42,"key":"Block Potion"},{"floor":48,"key":"hexamod:EctoCoolerPotion"}],"is_trial":false,"path_per_floor":["R","M","?","M","M","E","T","M","R","M","M","M","R","?","M","B",null,"R","M","?","T","M","R","T","M","R","$","E","M","R","?","M","B",null,"R","M","M","$","M","R","T","M","?","?","M","$","R","E","M","B",null,"E","$","R","B",null],"character_chosen":"THE_CHAMP","items_purchased":["DollysMirror","TungstenRod"],"campfire_rested":2,"item_purchase_floors":[27,38],"current_hp_per_floor":[81,80,73,69,67,24,24,7,34,34,16,16,43,43,43,17,72,72,65,65,65,65,65,65,65,75,75,75,75,75,59,59,59,90,90,90,90,90,90,90,90,91,89,89,90,90,90,92,92,100,100,100,100,100,100],"gold":110,"neow_bonus":"THREE_RARE_CARDS","is_daily":false,"chose_seed":false,"campfire_upgraded":8,"win_rate":0.0,"timestamp":1610322177,"path_taken":["R","?","?","M","M","E","T","M","R","M","M","M","R","?","M","BOSS","R","M","?","?","M","R","T","?","R","$","E","M","R","?","M","BOSS","R","M","M","$","M","R","T","M","?","?","M","$","R","E","M","BOSS","E","$","R","BOSS"],"items_purchased_type":["Relic","Relic"],"build_version":"2020-12-22","purchased_purges":3,"victory":true,"max_hp_per_floor":[90,90,90,90,90,90,90,90,90,90,90,90,90,90,90,90,90,90,90,90,90,90,90,90,90,100,100,100,100,100,100,100,100,100,100,100,100,100,100,100,100,100,100,100,100,100,100,100,100,100,100,100,100,100,100],"relic_stats":{"Busted Crown":20,"Happy Flower":[41],"counters":[30,143],"Snecko Eye":[159,161,159,155],"StoneCalendar":[118],"obtain_stats":[{"Calipers":7,"Happy Flower":6,"downfall:HeartBlessingRed":26,"Enchiridion":31,"Oddly Smooth Stone":41,"champ:ChampionCrown":0,"downfall:HeartBlessingGreen":30,"StoneCalendar":43,"Ancient Tea Set":48,"champ:GladiatorsBookOfMartialProwess":28,"Bottled Flame":21,"Busted Crown":34,"downfall:HeartBlessingBlue":26,"DollysMirror":27,"Snecko Eye":17,"Unceasing Top":3,"TungstenRod":38,"InkBottle":52},{"Calipers":4,"Happy Flower":4,"downfall:HeartBlessingRed":13,"Enchiridion":16,"Oddly Smooth Stone":22,"champ:ChampionCrown":0,"downfall:HeartBlessingGreen":16,"StoneCalendar":24,"Ancient Tea Set":26,"champ:GladiatorsBookOfMartialProwess":15,"Bottled Flame":11,"Busted Crown":18,"downfall:HeartBlessingBlue":13,"DollysMirror":14,"Snecko Eye":10,"Unceasing Top":1,"TungstenRod":21,"InkBottle":29},{"Calipers":19,"Happy Flower":19,"downfall:HeartBlessingRed":63,"Enchiridion":72,"Oddly Smooth Stone":91,"champ:ChampionCrown":0,"downfall:HeartBlessingGreen":72,"StoneCalendar":96,"Ancient Tea Set":108,"champ:GladiatorsBookOfMartialProwess":69,"Bottled Flame":57,"Busted Crown":83,"downfall:HeartBlessingBlue":63,"DollysMirror":67,"Snecko Eye":53,"Unceasing Top":3,"TungstenRod":89,"InkBottle":120}],"Unceasing Top":[3],"TungstenRod":51,"InkBottle":[14]},"card_choices":[{"not_picked":["champ:EnchantCrown","champ:DancingMaster"],"picked":"champ:Devastate","floor":0},{"not_picked":["champ:TornadoPunch","champ:FlashCut","champ:FanOfKnives"],"picked":"SKIP","floor":2},{"not_picked":["champ:ShieldSigil","champ:BladeFlurry","champ:PerfectedStrike"],"picked":"SKIP","floor":4},{"not_picked":["champ:FocusedDefense","champ:ShieldWall","champ:Circumvent"],"picked":"SKIP","floor":5},{"not_picked":["champ:Devastate","champ:GladiatorsShout","champ:Haymaker"],"picked":"SKIP","floor":6},{"not_picked":["champ:ShieldSigil","champ:AdrenalArmor"],"picked":"champ:Lariat","floor":8},{"not_picked":["champ:BringItOn","champ:BladeFlurry","champ:Circumvent"],"picked":"SKIP","floor":10},{"not_picked":["champ:BladeFlurry","champ:Circumvent"],"picked":"champ:BringItOn","floor":10},{"not_picked":["champ:RageSigil","champ:BladeFlurry","champ:PerfectedStrike"],"picked":"SKIP","floor":11},{"not_picked":["champ:FanOfKnives","champ:CrookedStrike"],"picked":"champ:Duel","floor":12},{"not_picked":["champ:Devastate","champ:DefensiveShout","champ:FocusedBerserking"],"picked":"SKIP","floor":15},{"not_picked":["champ:IgnorePain","champ:EnchantCrown"],"picked":"champ:HoldFirm","floor":16},{"not_picked":["champ:Shatter","champ:CrookedStrike","champ:Backstep"],"picked":"SKIP","floor":19},{"not_picked":["champ:Circumvent","champ:ShieldSigil","champ:PerfectedStrike"],"picked":"SKIP","floor":22},{"not_picked":["champ:CrookedStrike","champ:BringItOn","champ:Riposte+1"],"picked":"SKIP","floor":25},{"not_picked":["champ:Control","champ:Aggression","champ:ShieldThrow"],"picked":"SKIP","floor":27},{"not_picked":["champ:Control","champ:GladiatorStyle","champ:SwordSigil"],"picked":"SKIP","floor":28},{"not_picked":["champ:PerfectedStrike","champ:GladiatorsShout","champ:AdrenalArmor"],"picked":"SKIP","floor":29},{"not_picked":["champ:CrookedStrike","champ:Circumvent","champ:FlashCut"],"picked":"SKIP","floor":32},{"not_picked":["champ:PerfectForm","champ:ShieldThrow"],"picked":"champ:IgnorePain","floor":33},{"not_picked":["champ:FanOfKnives"],"picked":"SKIP","floor":36},{"not_picked":["champ:HeartStrike"],"picked":"SKIP","floor":37},{"not_picked":["champ:FocusedDefense"],"picked":"SKIP","floor":38},{"not_picked":["champ:ShieldSigil+1"],"picked":"SKIP","floor":39},{"not_picked":["champ:FocusedGladiator"],"picked":"SKIP","floor":42},{"not_picked":["champ:FocusedGladiator+1"],"picked":"SKIP","floor":45},{"not_picked":["champ:Circumvent"],"picked":"SKIP","floor":48},{"not_picked":["champ:BladeFlurry"],"picked":"SKIP","floor":49},{"not_picked":["champ:ArenaPreparation"],"picked":"SKIP","floor":52}],"player_experience":490634,"relics_obtained":[{"floor":6,"key":"Happy Flower"},{"floor":7,"key":"Calipers"},{"floor":21,"key":"Bottled Flame"},{"floor":28,"key":"champ:GladiatorsBookOfMartialProwess"},{"floor":31,"key":"Enchiridion"},{"floor":41,"key":"Oddly Smooth Stone"},{"floor":43,"key":"StoneCalendar"},{"floor":48,"key":"Ancient Tea Set"},{"floor":52,"key":"InkBottle"}],"event_choices":[{"damage_healed":0,"gold_gain":0,"player_choice":"Success","damage_taken":7,"relics_obtained":["Unceasing Top"],"max_hp_gain":0,"max_hp_loss":0,"event_name":"Scrap Ooze","floor":3,"gold_loss":0},{"damage_healed":0,"gold_gain":0,"player_choice":"Ignored","damage_taken":0,"max_hp_gain":0,"max_hp_loss":0,"event_name":"Ghosts","floor":20,"gold_loss":0},{"damage_healed":0,"gold_gain":0,"player_choice":"Fight","damage_taken":0,"max_hp_gain":0,"max_hp_loss":0,"event_name":"Mysterious Sphere","floor":43,"gold_loss":0}],"is_beta":false,"boss_relics":[{"not_picked":["Black Star","Runic Pyramid"],"picked":"Snecko Eye"},{"not_picked":["Coffee Dripper","Runic Dome"],"picked":"Busted Crown"}],"items_purged_floors":[27,38,46],"is_endless":false,"potions_floor_spawned":[11,12,15,16,19,25,29,36,42,48,49],"ascension_level":12}}