{"host":"hcmbbnq9kugrt4gl","time":1610296139,"event":{"mods":["AchievementEnabler","BaseMod","Minty Spire (QoL Compilation)","Permanent Neow","Quick Restart","Relic Stats","Synergy Search","slay the spire mod where everything is the same but ironclad has a cowboy hat"],"gold_per_floor":[113,113,74,74,89,119,119,119,189,202,215,215,231,260,260,355,355,368,468,201,215,234,234,234,234],"floor_reached":24,"playtime":957,"items_purged":["Regret"],"score":206,"play_id":"201fa58d-e2ef-4950-abc5-cb802333d2fb","local_time":"20210110172859","is_ascension_mode":false,"campfire_choices":[{"data":"Armaments","floor":7,"key":"SMITH"},{"floor":15,"key":"REST"},{"data":"Combust","floor":23,"key":"SMITH"}],"circlet_count":0,"master_deck":["Strike_R","Strike_R","Strike_R","Strike_R","Strike_R","Defend_R","Defend_R","Defend_R","Defend_R","Bash","Blood for Blood","Defend_R","Combust+1","Armaments+1","Evolve","Sword Boomerang","Intimidate","Cleave","Feed","Feel No Pain","Flame Barrier+1","Burning Pact+1"],"relics":["Burning Blood","Ginger","Toy Ornithopter","Thread and Needle","Singing Bowl","Sundial","Mark of Pain","HandDrill"],"acts_visited":["Exordium","TheCity"],"potions_floor_usage":[16,16],"damage_taken":[{"damage":11,"enemies":"Small Slimes","floor":1,"turns":4},{"damage":4,"enemies":"Cultist","floor":5,"turns":3},{"damage":38,"enemies":"3 Sentries","floor":6,"turns":6},{"damage":3,"enemies":"2 Louse","floor":10,"turns":3},{"damage":3,"enemies":"Looter","floor":11,"turns":4},{"damage":6,"enemies":"3 Louse","floor":13,"turns":4},{"damage":20,"enemies":"Gremlin Nob","floor":14,"turns":5},{"damage":37,"enemies":"Slime Boss","floor":16,"turns":9},{"damage":18,"enemies":"Chosen","floor":18,"turns":6},{"damage":22,"enemies":"Shell Parasite","floor":21,"turns":5},{"damage":12,"enemies":"Centurion and Healer","floor":22,"turns":7},{"damage":55,"enemies":"Slavers","floor":24,"turns":3}],"seed_played":"1897811054991075111","potions_obtained":[{"floor":1,"key":"Strength Potion"},{"floor":12,"key":"Explosive Potion"},{"floor":12,"key":"Explosive Potion"},{"floor":21,"key":"Dexterity Potion"}],"is_trial":false,"path_per_floor":["M","?","$","?","M","E","R","T","T","M","M","?","M","E","R","B",null,"M","?","$","M","M","R","E"],"character_chosen":"IRONCLAD","items_purchased":["Combust","Feel No Pain","HandDrill"],"campfire_rested":1,"item_purchase_floors":[3,20,20],"current_hp_per_floor":[75,75,75,75,77,45,45,45,45,48,51,51,51,37,61,40,80,70,70,70,54,48,48,0,0],"gold":234,"neow_bonus":"ONE_RANDOM_RARE_CARD","is_daily":false,"chose_seed":false,"campfire_upgraded":2,"win_rate":0.0,"timestamp":1610296139,"path_taken":["M","?","?","?","M","E","R","?","T","M","M","?","?","E","R","BOSS","M","?","$","M","?","R","E"],"items_purchased_type":["Card","Card","Relic"],"build_version":"2020-12-22","purchased_purges":1,"victory":false,"max_hp_per_floor":[80,80,80,80,80,80,80,80,80,80,80,80,80,80,80,80,80,82,82,82,82,82,82,82,82],"relic_stats":{"Singing Bowl":2,"counters":[12,59],"Sundial":[2],"HandDrill":[6],"Ginger":[11],"obtain_stats":[{"Singing Bowl":9,"Sundial":14,"Thread and Needle":8,"Mark of Pain":17,"HandDrill":20,"Ginger":4,"Burning Blood":0,"Toy Ornithopter":6},{"Singing Bowl":3,"Sundial":7,"Thread and Needle":3,"Mark of Pain":8,"HandDrill":9,"Ginger":1,"Burning Blood":0,"Toy Ornithopter":3},{"Singing Bowl":13,"Sundial":29,"Thread and Needle":13,"Mark of Pain":38,"HandDrill":44,"Ginger":4,"Burning Blood":0,"Toy Ornithopter":13}],"Burning Blood":66,"Toy Ornithopter":10},"card_choices":[{"not_picked":["Warcry","Havoc"],"picked":"Blood for Blood","floor":1},{"not_picked":["Reckless Charge","Second Wind","Clash"],"picked":"SKIP","floor":5},{"not_picked":["Shrug It Off","Combust"],"picked":"Armaments","floor":6},{"not_picked":["Pommel Strike","Entrench"],"picked":"Evolve","floor":10},{"not_picked":["Body Slam","Havoc"],"picked":"Sword Boomerang","floor":11},{"not_picked":["Iron Wave","Evolve"],"picked":"Intimidate","floor":13},{"not_picked":["Armaments","Shrug It Off"],"picked":"Cleave","floor":14},{"not_picked":["Fiend Fire","Juggernaut"],"picked":"Feed","floor":16},{"not_picked":["Heavy Blade","Searing Blow","Wild Strike"],"picked":"Singing Bowl","floor":18},{"not_picked":["Twin Strike","Searing Blow"],"picked":"Flame Barrier+1","floor":21},{"not_picked":["Armaments","Dual Wield+1"],"picked":"Burning Pact+1","floor":22}],"player_experience":185537,"relics_obtained":[{"floor":6,"key":"Toy Ornithopter"},{"floor":8,"key":"Thread and Needle"},{"floor":9,"key":"Singing Bowl"},{"floor":14,"key":"Sundial"}],"event_choices":[{"cards_removed":["Corruption"],"damage_healed":0,"gold_gain":0,"player_choice":"Took Card","damage_taken":0,"max_hp_gain":0,"max_hp_loss":0,"event_name":"NoteForYourself","floor":2,"gold_loss":0,"cards_obtained":["Defend_R"]},{"damage_healed":0,"gold_gain":0,"player_choice":"Box","damage_taken":0,"relics_obtained":["Ginger"],"max_hp_gain":0,"max_hp_loss":0,"event_name":"Big Fish","floor":4,"gold_loss":0,"cards_obtained":["Regret"]},{"damage_healed":0,"gold_gain":0,"player_choice":"Got Potions","damage_taken":0,"max_hp_gain":0,"max_hp_loss":0,"event_name":"Lab","floor":12,"gold_loss":0},{"damage_healed":0,"gold_gain":100,"player_choice":"Pray","damage_taken":0,"max_hp_gain":0,"max_hp_loss":0,"event_name":"Golden Shrine","floor":19,"gold_loss":0}],"is_beta":false,"boss_relics":[{"not_picked":["Black Star","Coffee Dripper"],"picked":"Mark of Pain"}],"items_purged_floors":[20],"is_endless":false,"potions_floor_spawned":[1,13,14,21],"killed_by":"Slavers","ascension_level":0}}