{"host":"minbhrtlkaoly5f0","time":1610266862,"event":{"mods":["Act Like it!","Ascension Reborn","BaseMod","Colored Map","Colored Powertips","Minty Spire (QoL Compilation)","Quick Restart","StSLib","Td1madao Mod"],"gold_per_floor":[118,128,128,108,124,124,137,154,178,188,113,113,123,123,123,123,123],"floor_reached":16,"playtime":351,"items_purged":["Strike_B"],"score":94,"play_id":"6426aaa5-e433-4f9a-a6df-a1416b891b5e","local_time":"20210110162102","is_ascension_mode":true,"campfire_choices":[{"data":"Defragment","floor":6,"key":"SMITH"},{"data":"Echo Form","floor":12,"key":"SMITH"},{"floor":15,"key":"REST"}],"circlet_count":0,"master_deck":["Strike_B","Strike_B+1","Strike_B","Defend_B","Defend_B","Defend_B+1","Defend_B","Zap","Dualcast","Defragment+1","Chaos","Echo Form+1","Hello World+1"],"relics":["Cracked Core","NeowsBlessing","MealTicket"],"acts_visited":[],"potions_floor_usage":[10,16,16,16],"damage_taken":[{"damage":0,"enemies":"2 Louse","floor":1,"turns":1},{"damage":0,"enemies":"Cultist","floor":2,"turns":1},{"damage":0,"enemies":"Jaw Worm","floor":5,"turns":1},{"damage":21,"enemies":"Red Slaver","floor":7,"turns":3},{"damage":19,"enemies":"Blue Slaver","floor":8,"turns":3},{"damage":13,"enemies":"Exordium Wildlife","floor":10,"turns":3},{"damage":12,"enemies":"2 Fungi Beasts","floor":13,"turns":3},{"damage":34,"enemies":"The Guardian","floor":16,"turns":7}],"seed_played":"-4282519289102652955","potions_obtained":[{"floor":1,"key":"SpeedPotion"},{"floor":2,"key":"GamblersBrew"},{"floor":4,"key":"GamblersBrew"},{"floor":5,"key":"SteroidPotion"},{"floor":13,"key":"Block Potion"}],"is_trial":false,"path_per_floor":["M","M","?","?","M","R","M","M","T","M","$","R","M","?","R","B"],"character_chosen":"DEFECT","items_purchased":[],"campfire_rested":1,"item_purchase_floors":[],"current_hp_per_floor":[75,75,60,60,60,60,39,20,20,7,22,22,10,10,32,0,0],"gold":123,"neow_bonus":"THREE_ENEMY_KILL","is_daily":false,"chose_seed":false,"campfire_upgraded":2,"win_rate":0.0,"timestamp":1610266862,"path_taken":["M","M","?","?","M","R","M","?","T","M","$","R","M","?","R","BOSS"],"items_purchased_type":[],"build_version":"2020-12-22","purchased_purges":1,"victory":false,"max_hp_per_floor":[75,75,75,75,75,75,75,75,75,75,75,75,75,75,75,75,75],"card_choices":[{"not_picked":["Barrage","Turbo"],"picked":"Defragment","floor":1},{"not_picked":["Beam Cell","Genetic Algorithm","Barrage"],"picked":"SKIP","floor":2},{"not_picked":["Compile Driver","White Noise"],"picked":"Chaos","floor":5},{"not_picked":["Steam","Rebound"],"picked":"Echo Form","floor":7},{"not_picked":["Conserve Battery","Coolheaded"],"picked":"Hello World","floor":8},{"not_picked":["Coolheaded","Barrage","Hologram"],"picked":"SKIP","floor":10},{"not_picked":["Cold Snap","Consume","Scrape"],"picked":"SKIP","floor":13}],"player_experience":24282,"relics_obtained":[{"floor":9,"key":"MealTicket"}],"event_choices":[{"damage_healed":0,"gold_gain":0,"player_choice":"Entered Light","damage_taken":15,"max_hp_gain":0,"max_hp_loss":0,"event_name":"Shining Light","floor":3,"gold_loss":0,"cards_upgraded":["Strike_B","Defend_B"]},{"damage_healed":0,"gold_gain":0,"player_choice":"Bought 1 Potion","damage_taken":0,"max_hp_gain":0,"max_hp_loss":0,"event_name":"The Woman in Blue","floor":4,"gold_loss":0},{"damage_healed":0,"gold_gain":0,"player_choice":"Upgraded","damage_taken":0,"max_hp_gain":0,"max_hp_loss":0,"event_name":"Upgrade Shrine","floor":14,"gold_loss":0,"cards_upgraded":["Hello World"]}],"is_beta":false,"boss_relics":[],"items_purged_floors":[11],"is_endless":false,"potions_floor_spawned":[1,2,5,13],"killed_by":"The Guardian","ascension_level":0}}