{"host":"yuoancq4cku3x8wq","time":1610291602,"event":{"mods":["AchievementEnabler","BaseMod","Minty Spire (QoL Compilation)","Quick Restart","StSLib","SuperFastMode"],"gold_per_floor":[111,111,111,186,199,199,224,224,301,313,313,330,385,402,402,479,479,490,490,540,557,1,1,27,27,54,81,81,112,125,153,153,224,224,236,236,61,61,76,108,125,156,156,156,186,198,229,258,270,282,294,306,318,33,58,58],"floor_reached":57,"playtime":1760,"items_purged":["Strike_R","Bludgeon","Thunderclap+1"],"score":3332,"play_id":"88aebdbb-b658-4311-a240-3319cdd3f826","local_time":"20210110231322","is_ascension_mode":true,"campfire_choices":[{"data":"Feel No Pain","floor":6.0,"key":"SMITH"},{"floor":8.0,"key":"RECALL"},{"data":"Bash","floor":11.0,"key":"SMITH"},{"data":"Fire Breathing","floor":15.0,"key":"SMITH"},{"floor":23.0,"key":"REST"},{"data":"Corruption","floor":25.0,"key":"SMITH"},{"data":"Body Slam","floor":28.0,"key":"SMITH"},{"floor":32.0,"key":"REST"},{"data":"Evolve","floor":44,"key":"SMITH"},{"data":"Barricade","floor":46,"key":"SMITH"},{"data":"Offering","floor":49,"key":"SMITH"},{"data":"Offering","floor":53,"key":"SMITH"}],"circlet_count":0,"master_deck":["AscendersBane","Bash+1","Feel No Pain+1","Fire Breathing+1","Power Through","Corruption+1","Exhume","Disarm+1","Feel No Pain","Feel No Pain","Body Slam+1","Bloodletting","Pommel Strike","Barricade+1","Second Wind","Intimidate","Offering+1","Demon Form","Havoc","Power Through","Shrug It Off+1","Offering+1","Evolve+1","Body Slam+1","Entrench","Sentinel","Shrug It Off+1","Feel No Pain","Seeing Red+1"],"relics":["Burning Blood","NeowsBlessing","Anchor","Mercury Hourglass","Centennial Puzzle","Black Star","Nilry\u0027s Codex","Medical Kit","HornCleat","Prayer Wheel","PreservedInsect","Juzu Bracelet","Regal Pillow","Mummified Hand","Akabeko","Lantern","Happy Flower","Paper Frog","Pandora\u0027s Box","Shuriken","Blood Vial","Whetstone","Strawberry","Orichalcum","MawBank","Bag of Preparation","Oddly Smooth Stone"],"acts_visited":["Exordium","TheCity","TheBeyond","TheEnding"],"potions_floor_usage":[48],"damage_taken":[{"damage":0.0,"enemies":"2 Louse","floor":1.0,"turns":1.0},{"damage":0.0,"enemies":"Jaw Worm","floor":5.0,"turns":1.0},{"damage":0.0,"enemies":"Lagavulin","floor":7.0,"turns":1.0},{"damage":3.0,"enemies":"Small Slimes","floor":10.0,"turns":3.0},{"damage":21.0,"enemies":"Exordium Thugs","floor":12.0,"turns":5.0},{"damage":32.0,"enemies":"Gremlin Nob","floor":13.0,"turns":4.0},{"damage":4.0,"enemies":"Blue Slaver","floor":14.0,"turns":5.0},{"damage":16.0,"enemies":"Slime Boss","floor":16.0,"turns":7.0},{"damage":23.0,"enemies":"Chosen","floor":18.0,"turns":6.0},{"damage":12.0,"enemies":"3 Byrds","floor":21.0,"turns":5.0},{"damage":3.0,"enemies":"Book of Stabbing","floor":24.0,"turns":9.0},{"damage":4.0,"enemies":"Gremlin Leader","floor":27.0,"turns":6.0},{"damage":0.0,"enemies":"Book of Stabbing","floor":29.0,"turns":5.0},{"damage":0.0,"enemies":"Snecko","floor":30.0,"turns":5.0},{"damage":10.0,"enemies":"Slavers","floor":31.0,"turns":3.0},{"damage":33.0,"enemies":"Champ","floor":33.0,"turns":11.0},{"damage":6.0,"enemies":"3 Shapes","floor":35.0,"turns":5.0},{"damage":6.0,"enemies":"Orb Walker","floor":39.0,"turns":4.0},{"damage":6.0,"enemies":"Reptomancer","floor":40.0,"turns":2.0},{"damage":6.0,"enemies":"Writhing Mass","floor":41.0,"turns":5.0},{"damage":6,"enemies":"Giant Head","floor":42,"turns":6},{"damage":6,"enemies":"Reptomancer","floor":45,"turns":2},{"damage":6,"enemies":"Sphere and 2 Shapes","floor":47,"turns":5},{"damage":6,"enemies":"3 Darklings","floor":48,"turns":3},{"damage":14,"enemies":"Time Eater","floor":50,"turns":8},{"damage":29,"enemies":"Donu and Deca","floor":51,"turns":2},{"damage":12,"enemies":"Shield and Spear","floor":55,"turns":2},{"damage":18,"enemies":"The Heart","floor":56,"turns":5}],"seed_played":"-936153634606220538","potions_obtained":[{"floor":1.0,"key":"EssenceOfSteel"},{"floor":10.0,"key":"SpeedPotion"},{"floor":13.0,"key":"Energy Potion"},{"floor":14.0,"key":"SpeedPotion"},{"floor":21.0,"key":"BlessingOfTheForge"},{"floor":24.0,"key":"EssenceOfSteel"},{"floor":30.0,"key":"Block Potion"},{"floor":31.0,"key":"SpeedPotion"},{"floor":39.0,"key":"SkillPotion"},{"floor":40.0,"key":"Swift Potion"}],"is_trial":false,"path_per_floor":["M","?","?","?","M","R","E","R","T","M","R","M","?","M","R","B",null,"M","?","?","M","$","R","E","R","T","E","R","E","M","E","R","B",null,"M","?","$","?","M","E","M","E","T","R","E","R","M","M","R","B","B",null,"R","$","E","B",null],"character_chosen":"IRONCLAD","items_purchased":["Feel No Pain","Medical Kit","HornCleat","Evolve","Feel No Pain","ElixirPotion"],"campfire_rested":2,"item_purchase_floors":[22,22,22,37,54,54],"current_hp_per_floor":[74,74,67,56,62,62,68,68,68,71,71,56,30,32,32,22,62,45,24,24,18,18,40,43,43,43,45,45,51,57,53,75,48,68,68,68,68,68,68,68,70,78,78,78,78,78,78,78,78,70,49,71,71,71,67,57],"gold":58,"neow_bonus":"THREE_ENEMY_KILL","is_daily":false,"chose_seed":false,"campfire_upgraded":9,"win_rate":0.0,"timestamp":1610291602,"path_taken":["M","?","?","?","?","R","E","R","T","M","R","M","?","M","R","BOSS","M","?","?","M","$","R","E","R","T","E","R","E","M","E","R","BOSS","M","?","?","?","M","E","M","E","T","R","E","R","M","M","R","BOSS","BOSS","R","$","E","BOSS"],"items_purchased_type":["Card","Relic","Relic","Card","Card","Potion"],"build_version":"2020-12-22","purchased_purges":3,"victory":true,"max_hp_per_floor":[75,75,75,75,75,75,75,75,75,75,75,75,75,75,75,75,75,75,75,75,75,75,75,75,75,75,75,75,75,75,75,75,75,75,75,75,75,71,71,71,71,78,78,78,78,78,78,78,78,78,78,78,78,78,78,78],"card_choices":[{"not_picked":["Infernal Blade","Headbutt","Havoc"],"picked":"SKIP","floor":1.0},{"not_picked":["Twin Strike","Sentinel"],"picked":"Feel No Pain","floor":5.0},{"not_picked":["Flame Barrier","Dual Wield","Combust"],"picked":"SKIP","floor":7.0},{"not_picked":["Thunderclap","Heavy Blade","Iron Wave"],"picked":"SKIP","floor":10.0},{"not_picked":["Rampage","Feel No Pain"],"picked":"Fire Breathing","floor":12.0},{"not_picked":["Warcry","Heavy Blade"],"picked":"Power Through","floor":13.0},{"not_picked":["Bloodletting","Seeing Red"],"picked":"Corruption","floor":14.0},{"not_picked":["Brutality","Bludgeon"],"picked":"Exhume","floor":16.0},{"not_picked":["Warcry","Twin Strike+1"],"picked":"Disarm+1","floor":18.0},{"not_picked":["Intimidate","Headbutt"],"picked":"Feel No Pain","floor":21.0},{"not_picked":["Impervious","Armaments"],"picked":"Body Slam","floor":24.0},{"not_picked":["Warcry","Flex"],"picked":"Bloodletting","floor":27.0},{"not_picked":["Demon Form","Sword Boomerang","Perfected Strike+1"],"picked":"SKIP","floor":29.0},{"not_picked":["Searing Blow","Bloodletting+1"],"picked":"Pommel Strike","floor":30.0},{"not_picked":["Armaments","Pommel Strike","Wild Strike"],"picked":"SKIP","floor":30.0},{"not_picked":["Double Tap","Body Slam","Uppercut"],"picked":"SKIP","floor":31.0},{"not_picked":["Double Tap","Limit Break"],"picked":"Barricade","floor":33.0},{"not_picked":["Dual Wield","Headbutt"],"picked":"Power Through","floor":35.0},{"not_picked":["Headbutt","Heavy Blade+1"],"picked":"Shrug It Off+1","floor":35.0},{"not_picked":["Fire Breathing+1","Heavy Blade"],"picked":"Body Slam","floor":39.0},{"not_picked":["Twin Strike","Iron Wave","Rampage+1"],"picked":"SKIP","floor":39.0},{"not_picked":["Thunderclap","Wild Strike","Headbutt+1"],"picked":"SKIP","floor":40.0},{"not_picked":["Brutality","Dropkick","Bloodletting"],"picked":"SKIP","floor":41.0},{"not_picked":["Wild Strike","Iron Wave+1","True Grit"],"picked":"SKIP","floor":41.0},{"not_picked":["Intimidate+1","Evolve","Iron Wave"],"picked":"SKIP","floor":42},{"not_picked":["Headbutt","Warcry","Reckless Charge+1"],"picked":"SKIP","floor":45},{"not_picked":["Twin Strike","Shrug It Off"],"picked":"Entrench","floor":47},{"not_picked":["Juggernaut","Body Slam","Headbutt"],"picked":"SKIP","floor":47},{"not_picked":["Thunderclap","Iron Wave"],"picked":"Sentinel","floor":48},{"not_picked":["Rage","Sever Soul+1"],"picked":"Shrug It Off+1","floor":48},{"not_picked":["Pommel Strike","Reckless Charge"],"picked":"Seeing Red+1","floor":55}],"player_experience":260889,"relics_obtained":[{"floor":7.0,"key":"Anchor"},{"floor":9.0,"key":"Mercury Hourglass"},{"floor":13.0,"key":"Centennial Puzzle"},{"floor":19.0,"key":"Nilry\u0027s Codex"},{"floor":24.0,"key":"Prayer Wheel"},{"floor":24.0,"key":"PreservedInsect"},{"floor":26.0,"key":"Juzu Bracelet"},{"floor":27.0,"key":"Regal Pillow"},{"floor":27.0,"key":"Mummified Hand"},{"floor":29.0,"key":"Akabeko"},{"floor":29.0,"key":"Lantern"},{"floor":31.0,"key":"Happy Flower"},{"floor":31.0,"key":"Paper Frog"},{"floor":40.0,"key":"Shuriken"},{"floor":40.0,"key":"Blood Vial"},{"floor":42,"key":"Whetstone"},{"floor":42,"key":"Strawberry"},{"floor":45,"key":"Orichalcum"},{"floor":45,"key":"MawBank"},{"floor":55,"key":"Bag of Preparation"},{"floor":55,"key":"Oddly Smooth Stone"}],"event_choices":[{"damage_healed":0.0,"max_hp_gain":0.0,"max_hp_loss":0.0,"gold_gain":0.0,"event_name":"Liars Game","player_choice":"Ignored","floor":2.0,"gold_loss":0.0,"damage_taken":0.0},{"cards_removed":["Strike_R"],"damage_healed":0.0,"max_hp_gain":0.0,"max_hp_loss":0.0,"gold_gain":0.0,"event_name":"Golden Wing","player_choice":"Card Removal","floor":3.0,"gold_loss":0.0,"damage_taken":7.0},{"damage_healed":0.0,"max_hp_gain":0.0,"max_hp_loss":0.0,"gold_gain":75.0,"event_name":"World of Goop","player_choice":"Gather Gold","floor":4.0,"gold_loss":0.0,"damage_taken":11.0},{"damage_healed":0.0,"max_hp_gain":0.0,"max_hp_loss":0.0,"gold_gain":0.0,"event_name":"Dead Adventurer","player_choice":"Searched \u00271\u0027 times","floor":13.0,"gold_loss":0.0,"damage_taken":0.0},{"damage_healed":0.0,"max_hp_gain":0.0,"max_hp_loss":0.0,"gold_gain":0.0,"event_name":"Cursed Tome","player_choice":"Obtained Book","floor":19.0,"gold_loss":0.0,"damage_taken":21.0},{"damage_healed":0.0,"max_hp_gain":0.0,"max_hp_loss":0.0,"gold_gain":50.0,"event_name":"Nest","player_choice":"Stole From Cult","floor":20.0,"gold_loss":0.0,"damage_taken":0.0},{"damage_healed":0.0,"max_hp_gain":0.0,"max_hp_loss":0.0,"gold_gain":0.0,"event_name":"Duplicator","player_choice":"Copied","floor":36.0,"gold_loss":0.0,"damage_taken":0.0,"cards_obtained":["Offering"]},{"damage_healed":0.0,"max_hp_gain":0.0,"max_hp_loss":4.0,"gold_gain":0.0,"event_name":"Winding Halls","player_choice":"Max HP","floor":38.0,"gold_loss":0.0,"damage_taken":0.0}],"is_beta":false,"boss_relics":[{"not_picked":["Runic Cube","Tiny House"],"picked":"Black Star"},{"not_picked":["Cursed Key","Snecko Eye"],"picked":"Pandora\u0027s Box"}],"items_purged_floors":[22,37,54],"is_endless":false,"potions_floor_spawned":[1,10,13,14,21,24,30,31,39,40,41],"ascension_level":20}}