{"host":"mydft8i2zzydgggw","time":1610293462,"event":{"mods":["AchievementEnabler","BaseMod","BetterRewards","Colored Map","Colored Powertips","DeckTracker","Keyboard Shortcuts","Minty Spire (QoL Compilation)","Quick Restart","Rare Cards Sparkle","StSLib","SuperFastMode","The Poker Player","everything is the same but u backflip on backflip"],"gold_per_floor":[360,105,105,130,305,305,324,324,400,435,456,456,476,476,476,476,476],"floor_reached":16,"playtime":271,"items_purged":["Strike_R"],"score":125,"play_id":"13ad61bc-647e-4f1f-8d43-249cc4349e1a","local_time":"20210111004422","is_ascension_mode":true,"campfire_choices":[{"data":"Bash","floor":6,"key":"SMITH"},{"data":"Fire Breathing","floor":8,"key":"SMITH"},{"floor":12,"key":"REST"},{"floor":15,"key":"REST"}],"circlet_count":0,"master_deck":["Strike_R","Strike_R","Strike_R","Strike_R","Defend_R","Defend_R","Defend_R","Defend_R","Bash+1","Rupture","Doubt","Fire Breathing+1","Armaments"],"relics":["Burning Blood","Anchor","Golden Idol","The Courier","Pear","Strawberry"],"acts_visited":["Exordium"],"potions_floor_usage":[10,16,16],"damage_taken":[{"damage":12,"enemies":"2 Louse","floor":1,"turns":3},{"damage":2,"enemies":"Small Slimes","floor":4,"turns":5},{"damage":1,"enemies":"Cultist","floor":7,"turns":4},{"damage":49,"enemies":"Lagavulin","floor":10,"turns":8},{"damage":20,"enemies":"Looter","floor":11,"turns":4},{"damage":22,"enemies":"3 Louse","floor":13,"turns":4},{"damage":43,"enemies":"The Guardian","floor":16,"turns":9}],"seed_played":"7791275077083441810","potions_obtained":[{"floor":4,"key":"SkillPotion"},{"floor":7,"key":"Ancient Potion"},{"floor":11,"key":"FearPotion"},{"floor":13,"key":"Fire Potion"}],"is_trial":false,"path_per_floor":["M","$","?","M","?","R","M","R","T","E","M","R","M","?","R","B"],"character_chosen":"IRONCLAD","items_purchased":["Rupture","Anchor"],"campfire_rested":2,"item_purchase_floors":[2,2],"current_hp_per_floor":[50,50,50,54,54,54,59,59,59,26,12,37,21,16,43,0,0],"gold":476,"neow_bonus":"TWO_FIFTY_GOLD","is_daily":false,"chose_seed":false,"campfire_upgraded":2,"win_rate":0.0,"timestamp":1610293462,"path_taken":["M","$","?","M","?","R","M","R","T","E","M","R","M","?","R","BOSS"],"items_purchased_type":["Card","Relic"],"build_version":"2020-12-22","purchased_purges":1,"victory":false,"max_hp_per_floor":[80,80,74,74,74,74,74,74,74,84,84,84,84,91,91,91,91],"card_choices":[{"not_picked":["Clothesline","Power Through","Sentinel"],"picked":"SKIP","floor":1},{"not_picked":["Clash","Pummel","Body Slam"],"picked":"SKIP","floor":4},{"not_picked":["Metallicize","Clash"],"picked":"Fire Breathing","floor":7},{"not_picked":["True Grit","Thunderclap","Corruption"],"picked":"SKIP","floor":10},{"not_picked":["Clothesline","Cleave"],"picked":"Armaments","floor":11},{"not_picked":["Cleave","Blood for Blood","Sword Boomerang"],"picked":"SKIP","floor":13}],"player_experience":167532,"relics_obtained":[{"floor":9,"key":"The Courier"},{"floor":10,"key":"Pear"}],"event_choices":[{"damage_healed":0,"gold_gain":0,"player_choice":"Lose Max HP","damage_taken":0,"relics_obtained":["Golden Idol"],"max_hp_gain":0,"max_hp_loss":6,"event_name":"Golden Idol","floor":3,"gold_loss":0},{"damage_healed":0,"gold_gain":175,"player_choice":"AGREE","damage_taken":0,"max_hp_gain":0,"max_hp_loss":0,"event_name":"Liars Game","floor":5,"gold_loss":0,"cards_obtained":["Doubt"]},{"damage_healed":0,"gold_gain":0,"player_choice":"Success","damage_taken":12,"relics_obtained":["Strawberry"],"max_hp_gain":0,"max_hp_loss":0,"event_name":"Scrap Ooze","floor":14,"gold_loss":0}],"is_beta":false,"boss_relics":[],"items_purged_floors":[2],"is_endless":false,"potions_floor_spawned":[4,7,11,13],"killed_by":"The Guardian","ascension_level":5}}