{"host":"ikjt6v4q6zrcj3if","time":1610298050,"event":{"mods":["100% Spire Juice","Arknights The Spire","BaseMod","CapriCore","Colored Map","Downfall","Jorbs\u0027s Wanderer Trilogy","Koishi","Luminous","Minty Spire (QoL Compilation)","Permanent Neow","Quick Restart","Replay The Spire","StSLib","SuperFastMode","The Marked","The Necromancer","The Runesmith"],"gold_per_floor":[116,128,128,53,73,73,100,115,115,147,147,167,167,180,180,282,282,294,108,208,83,83,83,83,83,83,110,122,150,195,223,235,344,456,478,490,516,528,553,593,555,590,614,648,648,648,679,629,629,629],"floor_reached":51,"playtime":2790,"items_purged":["Defend_W","Strike_W","Strike_W","Bone_Armory","Corrupt"],"score":880,"play_id":"4cfa5547-6657-4df4-a606-cfcc6b45de0c","local_time":"20210111020050","is_ascension_mode":true,"campfire_choices":[{"data":"Blood_Curse","floor":6,"key":"SMITH"},{"data":"Siphon_Strength","floor":11,"key":"SMITH"},{"data":"Siphon_Strength","floor":13,"key":"SMITH"},{"data":"Bone_Wall","floor":15,"key":"SMITH"},{"data":"expansioncontent:DefensiveStance","floor":23,"key":"SMITH"},{"data":"Negative_Energy_Arrows","floor":25,"key":"SMITH"},{"data":"Thousand_Bone_Knives","floor":28,"key":"SMITH"},{"data":"Blood_Is_Power","floor":32,"key":"SMITH"},{"data":"Defend_W","floor":45,"key":"SMITH"},{"data":"Madness","floor":49,"key":"SMITH"}],"circlet_count":0,"master_deck":["Defend_W","Defend_W","Negative_Energy_Arrows+1","Bone_Wall+1","Siphon_Strength+1","Siphon_Strength+1","Blood_Curse+1","Uncharnel","Stop_Heart","Grasp_Heart","Blood_Curse+1","expansioncontent:DefensiveStance+1","Thousand_Bone_Knives+1","Blood_Is_Power+1","Summon_Death_Knight","Thousand_Bone_Knives+1","Madness","Madness+1","Uncharnel","Blood_Magic","Languid","Uncharnel+1"],"relics":["Vampire_Amulet","Art of War","Divine Protection","Replay:Ringing Soul","Singing Bowl","MawBank","Smiling Mask","Replay:Grab Bag","Replay:Wanted Poster","Sozu","Black Star","Centennial Puzzle","Strawberry","Chameleon Ring","Bottled Lightning","ReplayTheSpireMod:TigerMarble","Thread and Needle","Simple Rune","Ring of Hypnosis","Ring of Searing","Counterbalance","Replay:Bottled Flurry"],"acts_visited":["Exordium","TheCity","TheBeyond"],"potions_floor_usage":[27,33,40,50,50],"damage_taken":[{"damage":0,"enemies":"Cultist","floor":1,"turns":3},{"damage":0,"enemies":"2 Louse","floor":2,"turns":2},{"damage":4,"enemies":"Jaw Worm","floor":5,"turns":3},{"damage":8,"enemies":"Gremlin Nob","floor":7,"turns":3},{"damage":13,"enemies":"3 Louse","floor":8,"turns":3},{"damage":0,"enemies":"Lagavulin","floor":10,"turns":6},{"damage":3,"enemies":"Large Slime","floor":12,"turns":4},{"damage":0,"enemies":"2 Fungi Beasts","floor":14,"turns":2},{"damage":8,"enemies":"Fading Forest","floor":16,"turns":11},{"damage":3,"enemies":"3 Byrds","floor":18,"turns":5},{"damage":10,"enemies":"Gremlin Leader","floor":27,"turns":5},{"damage":0,"enemies":"Shell Parasite","floor":29,"turns":3},{"damage":0,"enemies":"Book of Stabbing","floor":30,"turns":4},{"damage":1,"enemies":"Centurion and Healer","floor":31,"turns":6},{"damage":24,"enemies":"Collector","floor":33,"turns":7},{"damage":1,"enemies":"3 Shapes","floor":35,"turns":5},{"damage":9,"enemies":"3 Darklings","floor":37,"turns":6},{"damage":8,"enemies":"Spire Growth","floor":39,"turns":4},{"damage":14,"enemies":"Reptomancer","floor":40,"turns":6},{"damage":4,"enemies":"R_Hoarder","floor":42,"turns":5},{"damage":19,"enemies":"Giant Head","floor":44,"turns":7},{"damage":27,"enemies":"Reptomancer","floor":47,"turns":6},{"damage":33,"enemies":"Replay:Hell Engine","floor":50,"turns":8}],"seed_played":"-4463317768691020194","potions_obtained":[{"floor":1,"key":"LifebloodPotion"},{"floor":8,"key":"Weak Potion"},{"floor":10,"key":"LifebloodPotion"},{"floor":27,"key":"Adrenaline Potion"},{"floor":33,"key":"Block Potion"}],"is_trial":false,"path_per_floor":["M","M","?","$","M","R","E","M","T","E","R","M","R","M","R","B",null,"M","$","?","$","?","R","?","R","T","E","R","M","E","M","R","B",null,"M","?","M","?","M","E","$","E","T","E","R","?","E","$","R","B",null],"character_chosen":"NECROMANCER","items_purchased":["expansioncontent:DefensiveStance"],"campfire_rested":0,"item_purchase_floors":[19],"current_hp_per_floor":[68,68,68,68,66,66,60,53,53,55,55,56,56,63,63,66,74,77,80,80,80,80,80,80,80,80,79,79,84,88,91,91,74,94,97,97,92,83,80,86,86,86,86,71,71,74,60,60,60,31],"gold":629,"neow_bonus":"TRANSFORM_TWO_CARDS","is_daily":false,"chose_seed":false,"campfire_upgraded":10,"win_rate":0.0,"timestamp":1610298050,"path_taken":["M","M","?","$","M","R","E","M","T","E","R","M","R","M","R","BOSS","M","$","?","?","?","R","?","R","T","E","R","M","E","M","R","BOSS","M","?","?","?","M","E","$","E","T","E","R","?","E","$","R","BOSS"],"items_purchased_type":["Card"],"build_version":"2020-12-22","purchased_purges":5,"victory":true,"max_hp_per_floor":[68,68,68,68,68,68,68,68,68,68,68,68,68,71,71,74,74,77,80,80,80,80,80,80,80,80,83,83,86,88,91,91,94,94,97,97,99,102,105,115,115,117,117,119,119,122,125,125,125,125],"card_choices":[{"not_picked":["Bone_Bullets","Bone_Prison"],"picked":"Siphon_Strength","floor":1},{"not_picked":["Death_March_Dance","Negative_Energy_Shield"],"picked":"Blood_Curse","floor":2},{"not_picked":["Bone_Armor","Blood_Wake"],"picked":"Uncharnel","floor":5},{"not_picked":["Death_Coil","Violent_Necrosis"],"picked":"Bone_Armory","floor":7},{"not_picked":["Consume_Illness","Blood_Curse","Negative_Energy_Mist"],"picked":"SKIP","floor":8},{"not_picked":["Bones_to_Steel","Blood_Whip","Strike_from_Beyond"],"picked":"SKIP","floor":10},{"not_picked":["Vampiric_Strike","Scare","Summon_Lich"],"picked":"SKIP","floor":12},{"not_picked":["Bones_to_Steel","Bone_Armor"],"picked":"Stop_Heart","floor":14},{"not_picked":["Detonate_Bones","Requiem"],"picked":"Grasp_Heart","floor":16},{"not_picked":["Life_Tap","Shackles_Of_Pain"],"picked":"Blood_Curse+1","floor":18},{"not_picked":["Negative_Energy_Mist","Pandemic"],"picked":"Thousand_Bone_Knives","floor":27},{"not_picked":["Negative_Energy_Mist","Summon_Undead_Army"],"picked":"Corrupt","floor":29},{"not_picked":["Negative_Energy_Mist","Chill_Blood","Slay_Living+1"],"picked":"Singing Bowl","floor":30},{"not_picked":["Pandemic+1","Stop_Heart"],"picked":"Blood_Is_Power","floor":31},{"not_picked":["Cloudkill","Reap_The_Weak"],"picked":"Summon_Death_Knight","floor":33},{"not_picked":["Bone_Armor","Summon_Undead_Army"],"picked":"Thousand_Bone_Knives+1","floor":35},{"not_picked":["Toxic_Smoke_Screen","Slay_Living+1","Vampiric_Strike"],"picked":"Singing Bowl","floor":37},{"not_picked":["Scare","Summon_Undead_Army+1"],"picked":"Uncharnel","floor":39},{"not_picked":["Death_Knell+1","Strike_from_Beyond"],"picked":"Blood_Magic","floor":40},{"not_picked":["Death_March_Dance","Pandemic","Shackles_Of_Pain"],"picked":"Singing Bowl","floor":42},{"not_picked":["Negative_Energy_Shield","Toxic_Smoke_Screen","Death_March_Dance+1"],"picked":"Singing Bowl","floor":44},{"not_picked":["Death_Knell+1","Shackles_Of_Pain+1","Uncharnel+1"],"picked":"SKIP","floor":47},{"not_picked":["Death_Knell+1","Shackles_Of_Pain+1"],"picked":"Uncharnel+1","floor":47}],"player_experience":406147,"relics_obtained":[{"floor":7,"key":"Art of War"},{"floor":9,"key":"Divine Protection"},{"floor":10,"key":"Replay:Ringing Soul"},{"floor":26,"key":"Singing Bowl"},{"floor":27,"key":"MawBank"},{"floor":30,"key":"Smiling Mask"},{"floor":40,"key":"Centennial Puzzle"},{"floor":40,"key":"Strawberry"},{"floor":42,"key":"Chameleon Ring"},{"floor":42,"key":"Bottled Lightning"},{"floor":43,"key":"ReplayTheSpireMod:TigerMarble"},{"floor":44,"key":"Thread and Needle"},{"floor":44,"key":"Simple Rune"},{"floor":46,"key":"Ring of Hypnosis"},{"floor":46,"key":"Ring of Searing"},{"floor":47,"key":"Counterbalance"},{"floor":47,"key":"Replay:Bottled Flurry"}],"event_choices":[{"cards_removed":["Strike_W"],"damage_healed":0,"gold_gain":0,"player_choice":"Forget","damage_taken":0,"max_hp_gain":0,"max_hp_loss":0,"event_name":"Living Wall","floor":3,"gold_loss":0},{"damage_healed":0,"gold_gain":100,"player_choice":"Pray","damage_taken":0,"max_hp_gain":0,"max_hp_loss":0,"event_name":"Golden Shrine","floor":20,"gold_loss":0},{"damage_healed":0,"gold_gain":0,"player_choice":"Simplicity","damage_taken":0,"max_hp_gain":0,"max_hp_loss":0,"event_name":"Back to Basics","floor":22,"gold_loss":0,"cards_upgraded":["Defend_W","Defend_W"]},{"damage_healed":0,"gold_gain":0,"player_choice":"Ignored","damage_taken":0,"max_hp_gain":0,"max_hp_loss":0,"event_name":"The Mausoleum","floor":24,"gold_loss":0},{"cards_removed":["Skeleton_Dragon"],"damage_healed":0,"gold_gain":0,"player_choice":"Card Removal","damage_taken":0,"max_hp_gain":0,"max_hp_loss":0,"event_name":"Wheel of Change","floor":36,"gold_loss":0},{"damage_healed":0,"gold_gain":0,"player_choice":"Embrace Madness","damage_taken":12,"max_hp_gain":0,"max_hp_loss":0,"event_name":"Winding Halls","floor":38,"gold_loss":0,"cards_obtained":["Madness","Madness"]}],"is_beta":false,"boss_relics":[{"not_picked":["Calling Bell","Honey Jar","Replay:Drink Me"]},{"not_picked":["Snecko Eye","Cursed Key"],"picked":"Replay:Grab Bag"},{"not_picked":["Velvet Choker","Replay:Bronze Core"],"picked":"Replay:Wanted Poster"},{"not_picked":["Fusion Hammer","Runic Dome"],"picked":"Sozu"},{"not_picked":["Runic Pyramid","Kintsugi"],"picked":"Black Star"}],"items_purged_floors":[4,19,21,41,48],"is_endless":false,"potions_floor_spawned":[1,8,10,12,16,27,30,33,37,40,42],"ascension_level":2}}