{"host":"7aiyotzenyrjguht","time":1610275193,"event":{"mods":["AchievementEnabler","BaseMod","BetterRewards","Colored Map","Colored Powertips","Downfall","Highlight Path","Hubris","Infinite Spire","Minty Spire (QoL Compilation)","Replay The Spire","StSLib"],"gold_per_floor":[115,131,142,159,175,203,203,234,257,277,277,25,36,36,36,140,240,251,262,262,262],"floor_reached":20,"playtime":1497,"items_purged":["Hallucinations"],"score":333,"play_id":"14a46ca0-102a-492f-a508-e250e96dcc1d","local_time":"20210110103953","is_ascension_mode":true,"campfire_choices":[{"data":"Neutralize","floor":7,"key":"SMITH"},{"floor":15,"key":"REST"}],"circlet_count":0,"master_deck":["Strike_G","Strike_G","Strike_G","Strike_G","Strike_G","Defend_G","Defend_G+1","Defend_G+1","Defend_G","Defend_G","Survivor","Neutralize+1","Escape Plan","Slice","Backflip","Dagger Throw","After Image","Blur","Backflip","Prepared","Slice","Tactician","Dagger Throw+1","Flash of Steel","Escape Plan","Noxious Fumes","Prepared","Venomology","Prepared+1","Slice"],"relics":["Ring of the Snake","infinitespire:Satchel","The Courier","ReplayFunnel","ReplayTheSpireMod:CursedCoin","ReplayTheSpireMod:TigerMarble","Replay:Wanted Poster"],"acts_visited":["Exordium","TheCity"],"potions_floor_usage":[8,16,18,18,20,20],"damage_taken":[{"damage":2,"enemies":"Cultist","floor":1,"turns":4},{"damage":2,"enemies":"Small Slimes","floor":2,"turns":4},{"damage":1,"enemies":"2 Louse","floor":3,"turns":2},{"damage":3,"enemies":"Exordium Wildlife","floor":4,"turns":5},{"damage":8,"enemies":"Exordium Thugs","floor":5,"turns":8},{"damage":4,"enemies":"Replay:BlueRogue","floor":6,"turns":14},{"damage":19,"enemies":"Gremlin Nob","floor":8,"turns":5},{"damage":1,"enemies":"Blue Slaver","floor":10,"turns":4},{"damage":3,"enemies":"Red Slaver","floor":13,"turns":4},{"damage":0,"enemies":"The Guardian","floor":16,"turns":9},{"damage":12,"enemies":"Chosen","floor":18,"turns":9},{"damage":19,"enemies":"3 Byrds","floor":19,"turns":8},{"damage":36,"enemies":"Masked Bandits","floor":20,"turns":5}],"seed_played":"-994133713008238831","potions_obtained":[{"floor":3,"key":"Elixir"},{"floor":5,"key":"Explosive Potion"},{"floor":8,"key":"Venom Potion"}],"is_trial":false,"path_per_floor":["M","M","M","M","M","E","R","E","T","M","?","$","M","?","R","B",null,"M","M","?"],"character_chosen":"THE_SILENT","items_purchased":["Escape Plan","Slice","Dagger Throw+1","ReplayTheSpireMod:CursedCoin","Flash of Steel","Escape Plan","ReplayTheSpireMod:TigerMarble","Noxious Fumes"],"campfire_rested":1,"item_purchase_floors":[0,0,12,12,12,12,12,12],"current_hp_per_floor":[61,59,58,55,47,43,43,24,24,23,9,9,6,6,27,27,59,47,28,0,0],"gold":262,"neow_bonus":"","is_daily":false,"chose_seed":false,"campfire_upgraded":1,"win_rate":0.0,"timestamp":1610275193,"path_taken":["M","M","?","M","M","E","R","E","T","M","?","$","M","?","R","BOSS","M","M","?"],"items_purchased_type":["Card","Card","Card","Relic","Card","Card","Relic","Card"],"build_version":"2020-12-22","purchased_purges":1,"victory":false,"max_hp_per_floor":[70,70,70,70,70,70,70,70,70,70,70,70,70,70,70,70,70,70,70,70,70],"card_choices":[{"not_picked":["Well Laid Plans","Replay:Poison Smokescreen"],"picked":"Backflip","floor":1},{"not_picked":["Cloak And Dagger","Finisher"],"picked":"Dagger Throw","floor":2},{"not_picked":["Cloak And Dagger","Blade Dance"],"picked":"After Image","floor":3},{"not_picked":["Hidden Blade","Poisoned Stab"],"picked":"Blur","floor":4},{"not_picked":["Flying Knee","Accuracy"],"picked":"Backflip","floor":5},{"not_picked":["Quick Slash","Eviscerate"],"picked":"Prepared","floor":6},{"not_picked":["Burst","ReplayTheSpireMod:Tripwire"],"picked":"Slice","floor":8},{"not_picked":["Dagger Spray","hubris:TrickCloak"],"picked":"Tactician","floor":10},{"not_picked":["Backflip","Tactician"],"picked":"Prepared","floor":13},{"not_picked":["ReplayTheSpireMod:From All Sides","Unload"],"picked":"Venomology","floor":16},{"not_picked":["Deflect","Dodge and Roll"],"picked":"Prepared+1","floor":18},{"not_picked":["Dodge and Roll+1","Outmaneuver"],"picked":"Slice","floor":19}],"player_experience":516661,"relics_obtained":[{"floor":6,"key":"infinitespire:Satchel"},{"floor":8,"key":"The Courier"},{"floor":9,"key":"ReplayFunnel"}],"event_choices":[{"damage_healed":0,"gold_gain":0,"player_choice":"Entered Light","damage_taken":14,"max_hp_gain":0,"max_hp_loss":0,"event_name":"Shining Light","floor":11,"gold_loss":0,"cards_upgraded":["Defend_G","Defend_G"]},{"damage_healed":0,"gold_gain":0,"player_choice":"Fought Bandits","damage_taken":0,"max_hp_gain":0,"max_hp_loss":0,"event_name":"Masked Bandits","floor":20,"gold_loss":0}],"is_beta":false,"boss_relics":[{"not_picked":["ReplayTheSpireMod:DimensionalGlitch","Empty Cage"],"picked":"Replay:Wanted Poster"}],"items_purged_floors":[12],"is_endless":false,"potions_floor_spawned":[3,5,8],"killed_by":"Masked Bandits","ascension_level":8}}