{"host":"minbhrtlkaoly5f0","time":1610265003,"event":{"mods":["Act Like it!","BaseMod","Colored Map","Colored Powertips","KinomotoSakuraMod(Ä¾Ö®±¾Ó£)","Minty Spire (QoL Compilation)","Quick Restart","StSLib"],"gold_per_floor":[15,28,45,60,60,60,74,74,98,108,121,138,151,151,151,256,256,271,282,300,135,135,135,135,148,148,148,148],"floor_reached":27,"playtime":954,"items_purged":[],"score":261,"play_id":"47f2a59f-1900-4436-9ebf-70666c89c829","local_time":"20210110155003","is_ascension_mode":false,"campfire_choices":[{"floor":6,"key":"REST"},{"data":"SpellCardSeal","floor":8,"key":"SMITH"},{"floor":15,"key":"REST"},{"data":"ClowCardTheFirey","floor":23,"key":"SMITH"}],"circlet_count":0,"master_deck":["SakuraCardTheFirey+","SakuraCardThePower+","ClowCardTheSword","ClowCardTheShield","ClowCardTheShield","ClowCardTheShield","ClowCardTheShield","SpellCardSeal+1","SpellCardRelease","ClowCardTheShot","ClowCardTheArrow","ClowCardTheLight","ClowCardTheBig","Decay","ClowCardTheFlower+1"],"relics":["KSMOD_SealedBook","KSMOD_StarWand","Potion Belt"],"acts_visited":["Exordium","TheCity"],"potions_floor_usage":[13,16,20,21,25,25,25,27],"damage_taken":[{"damage":7,"enemies":"2 Louse","floor":1,"turns":2},{"damage":0,"enemies":"Cultist","floor":2,"turns":2},{"damage":2,"enemies":"Small Slimes","floor":3,"turns":2},{"damage":4,"enemies":"Gremlin Gang","floor":4,"turns":4},{"damage":6,"enemies":"2 Fungi Beasts","floor":7,"turns":3},{"damage":24,"enemies":"Exordium Thugs","floor":10,"turns":3},{"damage":8,"enemies":"Blue Slaver","floor":11,"turns":2},{"damage":10,"enemies":"3 Louse","floor":12,"turns":3},{"damage":18,"enemies":"Lots of Slimes","floor":13,"turns":3},{"damage":0,"enemies":"Slime Boss","floor":16,"turns":2},{"damage":34,"enemies":"2 Thieves","floor":18,"turns":4},{"damage":23,"enemies":"Shell Parasite","floor":19,"turns":5},{"damage":6,"enemies":"3 Cultists","floor":20,"turns":3},{"damage":43,"enemies":"Centurion and Healer","floor":25,"turns":5},{"damage":41,"enemies":"Sentry and Sphere","floor":27,"turns":3}],"seed_played":"-1246848694534822774","potions_obtained":[{"floor":2,"key":"Weak Potion"},{"floor":4,"key":"SkillPotion"},{"floor":12,"key":"SteroidPotion"},{"floor":19,"key":"Explosive Potion"},{"floor":25,"key":"Regen Potion"}],"is_trial":false,"path_per_floor":["M","M","M","M","?","R","M","R","T","M","M","M","M","?","R","B",null,"M","M","M","$","?","R","?","M","T","M"],"character_chosen":"KINOMOTOSAKURA","items_purchased":["ClowCardTheBig","EntropicBrew"],"campfire_rested":2,"item_purchase_floors":[21,21],"current_hp_per_floor":[63,63,61,57,57,70,64,64,64,40,32,22,4,9,30,30,70,36,13,7,7,70,70,70,27,27,0,0],"gold":148,"neow_bonus":"REMOVE_TWO","is_daily":false,"chose_seed":false,"campfire_upgraded":2,"win_rate":0.0,"timestamp":1610265003,"path_taken":["M","M","M","M","?","R","?","R","T","?","M","M","M","?","R","BOSS","M","?","M","$","?","R","?","?","T","M"],"items_purchased_type":["Card","Potion"],"build_version":"2020-12-22","purchased_purges":0,"victory":false,"max_hp_per_floor":[70,70,70,70,70,70,70,70,70,70,70,70,70,70,70,70,70,70,70,70,70,70,70,70,70,70,70,70],"card_choices":[{"not_picked":["ClowCardTheErase","ClowCardTheEarthy"],"picked":"ClowCardTheShot","floor":1},{"not_picked":["ClowCardTheFloat","ClowCardTheSand","ClowCardTheSleep"],"picked":"SKIP","floor":2},{"not_picked":["ClowCardTheErase","ClowCardTheChange"],"picked":"ClowCardThePower","floor":3},{"not_picked":["ClowCardTheLibra","ClowCardTheLock"],"picked":"ClowCardTheArrow","floor":4},{"not_picked":["ClowCardTheSilent","ClowCardTheLock","ClowCardTheErase"],"picked":"SKIP","floor":7},{"not_picked":["ClowCardTheShadow","ClowCardTheEarthy","ClowCardTheSnow"],"picked":"SKIP","floor":10},{"not_picked":["ClowCardTheMist","ClowCardTheLibra","ClowCardTheFlower"],"picked":"SKIP","floor":11},{"not_picked":["ClowCardTheFloat","ClowCardTheBubbles","ClowCardTheJump"],"picked":"SKIP","floor":12},{"not_picked":["ClowCardTheShadow","ClowCardTheFight"],"picked":"ClowCardTheFirey","floor":13},{"not_picked":["ClowCardTheTime","ClowCardTheFight"],"picked":"ClowCardTheLight","floor":16},{"not_picked":["ClowCardThePower","ClowCardTheWood+1","ClowCardTheShadow"],"picked":"SKIP","floor":18},{"not_picked":["ClowCardTheSand","ClowCardTheJump","ClowCardTheSong+1"],"picked":"SKIP","floor":19},{"not_picked":["ClowCardTheFly","ClowCardTheVoice+1","ClowCardTheArrow"],"picked":"SKIP","floor":20},{"not_picked":["ClowCardTheWave","ClowCardTheFloat"],"picked":"ClowCardTheFlower+1","floor":25}],"player_experience":26404,"relics_obtained":[{"floor":9,"key":"Potion Belt"}],"event_choices":[{"damage_healed":0,"gold_gain":0,"cards_transformed":["ClowCardTheSword"],"player_choice":"Transformed","damage_taken":0,"max_hp_gain":0,"max_hp_loss":0,"event_name":"Transmorgrifier","floor":5,"gold_loss":0,"cards_obtained":["ClowCardTheDream"]},{"cards_removed":["ClowCardTheDream"],"damage_healed":5,"gold_gain":0,"player_choice":"Offered Common","damage_taken":0,"max_hp_gain":0,"max_hp_loss":0,"event_name":"Bonfire Elementals","floor":14,"gold_loss":0},{"cards_removed":["ClowCardTheDream"],"damage_healed":5,"gold_gain":0,"player_choice":"Offered Special","damage_taken":0,"max_hp_gain":0,"max_hp_loss":0,"event_name":"Bonfire Elementals","floor":14,"gold_loss":0},{"damage_healed":0,"gold_gain":0,"player_choice":"Cursed","damage_taken":0,"max_hp_gain":0,"max_hp_loss":0,"event_name":"Wheel of Change","floor":24,"gold_loss":0,"cards_obtained":["Decay"]}],"is_beta":false,"boss_relics":[{"not_picked":["Philosopher\u0027s Stone","Runic Dome"],"picked":"KSMOD_StarWand"}],"items_purged_floors":[],"is_endless":false,"potions_floor_spawned":[2,4,12,19,25],"killed_by":"Sentry and Sphere","ascension_level":0}}