{"host":"tzyzz5n7hg2ni9q2","time":1610269949,"event":{"mods":["BaseMod","Minty Spire (QoL Compilation)","Quick Restart"],"gold_per_floor":[115,115,128,138,153,153,178,178,226,237,12,12,29,49,49,150,150,160,75,75,93,112,112,76,402,402,402,412,412,21,37,37,135,135,150,150,161,161,211,239,239,239,239,11,22,22,52,52,52,52,52],"floor_reached":50,"playtime":1673,"items_purged":["Strike_B","Recycle+1"],"score":709,"play_id":"e07028b2-b73f-4e58-afba-665e29213bc8","local_time":"20210110101229","is_ascension_mode":true,"campfire_choices":[{"data":"Zap","floor":6.0,"key":"SMITH"},{"floor":8.0,"key":"REST"},{"data":"Dualcast","floor":12.0,"key":"SMITH"},{"data":"Chill","floor":15.0,"key":"SMITH"},{"data":"Electrodynamics","floor":23.0,"key":"SMITH"},{"floor":29.0,"key":"REST"},{"data":"Thunder Strike","floor":32.0,"key":"SMITH"},{"floor":41,"key":"REST"},{"floor":46,"key":"REST"},{"data":"Echo Form","floor":49,"key":"SMITH"}],"circlet_count":0,"master_deck":["Defend_B","Defend_B","Defend_B","Zap+1","Dualcast+1","Ball Lightning","Electrodynamics+1","Ball Lightning","Seek","Chill+1","Thunder Strike+1","Stack+1","Barrage+1","Leap+1","Loop","Redo+1","Echo Form+1","FTL+1","Madness","Madness","Conserve Battery+1"],"relics":["Cracked Core","Thread and Needle","Ornamental Fan","Bronze Scales","Runic Capacitor","Astrolabe","Anchor","Old Coin","Mango","Nilry\u0027s Codex","Juzu Bracelet","ClockworkSouvenir","Velvet Choker","Calipers","Ancient Tea Set","Lantern","Smiling Mask"],"acts_visited":["Exordium","TheCity","TheBeyond"],"potions_floor_usage":[40,40,50],"damage_taken":[{"damage":0.0,"enemies":"Small Slimes","floor":1.0,"turns":4.0},{"damage":0.0,"enemies":"Cultist","floor":3.0,"turns":3.0},{"damage":3.0,"enemies":"Jaw Worm","floor":4.0,"turns":2.0},{"damage":0.0,"enemies":"3 Louse","floor":5.0,"turns":1.0},{"damage":23.0,"enemies":"Lagavulin","floor":7.0,"turns":5.0},{"damage":1.0,"enemies":"Exordium Wildlife","floor":10.0,"turns":3.0},{"damage":1.0,"enemies":"Exordium Thugs","floor":13.0,"turns":3.0},{"damage":0.0,"enemies":"Large Slime","floor":14.0,"turns":3.0},{"damage":3.0,"enemies":"Hexaghost","floor":16.0,"turns":7.0},{"damage":0.0,"enemies":"3 Byrds","floor":18.0,"turns":2.0},{"damage":6.0,"enemies":"Shell Parasite","floor":21.0,"turns":5.0},{"damage":0.0,"enemies":"Chosen and Byrds","floor":22.0,"turns":3.0},{"damage":9.0,"enemies":"Book of Stabbing","floor":25.0,"turns":5.0},{"damage":15.0,"enemies":"Snake Plant","floor":28.0,"turns":3.0},{"damage":0.0,"enemies":"Centurion and Healer","floor":31.0,"turns":3.0},{"damage":48.0,"enemies":"Collector","floor":33.0,"turns":7.0},{"damage":0.0,"enemies":"Orb Walker","floor":35.0,"turns":3.0},{"damage":7.0,"enemies":"3 Darklings","floor":37.0,"turns":3.0},{"damage":14.0,"enemies":"Mind Bloom Boss Battle","floor":39.0,"turns":7.0},{"damage":30,"enemies":"Reptomancer","floor":40,"turns":4},{"damage":0,"enemies":"Spire Growth","floor":45,"turns":5},{"damage":0,"enemies":"Nemesis","floor":47,"turns":6},{"damage":61,"enemies":"Awakened One","floor":50,"turns":4}],"seed_played":"-6252984914271769817","potions_obtained":[{"floor":1.0,"key":"FocusPotion"},{"floor":4.0,"key":"Block Potion"},{"floor":7.0,"key":"FocusPotion"},{"floor":16.0,"key":"SteroidPotion"},{"floor":21.0,"key":"Energy Potion"},{"floor":31.0,"key":"ColorlessPotion"},{"floor":33.0,"key":"DuplicationPotion"},{"floor":45,"key":"GamblersBrew"},{"floor":47,"key":"DistilledChaos"}],"is_trial":false,"path_per_floor":["M","?","M","M","M","R","E","R","T","M","$","R","M","M","R","B",null,"M","?","?","M","M","R","$","E","T","?","M","R","$","M","R","B",null,"M","?","M","$","?","E","R","?","T","$","M","R","E","$","R","B"],"character_chosen":"DEFECT","items_purchased":["Runic Capacitor","Loop","Juzu Bracelet","ClockworkSouvenir","Lantern","LiquidMemories"],"campfire_rested":4,"item_purchase_floors":[11,24,30,30,44,44],"current_hp_per_floor":[50,50,50,47,47,47,24,46,46,45,45,45,44,44,44,41,67,67,67,67,61,61,61,61,52,66,50,35,61,61,61,61,13,70,70,59,52,52,38,8,34,34,34,34,34,60,60,60,60,0,0],"gold":52,"neow_bonus":"ONE_RARE_RELIC","is_daily":false,"chose_seed":false,"campfire_upgraded":6,"win_rate":0.0,"timestamp":1610269949,"path_taken":["M","?","M","?","M","R","E","R","T","M","$","R","M","M","R","BOSS","M","?","?","M","M","R","?","E","T","?","M","R","$","M","R","BOSS","M","?","M","?","?","E","R","?","T","$","M","R","E","$","R","BOSS"],"items_purchased_type":["Relic","Card","Relic","Relic","Relic","Potion"],"build_version":"2020-12-22","purchased_purges":2,"victory":false,"max_hp_per_floor":[75,75,75,75,75,75,75,75,75,75,75,75,75,75,75,75,75,75,75,75,75,75,75,75,75,89,89,89,89,89,89,89,89,89,89,89,89,89,89,89,89,89,89,89,89,89,89,89,89,89,89],"card_choices":[{"not_picked":["Chaos","Skim"],"picked":"Ball Lightning","floor":1.0},{"not_picked":["Redo","Lockon","Darkness"],"picked":"SKIP","floor":3.0},{"not_picked":["Scrape","Turbo"],"picked":"Electrodynamics","floor":4.0},{"not_picked":["Steam","Storm"],"picked":"Ball Lightning","floor":5.0},{"not_picked":["Stack","Coolheaded"],"picked":"Seek","floor":7.0},{"not_picked":["Cold Snap","Recycle","Static Discharge"],"picked":"SKIP","floor":10.0},{"not_picked":["Ball Lightning","Hologram","Steam"],"picked":"SKIP","floor":13.0},{"not_picked":["Streamline","Ball Lightning"],"picked":"Chill","floor":14.0},{"not_picked":["Creative AI","All For One"],"picked":"Thunder Strike","floor":16.0},{"not_picked":["Redo","Aggregate"],"picked":"Leap+1","floor":18.0},{"not_picked":["Ball Lightning+1","Beam Cell+1","Scrape"],"picked":"SKIP","floor":21.0},{"not_picked":["Reprogram+1","Sunder","Turbo"],"picked":"SKIP","floor":22.0},{"not_picked":["Stack","Loop","Lockon+1"],"picked":"SKIP","floor":25.0},{"not_picked":["Reprogram","Leap","Self Repair"],"picked":"SKIP","floor":28.0},{"not_picked":["Reprogram+1","Leap"],"picked":"Redo+1","floor":31.0},{"not_picked":["All For One","Creative AI"],"picked":"Echo Form","floor":33.0},{"not_picked":["Go for the Eyes","Rebound+1"],"picked":"FTL+1","floor":35.0},{"not_picked":["Ball Lightning+1","Steam","Go for the Eyes+1"],"picked":"SKIP","floor":37.0},{"not_picked":["Skim+1","Beam Cell+1","Sweeping Beam"],"picked":"SKIP","floor":40},{"not_picked":["Redo+1","Recycle+1"],"picked":"Conserve Battery+1","floor":45},{"not_picked":["Lockon","Gash","Rebound"],"picked":"SKIP","floor":47}],"player_experience":261448,"relics_obtained":[{"floor":7.0,"key":"Ornamental Fan"},{"floor":9.0,"key":"Bronze Scales"},{"floor":25.0,"key":"Old Coin"},{"floor":26.0,"key":"Mango"},{"floor":27.0,"key":"Nilry\u0027s Codex"},{"floor":39.0,"key":"Calipers"},{"floor":43,"key":"Ancient Tea Set"},{"floor":47,"key":"Smiling Mask"}],"event_choices":[{"cards_removed":["Strike_B"],"damage_healed":0.0,"max_hp_gain":0.0,"max_hp_loss":0.0,"gold_gain":0.0,"event_name":"Purifier","player_choice":"Purged","floor":2.0,"gold_loss":0.0,"damage_taken":0.0},{"damage_healed":0.0,"max_hp_gain":0.0,"max_hp_loss":0.0,"gold_gain":0.0,"event_name":"Addict","player_choice":"Obtained Relic","floor":19.0,"gold_loss":85.0,"damage_taken":0.0,"relics_obtained":["Anchor"]},{"damage_healed":0.0,"max_hp_gain":0.0,"max_hp_loss":0.0,"gold_gain":0.0,"event_name":"Ghosts","player_choice":"Ignored","floor":20.0,"gold_loss":0.0,"damage_taken":0.0},{"damage_healed":0.0,"max_hp_gain":0.0,"max_hp_loss":0.0,"gold_gain":0.0,"event_name":"Cursed Tome","player_choice":"Obtained Book","floor":27.0,"gold_loss":0.0,"damage_taken":16.0},{"damage_healed":0.0,"max_hp_gain":0.0,"max_hp_loss":0.0,"gold_gain":0.0,"event_name":"Winding Halls","player_choice":"Embrace Madness","floor":36.0,"gold_loss":0.0,"damage_taken":11.0,"cards_obtained":["Madness","Madness"]},{"damage_healed":0.0,"max_hp_gain":0.0,"max_hp_loss":0.0,"gold_gain":0.0,"event_name":"MindBloom","player_choice":"Fight","floor":39.0,"gold_loss":0.0,"damage_taken":0.0},{"damage_healed":0,"gold_gain":0,"player_choice":"Ignored","damage_taken":0,"max_hp_gain":0,"max_hp_loss":0,"event_name":"Tomb of Lord Red Mask","floor":42,"gold_loss":0}],"is_beta":false,"boss_relics":[{"not_picked":["SacredBark","Fusion Hammer"],"picked":"Astrolabe"},{"not_picked":["FrozenCore","Coffee Dripper"],"picked":"Velvet Choker"}],"items_purged_floors":[11,30],"is_endless":false,"potions_floor_spawned":[1,4,7,16,21,22,31,33,37,45,47],"killed_by":"Awakened One","ascension_level":6}}