{"host":"ta9mufxydm4vkknf","time":1610290575,"event":{"mods":["AchievementEnabler","BaseMod","Minty Spire (QoL Compilation)","Quick Restart"],"gold_per_floor":[117,67,81,81,98,124,124,224,303,314,331,347,380,391,391,492,492,504,514,474,155,174,174,207,226,226,226,226,226],"floor_reached":28,"playtime":1278,"items_purged":["Strike_B"],"score":327,"play_id":"d0961912-cf33-442d-bb05-8c5e0a957ce1","local_time":"20210110155615","is_ascension_mode":true,"campfire_choices":[{"data":"Barrage","floor":7,"key":"SMITH"},{"floor":15,"key":"REST"},{"data":"Defragment","floor":23,"key":"SMITH"}],"circlet_count":0,"master_deck":["Strike_B","Strike_B","Defend_B","Defend_B","Defend_B","Defend_B","Zap+1","Dualcast","Ball Lightning","Barrage+1","Go for the Eyes","Barrage+1","Skim","Defragment+1","Conserve Battery","Chill","Hologram","Amplify","Storm+1","Coolheaded","Melter","FTL","Consume"],"relics":["Cracked Core","NeowsBlessing","Pen Nib","Pear","Regal Pillow","Inserter","Meat on the Bone","Lantern","Singing Bowl"],"acts_visited":["Exordium","TheCity"],"potions_floor_usage":[16,20,25],"damage_taken":[{"damage":0,"enemies":"Jaw Worm","floor":1,"turns":1},{"damage":0,"enemies":"Small Slimes","floor":3,"turns":1},{"damage":0,"enemies":"2 Louse","floor":5,"turns":1},{"damage":25,"enemies":"3 Sentries","floor":6,"turns":5},{"damage":7,"enemies":"Gremlin Gang","floor":10,"turns":3},{"damage":4,"enemies":"3 Louse","floor":11,"turns":2},{"damage":4,"enemies":"Red Slaver","floor":12,"turns":3},{"damage":18,"enemies":"Lagavulin","floor":13,"turns":5},{"damage":1,"enemies":"2 Fungi Beasts","floor":14,"turns":2},{"damage":30,"enemies":"Hexaghost","floor":16,"turns":8},{"damage":14,"enemies":"Spheric Guardian","floor":18,"turns":5},{"damage":7,"enemies":"2 Thieves","floor":19,"turns":3},{"damage":26,"enemies":"3 Cultists","floor":22,"turns":5},{"damage":35,"enemies":"Gremlin Leader","floor":24,"turns":7},{"damage":2,"enemies":"Centurion and Healer","floor":25,"turns":5},{"damage":54,"enemies":"Masked Bandits","floor":28,"turns":3}],"seed_played":"3369844362098296746","potions_obtained":[{"floor":11,"key":"AttackPotion"},{"floor":12,"key":"Strength Potion"},{"floor":13,"key":"Regen Potion"},{"floor":16,"key":"EssenceOfSteel"},{"floor":18,"key":"Ancient Potion"},{"floor":20,"key":"Fruit Juice"},{"floor":20,"key":"Energy Potion"}],"is_trial":false,"path_per_floor":["M","?","M","?","M","E","R","?","T","M","M","M","E","M","R","B",null,"M","M","?","$","M","R","E","M","T","?","?"],"character_chosen":"DEFECT","items_purchased":["Meat on the Bone"],"campfire_rested":1,"item_purchase_floors":[21],"current_hp_per_floor":[75,75,75,60,60,35,35,35,45,38,34,30,12,11,51,21,85,71,64,69,69,55,55,32,42,42,42,0,0],"gold":226,"neow_bonus":"THREE_ENEMY_KILL","is_daily":false,"chose_seed":false,"campfire_upgraded":2,"win_rate":0.0,"timestamp":1610290575,"path_taken":["M","?","M","?","M","E","R","?","T","M","M","?","E","M","R","BOSS","M","M","?","$","?","R","E","M","T","?","?"],"items_purchased_type":["Relic"],"build_version":"2020-12-22","purchased_purges":1,"victory":false,"max_hp_per_floor":[75,75,75,75,75,75,75,75,85,85,85,85,85,85,85,85,85,85,85,90,90,90,90,90,90,90,90,90,90],"card_choices":[{"not_picked":["Cold Snap","Beam Cell"],"picked":"Ball Lightning","floor":1},{"not_picked":["Hyperbeam","Consume"],"picked":"Barrage","floor":3},{"not_picked":["Compile Driver","Rip and Tear"],"picked":"Go for the Eyes","floor":5},{"not_picked":["Thunder Strike","Streamline"],"picked":"Barrage","floor":6},{"not_picked":["Static Discharge","Ball Lightning"],"picked":"Skim","floor":10},{"not_picked":["Beam Cell","Fusion"],"picked":"Defragment","floor":11},{"not_picked":["Force Field","Tempest"],"picked":"Conserve Battery","floor":12},{"not_picked":["Coolheaded","Sunder"],"picked":"Chill","floor":13},{"not_picked":["Double Energy","Steam Power"],"picked":"Hologram","floor":14},{"not_picked":["Core Surge","Echo Form"],"picked":"Amplify","floor":16},{"not_picked":["Redo","Chill"],"picked":"Storm+1","floor":18},{"not_picked":["Compile Driver+1","Heatsinks"],"picked":"Coolheaded","floor":19},{"not_picked":["Rip and Tear","Streamline"],"picked":"Melter","floor":22},{"not_picked":["Echo Form","Heatsinks"],"picked":"FTL","floor":24},{"not_picked":["Go for the Eyes","Stack+1","Beam Cell"],"picked":"SKIP","floor":25}],"player_experience":265955,"relics_obtained":[{"floor":6,"key":"Pen Nib"},{"floor":9,"key":"Pear"},{"floor":13,"key":"Regal Pillow"},{"floor":24,"key":"Lantern"},{"floor":26,"key":"Singing Bowl"}],"event_choices":[{"cards_removed":["Strike_B"],"damage_healed":0,"gold_gain":0,"player_choice":"Card Removal","damage_taken":0,"max_hp_gain":0,"max_hp_loss":0,"event_name":"The Cleric","floor":2,"gold_loss":50},{"damage_healed":0,"gold_gain":0,"player_choice":"Entered Light","damage_taken":15,"max_hp_gain":0,"max_hp_loss":0,"event_name":"Shining Light","floor":4,"gold_loss":0,"cards_upgraded":["Zap","Barrage"]},{"damage_healed":0,"gold_gain":100,"player_choice":"Pray","damage_taken":0,"max_hp_gain":0,"max_hp_loss":0,"event_name":"Golden Shrine","floor":8,"gold_loss":0},{"damage_healed":0,"gold_gain":0,"player_choice":"Bought 3 Potions","damage_taken":0,"max_hp_gain":0,"max_hp_loss":0,"event_name":"The Woman in Blue","floor":20,"gold_loss":0},{"damage_healed":0,"gold_gain":0,"player_choice":"Read","damage_taken":0,"max_hp_gain":0,"max_hp_loss":0,"event_name":"The Library","floor":27,"gold_loss":0,"cards_obtained":["Consume"]},{"damage_healed":0,"gold_gain":0,"player_choice":"Fought Bandits","damage_taken":0,"max_hp_gain":0,"max_hp_loss":0,"event_name":"Masked Bandits","floor":28,"gold_loss":0}],"is_beta":false,"boss_relics":[{"not_picked":["Busted Crown","FrozenCore"],"picked":"Inserter"}],"items_purged_floors":[21],"is_endless":false,"potions_floor_spawned":[11,12,13,14,16,18],"killed_by":"Masked Bandits","ascension_level":4}}