{"host":"6fpwia82zd5086hr","time":1610247105,"event":{"mods":["BaseMod","Better Skull","Better Third Choice","Downfall","Minty Spire (QoL Compilation)","Spicy Shops","StSLib"],"gold_per_floor":[361,377,397,347,363,363,363,363,386,386,386,396,3,20,20,20,20],"floor_reached":16,"playtime":887,"items_purged":["Defend_G","Strike_G"],"score":115,"play_id":"79eb9c3c-303b-432c-9746-3aed9405a6ed","local_time":"20210109195145","is_ascension_mode":true,"campfire_choices":[{"data":"Neutralize","floor":6.0,"key":"SMITH"},{"floor":8.0,"key":"REST"},{"data":"Blur","floor":10.0,"key":"SMITH"},{"data":"Prepared","floor":15.0,"key":"SMITH"}],"circlet_count":0,"master_deck":["Strike_G","Strike_G","Strike_G","Strike_G","Defend_G","Defend_G+1","Defend_G","Defend_G","Survivor+1","Neutralize+1","Slice","Blur+1","Dagger Spray","Prepared+1"],"relics":["Ring of the Snake","Oddly Smooth Stone","Vajra","Anchor","MealTicket","TwistedFunnel"],"acts_visited":["Exordium"],"potions_floor_usage":[],"damage_taken":[{"damage":2.0,"enemies":"Jaw Worm","floor":1.0,"turns":7.0},{"damage":0.0,"enemies":"Cultist","floor":2.0,"turns":3.0},{"damage":0.0,"enemies":"2 Louse","floor":3.0,"turns":2.0},{"damage":2.0,"enemies":"Exordium Wildlife","floor":5.0,"turns":6.0},{"damage":0.0,"enemies":"Gremlin Gang","floor":12.0,"turns":1.0},{"damage":0.0,"enemies":"Red Slaver","floor":14.0,"turns":3.0},{"damage":53,"enemies":"Hexaghost","floor":16,"turns":16}],"seed_played":"2067883718317408520","potions_obtained":[{"floor":5.0,"key":"SteroidPotion"},{"floor":14.0,"key":"Energy Potion"}],"is_trial":false,"path_per_floor":["M","M","M","?","M","R","?","R","T","R","T","M","$","M","R","B"],"character_chosen":"THE_SILENT","items_purchased":["MealTicket","TwistedFunnel"],"campfire_rested":1,"item_purchase_floors":[13,13],"current_hp_per_floor":[47,47,47,47,45,45,31,52,52,52,52,52,52,52,52,0,0],"gold":20,"neow_bonus":"TWO_FIFTY_GOLD","is_daily":false,"chose_seed":false,"campfire_upgraded":3,"win_rate":0.0,"timestamp":1610247105,"path_taken":["M","M","M","?","?","R","?","R","T","R","?","M","$","M","R","BOSS"],"items_purchased_type":["Relic","Relic"],"build_version":"2020-12-22","purchased_purges":2,"victory":false,"max_hp_per_floor":[70,70,70,70,70,70,70,70,70,70,70,70,70,70,70,70,70],"card_choices":[{"not_picked":["Flying Knee","Outmaneuver"],"picked":"Slice","floor":1.0},{"not_picked":["Blade Dance","Flying Knee"],"picked":"Blur","floor":2.0},{"not_picked":["Choke","Underhanded Strike","Flying Knee"],"picked":"SKIP","floor":3.0},{"not_picked":["Cloak And Dagger","Flying Knee"],"picked":"Dagger Spray","floor":5.0},{"not_picked":["Cloak And Dagger","Dagger Spray"],"picked":"Prepared","floor":12.0},{"not_picked":["Terror","Underhanded Strike","Unload"],"picked":"SKIP","floor":14.0}],"player_experience":773686,"relics_obtained":[{"floor":9.0,"key":"Vajra"},{"floor":11.0,"key":"Anchor"}],"event_choices":[{"damage_healed":0.0,"max_hp_gain":0.0,"max_hp_loss":0.0,"gold_gain":0.0,"event_name":"WeMeetAgain","player_choice":"Paid Gold","floor":4.0,"gold_loss":50.0,"damage_taken":0.0,"relics_obtained":["Oddly Smooth Stone"]},{"damage_healed":45.0,"max_hp_gain":0.0,"max_hp_loss":70.0,"gold_gain":0.0,"event_name":"betterThird:BetterShining","player_choice":"Upgrade","floor":7.0,"gold_loss":0.0,"damage_taken":14.0,"cards_upgraded":["Defend_G","Survivor"]}],"is_beta":false,"boss_relics":[],"items_purged_floors":[13,13],"is_endless":false,"potions_floor_spawned":[5,14],"killed_by":"Hexaghost","ascension_level":5}}