{"host":"3b5lda25ezqra65h","time":1610290009,"event":{"mods":["BaseMod","BetterRewards","Colored Map","Colored Powertips","Marisa????????","Minty Spire (QoL Compilation)","Shop Mod","StSLib","The Animator","The Cursed","The Disciple","The Senshi","The Servant 0.9.4","Yuri Mod"],"gold_per_floor":[113,213,228,128,146,146,146],"floor_reached":6,"playtime":665,"items_purged":[],"score":36,"play_id":"910e791b-61f3-4544-b476-a4fc7b24ff14","local_time":"20210110154649","is_ascension_mode":false,"campfire_choices":[],"circlet_count":0,"master_deck":["animator:Strike_Konosuba","animator:Defend_Konosuba","animator:Strike","animator:Strike","animator:Strike","animator:Defend","animator:Defend","animator:Defend","animator:Kazuma","animator:Aqua","animator:Nanami","animator:Azekura"],"relics":["animator:LivingPicture","animator:TheMissingPiece","animator:PurgingStone","NeowsBlessing"],"acts_visited":["Exordium"],"potions_floor_usage":[6,6,6],"damage_taken":[{"damage":0,"enemies":"Cultist","floor":1,"turns":1},{"damage":0,"enemies":"Small Slimes","floor":3,"turns":1},{"damage":0,"enemies":"Jaw Worm","floor":5,"turns":1},{"damage":68,"enemies":"3 Sentries","floor":6,"turns":19}],"seed_played":"-8698345405367678349","potions_obtained":[{"floor":1,"key":"SpeedPotion"}],"is_trial":false,"path_per_floor":["M","?","M","$","M","E"],"character_chosen":"THE_ANIMATOR","items_purchased":["AttackPotion","SkillPotion"],"campfire_rested":0,"item_purchase_floors":[4,4],"current_hp_per_floor":[66,66,66,66,66,0,0],"gold":146,"neow_bonus":"THREE_ENEMY_KILL","is_daily":false,"chose_seed":false,"campfire_upgraded":0,"win_rate":0.0,"timestamp":1610290009,"path_taken":["M","?","?","$","M","E"],"items_purchased_type":["Potion","Potion"],"build_version":"2020-12-22","purchased_purges":0,"victory":false,"max_hp_per_floor":[66,66,66,66,66,66,66],"card_choices":[{"not_picked":["animator:Geryuganshoop","animator:YuiTsuruno","animator:Genos"],"picked":"SKIP","floor":1},{"not_picked":["animator:Aqua","animator:Emonzaemon"],"picked":"animator:Nanami","floor":3},{"not_picked":["animator:RinTohsaka","animator:Evileye"],"picked":"animator:Azekura","floor":5}],"player_experience":263153,"relics_obtained":[],"event_choices":[{"damage_healed":0,"gold_gain":100,"player_choice":"Gold","damage_taken":0,"max_hp_gain":0,"max_hp_loss":0,"event_name":"Wheel of Change","floor":2,"gold_loss":0}],"is_beta":false,"boss_relics":[],"items_purged_floors":[],"is_endless":false,"potions_floor_spawned":[1,5],"killed_by":"3 Sentries","ascension_level":0}}