{"host":"7kgj47jdxgufb548","time":1610299695,"event":{"mods":["Act Like it!","BaseMod","CapriCore","Gensokyo","Marisa¡]Ãú«B¡@Å]²z¨F¡^","Minty Spire (QoL Compilation)","MostiFishMod","Remilia¡]Á¢¦Ì²ú?¡^","StSLib","The Immortal","Yakumo Yukari mod","Youmu¡]»î¾z§¯?¡^"],"gold_per_floor":[116,116,134,144,32,32,58,73,73,73,303,163,163,188,188,259,259,277,277,287,287,300,332,332,332,356,389,405,405,405,245,245,324,324,336,336,349,349,349,349,580,592,604,616,662,685,713,756,768,780,792],"floor_reached":52,"playtime":2956,"items_purged":[],"score":2653,"play_id":"8eb03699-e46c-44f5-92fb-dd1586503e1b","local_time":"20210111012815","is_ascension_mode":true,"campfire_choices":[{"data":"CurseOfVladTepes","floor":6,"key":"SMITH"},{"data":"ScarletSymphony","floor":10,"key":"SMITH"},{"data":"GlobalNightmare","floor":15,"key":"SMITH"},{"data":"EternalNight","floor":24,"key":"SMITH"},{"data":"CeilingFear","floor":32,"key":"SMITH"},{"data":"DiffusionOfMisfortune","floor":40,"key":"SMITH"},{"data":"BloodySeventeenLaser","floor":42,"key":"SMITH"},{"data":"HeartBreak","floor":49,"key":"SMITH"}],"circlet_count":0,"master_deck":["AscendersBane","Strike_RM","Strike_RM","Strike_RM","Strike_RM+1","Defend_RM","Defend_RM","Defend_RM+1","RedMoon","ScarletShoot","CurseOfVladTepes+1","MillenniumVampire","RedNightlessCastle","BombardNight+1","ScarletSymphony+1","ScarletImprint","CeilingFear+1","Pain","GlobalNightmare+1","TransientEternity","BloodHunter+1","VampireKiss","HeartBreak+1","EternalNight+1","BloodHunter+1","MastersStateliness+1","ScarletNetherworld+1","Gensokyo:ShootingStar","DiffusionOfMisfortune+1","BloodHunter","BloodySeventeenLaser+1","Gensokyo:UnlikelyAid+1","MastersStateliness+1","UnstableMagic+1","RedRainbow+1"],"relics":["ScarletHat","DaveBox","SynthV:TestCard","BionicSphere","Happy Flower","Pantograph","Shuriken","Juzu Bracelet","Calipers","Gensokyo:LunaticRedEyes","Lantern","ShadowXiaoBlade","Gensokyo:RedStar","Gensokyo:ConquerorOfFear","Oddly Smooth Stone","Gensokyo:ChorusOfJoy","Bag of Preparation","Frozen Egg 2","RhineFirstAidKit","Bag of Marbles","MawBank","Molten Egg 2","CaptainsWheel","War Paint","Orichalcum"],"acts_visited":["Gensokyo:Gensokyo","Gensokyo:Gensokyoer","Gensokyo:Gensokyoest"],"potions_floor_usage":[7,16,16,33,41,48,50],"damage_taken":[{"damage":5,"enemies":"Gensokyo:Gryphon","floor":1,"turns":4},{"damage":0,"enemies":"Gensokyo:Python","floor":3,"turns":6},{"damage":0,"enemies":"Gensokyo:3_Fairies","floor":4,"turns":5},{"damage":0,"enemies":"Gensokyo:Cirno","floor":7,"turns":7},{"damage":0,"enemies":"Gensokyo:2_Rabbits","floor":8,"turns":5},{"damage":0,"enemies":"Gensokyo:Aya","floor":11,"turns":6},{"damage":7,"enemies":"Gensokyo:Mamizou","floor":14,"turns":10},{"damage":10,"enemies":"Gensokyo:Yukari","floor":16,"turns":8},{"damage":0,"enemies":"Gensokyo:AngelMirror","floor":18,"turns":3},{"damage":0,"enemies":"Gensokyo:2_Gloops","floor":20,"turns":1},{"damage":0,"enemies":"Gensokyo:Wraith","floor":22,"turns":4},{"damage":0,"enemies":"Gensokyo:Reisen","floor":23,"turns":3},{"damage":0,"enemies":"Gensokyo:Koishi","floor":27,"turns":3},{"damage":0,"enemies":"Gensokyo:Slime_Group","floor":28,"turns":4},{"damage":3,"enemies":"Gensokyo:Kaguya","floor":33,"turns":8},{"damage":3,"enemies":"Gensokyo:3_Boulders","floor":35,"turns":5},{"damage":5,"enemies":"Gensokyo:AncientGuardian","floor":37,"turns":4},{"damage":4,"enemies":"Gensokyo:Kasen","floor":41,"turns":5},{"damage":1,"enemies":"Gensokyo:Kasen","floor":44,"turns":6},{"damage":0,"enemies":"Gensokyo:Marisa","floor":45,"turns":3},{"damage":0,"enemies":"Gensokyo:Dusk_and_Dawn","floor":46,"turns":3},{"damage":10,"enemies":"Gensokyo:SeedOfUnknown","floor":47,"turns":4},{"damage":3,"enemies":"Gensokyo:Doremy","floor":48,"turns":2},{"damage":9,"enemies":"Gensokyo:Shinki","floor":50,"turns":6},{"damage":4,"enemies":"Gensokyo:Scarlet_Devils","floor":51,"turns":3}],"seed_played":"7420360901635807624","potions_obtained":[{"floor":4,"key":"LiquidBronze"},{"floor":7,"key":"Block Potion"},{"floor":11,"key":"SteroidPotion"},{"floor":18,"key":"FairyPotion"},{"floor":27,"key":"DuplicationPotion"},{"floor":35,"key":"Explosive Potion"},{"floor":47,"key":"DistilledChaos"},{"floor":48,"key":"BlessingOfTheForge"}],"is_trial":false,"path_per_floor":["M","?","M","M","COS","R","E","M","T","R","E","?","?","E","R","B",null,"M","?","M","?","M","E","R","?","T","E","M","$","?","COS","R","B",null,"M","?","M","?","?","R","E","R","T","?","E","M","M","E","R","B","B",null],"character_chosen":"REMILIA","items_purchased":[],"campfire_rested":0,"item_purchase_floors":[],"current_hp_per_floor":[58,58,58,58,58,58,60,60,60,60,62,62,62,56,56,60,68,70,70,70,70,70,70,70,70,70,70,70,70,70,70,70,67,69,68,68,70,56,56,56,70,70,70,70,70,70,64,70,70,66,69],"gold":804,"neow_bonus":"TRANSFORM_CARD","is_daily":false,"chose_seed":false,"campfire_upgraded":8,"win_rate":0.0,"timestamp":1610299695,"path_taken":["M","?","M","M","COS","R","E","M","T","R","E","?","?","E","R","BOSS","M","?","M","?","M","E","R","?","T","E","M","?","?","COS","R","BOSS","M","?","M","?","?","R","E","R","T","?","E","M","M","E","R","BOSS","BOSS"],"items_purchased_type":[],"build_version":"2020-12-22","purchased_purges":0,"victory":true,"max_hp_per_floor":[70,70,70,70,70,70,70,70,70,70,70,70,70,70,70,70,70,70,70,70,70,70,70,70,70,70,70,70,70,70,70,70,70,70,70,70,70,70,70,70,70,70,70,70,70,70,70,70,70,70,70],"card_choices":[{"not_picked":["FavorOfDestiny","ScarletSymphony"],"picked":"HunterOfTheNight","floor":1},{"not_picked":["Maim","VampireSweep","NightDance","MastersStateliness"],"picked":"MillenniumVampire","floor":3},{"not_picked":["ScarletImprint","UnderTheZenith","Septette","MiserableFate"],"picked":"RedNightlessCastle","floor":4},{"not_picked":["StarOfDavid+1","AfternoonTea+1","VampireFantasy+1","BloodyTrap+1"],"picked":"BombardNight+1","floor":7},{"not_picked":["RedNightlessCastle","Stigmanizer","BloodyMagicSquare","CharismaGuard"],"picked":"ScarletSymphony","floor":7},{"not_picked":["VampirishNight","UnderTheZenith","FavorOfDestiny","NightLord"],"picked":"ScarletImprint","floor":8},{"not_picked":["DemonKingCradle","BloodHunter","EmergencyRegeneration","FavorOfDestiny"],"picked":"CeilingFear","floor":11},{"not_picked":["ScarletDream","DevilSight","VampireSweep","VampireKiss"],"picked":"GlobalNightmare","floor":14},{"not_picked":["HeartBreak","HellCatastrophe","DemonKingCradle","KillingBlow"],"picked":"TransientEternity","floor":16},{"not_picked":["NightDance","EndlessAdversity","VampireKiss","BombardNight"],"picked":"BloodHunter+1","floor":18},{"not_picked":["RedMagic","NightLord+1","ScarletDevilSign","DevilSight"],"picked":"VampireKiss","floor":20},{"not_picked":["BlasphemousPunishment+1","BloodHunter","ScarletImprint","RedRainbow"],"picked":"HeartBreak","floor":22},{"not_picked":["RedRainbow","MiserableFate","VampireFantasy","BloodyCatastrophe"],"picked":"EternalNight","floor":23},{"not_picked":["FavorOfDestiny","EndlessAdversity","ScarletDevil","SuperhumanBloodyKnife+1"],"picked":"BloodHunter","floor":27},{"not_picked":["UnderTheZenith","EmergencyRegeneration","SuperhumanBloodyKnife","EndlessAdversity"],"picked":"MastersStateliness+1","floor":28},{"not_picked":[],"picked":"Gensokyo:ShootingStar","floor":33},{"not_picked":["BatForm+1","KillingBlow","ChaoticDestiny","CurseOfVladTepes+1"],"picked":"ScarletMeister+1","floor":33},{"not_picked":["UnstableMagic","StarOfDavid","MastersStateliness+1","EndlessAdversity"],"picked":"DiffusionOfMisfortune","floor":35},{"not_picked":["EndlessAdversity","GlobalNightmare","EternalNight+1","BloodAndWine+1"],"picked":"BloodHunter","floor":37},{"not_picked":["BloodHunter+1","ScarletDevilSign","ScarletDevil","NightDance+1"],"picked":"BloodySeventeenLaser","floor":41},{"not_picked":["Gensokyo:LifeSpringInfinity+1","Gensokyo:DreamlikeParadise+1"],"picked":"Gensokyo:UnlikelyAid+1","floor":44},{"not_picked":["EmergencyRegeneration","UnderTheZenith","FavorOfDestiny","StarOfDavid+1"],"picked":"MastersStateliness+1","floor":45},{"not_picked":["UltimateOffering+1","ReincarnationDial","ScarletDevilSign+1","VampireFantasy"],"picked":"UnstableMagic+1","floor":46},{"not_picked":["VampireFantasy","ForecastOfChange+1","BlasphemousPunishment","ScarletDream+1","UnstableMagic"],"picked":"SKIP","floor":47},{"not_picked":["MastersStateliness+1","BloodHunter","VampireKiss+1","ScarletDevil+1"],"picked":"RedRainbow+1","floor":48}],"player_experience":174167,"relics_obtained":[{"floor":1,"key":"SynthV:TestCard"},{"floor":7,"key":"Pantograph"},{"floor":11,"key":"Juzu Bracelet"},{"floor":14,"key":"Lantern"},{"floor":22,"key":"Gensokyo:ConquerorOfFear"},{"floor":23,"key":"Oddly Smooth Stone"},{"floor":26,"key":"Bag of Preparation"},{"floor":27,"key":"Frozen Egg 2"},{"floor":41,"key":"MawBank"},{"floor":43,"key":"Molten Egg 2"},{"floor":45,"key":"War Paint"},{"floor":48,"key":"Orichalcum"}],"event_choices":[],"is_beta":false,"boss_relics":[{"not_picked":["Sozu","RhineCircuit"],"picked":"ShadowXiaoBlade"},{"not_picked":["Snecko Eye","Transparent"],"picked":"RhineFirstAidKit"}],"items_purged_floors":[],"is_endless":false,"potions_floor_spawned":[4,7,11,18,27,35,47,48],"ascension_level":20}}