{"host":"c97twqu0op5dg8i4","time":1610263993,"event":{"mods":["BaseMod","Minty Spire (QoL Compilation)","Permanent Neow"],"gold_per_floor":[116,66,66,66,77,109,123,142,167,188,52,96,96,122,122,225,225,244,244,244,259,42,42,59,59,59,17,0,32,32,50,50,146,146,171,0,9,9,68,68,87,87,113,113,140,140,140],"floor_reached":46,"playtime":1257,"items_purged":["Strike_G"],"score":615,"play_id":"3a09a1b2-cf44-4b30-b9b8-044cdb6088c8","local_time":"20210110023313","is_ascension_mode":true,"campfire_choices":[{"floor":15,"key":"REST"},{"floor":23,"key":"REST"},{"data":"Noxious Fumes","floor":25,"key":"SMITH"},{"floor":30,"key":"REST"},{"data":"Poisoned Stab","floor":32,"key":"SMITH"},{"floor":40,"key":"REST"},{"data":"Noxious Fumes","floor":42,"key":"SMITH"},{"floor":44,"key":"REST"}],"circlet_count":0,"master_deck":["Strike_G","Defend_G","Defend_G","Defend_G","Survivor","Neutralize+1","Poisoned Stab","Poisoned Stab+1","Escape Plan","PiercingWail","Noxious Fumes+1","Poisoned Stab+1","Noxious Fumes+1","Deadly Poison","Footwork","Noxious Fumes","Backflip","Escape Plan","PiercingWail+1","Deep Breath","Crippling Poison+1","Poisoned Stab+1"],"relics":["Sozu","Regal Pillow","CeramicFish","Oddly Smooth Stone","Bronze Scales","SlaversCollar","Juzu Bracelet","Medical Kit","Matryoshka","Darkstone Periapt","Empty Cage","Red Mask","Torii","Vajra","Whetstone","Strawberry"],"acts_visited":["Exordium","TheCity","TheBeyond"],"potions_floor_usage":[],"damage_taken":[{"damage":4,"enemies":"Small Slimes","floor":1,"turns":3},{"damage":0,"enemies":"2 Louse","floor":5,"turns":3},{"damage":23,"enemies":"Lagavulin","floor":6,"turns":7},{"damage":0,"enemies":"Jaw Worm","floor":7,"turns":3},{"damage":5,"enemies":"Blue Slaver","floor":8,"turns":3},{"damage":5,"enemies":"Exordium Thugs","floor":10,"turns":4},{"damage":4,"enemies":"3 Sentries","floor":12,"turns":6},{"damage":0,"enemies":"2 Fungi Beasts","floor":14,"turns":3},{"damage":30,"enemies":"Hexaghost","floor":16,"turns":7},{"damage":10,"enemies":"3 Byrds","floor":18,"turns":3},{"damage":20,"enemies":"Shell Parasite","floor":21,"turns":5},{"damage":22,"enemies":"3 Cultists","floor":24,"turns":6},{"damage":11,"enemies":"Book of Stabbing","floor":29,"turns":5},{"damage":37,"enemies":"Automaton","floor":33,"turns":10},{"damage":17,"enemies":"Orb Walker","floor":35,"turns":5},{"damage":17,"enemies":"Mind Bloom Boss Battle","floor":39,"turns":7},{"damage":27,"enemies":"3 Darklings","floor":41,"turns":4},{"damage":43,"enemies":"Reptomancer","floor":45,"turns":6},{"damage":40,"enemies":"Spire Growth","floor":46,"turns":5}],"seed_played":"-3677355107652420616","potions_obtained":[],"is_trial":false,"path_per_floor":["M","?","?","?","M","E","M","M","T","M","$","E","?","M","R","B",null,"M","?","?","M","$","R","M","R","T","$","?","E","R","?","R","B",null,"M","?","?","$","?","R","M","R","T","R","E","M"],"character_chosen":"THE_SILENT","items_purchased":["Noxious Fumes","Noxious Fumes","Medical Kit","Backflip"],"campfire_rested":5,"item_purchase_floors":[11,22,22,27],"current_hp_per_floor":[66,66,59,64,64,41,41,36,36,31,31,27,20,20,57,27,63,53,53,53,33,33,70,48,48,48,48,48,37,74,74,74,37,66,49,49,49,49,32,69,42,42,42,75,39,0,0],"gold":140,"neow_bonus":"BOSS_RELIC","is_daily":false,"chose_seed":false,"campfire_upgraded":3,"win_rate":0.0,"timestamp":1610263993,"path_taken":["M","?","?","?","M","E","M","M","T","?","?","E","?","M","R","BOSS","M","?","?","M","$","R","M","R","T","?","?","E","R","?","R","BOSS","M","?","?","$","?","R","M","R","T","R","E","M"],"items_purchased_type":["Card","Card","Relic","Card"],"build_version":"2020-12-22","purchased_purges":1,"victory":false,"max_hp_per_floor":[70,70,70,75,75,75,75,75,75,75,75,75,75,75,75,75,75,75,75,75,75,75,75,75,75,75,75,75,75,75,75,75,75,75,75,75,75,75,75,75,75,75,75,75,82,82,82],"card_choices":[{"not_picked":["Backflip","Bane"],"picked":"Poisoned Stab","floor":1},{"not_picked":["Terror","Grand Finale"],"picked":"Poisoned Stab","floor":5},{"not_picked":["Prepared","Accuracy"],"picked":"Escape Plan","floor":6},{"not_picked":["Quick Slash","Sucker Punch"],"picked":"PiercingWail","floor":7},{"not_picked":["Prepared","Accuracy"],"picked":"Noxious Fumes","floor":8},{"not_picked":["Slice","Malaise"],"picked":"Poisoned Stab","floor":10},{"not_picked":["Finisher","Accuracy"],"picked":"Deadly Poison","floor":12},{"not_picked":["Acrobatics","Quick Slash"],"picked":"Footwork","floor":14},{"not_picked":["Underhanded Strike","Blade Dance+1","PiercingWail"],"picked":"SKIP","floor":18},{"not_picked":["Riddle With Holes+1","Cloak And Dagger","Escape Plan"],"picked":"SKIP","floor":21},{"not_picked":["Riddle With Holes","Storm of Steel","Caltrops"],"picked":"SKIP","floor":24},{"not_picked":["Eviscerate","Storm of Steel","Skewer+1"],"picked":"SKIP","floor":29},{"not_picked":["Masterful Stab+1","Underhanded Strike+1"],"picked":"PiercingWail+1","floor":35},{"not_picked":["Metamorphosis","Enlightenment"],"picked":"Deep Breath","floor":37},{"not_picked":["Quick Slash","Cloak And Dagger"],"picked":"Crippling Poison+1","floor":39},{"not_picked":["Bane+1","Caltrops"],"picked":"Poisoned Stab+1","floor":41},{"not_picked":["Storm of Steel","Outmaneuver+1","Dagger Throw"],"picked":"SKIP","floor":45}],"player_experience":285652,"relics_obtained":[{"floor":6,"key":"Regal Pillow"},{"floor":9,"key":"CeramicFish"},{"floor":12,"key":"Oddly Smooth Stone"},{"floor":26,"key":"Matryoshka"},{"floor":29,"key":"Darkstone Periapt"},{"floor":39,"key":"Torii"},{"floor":43,"key":"Vajra"},{"floor":43,"key":"Whetstone"},{"floor":45,"key":"Strawberry"}],"event_choices":[{"cards_removed":["Strike_G"],"damage_healed":0,"gold_gain":0,"player_choice":"Card Removal","damage_taken":0,"max_hp_gain":0,"max_hp_loss":0,"event_name":"The Cleric","floor":2,"gold_loss":50},{"cards_removed":["Strike_G"],"damage_healed":0,"gold_gain":0,"player_choice":"Card Removal","damage_taken":7,"max_hp_gain":0,"max_hp_loss":0,"event_name":"Golden Wing","floor":3,"gold_loss":0},{"damage_healed":0,"gold_gain":0,"player_choice":"Donut","damage_taken":0,"max_hp_gain":5,"max_hp_loss":0,"event_name":"Big Fish","floor":4,"gold_loss":0},{"damage_healed":0,"gold_gain":0,"player_choice":"Success","damage_taken":7,"relics_obtained":["Bronze Scales"],"max_hp_gain":0,"max_hp_loss":0,"event_name":"Scrap Ooze","floor":13,"gold_loss":0},{"damage_healed":0,"gold_gain":0,"player_choice":"Opened","damage_taken":0,"relics_obtained":["Juzu Bracelet"],"max_hp_gain":0,"max_hp_loss":0,"event_name":"The Mausoleum","floor":19,"gold_loss":0},{"damage_healed":0,"gold_gain":0,"player_choice":"Ignored","damage_taken":0,"max_hp_gain":0,"max_hp_loss":0,"event_name":"Vampires","floor":20,"gold_loss":0},{"damage_healed":0,"gold_gain":0,"player_choice":"Paid Fearfully","damage_taken":0,"max_hp_gain":0,"max_hp_loss":0,"event_name":"Masked Bandits","floor":28,"gold_loss":17},{"damage_healed":0,"gold_gain":0,"cards_transformed":["Strike_G","Defend_G"],"player_choice":"Became Test Subject","damage_taken":0,"max_hp_gain":0,"max_hp_loss":0,"event_name":"Drug Dealer","floor":31,"gold_loss":0,"cards_obtained":["Escape Plan","Tactician"]},{"damage_healed":0,"gold_gain":0,"player_choice":"Paid","damage_taken":0,"relics_obtained":["Red Mask"],"max_hp_gain":0,"max_hp_loss":0,"event_name":"Tomb of Lord Red Mask","floor":36,"gold_loss":171},{"damage_healed":0,"gold_gain":0,"player_choice":"Memory 1","damage_taken":0,"max_hp_gain":0,"max_hp_loss":0,"event_name":"SensoryStone","floor":37,"gold_loss":0},{"damage_healed":0,"gold_gain":0,"player_choice":"Fight","damage_taken":0,"max_hp_gain":0,"max_hp_loss":0,"event_name":"MindBloom","floor":39,"gold_loss":0}],"is_beta":false,"boss_relics":[{"not_picked":["Runic Pyramid","Runic Dome"],"picked":"SlaversCollar"},{"not_picked":["Coffee Dripper","SacredBark"],"picked":"Empty Cage"}],"items_purged_floors":[11],"is_endless":false,"potions_floor_spawned":[5,6,7,8,12,21,24,29,45],"killed_by":"Spire Growth","ascension_level":5}}