{"host":"0vlubjftylzdr3ny","time":1610318053,"event":{"mods":["Always Whale","BaseMod","GifTheSpireLib","Minty Spire (QoL Compilation)","Relic Filter","StSLib","Stuff the Spire"],"gold_per_floor":[110,128,53,72,85,85,85,120,146,158,16,16,50,64,64,162,162,172,183,58,69,88,88,120,120,120,70,83,83,83,112,112,217,217,235,235,235],"floor_reached":36,"playtime":1478,"items_purged":["Defend_R","Strike_R","Strike_R","Writhe"],"score":485,"play_id":"7456082b-23ee-4c0b-a576-f0dfc9214a8a","local_time":"20210110233413","is_ascension_mode":true,"campfire_choices":[{"data":"Rampage","floor":6,"key":"SMITH"},{"data":"StuffTheSpire:Slingshot","floor":10,"key":"SMITH"},{"data":"Metallicize","floor":12,"key":"SMITH"},{"data":"True Grit","floor":15,"key":"SMITH"},{"data":"Body Slam","floor":23,"key":"SMITH"},{"data":"Juggernaut","floor":25,"key":"SMITH"},{"data":"Shrug It Off","floor":29,"key":"SMITH"},{"data":"1","floor":32,"key":"LIFT"}],"circlet_count":0,"master_deck":["Strike_R","Defend_R","Defend_R","Defend_R","Bash","Power Through","StuffTheSpire:Slingshot+1","Rampage+1","Metallicize+1","Headbutt","True Grit+1","Body Slam+1","Juggernaut+1","Entrench","Shrug It Off+1","Shrug It Off+1","Barricade"],"relics":["Burning Blood","Calipers","MawBank","Bronze Scales","Cursed Key","Smiling Mask","StuffTheSpire:CocoNut","MutagenicStrength","Girya","Mark of Pain"],"acts_visited":["Exordium","TheCity","TheBeyond"],"potions_floor_usage":[16,16,16,22,22,28],"damage_taken":[{"damage":0,"enemies":"Cultist","floor":1,"turns":4},{"damage":0,"enemies":"2 Louse","floor":2,"turns":2},{"damage":3,"enemies":"Small Slimes","floor":4,"turns":4},{"damage":7,"enemies":"Exordium Wildlife","floor":5,"turns":3},{"damage":3,"enemies":"Gremlin Nob","floor":8,"turns":3},{"damage":0,"enemies":"Lagavulin","floor":13,"turns":6},{"damage":3,"enemies":"Gremlin Gang","floor":14,"turns":5},{"damage":20,"enemies":"Hexaghost","floor":16,"turns":8},{"damage":5,"enemies":"Spheric Guardian","floor":18,"turns":4},{"damage":5,"enemies":"3 Byrds","floor":19,"turns":3},{"damage":12,"enemies":"Centurion and Healer","floor":21,"turns":6},{"damage":0,"enemies":"Sentry and Sphere","floor":22,"turns":5},{"damage":0,"enemies":"Gremlin Leader","floor":24,"turns":7},{"damage":4,"enemies":"3 Cultists","floor":28,"turns":5},{"damage":7,"enemies":"Slavers","floor":31,"turns":4},{"damage":3,"enemies":"Automaton","floor":33,"turns":7},{"damage":0,"enemies":"3 Shapes","floor":35,"turns":2},{"damage":104,"enemies":"2 Orb Walkers","floor":36,"turns":5}],"seed_played":"1557729869202612774","potions_obtained":[{"floor":2,"key":"LiquidBronze"},{"floor":4,"key":"EssenceOfSteel"},{"floor":13,"key":"Dexterity Potion"},{"floor":16,"key":"Block Potion"},{"floor":18,"key":"Explosive Potion"},{"floor":19,"key":"Explosive Potion"},{"floor":24,"key":"FearPotion"},{"floor":33,"key":"CultistPotion"}],"is_trial":false,"path_per_floor":["M","M","$","M","M","R","?","E","T","R","$","R","E","M","R","B",null,"M","M","$","M","M","R","E","R","T","$","M","R","?","E","R","B",null,"M","?"],"character_chosen":"IRONCLAD","items_purchased":["Headbutt"],"campfire_rested":0,"item_purchase_floors":[11],"current_hp_per_floor":[80,80,80,80,79,79,79,80,80,80,80,80,80,80,80,66,80,80,80,80,74,80,80,80,80,87,87,87,87,87,86,86,87,87,87,0,0],"gold":235,"neow_bonus":"TRANSFORM_CARD","is_daily":false,"chose_seed":false,"campfire_upgraded":7,"win_rate":0.0,"timestamp":1610318053,"path_taken":["M","M","$","M","M","R","?","E","T","R","?","R","E","M","R","BOSS","M","M","$","M","M","R","E","R","T","$","?","R","?","E","R","BOSS","M","?"],"items_purchased_type":["Card"],"build_version":"2020-12-22","purchased_purges":4,"victory":false,"max_hp_per_floor":[80,80,80,80,80,80,80,80,80,80,80,80,80,80,80,80,80,80,80,80,80,80,80,80,80,87,87,87,87,87,87,87,87,87,87,87,87],"card_choices":[{"not_picked":["Anger","Sword Boomerang"],"picked":"StuffTheSpire:Slingshot","floor":1},{"not_picked":["Shockwave","Dual Wield","Warcry"],"picked":"SKIP","floor":2},{"not_picked":["Anger","Armaments"],"picked":"Rampage","floor":4},{"not_picked":["Heavy Blade","Seeing Red"],"picked":"Metallicize","floor":5},{"not_picked":["Thunderclap","Reckless Charge","StuffTheSpire:TitanForm"],"picked":"SKIP","floor":8},{"not_picked":["Whirlwind","Entrench"],"picked":"True Grit","floor":13},{"not_picked":["Perfected Strike","Pommel Strike"],"picked":"Body Slam","floor":14},{"not_picked":["Offering","Demon Form"],"picked":"Juggernaut","floor":16},{"not_picked":["Inflame","Shockwave+1"],"picked":"Entrench","floor":18},{"not_picked":["Rampage","Armaments+1"],"picked":"Shrug It Off","floor":19},{"not_picked":["Bloodletting","Body Slam+1","Dual Wield"],"picked":"SKIP","floor":21},{"not_picked":["Dropkick","Flex","StuffTheSpire:Incineration"],"picked":"SKIP","floor":22},{"not_picked":["Infernal Blade","Bloodletting","Flex"],"picked":"SKIP","floor":24},{"not_picked":["Armaments+1","Anger","Havoc"],"picked":"SKIP","floor":28},{"not_picked":["Seeing Red","Thunderclap"],"picked":"Shrug It Off+1","floor":31},{"not_picked":["Juggernaut","Brutality"],"picked":"Barricade","floor":33},{"not_picked":["Pummel","Second Wind","Pommel Strike+1"],"picked":"SKIP","floor":35}],"player_experience":813359,"relics_obtained":[{"floor":8,"key":"Calipers"},{"floor":9,"key":"MawBank"},{"floor":13,"key":"Bronze Scales"},{"floor":24,"key":"Smiling Mask"},{"floor":26,"key":"StuffTheSpire:CocoNut"},{"floor":31,"key":"Girya"}],"event_choices":[{"cards_removed":["Strike_R"],"damage_healed":0,"gold_gain":0,"player_choice":"Purged","damage_taken":0,"max_hp_gain":0,"max_hp_loss":0,"event_name":"Purifier","floor":7,"gold_loss":0},{"damage_healed":0,"gold_gain":0,"player_choice":"Inject Mutagens","damage_taken":0,"relics_obtained":["MutagenicStrength"],"max_hp_gain":0,"max_hp_loss":0,"event_name":"Drug Dealer","floor":30,"gold_loss":0},{"damage_healed":0,"gold_gain":0,"player_choice":"Fight","damage_taken":0,"max_hp_gain":0,"max_hp_loss":0,"event_name":"Mysterious Sphere","floor":36,"gold_loss":0}],"is_beta":false,"boss_relics":[{"not_picked":["Fusion Hammer","Busted Crown"],"picked":"Cursed Key"},{"not_picked":["Velvet Choker","Astrolabe"],"picked":"Mark of Pain"}],"items_purged_floors":[3,11,20,27],"is_endless":false,"potions_floor_spawned":[2,4,13,14,16,18,19,24,33],"killed_by":"2 Orb Walkers","ascension_level":1}}