{"host":"p6y17sixyu8q9v1f","time":1610285258,"event":{"mods":["BaseMod","Colored Map","Minty Spire (QoL Compilation)"],"gold_per_floor":[117,15,25,25,40,40,140,140,140,140,166,185,197,52,52,52,52],"floor_reached":16,"playtime":371,"items_purged":["Strike_B"],"score":125,"play_id":"b4642d81-2155-41aa-a9f7-54049f6a76bb","local_time":"20210110072738","is_ascension_mode":true,"campfire_choices":[{"data":"Streamline","floor":6,"key":"SMITH"},{"data":"Zap","floor":8,"key":"SMITH"},{"data":"Dualcast","floor":10,"key":"SMITH"},{"floor":15,"key":"REST"}],"circlet_count":0,"master_deck":["Strike_B","Strike_B","Strike_B","Defend_B","Defend_B","Defend_B","Defend_B","Zap+1","Dualcast+1","Rebound","Streamline+1","Beam Cell","Melter","Scrape","Streamline"],"relics":["Cracked Core","NeowsBlessing","Frozen Egg 2","PreservedInsect","Bag of Marbles"],"acts_visited":["Exordium"],"potions_floor_usage":[11,11,12,16],"damage_taken":[{"damage":0,"enemies":"Cultist","floor":1,"turns":1},{"damage":0,"enemies":"Small Slimes","floor":3,"turns":1},{"damage":0,"enemies":"Jaw Worm","floor":5,"turns":1},{"damage":35,"enemies":"Lagavulin","floor":11,"turns":6},{"damage":6,"enemies":"Lots of Slimes","floor":12,"turns":3},{"damage":0,"enemies":"Looter","floor":13,"turns":1},{"damage":60,"enemies":"The Guardian","floor":16,"turns":8}],"seed_played":"5712459229189807606","potions_obtained":[{"floor":1,"key":"SkillPotion"},{"floor":4,"key":"LiquidBronze"},{"floor":4,"key":"PowerPotion"},{"floor":11,"key":"Swift Potion"},{"floor":13,"key":"Ancient Potion"}],"is_trial":false,"path_per_floor":["M","$","M","?","M","R","?","R","T","R","E","M","M","$","R","B"],"character_chosen":"DEFECT","items_purchased":["Streamline","Bag of Marbles"],"campfire_rested":1,"item_purchase_floors":[2,14],"current_hp_per_floor":[75,75,75,75,75,75,75,75,75,75,40,34,34,34,56,0,0],"gold":52,"neow_bonus":"THREE_ENEMY_KILL","is_daily":false,"chose_seed":false,"campfire_upgraded":3,"win_rate":0.0,"timestamp":1610285258,"path_taken":["M","$","?","?","?","R","?","R","T","R","E","M","M","$","R","BOSS"],"items_purchased_type":["Card","Relic"],"build_version":"2020-12-22","purchased_purges":1,"victory":false,"max_hp_per_floor":[75,75,75,75,75,75,75,75,75,75,75,75,75,75,75,75,75],"card_choices":[{"not_picked":["Aggregate","Barrage"],"picked":"Rebound","floor":1},{"not_picked":["Redo","Consume"],"picked":"Beam Cell","floor":3},{"not_picked":["Streamline","Doom and Gloom"],"picked":"Melter","floor":5},{"not_picked":["Defragment+1","Gash"],"picked":"Scrape","floor":11},{"not_picked":["Ball Lightning","Glacier","Seek"],"picked":"SKIP","floor":12},{"not_picked":["White Noise","Glacier"],"picked":"Streamline","floor":13}],"player_experience":1065448,"relics_obtained":[{"floor":9,"key":"Frozen Egg 2"},{"floor":11,"key":"PreservedInsect"}],"event_choices":[{"damage_healed":0,"gold_gain":0,"player_choice":"Got Potions","damage_taken":0,"max_hp_gain":0,"max_hp_loss":0,"event_name":"Lab","floor":4,"gold_loss":0},{"damage_healed":0,"gold_gain":100,"player_choice":"Pray","damage_taken":0,"max_hp_gain":0,"max_hp_loss":0,"event_name":"Golden Shrine","floor":7,"gold_loss":0}],"is_beta":false,"boss_relics":[],"items_purged_floors":[2],"is_endless":false,"potions_floor_spawned":[1,11,13],"killed_by":"The Guardian","ascension_level":5}}