{"host":"97k5lqmr6aaz1p9r","time":1610314618,"event":{"mods":["BaseMod","Colored Map","Downfall","Jorbs\u0027s Wanderer Trilogy","Minty Spire (QoL Compilation)","StSLib"],"gold_per_floor":[99,114,129,144,141,168,205,217,229,241,268,310,337,364,391,503,515,527,554,581,608,8,8,33,48,342,357,372,472,322,322,337,437,437,437,452,456,506,531,561,561,486,516,516,531,546,546,561,576,576,576,606,102,102,102],"floor_reached":56,"playtime":6476,"items_purged":[],"score":2440,"play_id":"965cc714-442f-4b38-a926-29e6990180c9","local_time":"20210110213658","daily_mods":["Shiny","Vintage","DeadlyEvents"],"is_ascension_mode":false,"campfire_choices":[{"data":"Adrenaline","floor":1,"key":"SMITH"},{"data":"After Image","floor":8,"key":"SMITH"},{"data":"Tools of the Trade","floor":10,"key":"SMITH"},{"floor":18,"key":"RECALL"},{"data":"Doppelganger","floor":23,"key":"SMITH"},{"data":"Bouncing Flask","floor":30,"key":"SMITH"},{"data":"Malaise","floor":35,"key":"SMITH"},{"data":"Blade Dance","floor":42,"key":"SMITH"},{"data":"Storm of Steel","floor":47,"key":"SMITH"},{"data":"Choke","floor":54,"key":"SMITH"}],"circlet_count":0,"master_deck":["Corpse Explosion","Adrenaline+1","Wraith Form v2","Venomology+1","Malaise+1","Phantasmal Killer","Unload+1","Bullet Time","Grand Finale","Die Die Die+1","Envenom+1","Doppelganger+1","Burst+1","Tools of the Trade+1","After Image+1","A Thousand Cuts","Night Terror","Storm of Steel+1","Glass Knife","Dodge and Roll","Escape Plan","Envenom+1","PiercingWail","Magnetism+1","Accuracy+1","Choke+1","Bouncing Flask+1","Well Laid Plans+1","Blade Dance+1","After Image+1","Poisoned Stab+1","Underhanded Strike","Catalyst","expansioncontent:Collect+1","Footwork+1","Tactician"],"relics":["Ring of the Snake","Frozen Egg 2","Eternal Feather","MawBank","Tiny Chest","Snake Skull","Toy Ornithopter","Omamori","Ninja Scroll","Blood Vial","Mercury Hourglass","Busted Crown","Nunchaku","Anchor","Pen Nib","Bird Faced Urn","Darkstone Periapt","Question Card","Lantern","Guardian:GemstoneGun","Sundial","downfall:HeartBlessingRed","downfall:HeartBlessingBlue","Whetstone","StrikeDummy","SlaversCollar","Pear","Peace Pipe","Oddly Smooth Stone","Art of War","Bag of Preparation","Ancient Tea Set","downfall:HeartBlessingGreen","Potion Belt","Guardian:PocketSentry","Molten Egg 2","sneckomod:BlankCard","White Beast Statue","Orichalcum","Boot","War Paint","Bronze Scales"],"acts_visited":["Exordium","TheCity","TheBeyond","TheEnding"],"potions_floor_usage":[5,5,11,12,13,16,16,19,19,20,21,22,22,22,26,27,29,33,40,50,50,55,55,55,55,55],"damage_taken":[{"damage":3,"enemies":"2 Louse","floor":2,"turns":3},{"damage":0,"enemies":"Cultist","floor":3,"turns":2},{"damage":0,"enemies":"Small Slimes","floor":4,"turns":3},{"damage":0,"enemies":"downfall:FleeingMerchant","floor":5,"turns":4},{"damage":12,"enemies":"2 Fungi Beasts","floor":6,"turns":2},{"damage":0,"enemies":"3 Louse","floor":11,"turns":2},{"damage":7,"enemies":"Lagavulin","floor":12,"turns":4},{"damage":6,"enemies":"Blue Slaver","floor":13,"turns":2},{"damage":16,"enemies":"Exordium Thugs","floor":14,"turns":3},{"damage":0,"enemies":"Gremlin Gang","floor":15,"turns":1},{"damage":24,"enemies":"downfall:Defect","floor":16,"turns":6},{"damage":0,"enemies":"Chosen","floor":19,"turns":3},{"damage":8,"enemies":"Snake Plant","floor":20,"turns":5},{"damage":12,"enemies":"Cultist and Chosen","floor":21,"turns":4},{"damage":5,"enemies":"downfall:FleeingMerchant","floor":22,"turns":4},{"damage":0,"enemies":"Centurion and Healer","floor":25,"turns":2},{"damage":0,"enemies":"downfall:FleeingMerchant","floor":26,"turns":2},{"damage":14,"enemies":"Snake Plant","floor":27,"turns":3},{"damage":11,"enemies":"Snecko","floor":28,"turns":4},{"damage":0,"enemies":"downfall:Watcher","floor":29,"turns":3},{"damage":0,"enemies":"Shelled Parasite and Fungi","floor":32,"turns":1},{"damage":0,"enemies":"downfall:Silent","floor":33,"turns":5},{"damage":0,"enemies":"3 Darklings","floor":36,"turns":3},{"damage":22,"enemies":"2 Orb Walkers","floor":37,"turns":3},{"damage":0,"enemies":"Giant Head","floor":40,"turns":5},{"damage":0,"enemies":"Nemesis","floor":43,"turns":3},{"damage":0,"enemies":"3 Shapes","floor":45,"turns":2},{"damage":0,"enemies":"Spire Growth","floor":46,"turns":3},{"damage":0,"enemies":"Sphere and 2 Shapes","floor":48,"turns":2},{"damage":0,"enemies":"3 Darklings","floor":49,"turns":2},{"damage":0,"enemies":"downfall:Ironclad","floor":50,"turns":4},{"damage":21,"enemies":"downfall:CharBossMerchant","floor":52,"turns":5},{"damage":1,"enemies":"downfall:NeowBoss","floor":55,"turns":16}],"seed_played":"-956745095108410897","potions_obtained":[{"floor":3,"key":"Guardian:BlockOnCardUsePotion"},{"floor":4,"key":"SkillPotion"},{"floor":11,"key":"SpeedPotion"},{"floor":15,"key":"Explosive Potion"},{"floor":16,"key":"champ:CounterPotion"},{"floor":21,"key":"FearPotion"},{"floor":25,"key":"Strength Potion"},{"floor":27,"key":"SkillPotion"},{"floor":32,"key":"ColorlessPotion"},{"floor":33,"key":"DuplicationPotion"},{"floor":40,"key":"Strength Potion"},{"floor":45,"key":"DistilledChaos"},{"floor":46,"key":"SkillPotion"},{"floor":52,"key":"Dexterity Potion"}],"is_trial":false,"path_per_floor":["R","M","M","M","$","M","T","R","?","R","M","E","M","M","M","B",null,"R","M","M","M","$","R","T","M","$","M","M","?","R","T","M","B",null,"R","M","?","?","T","E","T","R","E","T","M","M","R","M","M","B",null,"E","$","R","B",null],"character_chosen":"THE_SILENT","items_purchased":["Magnetism+1","Accuracy+1","Bird Faced Urn","Choke","Well Laid Plans+1","War Paint","expansioncontent:Collect+1","Footwork+1","Bronze Scales","Tactician"],"campfire_rested":0,"item_purchase_floors":[22,22,22,22,26,53,53,53,53,53],"current_hp_per_floor":[70,67,67,67,67,55,55,67,67,70,70,63,62,46,48,36,70,70,70,62,61,65,70,70,70,70,62,59,70,80,80,80,80,80,80,90,68,68,68,90,90,90,90,90,90,90,90,90,90,90,90,69,69,90,90],"gold":102,"neow_bonus":"","is_daily":true,"chose_seed":false,"campfire_upgraded":9,"win_rate":0.0,"timestamp":1610314618,"path_taken":["R","M","M","M","$","M","T","R","?","R","M","?","M","M","M","BOSS","R","M","M","M","$","R","T","M","$","M","M","?","R","?","M","BOSS","R","M","?","?","?","E","T","R","E","?","M","M","R","M","M","BOSS","E","$","R","BOSS"],"items_purchased_type":["Card","Card","Relic","Card","Card","Relic","Card","Card","Relic","Card"],"build_version":"2020-12-22","purchased_purges":0,"victory":true,"max_hp_per_floor":[70,70,70,70,70,70,70,70,70,70,70,70,70,70,70,70,70,70,70,70,70,70,70,70,70,70,70,70,70,80,80,80,80,80,80,90,90,90,90,90,90,90,90,90,90,90,90,90,90,90,90,90,90,90,90],"card_choices":[{"not_picked":["Terror","Deflect"],"picked":"Dodge and Roll","floor":5},{"not_picked":["Deflect","Deadly Poison"],"picked":"Escape Plan","floor":12},{"not_picked":["Bullet Time","Tools of the Trade+1"],"picked":"Envenom+1","floor":16},{"not_picked":[],"picked":"PiercingWail","floor":22},{"not_picked":[],"picked":"Bouncing Flask","floor":26},{"not_picked":["Well Laid Plans+1"],"picked":"Blade Dance","floor":29},{"not_picked":["Corpse Explosion"],"picked":"After Image+1","floor":33},{"not_picked":["All Out Attack"],"picked":"Poisoned Stab+1","floor":37},{"not_picked":["Outmaneuver+1"],"picked":"Underhanded Strike","floor":40},{"not_picked":["Slice+1"],"picked":"Catalyst","floor":43},{"not_picked":["Venomology","Setup"],"picked":"SKIP","floor":52}],"player_experience":645241,"relics_obtained":[{"floor":2,"key":"Frozen Egg 2"},{"floor":3,"key":"Eternal Feather"},{"floor":4,"key":"MawBank"},{"floor":6,"key":"Tiny Chest"},{"floor":7,"key":"Snake Skull"},{"floor":11,"key":"Toy Ornithopter"},{"floor":12,"key":"Omamori"},{"floor":13,"key":"Ninja Scroll"},{"floor":14,"key":"Blood Vial"},{"floor":15,"key":"Mercury Hourglass"},{"floor":19,"key":"Nunchaku"},{"floor":20,"key":"Anchor"},{"floor":21,"key":"Pen Nib"},{"floor":25,"key":"Darkstone Periapt"},{"floor":27,"key":"Question Card"},{"floor":28,"key":"Lantern"},{"floor":29,"key":"Guardian:GemstoneGun"},{"floor":29,"key":"Sundial"},{"floor":31,"key":"Whetstone"},{"floor":32,"key":"StrikeDummy"},{"floor":36,"key":"Pear"},{"floor":37,"key":"Peace Pipe"},{"floor":38,"key":"Oddly Smooth Stone"},{"floor":39,"key":"Art of War"},{"floor":40,"key":"Bag of Preparation"},{"floor":41,"key":"Ancient Tea Set"},{"floor":43,"key":"Potion Belt"},{"floor":44,"key":"Guardian:PocketSentry"},{"floor":45,"key":"Molten Egg 2"},{"floor":46,"key":"sneckomod:BlankCard"},{"floor":48,"key":"White Beast Statue"},{"floor":49,"key":"Orichalcum"},{"floor":52,"key":"Boot"}],"event_choices":[{"damage_healed":0,"gold_gain":0,"player_choice":"Upgraded","damage_taken":0,"max_hp_gain":0,"max_hp_loss":0,"event_name":"Upgrade Shrine","floor":9,"gold_loss":0,"cards_upgraded":["Envenom"]},{"damage_healed":0,"gold_gain":0,"player_choice":"Fight","damage_taken":0,"max_hp_gain":0,"max_hp_loss":0,"event_name":"Mysterious Sphere","floor":37,"gold_loss":0}],"is_beta":false,"boss_relics":[{"not_picked":["Runic Pyramid","Ring of the Serpent"],"picked":"Busted Crown"},{"not_picked":["Philosopher\u0027s Stone","Snecko Eye"],"picked":"SlaversCollar"}],"items_purged_floors":[],"is_endless":false,"potions_floor_spawned":[3,4,6,11,15,16,21,25,27,32,33,40,45,46,48,49,52],"ascension_level":0}}