{"host":"y76x98twjnyyxs83","time":1610321586,"event":{"mods":["BaseMod","Colored Powertips","Minty Spire (QoL Compilation)","Permanent Neow","Quick Restart","Rare Cards Sparkle","Relic Stats","StSLib"],"gold_per_floor":[115,126,126,136,24,24,57,57,84,84,118,118,132,149,149,221,221,241,259,93,109,123,123,157,157,157,167,177,49,83,46,46,46,46],"floor_reached":33,"playtime":1616,"items_purged":["Strike_G"],"score":535,"play_id":"b673a017-30da-4754-a718-8d9272af0653","local_time":"20210111073306","is_ascension_mode":true,"campfire_choices":[{"data":"All Out Attack","floor":6.0,"key":"SMITH"},{"floor":10.0,"key":"REST"},{"floor":15,"key":"REST"},{"floor":23,"key":"REST"},{"data":"Malaise","floor":25,"key":"SMITH"},{"floor":32,"key":"REST"}],"circlet_count":0,"master_deck":["AscendersBane","Strike_G","Strike_G+1","Defend_G","Defend_G","Defend_G","Defend_G","Defend_G","Survivor","Neutralize+1","All Out Attack+1","Slice","Footwork","Dagger Throw+1","Well Laid Plans","Dash","Underhanded Strike","Malaise+1","Burst","Heel Hook","BattleHymn","Poisoned Stab","Protect","Bouncing Flask","Noxious Fumes","Leg Sweep"],"relics":["Ring of the Snake","Nunchaku","Whetstone","Snake Skull","Cursed Key","PrismaticShard","Tough Bandages","Potion Belt"],"acts_visited":["Exordium","TheCity"],"potions_floor_usage":[11,13,16,24,33,33],"damage_taken":[{"damage":0.0,"enemies":"Cultist","floor":1.0,"turns":4.0},{"damage":2.0,"enemies":"2 Louse","floor":2.0,"turns":4.0},{"damage":0.0,"enemies":"Small Slimes","floor":4.0,"turns":3.0},{"damage":33.0,"enemies":"Lagavulin","floor":7.0,"turns":11.0},{"damage":18,"enemies":"Gremlin Nob","floor":11,"turns":5},{"damage":0,"enemies":"2 Fungi Beasts","floor":13,"turns":3},{"damage":0,"enemies":"Looter","floor":14,"turns":3},{"damage":29,"enemies":"Slime Boss","floor":16,"turns":14},{"damage":13,"enemies":"Chosen","floor":18,"turns":5},{"damage":5,"enemies":"3 Byrds","floor":19,"turns":5},{"damage":9,"enemies":"Centurion and Healer","floor":21,"turns":7},{"damage":11,"enemies":"Snake Plant","floor":22,"turns":5},{"damage":5,"enemies":"Slavers","floor":24,"turns":6},{"damage":7,"enemies":"Snecko","floor":27,"turns":6},{"damage":6,"enemies":"Centurion and Healer","floor":28,"turns":8},{"damage":6,"enemies":"Gremlin Leader","floor":30,"turns":6},{"damage":29,"enemies":"Champ","floor":33,"turns":10}],"seed_played":"-8941326247911462629","potions_obtained":[{"floor":2.0,"key":"Dexterity Potion"},{"floor":3.0,"key":"SkillPotion"},{"floor":11,"key":"Block Potion"},{"floor":13,"key":"Energy Potion"},{"floor":19,"key":"DistilledChaos"},{"floor":28,"key":"Weak Potion"}],"is_trial":false,"path_per_floor":["M","M","?","M","$","R","E","?","T","R","E","?","M","M","R","B",null,"M","M","$","M","M","R","E","R","T","M","M","$","E","$","R","B"],"character_chosen":"THE_SILENT","items_purchased":["Footwork","PrismaticShard","Bouncing Flask","Noxious Fumes","Leg Sweep"],"campfire_rested":4,"item_purchase_floors":[5,20,29,29,31],"current_hp_per_floor":[59,57,57,57,57,57,24,17,17,36,18,18,18,18,37,8,52,39,34,34,25,14,33,28,28,28,21,15,15,9,9,28,0,0],"gold":46,"neow_bonus":"UPGRADE_CARD","is_daily":false,"chose_seed":false,"campfire_upgraded":2,"win_rate":0.0,"timestamp":1610321586,"path_taken":["M","M","?","?","$","R","E","?","T","R","E","?","M","M","R","BOSS","M","M","$","M","M","R","E","R","T","M","M","$","E","$","R","BOSS"],"items_purchased_type":["Card","Relic","Card","Card","Card"],"build_version":"2020-12-22","purchased_purges":1,"victory":false,"max_hp_per_floor":[66,66,66,66,66,66,66,66,66,66,66,66,66,66,66,66,66,66,66,66,66,66,66,66,66,66,66,66,66,66,66,66,66,66],"relic_stats":{"Nunchaku":[19],"Tough Bandages":[39],"counters":[17,105],"Snake Skull":[34],"Whetstone":["Dagger Throw","Strike_G"],"Cursed Key":0,"obtain_stats":[{"Potion Belt":30,"Nunchaku":7,"Tough Bandages":24,"Snake Skull":11,"Whetstone":9,"Cursed Key":17,"PrismaticShard":20,"Ring of the Snake":0},{"Potion Belt":16,"Nunchaku":4,"Tough Bandages":13,"Snake Skull":5,"Whetstone":4,"Cursed Key":8,"PrismaticShard":10,"Ring of the Snake":0},{"Potion Belt":95,"Nunchaku":22,"Tough Bandages":75,"Snake Skull":27,"Whetstone":22,"Cursed Key":47,"PrismaticShard":57,"Ring of the Snake":0}],"Ring of the Snake":[34]},"card_choices":[{"not_picked":["Dodge and Roll","Distraction","Escape Plan"],"picked":"SKIP","floor":1.0},{"not_picked":["Deadly Poison","Dodge and Roll"],"picked":"All Out Attack","floor":2.0},{"not_picked":["Cloak And Dagger","Burst"],"picked":"Slice","floor":4.0},{"not_picked":["Cloak And Dagger","Outmaneuver"],"picked":"Dagger Throw","floor":7.0},{"not_picked":["Dagger Spray","Dagger Throw"],"picked":"Well Laid Plans","floor":11},{"not_picked":["Acrobatics","Caltrops"],"picked":"Underhanded Strike","floor":13},{"not_picked":["Flechettes","Footwork"],"picked":"Malaise","floor":14},{"not_picked":["Storm of Steel","Tools of the Trade"],"picked":"Burst","floor":16},{"not_picked":["Caltrops","Escape Plan"],"picked":"Heel Hook","floor":18},{"not_picked":["Finisher","Endless Agony","Outmaneuver"],"picked":"SKIP","floor":19},{"not_picked":["Evolve","Compile Driver"],"picked":"BattleHymn","floor":21},{"not_picked":["Cleave","CutThroughFate"],"picked":"Poisoned Stab","floor":22},{"not_picked":["Chaos","Sucker Punch","Prepared"],"picked":"SKIP","floor":24},{"not_picked":["Slice+1","Outmaneuver","Swivel"],"picked":"SKIP","floor":27},{"not_picked":["Slice","True Grit"],"picked":"Protect","floor":28},{"not_picked":["Intimidate","SpiritShield","Thunderclap"],"picked":"SKIP","floor":30}],"player_experience":1116818,"relics_obtained":[{"floor":7.0,"key":"Nunchaku"},{"floor":9.0,"key":"Whetstone"},{"floor":11,"key":"Snake Skull"},{"floor":24,"key":"Tough Bandages"},{"floor":30,"key":"Potion Belt"}],"event_choices":[{"damage_healed":0.0,"max_hp_gain":0.0,"max_hp_loss":0.0,"gold_gain":0.0,"event_name":"Lab","player_choice":"Got Potions","floor":3.0,"gold_loss":0.0,"damage_taken":0.0},{"cards_removed":["Strike_G"],"damage_healed":0.0,"max_hp_gain":0.0,"max_hp_loss":0.0,"gold_gain":0.0,"event_name":"Golden Wing","player_choice":"Card Removal","floor":8.0,"gold_loss":0.0,"damage_taken":7.0},{"damage_healed":0,"gold_gain":0,"cards_transformed":["Strike_G"],"player_choice":"Transformed","damage_taken":0,"max_hp_gain":0,"max_hp_loss":0,"event_name":"Transmorgrifier","floor":12,"gold_loss":0,"cards_obtained":["Dash"]}],"is_beta":false,"boss_relics":[{"not_picked":["Velvet Choker","SacredBark"],"picked":"Cursed Key"}],"items_purged_floors":[5],"is_endless":false,"potions_floor_spawned":[2,11,13,19,22,28],"killed_by":"Champ","ascension_level":16}}