{"host":"h4390p13uu6iw1q5","time":1610257100,"event":{"mods":["BaseMod","Colored Map","Minty Spire (QoL Compilation)"],"gold_per_floor":[116,116,136,136,136,136,172,196,196,12,12,31,50,5,5,5,5],"floor_reached":16,"playtime":454,"items_purged":["Strike_P"],"score":155,"play_id":"01df216c-377d-460b-af62-cdaff6b766f4","local_time":"20210110003820","is_ascension_mode":true,"campfire_choices":[{"data":"BowlingBash","floor":6,"key":"SMITH"},{"floor":11,"key":"REST"},{"data":"Consecrate","floor":15,"key":"SMITH"}],"circlet_count":0,"master_deck":["AscendersBane","Strike_P","Strike_P+1","Strike_P","Defend_P+1","Defend_P","Defend_P","Defend_P","Eruption+1","Vigilance","CrushJoints","BowlingBash+1","LikeWater","Protect","Sanctity","MentalFortress","Consecrate+1"],"relics":["PureWater","Golden Idol","Girya","TeardropLocket","Membership Card"],"acts_visited":["Exordium"],"potions_floor_usage":[13,16],"damage_taken":[{"damage":0,"enemies":"2 Louse","floor":1,"turns":3},{"damage":5,"enemies":"Jaw Worm","floor":3,"turns":7},{"damage":40,"enemies":"Lagavulin","floor":7,"turns":3},{"damage":0,"enemies":"Cultist","floor":8,"turns":3},{"damage":9,"enemies":"Looter","floor":12,"turns":3},{"damage":0,"enemies":"3 Louse","floor":13,"turns":3},{"damage":27,"enemies":"Slime Boss","floor":16,"turns":6}],"seed_played":"2939860008193538162","potions_obtained":[{"floor":3,"key":"BottledMiracle"},{"floor":7,"key":"FearPotion"},{"floor":12,"key":"Fire Potion"},{"floor":13,"key":"Dexterity Potion"}],"is_trial":false,"path_per_floor":["M","?","M","?","?","R","E","M","T","$","R","M","M","$","R","B"],"character_chosen":"WATCHER","items_purchased":["Membership Card","MentalFortress","Consecrate"],"campfire_rested":1,"item_purchase_floors":[10,14,14],"current_hp_per_floor":[72,72,67,67,52,52,12,12,12,12,33,24,24,24,24,0,0],"gold":5,"neow_bonus":"TEN_PERCENT_HP_BONUS","is_daily":false,"chose_seed":false,"campfire_upgraded":2,"win_rate":0.0,"timestamp":1610257100,"path_taken":["M","?","M","?","?","R","E","M","T","$","R","M","?","?","R","BOSS"],"items_purchased_type":["Relic","Card","Card"],"build_version":"2020-12-22","purchased_purges":1,"victory":false,"max_hp_per_floor":[79,79,79,73,73,73,73,73,73,73,73,73,73,73,73,73,73],"card_choices":[{"not_picked":["ClearTheMind","WaveOfTheHand"],"picked":"CrushJoints","floor":1},{"not_picked":["ForeignInfluence","JustLucky"],"picked":"BowlingBash","floor":3},{"not_picked":["WindmillStrike","Halt"],"picked":"LikeWater","floor":7},{"not_picked":["FlyingSleeves","Prostrate"],"picked":"Protect","floor":8},{"not_picked":["Prostrate","Blasphemy"],"picked":"Sanctity","floor":12},{"not_picked":["BowlingBash","Prostrate","FollowUp"],"picked":"SKIP","floor":13}],"player_experience":2430697,"relics_obtained":[{"floor":7,"key":"Girya"},{"floor":9,"key":"TeardropLocket"}],"event_choices":[{"damage_healed":0,"gold_gain":0,"player_choice":"Grow","damage_taken":0,"max_hp_gain":0,"max_hp_loss":0,"event_name":"Living Wall","floor":2,"gold_loss":0,"cards_upgraded":["Eruption"]},{"damage_healed":0,"gold_gain":0,"player_choice":"Lose Max HP","damage_taken":0,"relics_obtained":["Golden Idol"],"max_hp_gain":0,"max_hp_loss":6,"event_name":"Golden Idol","floor":4,"gold_loss":0},{"damage_healed":0,"gold_gain":0,"player_choice":"Entered Light","damage_taken":15,"max_hp_gain":0,"max_hp_loss":0,"event_name":"Shining Light","floor":5,"gold_loss":0,"cards_upgraded":["Strike_P","Defend_P"]}],"is_beta":false,"boss_relics":[],"items_purged_floors":[10],"is_endless":false,"potions_floor_spawned":[3,7,12,13],"killed_by":"Slime Boss","ascension_level":11}}