{"host":"3ikutf0nfngyhvfs","time":1610264933,"event":{"mods":["AchievementEnabler","BaseMod","Downfall","Hermit","Minty Spire (QoL Compilation)","StSLib","The Construct","The Cursed","The Disciple","The Hierophant","The Poker Player","The Runesmith"],"gold_per_floor":[113,124,143,110,125,125,155,155,179,190,209,226,226,256,256,256,256],"floor_reached":16,"playtime":1284,"items_purged":[],"score":114,"play_id":"b1f89071-32c7-469a-98ad-159d2838037e","local_time":"20210110014853","is_ascension_mode":false,"campfire_choices":[{"data":"hermit:Showdown","floor":6,"key":"SMITH"},{"data":"hermit:Maintenance","floor":8,"key":"SMITH"},{"floor":13,"key":"REST"},{"data":"hermit:Virtue","floor":15,"key":"SMITH"}],"circlet_count":0,"master_deck":["hermit:Strike_Hermit","hermit:Strike_Hermit","hermit:Strike_Hermit","hermit:Strike_Hermit","hermit:Defend_Hermit","hermit:Defend_Hermit","hermit:Defend_Hermit","hermit:Defend_Hermit","hermit:Snapshot","hermit:Covet","hermit:Showdown+1","hermit:Deadeye","hermit:Virtue+1","hermit:PistolWhip","hermit:Maintenance+1","hermit:GhostlyPresence"],"relics":["hermit:Momento","Nunchaku","MealTicket"],"acts_visited":["Exordium"],"potions_floor_usage":[10,14,14,16],"damage_taken":[{"damage":1,"enemies":"Cultist","floor":1,"turns":4},{"damage":0,"enemies":"2 Louse","floor":2,"turns":2},{"damage":0,"enemies":"Jaw Worm","floor":3,"turns":3},{"damage":8,"enemies":"Exordium Wildlife","floor":5,"turns":3},{"damage":26,"enemies":"3 Sentries","floor":7,"turns":9},{"damage":11,"enemies":"Large Slime","floor":10,"turns":3},{"damage":0,"enemies":"3 Louse","floor":11,"turns":4},{"damage":7,"enemies":"Looter","floor":12,"turns":3},{"damage":9,"enemies":"Lagavulin","floor":14,"turns":6},{"damage":48,"enemies":"Slime Boss","floor":16,"turns":10}],"seed_played":"400615599051311860","potions_obtained":[{"floor":1,"key":"hermit:BlackBile"},{"floor":3,"key":"Dexterity Potion"},{"floor":10,"key":"SteroidPotion"},{"floor":11,"key":"Swift Potion"}],"is_trial":false,"path_per_floor":["M","M","M","$","M","R","E","R","T","M","M","M","R","E","R","B"],"character_chosen":"HERMIT","items_purchased":["hermit:Virtue"],"campfire_rested":1,"item_purchase_floors":[4],"current_hp_per_floor":[81,81,81,81,73,73,47,47,47,36,36,29,53,44,44,0,0],"gold":256,"neow_bonus":"TEN_PERCENT_HP_BONUS","is_daily":false,"chose_seed":false,"campfire_upgraded":3,"win_rate":0.0,"timestamp":1610264933,"path_taken":["M","?","M","?","M","R","E","R","T","?","M","M","R","E","R","BOSS"],"items_purchased_type":["Card"],"build_version":"2020-12-22","purchased_purges":0,"victory":false,"max_hp_per_floor":[82,82,82,82,82,82,82,82,82,82,82,82,82,82,82,82,82],"card_choices":[{"not_picked":["hermit:LowProfile","hermit:Roulette","hermit:Coalescence"],"picked":"SKIP","floor":1},{"not_picked":["hermit:Dive","hermit:TrackingShot"],"picked":"hermit:Showdown","floor":2},{"not_picked":["hermit:LuckOfTheDraw","hermit:Glare"],"picked":"hermit:Deadeye","floor":3},{"not_picked":["hermit:Headshot","hermit:BodyArmor"],"picked":"hermit:PistolWhip","floor":5},{"not_picked":["hermit:FullyLoaded","hermit:WideOpen"],"picked":"hermit:Maintenance","floor":7},{"not_picked":["hermit:Coalescence","hermit:Roulette","hermit:BodyArmor"],"picked":"SKIP","floor":10},{"not_picked":["hermit:Showdown","hermit:Feint","hermit:LowProfile"],"picked":"SKIP","floor":11},{"not_picked":["hermit:CursedWeapon","hermit:Roulette"],"picked":"hermit:GhostlyPresence","floor":12},{"not_picked":["hermit:Glare","hermit:Misfire","hermit:HoleUp"],"picked":"SKIP","floor":14}],"player_experience":458817,"relics_obtained":[{"floor":7,"key":"Nunchaku"},{"floor":14,"key":"MealTicket"}],"event_choices":[],"is_beta":false,"boss_relics":[],"items_purged_floors":[],"is_endless":false,"potions_floor_spawned":[1,3,10,11],"killed_by":"Slime Boss","ascension_level":0}}