{"host":"sdl5b0uiznq00owb","time":1610263000,"event":{"mods":["BaseMod","Minty Spire (QoL Compilation)","Permanent Neow","Relic Stats"],"gold_per_floor":[116,131,143,160,234,234,269,293,357,369,456,468,480,518,530,640,652,676,958,982,994,994],"floor_reached":21,"playtime":1343,"items_purged":[],"score":289,"play_id":"6bbb0e9c-b03d-4530-820a-0eadbdcbb3ef","local_time":"20210110011640","is_ascension_mode":true,"campfire_choices":[{"data":"WheelKick","floor":6.0,"key":"SMITH"},{"floor":10.0,"key":"REST"},{"floor":12.0,"key":"REST"},{"data":"LessonLearned","floor":15.0,"key":"SMITH"}],"circlet_count":0,"master_deck":["Strike_P","Strike_P","Strike_P","Strike_P","Defend_P","Defend_P","Defend_P","Defend_P+1","Eruption","Vigilance+1","CurseOfTheBell","WheelKick+1","FlurryOfBlows","FollowUp","EmptyBody+1","LessonLearned+1","DeusExMachina","SashWhip+1"],"relics":["Calling Bell","Ancient Tea Set","Eternal Feather","Dead Branch","MawBank","Boot","Damaru","Shuriken","VioletLotus"],"acts_visited":["Exordium","TheCity"],"potions_floor_usage":[20,21],"damage_taken":[{"damage":14.0,"enemies":"2 Louse","floor":1.0,"turns":4.0},{"damage":0.0,"enemies":"Jaw Worm","floor":2.0,"turns":3.0},{"damage":1.0,"enemies":"Cultist","floor":3.0,"turns":4.0},{"damage":6.0,"enemies":"Red Slaver","floor":4.0,"turns":5.0},{"damage":10.0,"enemies":"3 Sentries","floor":7.0,"turns":3.0},{"damage":26.0,"enemies":"Lots of Slimes","floor":8.0,"turns":7.0},{"damage":0.0,"enemies":"Gremlin Nob","floor":14.0,"turns":2.0},{"damage":67.0,"enemies":"Slime Boss","floor":16.0,"turns":12.0},{"damage":0.0,"enemies":"Spheric Guardian","floor":18.0,"turns":3.0},{"damage":3,"enemies":"Shell Parasite","floor":20,"turns":2},{"damage":26,"enemies":"Chosen and Byrds","floor":21,"turns":5}],"seed_played":"-3711473631497396516","potions_obtained":[{"floor":1.0,"key":"DuplicationPotion"},{"floor":2.0,"key":"SkillPotion"},{"floor":4.0,"key":"FearPotion"},{"floor":8.0,"key":"Dexterity Potion"},{"floor":16.0,"key":"SneckoOil"},{"floor":20,"key":"DistilledChaos"}],"is_trial":false,"path_per_floor":["M","M","M","M","?","R","E","M","T","R","?","R","T","E","R","B",null,"M","?","M","M"],"character_chosen":"WATCHER","items_purchased":[],"campfire_rested":2,"item_purchase_floors":[],"current_hp_per_floor":[51,51,50,44,44,50,40,14,14,44,33,63,63,63,72,5,55,55,28,25,0,0],"gold":994,"neow_bonus":"BOSS_RELIC","is_daily":false,"chose_seed":false,"campfire_upgraded":2,"win_rate":0.0,"timestamp":1610263000,"path_taken":["M","M","M","M","?","R","E","M","T","R","?","R","?","E","R","BOSS","M","?","?","?"],"items_purchased_type":[],"build_version":"2020-12-22","purchased_purges":0,"victory":false,"max_hp_per_floor":[72,72,72,72,72,72,72,72,72,72,72,72,72,72,72,72,72,72,72,72,72,72],"relic_stats":{"counters":[11,50],"Shuriken":[7],"Dead Branch":[22],"Eternal Feather":33,"VioletLotus":[3],"MawBank":168,"Boot":[10],"obtain_stats":[{"Calling Bell":0,"Shuriken":14,"Dead Branch":0,"Damaru":13,"Eternal Feather":0,"VioletLotus":17,"PureWater":0,"Ancient Tea Set":0,"MawBank":7,"Boot":9},{"Calling Bell":0,"Shuriken":7,"Dead Branch":0,"Damaru":6,"Eternal Feather":0,"VioletLotus":8,"PureWater":0,"Ancient Tea Set":0,"MawBank":5,"Boot":6},{"Calling Bell":0,"Shuriken":28,"Dead Branch":0,"Damaru":26,"Eternal Feather":0,"VioletLotus":40,"PureWater":0,"Ancient Tea Set":0,"MawBank":19,"Boot":26}]},"card_choices":[{"not_picked":["Conclude","BowlingBash"],"picked":"WheelKick","floor":1.0},{"not_picked":["Halt","ReachHeaven"],"picked":"FlurryOfBlows","floor":2.0},{"not_picked":["Prostrate","FlyingSleeves","PathToVictory"],"picked":"SKIP","floor":3.0},{"not_picked":["EmptyFist","ReachHeaven"],"picked":"FollowUp","floor":4.0},{"not_picked":["PathToVictory","Study"],"picked":"EmptyBody","floor":7.0},{"not_picked":["Evaluate","Fasting2"],"picked":"LessonLearned","floor":8.0},{"not_picked":["PathToVictory","Vengeance","FlurryOfBlows"],"picked":"SKIP","floor":14.0},{"not_picked":["Establishment","LessonLearned"],"picked":"DeusExMachina","floor":16.0},{"not_picked":["Halt","EmptyFist"],"picked":"SashWhip+1","floor":18.0},{"not_picked":["Study+1","ClearTheMind","Adaptation"],"picked":"SKIP","floor":20}],"player_experience":776107,"relics_obtained":[{"floor":0.0,"key":"Ancient Tea Set"},{"floor":0.0,"key":"Eternal Feather"},{"floor":0.0,"key":"Dead Branch"},{"floor":7.0,"key":"MawBank"},{"floor":9.0,"key":"Boot"},{"floor":13.0,"key":"Damaru"},{"floor":14.0,"key":"Shuriken"}],"event_choices":[{"damage_healed":0.0,"max_hp_gain":0.0,"max_hp_loss":0.0,"gold_gain":74.0,"event_name":"Golden Wing","player_choice":"Gained Gold","floor":5.0,"gold_loss":0.0,"damage_taken":0.0},{"damage_healed":0.0,"max_hp_gain":0.0,"max_hp_loss":0.0,"gold_gain":75.0,"event_name":"World of Goop","player_choice":"Gather Gold","floor":11.0,"gold_loss":0.0,"damage_taken":11.0},{"damage_healed":0.0,"max_hp_gain":0.0,"max_hp_loss":0.0,"gold_gain":270.0,"event_name":"Knowing Skull","player_choice":"GOLD GOLD GOLD ","floor":19.0,"potions_obtained":[],"gold_loss":0.0,"damage_taken":27.0,"cards_obtained":[]}],"is_beta":false,"boss_relics":[{"not_picked":["SacredBark","Runic Pyramid"],"picked":"VioletLotus"}],"items_purged_floors":[],"is_endless":false,"potions_floor_spawned":[1,2,4,8,16,20],"killed_by":"Chosen and Byrds","ascension_level":7}}