{"host":"gsmj583br51y3r1c","time":1610260282,"event":{"mods":["AchievementEnabler","BaseMod","Better Note","Better Third Choice","Colored Map","Dark Map","Downfall","Hermit","Highlight Path","Hubris","Infinite Spire","Marisa????????","Minty Spire (QoL Compilation)","Permanent Neow","Quick Restart","StSLib","The Bug Knight","The Cursed","The Marked","The Mystic","The Servant 0.9.4","everything is the same but u backflip on backflip"],"gold_per_floor":[211,177,193,208,208,208,98,116,195,210,210,210,41,16,16,115,115,129,129,142,162,194,194,194],"floor_reached":23,"playtime":2654,"items_purged":["hubris:Envy","Doubt"],"score":183,"play_id":"0c17779e-da0d-4810-a5e7-be5de89a227c","local_time":"20210110083122","is_ascension_mode":false,"campfire_choices":[{"data":"hermit:Maintenance","floor":6,"key":"SMITH"},{"data":"hermit:Maintenance","floor":11,"key":"SMITH"},{"data":"hermit:TakeCover","floor":15,"key":"SMITH"}],"circlet_count":0,"master_deck":["hermit:Strike_Hermit","hermit:Strike_Hermit","hermit:Strike_Hermit","hermit:Strike_Hermit","hermit:Defend_Hermit","hermit:Defend_Hermit","hermit:Defend_Hermit","hermit:Defend_Hermit","hermit:Snapshot","hermit:Covet","hermit:Maintenance+1","hermit:Midnight","hermit:Manifest","hermit:Brawl","infinitespire:Starlight","hermit:Maintenance+1","hermit:Enervate","hermit:Brawl","hermit:TakeCover+1","hermit:FinalCanter","hermit:Quickdraw+1","hermit:Glare","hermit:Enervate"],"relics":["hermit:Momento","Meat on the Bone","hubris:Towel","Sozu","Red Mask"],"acts_visited":["Exordium","TheCity"],"potions_floor_usage":[8,10,16],"damage_taken":[{"damage":0,"enemies":"Small Slimes","floor":1,"turns":3},{"damage":1,"enemies":"Jaw Worm","floor":3,"turns":3},{"damage":1,"enemies":"2 Louse","floor":4,"turns":3},{"damage":1,"enemies":"Exordium Wildlife","floor":8,"turns":4},{"damage":12,"enemies":"Gremlin Gang","floor":10,"turns":5},{"damage":16,"enemies":"Exordium Thugs","floor":14,"turns":5},{"damage":27,"enemies":"Hexaghost","floor":16,"turns":9},{"damage":13,"enemies":"Chosen","floor":18,"turns":6},{"damage":13,"enemies":"3 Byrds","floor":20,"turns":5},{"damage":11,"enemies":"Cultist and Chosen","floor":21,"turns":7},{"damage":40,"enemies":"Masked Bandits","floor":22,"turns":6},{"damage":53,"enemies":"Nightmare","floor":23,"turns":7}],"seed_played":"-8523597431805982928","potions_obtained":[{"floor":4,"key":"Swift Potion"},{"floor":8,"key":"PowerPotion"},{"floor":14,"key":"Block Potion"},{"floor":16,"key":"SteroidPotion"}],"is_trial":false,"path_per_floor":["M","$","M","M","?","R","$","M","T","M","R","?","$","M","R","B",null,"M","?","M","M","?","NM"],"character_chosen":"HERMIT","items_purchased":["hermit:Midnight","hermit:Maintenance","hermit:TakeCover"],"campfire_rested":0,"item_purchase_floors":[2,7,13],"current_hp_per_floor":[75,75,74,73,73,73,73,72,72,70,70,70,70,64,64,47,75,62,62,59,58,40,0,0],"gold":194,"neow_bonus":"HUNDRED_GOLD","is_daily":false,"chose_seed":false,"campfire_upgraded":3,"win_rate":0.0,"timestamp":1610260282,"path_taken":["M","$","M","M","?","R","$","M","T","M","R","?","$","M","R","BOSS","M","?","?","M","?","NM"],"items_purchased_type":["Card","Card","Card"],"build_version":"2020-12-22","purchased_purges":2,"victory":false,"max_hp_per_floor":[75,75,75,75,75,75,75,75,75,75,75,75,75,75,75,75,75,75,75,75,75,75,75,75],"card_choices":[{"not_picked":["hermit:HighCaliber","hermit:Feint"],"picked":"hermit:Maintenance","floor":1},{"not_picked":["hermit:Coalescence","hermit:Snipe"],"picked":"hermit:Manifest","floor":3},{"not_picked":["hermit:Misfire","hermit:Virtue"],"picked":"hermit:Brawl","floor":4},{"not_picked":["hubris:Fate","infinitespire:FutureSight"],"picked":"infinitespire:Starlight","floor":5},{"not_picked":["hermit:Combo","hermit:Feint"],"picked":"hermit:Enervate","floor":8},{"not_picked":["hermit:Ricochet","hermit:FlashPowder"],"picked":"hermit:Brawl","floor":10},{"not_picked":["hermit:Roulette","hermit:Grudge","hermit:Manifest"],"picked":"SKIP","floor":14},{"not_picked":["hermit:Purgatory","hermit:Roughhouse"],"picked":"hermit:FinalCanter","floor":16},{"not_picked":["hermit:Midnight+1","hermit:TrackingShot"],"picked":"hermit:Quickdraw+1","floor":18},{"not_picked":["hermit:Dive","hermit:LowProfile+1"],"picked":"hermit:Glare","floor":20},{"not_picked":["hermit:BodyArmor","hermit:LowProfile","hermit:Feint"],"picked":"SKIP","floor":21},{"not_picked":["hermit:Shortfuse+1","hermit:Malice"],"picked":"hermit:Enervate","floor":22}],"player_experience":371815,"relics_obtained":[{"floor":9,"key":"Meat on the Bone"},{"floor":22,"key":"Red Mask"}],"event_choices":[{"cards_removed":["hermit:Defend_Hermit"],"damage_healed":0,"gold_gain":0,"player_choice":"Give","damage_taken":0,"max_hp_gain":0,"max_hp_loss":0,"event_name":"betterNote:BetterNote","floor":19,"gold_loss":0,"cards_obtained":["hermit:Strike_Hermit"]},{"damage_healed":0,"gold_gain":0,"player_choice":"Fought Bandits","damage_taken":0,"max_hp_gain":0,"max_hp_loss":0,"event_name":"Masked Bandits","floor":22,"gold_loss":0}],"is_beta":false,"boss_relics":[{"not_picked":["Velvet Choker","Calling Bell"],"picked":"Sozu"}],"items_purged_floors":[7,13],"is_endless":false,"potions_floor_spawned":[4,8,14,16,18,21],"killed_by":"Nightmare","ascension_level":0}}