{"host":"4jgezcw2enz0fhrk","time":1610273314,"event":{"mods":["BaseMod","Bestiary","KinomotoSakuraMod(ƒæ÷Æ±æ”£)","Marisa£®ÏF”Í°°ƒß¿Ì…≥£©","Minty Spire (QoL Compilation)","MostiFishMod","Quick Restart","Rare Cards Sparkle","Reimu£®≤©¿ˆ¡È√Œ£©","Relic Stats","Spicy Shops","StSLib","The Marked","Waifu the Spire","Yakumo Yukari mod","vexMod","°æ“≈ŒÔø®≈∆°øREMEMod"],"gold_per_floor":[116,66,66,79,93,122,122,154,166,210,234,276,288,300,312,421,433,462,485,516,17,17,44,44,379,406,417,433,433,466,501,501,602,652,671,671,771,788,801,813,841,841,841,875,875,875,907,920,920,920,920,920,6,34,34,34],"floor_reached":55,"playtime":6229,"items_purged":["Defend_MRS"],"score":1184,"play_id":"dcfc4cff-8660-4606-bdde-9336b26ad018","local_time":"20210110180834","is_ascension_mode":true,"campfire_choices":[{"floor":7.0,"key":"RECALL"},{"data":"REME_ACTH","floor":15.0,"key":"SMITH"},{"floor":24.0,"key":"REST"},{"floor":29.0,"key":"REST"},{"floor":32.0,"key":"REST"},{"floor":42,"key":"REST"},{"data":"StarDustReverie","floor":45,"key":"SMITH"},{"data":"MysteriousBeam","floor":49,"key":"SMITH"},{"data":"MilkyWay","floor":52,"key":"SMITH"}],"circlet_count":0,"master_deck":["Strike_MRS","Strike_MRS+1","Strike_MRS+1","Defend_MRS","MasterSpark+1","UpSweep+1","REME_ACTH+1","NonDirectionalLaser","MysteriousBeam+1","MilkyWay+1","PowerUp+1","UnstableBomb","UltimateShortwave","BlazeAway+1","MilkyWay+1","PropBag","StarDustReverie+1","WitchLeyline+1","MilkyWay","DC+1"],"relics":["MiniHakkero","DaveBox","REME_ComplimentaryCards","HereWithMe","Anchor","SynthV:TestCard","CrazyTorch:ReiMu","MawBank","Centennial Puzzle","Matryoshka","HaiYi:Twilight","Pear","OrangePellets","Whetstone","Nunchaku","Old Coin","Toy Ornithopter","Boot","Red Mask","REME_HandOfSuture","Tiny House","Regal Pillow","Art of War","Ornamental Fan","REME_PuzzleBoxRelic","Bag of Marbles","MetatronsCube","Tea:ReiMu","Meat on the Bone"],"acts_visited":["Exordium","TheCity","TheBeyond","TheEnding"],"potions_floor_usage":[44,47,50,50,55,55],"damage_taken":[{"damage":0.0,"enemies":"2 Louse","floor":1.0,"turns":1.0},{"damage":0.0,"enemies":"Small Slimes","floor":4.0,"turns":2.0},{"damage":0.0,"enemies":"Cultist","floor":5.0,"turns":2.0},{"damage":9.0,"enemies":"3 Sentries","floor":6.0,"turns":5.0},{"damage":0.0,"enemies":"Lagavulin","floor":8.0,"turns":2.0},{"damage":4.0,"enemies":"3 Sentries","floor":10.0,"turns":3.0},{"damage":0.0,"enemies":"Large Slime","floor":11.0,"turns":2.0},{"damage":0.0,"enemies":"Hexaghost","floor":16.0,"turns":2.0},{"damage":11.0,"enemies":"Shell Parasite","floor":18.0,"turns":3.0},{"damage":0.0,"enemies":"Chosen","floor":19.0,"turns":2.0},{"damage":27.0,"enemies":"Snake Plant","floor":20.0,"turns":3.0},{"damage":41.0,"enemies":"REME_1_Revenger","floor":23.0,"turns":3.0},{"damage":0.0,"enemies":"Gremlin Leader","floor":25.0,"turns":3.0},{"damage":0.0,"enemies":"Centurion and Healer","floor":27.0,"turns":2.0},{"damage":0.0,"enemies":"Cultist and Chosen","floor":28.0,"turns":2.0},{"damage":12.0,"enemies":"Masked Bandits","floor":30.0,"turns":3.0},{"damage":0.0,"enemies":"Book of Stabbing","floor":31.0,"turns":2.0},{"damage":20.0,"enemies":"Champ","floor":33.0,"turns":5.0},{"damage":0.0,"enemies":"Orb Walker","floor":35.0,"turns":1.0},{"damage":0.0,"enemies":"3 Darklings","floor":38.0,"turns":2.0},{"damage":11.0,"enemies":"Sphere and 2 Shapes","floor":39.0,"turns":3.0},{"damage":19.0,"enemies":"Transient","floor":40.0,"turns":5.0},{"damage":13,"enemies":"Nemesis","floor":41,"turns":3},{"damage":0,"enemies":"Reptomancer","floor":44,"turns":3},{"damage":0,"enemies":"Giant Head","floor":47,"turns":3},{"damage":14,"enemies":"Spire Growth","floor":48,"turns":3},{"damage":16,"enemies":"Donu and Deca","floor":50,"turns":5},{"damage":2,"enemies":"Shield and Spear","floor":54,"turns":2},{"damage":34,"enemies":"The Heart","floor":55,"turns":3}],"seed_played":"1784358148485038224","potions_obtained":[{"floor":4.0,"key":"CultistPotion"},{"floor":5.0,"key":"Energy Potion"},{"floor":6.0,"key":"FearPotion"},{"floor":8.0,"key":"FearPotion"},{"floor":18.0,"key":"MagicPotion:ReiMu"},{"floor":19.0,"key":"Strength Potion"},{"floor":25.0,"key":"BlessingOfTheForge"},{"floor":33.0,"key":"DistilledChaos"},{"floor":34.0,"key":"SteroidPotion"},{"floor":35.0,"key":"BottledSpark"},{"floor":41,"key":"SteroidPotion"},{"floor":46,"key":"SteroidPotion"},{"floor":47,"key":"LiquidMemories"},{"floor":48,"key":"ZuzhouPotion:ReiMu"},{"floor":54,"key":"EssenceOfSteel"}],"is_trial":false,"path_per_floor":["M","?","?","M","M","E","R","E","T","E","M","?","?","?","R","B",null,"M","M","M","$","?","E","R","E","T","M","M","R","?","E","R","B",null,"M","?","?","M","M","M","E","R","T","E","R","?","E","M","R","B",null,"R","$","E","B"],"character_chosen":"MARISA","items_purchased":["Pear","OrangePellets","Whetstone","MilkyWay","MetatronsCube"],"campfire_rested":4,"item_purchase_floors":[21,21,21,53,53],"current_hp_per_floor":[75,75,75,75,75,66,66,66,66,62,62,62,62,47,47,47,75,64,64,37,47,47,6,31,43,43,43,43,68,61,61,85,65,90,90,85,85,85,74,55,42,82,82,85,85,85,85,71,71,65,85,85,85,83,53,53],"gold":34,"neow_bonus":"RANDOM_COMMON_RELIC","is_daily":false,"chose_seed":false,"campfire_upgraded":4,"win_rate":0.0,"timestamp":1610273314,"path_taken":["M","?","?","M","?","E","R","E","T","E","M","?","?","?","R","BOSS","M","M","M","$","?","E","R","E","T","M","M","R","?","E","R","BOSS","M","?","?","M","?","M","E","R","T","E","R","?","E","M","R","BOSS","R","$","E","BOSS"],"items_purchased_type":["Relic","Relic","Relic","Card","Relic"],"build_version":"2020-12-22","purchased_purges":1,"victory":false,"max_hp_per_floor":[75,75,75,75,75,75,75,75,75,75,75,75,75,75,75,75,75,75,75,75,85,85,85,85,85,85,85,85,85,85,85,85,85,90,90,85,85,85,85,85,85,85,85,85,85,85,85,85,85,85,85,85,85,85,85,85],"relic_stats":{"Regal Pillow":15,"counters":[29,80],"Whetstone":["Strike_MRS","MasterSpark"],"MawBank":156,"Boot":[126],"OrangePellets":[5],"Centennial Puzzle":[36],"Nunchaku":[21],"Ornamental Fan":[92],"Art of War":[0],"obtain_stats":[{"AmplifyWand":27,"Regal Pillow":41,"Tiny House":34,"DaveBox":0,"Gremlin Horn":30,"Tea:ReiMu":54,"Whetstone":21,"Boot":26,"Old Coin":25,"Centennial Puzzle":10,"Nunchaku":23,"Matryoshka":12,"Sundial":33,"HereWithMe":0,"Red Mask":30,"Pear":21,"Blue Candle":28,"Letter Opener":44,"MawBank":8,"Mercury Hourglass":39,"OrangePellets":21,"Anchor":0,"SynthV:TestCard":1,"HaiYi:Twilight":17,"Shuriken":23,"Ornamental Fan":43,"CrazyTorch:ReiMu":6,"REME_HandOfSuture":31,"Art of War":43,"Bag of Marbles":47,"MiniHakkero":0,"REME_PuzzleBoxRelic":44,"Toy Ornithopter":26,"REME_ComplimentaryCards":0,"Meat on the Bone":25,"MetatronsCube":53},{"AmplifyWand":14,"Regal Pillow":23,"Tiny House":18,"DaveBox":0,"Gremlin Horn":16,"Tea:ReiMu":28,"Whetstone":11,"Boot":13,"Old Coin":13,"Centennial Puzzle":6,"Nunchaku":12,"Matryoshka":7,"Sundial":18,"HereWithMe":0,"Red Mask":16,"Pear":11,"Blue Candle":15,"Letter Opener":24,"MawBank":5,"Mercury Hourglass":21,"OrangePellets":11,"Anchor":0,"SynthV:TestCard":1,"HaiYi:Twilight":8,"Shuriken":12,"Ornamental Fan":23,"CrazyTorch:ReiMu":4,"REME_HandOfSuture":17,"Art of War":23,"Bag of Marbles":25,"MiniHakkero":0,"REME_PuzzleBoxRelic":24,"Toy Ornithopter":13,"REME_ComplimentaryCards":0,"Meat on the Bone":13,"MetatronsCube":27},{"AmplifyWand":34,"Regal Pillow":61,"Tiny House":47,"DaveBox":0,"Gremlin Horn":40,"Tea:ReiMu":77,"Whetstone":27,"Boot":33,"Old Coin":33,"Centennial Puzzle":15,"Nunchaku":30,"Matryoshka":17,"Sundial":43,"HereWithMe":0,"Red Mask":40,"Pear":27,"Blue Candle":36,"Letter Opener":63,"MawBank":12,"Mercury Hourglass":53,"OrangePellets":27,"Anchor":0,"SynthV:TestCard":1,"HaiYi:Twilight":19,"Shuriken":29,"Ornamental Fan":61,"CrazyTorch:ReiMu":10,"REME_HandOfSuture":42,"Art of War":61,"Bag of Marbles":67,"MiniHakkero":0,"REME_PuzzleBoxRelic":64,"Toy Ornithopter":33,"REME_ComplimentaryCards":0,"Meat on the Bone":32,"MetatronsCube":75}],"Toy Ornithopter":22,"Meat on the Bone":12},"card_choices":[{"not_picked":["IllusionStar","ShootingEcho"],"picked":"NonDirectionalLaser","floor":1.0},{"not_picked":["Orbital","IllusionStar","FairyDestructionRay","DragonMeteor"],"picked":"MysteriousBeam","floor":4.0},{"not_picked":["IllusionStar","SporeBomb","DoubleSpark","GalacticHalo"],"picked":"MilkyWay","floor":5.0},{"not_picked":["CasketOfStar","Occultation","ManaConvection","OneTimeOff"],"picked":"PowerUp","floor":6.0},{"not_picked":["NonDirectionalLaser","SatelliteIllusion","MagicAbsorber","EnergyRecoil"],"picked":"UnstableBomb","floor":8.0},{"not_picked":["IllusionStar","EarthLightRay","DC","FairyDestructionRay","GalacticHalo"],"picked":"SKIP","floor":10.0},{"not_picked":["DoubleSpark","SuperPerseids","GrandCross","MilkyWay","EnergyFlow"],"picked":"SKIP","floor":11.0},{"not_picked":["MillisecondPulsars","BinaryStars","JA","ManaRampage"],"picked":"UltimateShortwave","floor":16.0},{"not_picked":["DC","Acceleration","AsteroidBelt+1","6A+1"],"picked":"BlazeAway+1","floor":18.0},{"not_picked":["SporeBomb","DarkMatter","ShootingEcho","UltimateShortwave"],"picked":"MilkyWay+1","floor":19.0},{"not_picked":["ShootingEcho","WitchLeyline","6A","ShootTheMoon","DC+1"],"picked":"SKIP","floor":20.0},{"not_picked":["AsteroidBelt","CasketOfStar","MeteoricShower","NonDirectionalLaser","OpenUniverse"],"picked":"SKIP","floor":23.0},{"not_picked":["ChargeUpSpray","MagicChant","IllusionStar+1","MilkyWay","MagicAbsorber"],"picked":"SKIP","floor":25.0},{"not_picked":["ChargeUpSpray+1","NonDirectionalLaser","IllusionStar+1","WitchLeyline","DragonMeteor"],"picked":"SKIP","floor":27.0},{"not_picked":["6A","BlazeAway","PowerUp","Acceleration","WitchLeyline+1"],"picked":"SKIP","floor":28.0},{"not_picked":["EnergyFlow+1","ChargeUpSpray","ShootingEcho","GravityBeat+1","MachineGunSpark"],"picked":"SKIP","floor":31.0},{"not_picked":["EscapeVelocity","JA","MillisecondPulsars","SuperNova"],"picked":"StarDustReverie","floor":33.0},{"not_picked":["NonDirectionalLaser+1","UnstableBomb","AlicesGift","Robbery+1","StarlightTyphoon"],"picked":"SKIP","floor":35.0},{"not_picked":["DoubleSpark+1","AsteroidBelt","6A","GravityBeat+1","DarkSpark+1"],"picked":"SKIP","floor":38.0},{"not_picked":["6A+1","Occultation","MagicAbsorber","DC+1","NonDirectionalLaser"],"picked":"SKIP","floor":39.0},{"not_picked":["AsteroidBelt+1","ShootingEcho+1","RefractionSpark+1","LuminesStrike+1","SatelliteIllusion"],"picked":"SKIP","floor":40.0},{"not_picked":["OrrerysSun+1","FairyDestructionRay","ChargeUpSpray+1","NonDirectionalLaser"],"picked":"WitchLeyline+1","floor":41},{"not_picked":["DC","GalacticHalo","GrandCross","ShootingEcho+1","Robbery"],"picked":"SKIP","floor":44},{"not_picked":["MysteriousBeam+1","Robbery+1","SatelliteIllusion","OpenUniverse+1","CasketOfStar"],"picked":"SKIP","floor":47},{"not_picked":["ShootingEcho","DoubleSpark+1","GalacticHalo+1","AsteroidBelt+1","StarlightTyphoon+1"],"picked":"SKIP","floor":48},{"not_picked":["WitchLeyline+1","Robbery","ChargingUp","SporeBomb"],"picked":"DC+1","floor":54}],"player_experience":501704,"relics_obtained":[{"floor":1.0,"key":"SynthV:TestCard"},{"floor":6.0,"key":"CrazyTorch:ReiMu"},{"floor":8.0,"key":"MawBank"},{"floor":10.0,"key":"Centennial Puzzle"},{"floor":23.0,"key":"Nunchaku"},{"floor":25.0,"key":"Old Coin"},{"floor":26.0,"key":"Toy Ornithopter"},{"floor":26.0,"key":"Boot"},{"floor":30.0,"key":"Red Mask"},{"floor":31.0,"key":"REME_HandOfSuture"},{"floor":41,"key":"Regal Pillow"},{"floor":43,"key":"Art of War"},{"floor":43,"key":"Ornamental Fan"},{"floor":44,"key":"REME_PuzzleBoxRelic"},{"floor":47,"key":"Bag of Marbles"},{"floor":54,"key":"Tea:ReiMu"}],"event_choices":[{"cards_removed":["Defend_MRS"],"damage_healed":0.0,"max_hp_gain":0.0,"max_hp_loss":0.0,"gold_gain":0.0,"event_name":"The Cleric","player_choice":"Card Removal","floor":2.0,"gold_loss":50.0,"damage_taken":0.0},{"cards_removed":["Strike_MRS"],"damage_healed":0.0,"max_hp_gain":0.0,"max_hp_loss":0.0,"gold_gain":0.0,"event_name":"Purifier","player_choice":"Purged","floor":3.0,"gold_loss":0.0,"damage_taken":0.0},{"damage_healed":0.0,"max_hp_gain":0.0,"max_hp_loss":0.0,"gold_gain":30.0,"event_name":"Dead Adventurer","player_choice":"Searched \u00273\u0027 times","floor":12.0,"gold_loss":0.0,"damage_taken":0.0,"relics_obtained":["Matryoshka"]},{"cards_removed":["Defend_MRS"],"damage_healed":0.0,"max_hp_gain":0.0,"max_hp_loss":0.0,"gold_gain":0.0,"event_name":"Living Wall","player_choice":"Forget","floor":13.0,"gold_loss":0.0,"damage_taken":0.0},{"damage_healed":0.0,"max_hp_gain":0.0,"max_hp_loss":0.0,"gold_gain":0.0,"event_name":"Shining Light","player_choice":"Entered Light","floor":14.0,"gold_loss":0.0,"damage_taken":15.0,"cards_upgraded":["PowerUp","Strike_MRS"]},{"damage_healed":0.0,"max_hp_gain":0.0,"max_hp_loss":0.0,"gold_gain":0.0,"event_name":"The Library","player_choice":"Read","floor":22.0,"gold_loss":0.0,"damage_taken":0.0,"cards_obtained":["PropBag"]},{"damage_healed":0.0,"max_hp_gain":0.0,"max_hp_loss":0.0,"gold_gain":0.0,"event_name":"Masked Bandits","player_choice":"Fought Bandits","floor":30.0,"gold_loss":0.0,"damage_taken":0.0},{"damage_healed":0.0,"max_hp_gain":0.0,"max_hp_loss":5.0,"gold_gain":0.0,"event_name":"Winding Halls","player_choice":"Max HP","floor":36.0,"gold_loss":0.0,"damage_taken":0.0},{"damage_healed":0.0,"max_hp_gain":0.0,"max_hp_loss":0.0,"gold_gain":100.0,"event_name":"Golden Shrine","player_choice":"Pray","floor":37.0,"gold_loss":0.0,"damage_taken":0.0},{"damage_healed":0,"gold_gain":0,"player_choice":"Got Potions","damage_taken":0,"max_hp_gain":0,"max_hp_loss":0,"event_name":"Lab","floor":46,"gold_loss":0}],"is_beta":false,"boss_relics":[{"not_picked":["Ectoplasm","vexMod:FluxCapacitor"],"picked":"HaiYi:Twilight"},{"not_picked":["Transparent","GreenFoldingFan"],"picked":"Tiny House"}],"items_purged_floors":[21],"is_endless":false,"potions_floor_spawned":[4,5,6,8,18,19,25,27,33,35,41,47,48,54],"killed_by":"The Heart","ascension_level":2}}