{"host":"gsmj583br51y3r1c","time":1610275515,"event":{"mods":["AchievementEnabler","BaseMod","Better Note","Better Third Choice","Colored Map","Dark Map","Downfall","Hermit","Highlight Path","Infinite Spire","Marisa????????","Minty Spire (QoL Compilation)","Permanent Neow","Quick Restart","StSLib","The Bug Knight","The Cursed","The Marked","The Mystic","The Servant 0.9.4","everything is the same but u backflip on backflip"],"gold_per_floor":[365,379,379,1,12,12,37,55,55,74,89,119,133,20,20,116,116,129,144,419,419,419,419,419,419],"floor_reached":24,"playtime":1648,"items_purged":["hermit:Defend_Hermit"],"score":198,"play_id":"88787d6b-f163-4f40-ad99-818fc646550f","local_time":"20210110124515","is_ascension_mode":false,"campfire_choices":[{"data":"Mayhem","floor":6,"key":"SMITH"},{"data":"hermit:TakeCover","floor":15,"key":"SMITH"},{"floor":23,"key":"REST"}],"circlet_count":0,"master_deck":["hermit:Strike_Hermit","hermit:Strike_Hermit","hermit:Strike_Hermit","hermit:Strike_Hermit","hermit:Defend_Hermit","hermit:Defend_Hermit","hermit:Snapshot","hermit:Covet","hermit:TakeCover+1","hermit:Spite","Mayhem+1","hermit:Virtue","hermit:PistolWhip","hermit:TakeAim","hermit:FromBeyond","hermit:BigShot","hermit:Adapt","hermit:Horror","hermit:Determination","hermit:DeadOrAlive","hermit:FullyLoaded","hermit:HighCaliber+1"],"relics":["hermit:Momento","Lantern","Omamori","Gremlin Horn","Calling Bell","MealTicket","Meat on the Bone","WingedGreaves","Nilry\u0027s Codex"],"acts_visited":["Exordium","TheCity"],"potions_floor_usage":[7,18,18],"damage_taken":[{"damage":6,"enemies":"Jaw Worm","floor":1,"turns":3},{"damage":1,"enemies":"Cultist","floor":2,"turns":4},{"damage":0,"enemies":"2 Louse","floor":5,"turns":1},{"damage":23,"enemies":"Gremlin Nob","floor":7,"turns":4},{"damage":0,"enemies":"Large Slime","floor":8,"turns":4},{"damage":5,"enemies":"Looter","floor":10,"turns":3},{"damage":0,"enemies":"3 Louse","floor":11,"turns":2},{"damage":0,"enemies":"Large Slime","floor":13,"turns":4},{"damage":19,"enemies":"Hexaghost","floor":16,"turns":10},{"damage":20,"enemies":"Chosen","floor":18,"turns":4},{"damage":10,"enemies":"Shell Parasite","floor":19,"turns":6},{"damage":0,"enemies":"Centurion and Healer","floor":24,"turns":1}],"seed_played":"8533838014116899123","potions_obtained":[{"floor":2,"key":"Energy Potion"},{"floor":11,"key":"Fire Potion"},{"floor":13,"key":"hexamod:EctoCoolerPotion"},{"floor":16,"key":"SteroidPotion"}],"is_trial":false,"path_per_floor":["M","M","?","$","M","R","E","M","T","M","M","?","M","$","R","B",null,"M","M","?","?","?","R","M"],"character_chosen":"HERMIT","items_purchased":["Mayhem","Lantern","hermit:Virtue","hermit:Determination"],"campfire_rested":1,"item_purchase_floors":[4,4,4,14],"current_hp_per_floor":[62,61,61,61,61,61,38,38,38,33,33,33,33,33,33,14,68,48,38,38,38,22,42,42,42],"gold":419,"neow_bonus":"TWO_FIFTY_GOLD","is_daily":false,"chose_seed":false,"campfire_upgraded":2,"win_rate":0.0,"timestamp":1610275515,"path_taken":["M","M","?","$","M","R","E","?","T","M","M","?","M","$","R","BOSS","M","M","?","?","?","R","M"],"items_purchased_type":["Card","Relic","Card","Card"],"build_version":"2020-12-22","purchased_purges":1,"victory":false,"max_hp_per_floor":[68,68,68,68,68,68,68,68,68,68,68,68,68,68,68,68,68,68,68,68,68,68,68,68,68],"card_choices":[{"not_picked":["hermit:BodyArmor","hermit:HighCaliber"],"picked":"hermit:TakeCover","floor":1},{"not_picked":["hermit:ItchyTrigger","hermit:Manifest"],"picked":"hermit:Spite","floor":2},{"not_picked":["hermit:Cheat","hermit:LoneWolf"],"picked":"hermit:PistolWhip","floor":5},{"not_picked":["hermit:Glare","hermit:TrackingShot"],"picked":"hermit:TakeAim","floor":7},{"not_picked":["hermit:Horror","hermit:CalledShot"],"picked":"hermit:FromBeyond","floor":8},{"not_picked":["hermit:Showdown","hermit:Vantage"],"picked":"hermit:BigShot","floor":10},{"not_picked":["hermit:LowProfile","hermit:LuckOfTheDraw"],"picked":"hermit:Adapt","floor":11},{"not_picked":["hermit:Combo","hermit:Desperado"],"picked":"hermit:Horror","floor":13},{"not_picked":["hermit:Purgatory","hermit:HighNoon"],"picked":"hermit:DeadOrAlive","floor":16},{"not_picked":["hermit:Virtue","hermit:Showdown"],"picked":"hermit:FullyLoaded","floor":18},{"not_picked":["hermit:HoleUp","hermit:WideOpen"],"picked":"hermit:HighCaliber+1","floor":19}],"player_experience":376570,"relics_obtained":[{"floor":7,"key":"Omamori"},{"floor":9,"key":"Gremlin Horn"},{"floor":17,"key":"MealTicket"},{"floor":17,"key":"Meat on the Bone"},{"floor":17,"key":"WingedGreaves"},{"floor":22,"key":"Nilry\u0027s Codex"}],"event_choices":[{"cards_removed":["hermit:Defend_Hermit"],"damage_healed":0,"gold_gain":0,"player_choice":"Purged","damage_taken":0,"max_hp_gain":0,"max_hp_loss":0,"event_name":"Purifier","floor":3,"gold_loss":0},{"damage_healed":0,"gold_gain":30,"player_choice":"Searched \u00271\u0027 times","damage_taken":0,"max_hp_gain":0,"max_hp_loss":0,"event_name":"Dead Adventurer","floor":12,"gold_loss":0},{"damage_healed":0,"gold_gain":275,"player_choice":"Desecrate","damage_taken":0,"max_hp_gain":0,"max_hp_loss":0,"event_name":"Golden Shrine","floor":20,"gold_loss":0,"cards_obtained":["Regret"]},{"cards_removed":["hermit:Strike_Hermit"],"damage_healed":0,"gold_gain":0,"player_choice":"Give","damage_taken":0,"max_hp_gain":0,"max_hp_loss":0,"event_name":"betterNote:BetterNote","floor":21,"gold_loss":0,"cards_obtained":["hermit:Defend_Hermit"]},{"damage_healed":0,"gold_gain":0,"player_choice":"Obtained Book","damage_taken":16,"max_hp_gain":0,"max_hp_loss":0,"event_name":"Cursed Tome","floor":22,"gold_loss":0}],"is_beta":false,"boss_relics":[{"not_picked":["hermit:DentedPlate","Tiny House"],"picked":"Calling Bell"}],"items_purged_floors":[14],"is_endless":false,"potions_floor_spawned":[2,11,13,16],"killed_by":"Centurion and Healer","ascension_level":0}}