{"host":"mdbnki27vzqujy5q","time":1610265323,"event":{"mods":["BaseMod","Colored Powertips","Minty Spire (QoL Compilation)","Quick Restart"],"gold_per_floor":[117,5,5,20,20,52,52,82,107,119,149,336,348,372,384,496,508,533,545,632,660,682,694,694],"floor_reached":23,"playtime":777,"items_purged":[],"score":246,"play_id":"b7670cee-ce8e-4c8d-a08e-1c9868077559","local_time":"20210109235523","is_ascension_mode":true,"campfire_choices":[{"data":"Metallicize","floor":7.0,"key":"SMITH"},{"data":"Clothesline","floor":13.0,"key":"SMITH"},{"data":"Rampage","floor":15.0,"key":"SMITH"}],"circlet_count":0,"master_deck":["Strike_R","Strike_R","Strike_R","Strike_R","Defend_R","Defend_R","Defend_R","Bash","Thunderclap","Metallicize+1","Dropkick","Disarm","Rampage+1","Headbutt","Clothesline+1","Flex","Berserk","Cleave","Clash","Clash+1"],"relics":["Black Blood","NeowsBlessing","MealTicket","Omamori","MawBank","Happy Flower"],"acts_visited":["Exordium","TheCity"],"potions_floor_usage":[22,22,22,22,22],"damage_taken":[{"damage":0.0,"enemies":"Small Slimes","floor":1.0,"turns":1.0},{"damage":0.0,"enemies":"Jaw Worm","floor":4.0,"turns":1.0},{"damage":0.0,"enemies":"Lagavulin","floor":6.0,"turns":1.0},{"damage":27.0,"enemies":"3 Sentries","floor":8.0,"turns":6.0},{"damage":8.0,"enemies":"2 Louse","floor":11.0,"turns":2.0},{"damage":12.0,"enemies":"Exordium Wildlife","floor":14.0,"turns":4.0},{"damage":22.0,"enemies":"Hexaghost","floor":16.0,"turns":9.0},{"damage":27.0,"enemies":"Shell Parasite","floor":18.0,"turns":6.0},{"damage":36.0,"enemies":"2 Thieves","floor":21.0,"turns":5.0},{"damage":23,"enemies":"Centurion and Healer","floor":22,"turns":4},{"damage":34,"enemies":"Slavers","floor":23,"turns":2}],"seed_played":"5245612732519650114","potions_obtained":[{"floor":4.0,"key":"PowerPotion"},{"floor":6.0,"key":"Dexterity Potion"},{"floor":14.0,"key":"Weak Potion"},{"floor":18.0,"key":"GamblersBrew"},{"floor":21.0,"key":"EntropicBrew"}],"is_trial":false,"path_per_floor":["M","$","?","M","?","E","R","E","T","?","M","?","R","M","R","B",null,"M","?","?","M","M","E"],"character_chosen":"IRONCLAD","items_purchased":["Metallicize","Dropkick"],"campfire_rested":0,"item_purchase_floors":[2,2],"current_hp_per_floor":[80,80,73,79,79,80,80,59,59,64,62,62,62,56,56,40,85,70,70,62,38,27,0,0],"gold":694,"neow_bonus":"THREE_ENEMY_KILL","is_daily":false,"chose_seed":false,"campfire_upgraded":3,"win_rate":0.0,"timestamp":1610265323,"path_taken":["M","$","?","M","?","E","R","E","T","?","?","?","R","M","R","BOSS","M","?","?","M","?","E"],"items_purchased_type":["Card","Card"],"build_version":"2020-12-22","purchased_purges":0,"victory":false,"max_hp_per_floor":[80,80,80,80,80,80,80,80,80,85,85,85,85,85,85,85,85,85,85,85,85,85,85,85],"card_choices":[{"not_picked":["Sword Boomerang","Rage"],"picked":"Thunderclap","floor":1.0},{"not_picked":["Flame Barrier","Body Slam"],"picked":"Disarm","floor":4.0},{"not_picked":["Anger","Clothesline"],"picked":"Rampage","floor":6.0},{"not_picked":["True Grit","Flex"],"picked":"Headbutt","floor":8.0},{"not_picked":["Whirlwind","Hemokinesis"],"picked":"Clothesline","floor":11.0},{"not_picked":["Body Slam","Searing Blow"],"picked":"Flex","floor":14.0},{"not_picked":["Impervious","Fiend Fire"],"picked":"Berserk","floor":16.0},{"not_picked":["Rage","Perfected Strike"],"picked":"Cleave","floor":18.0},{"not_picked":["Pommel Strike+1","Clothesline+1"],"picked":"Clash","floor":21.0},{"not_picked":["Headbutt+1","Flex+1"],"picked":"Clash+1","floor":22}],"player_experience":56308,"relics_obtained":[{"floor":6.0,"key":"MealTicket"},{"floor":8.0,"key":"Omamori"},{"floor":9.0,"key":"MawBank"}],"event_choices":[{"cards_removed":["Strike_R"],"damage_healed":0.0,"max_hp_gain":0.0,"max_hp_loss":0.0,"gold_gain":0.0,"event_name":"Golden Wing","player_choice":"Card Removal","floor":3.0,"gold_loss":0.0,"damage_taken":7.0},{"cards_removed":["Defend_R"],"damage_healed":0.0,"max_hp_gain":0.0,"max_hp_loss":0.0,"gold_gain":0.0,"event_name":"Living Wall","player_choice":"Forget","floor":5.0,"gold_loss":0.0,"damage_taken":0.0},{"damage_healed":0.0,"max_hp_gain":5.0,"max_hp_loss":0.0,"gold_gain":0.0,"event_name":"Big Fish","player_choice":"Donut","floor":10.0,"gold_loss":0.0,"damage_taken":0.0},{"damage_healed":0.0,"max_hp_gain":0.0,"max_hp_loss":0.0,"gold_gain":175.0,"event_name":"Liars Game","player_choice":"AGREE","floor":12.0,"gold_loss":0.0,"damage_taken":0.0,"cards_obtained":["Doubt"]},{"damage_healed":0.0,"max_hp_gain":0.0,"max_hp_loss":0.0,"gold_gain":0.0,"event_name":"The Mausoleum","player_choice":"Opened","floor":19.0,"gold_loss":0.0,"damage_taken":0.0,"relics_obtained":["Happy Flower"],"cards_obtained":["Writhe"]},{"damage_healed":0.0,"max_hp_gain":0.0,"max_hp_loss":0.0,"gold_gain":75.0,"event_name":"FaceTrader","player_choice":"Touch","floor":20.0,"gold_loss":0.0,"damage_taken":8.0}],"is_beta":false,"boss_relics":[{"not_picked":["Pandora\u0027s Box","Ectoplasm"],"picked":"Black Blood"}],"items_purged_floors":[],"is_endless":false,"potions_floor_spawned":[4,6,14,18,21],"killed_by":"Slavers","ascension_level":2}}