{"host":"x6tlfgqpy55vgxdn","time":1610255386,"event":{"mods":["AchievementEnabler","BaseMod","DeckTracker","Minty Spire (QoL Compilation)","Permanent Neow","Quick Restart","StSLib","SuperFastMode"],"gold_per_floor":[115,115,115,190,190,190,225,244,244,263,263,301,316,350,350,440,440,459,480,480,480,494,494,528,528,528,528,304,322,142,168,168,245,245,263,138,21,0,0,33,58,744,744,772,783,783,783,794,794,794,794,794,446,478,478],"floor_reached":56,"playtime":2429,"items_purged":["Strike_B","Defend_B","Strike_B","Defend_B","Defend_B","Defend_B"],"score":2302,"play_id":"b5f32018-55ff-4394-8e6a-2a0e89b5f656","local_time":"20210110140946","is_ascension_mode":true,"campfire_choices":[{"data":"Dualcast","floor":6.0,"key":"SMITH"},{"data":"Loop","floor":11.0,"key":"SMITH"},{"data":"Redo","floor":15.0,"key":"SMITH"},{"data":"Coolheaded","floor":23.0,"key":"SMITH"},{"data":"Skim","floor":25.0,"key":"SMITH"},{"data":"Capacitor","floor":32.0,"key":"SMITH"},{"floor":46.0,"key":"RECALL"},{"data":"Go for the Eyes","floor":47.0,"key":"SMITH"},{"data":"Zap","floor":49.0,"key":"SMITH"},{"data":"Master of Strategy","floor":52.0,"key":"SMITH"}],"circlet_count":0,"master_deck":["AscendersBane","Zap+1","Dualcast+1","Glacier","Loop+1","Coolheaded+1","Barrage","Skim+1","Redo+1","Echo Form","Capacitor+1","Rip and Tear","All For One","Master of Strategy+1","Go for the Eyes+1","Chill","Hologram+1","Panacea","Capacitor"],"relics":["Cracked Core","TungstenRod","Symbiotic Virus","Bloody Idol","Kunai","InkBottle","Vajra","Omamori","Nuclear Battery","Matryoshka","Runic Capacitor","Mummified Hand","Orrery","Lantern","Coffee Dripper","Membership Card","Bag of Preparation","Gremlin Horn","Red Mask","Bag of Marbles","Pen Nib","Shuriken","Pantograph","Sling","Anchor","Darkstone Periapt","WingedGreaves","Sundial","Lee\u0027s Waffle","Ice Cream"],"acts_visited":["Exordium","TheCity","TheBeyond","TheEnding"],"potions_floor_usage":[55,55,55,55],"damage_taken":[{"damage":3.0,"enemies":"Small Slimes","floor":1.0,"turns":4.0},{"damage":11.0,"enemies":"Lagavulin","floor":7.0,"turns":10.0},{"damage":0.0,"enemies":"Jaw Worm","floor":8.0,"turns":3.0},{"damage":1.0,"enemies":"2 Louse","floor":10.0,"turns":3.0},{"damage":6.0,"enemies":"Gremlin Nob","floor":12.0,"turns":3.0},{"damage":5.0,"enemies":"Looter","floor":13.0,"turns":2.0},{"damage":0.0,"enemies":"Lagavulin","floor":14.0,"turns":3.0},{"damage":3.0,"enemies":"The Guardian","floor":16.0,"turns":7.0},{"damage":25.0,"enemies":"2 Thieves","floor":18.0,"turns":3.0},{"damage":0.0,"enemies":"Chosen","floor":19.0,"turns":5.0},{"damage":10.0,"enemies":"Centurion and Healer","floor":22.0,"turns":6.0},{"damage":4.0,"enemies":"Gremlin Leader","floor":24.0,"turns":2.0},{"damage":9.0,"enemies":"Snake Plant","floor":29.0,"turns":5.0},{"damage":17.0,"enemies":"Book of Stabbing","floor":31.0,"turns":5.0},{"damage":25.0,"enemies":"Collector","floor":33.0,"turns":7.0},{"damage":6.0,"enemies":"Orb Walker","floor":35.0,"turns":3.0},{"damage":0.0,"enemies":"Nemesis","floor":40.0,"turns":9.0},{"damage":0.0,"enemies":"Reptomancer","floor":41.0,"turns":4.0},{"damage":0.0,"enemies":"Giant Head","floor":44.0,"turns":4.0},{"damage":0.0,"enemies":"3 Shapes","floor":45.0,"turns":3.0},{"damage":0.0,"enemies":"3 Darklings","floor":48.0,"turns":2.0},{"damage":32.0,"enemies":"Time Eater","floor":50.0,"turns":9.0},{"damage":1.0,"enemies":"Shield and Spear","floor":54.0,"turns":3.0},{"damage":42,"enemies":"The Heart","floor":55,"turns":6}],"seed_played":"4579790227834555534","potions_obtained":[{"floor":1.0,"key":"FearPotion"},{"floor":8.0,"key":"Ancient Potion"},{"floor":13.0,"key":"Strength Potion"},{"floor":24.0,"key":"DistilledChaos"}],"is_trial":false,"path_per_floor":["M","?","T","?","?","R","E","M","T","M","R","E","M","E","R","B",null,"M","M","?","?","M","R","E","R","T","?","$","M","$","E","R","B",null,"M","$","$","?","?","E","E","$","T","E","M","R","R","M","R","B",null,"R","$","E","B",null],"character_chosen":"DEFECT","items_purchased":["Runic Capacitor","Mummified Hand","Orrery","Master of Strategy","EntropicBrew","Membership Card","Bag of Preparation","Gremlin Horn","Shuriken","Pantograph","Sling","Sundial","Lee\u0027s Waffle","Panacea"],"campfire_rested":0,"item_purchase_floors":[28,30,30,30,30,37,37,37,42,42,42,53,53,53],"current_hp_per_floor":[61,61,61,51,30,30,19,19,19,18,18,12,7,7,7,4,49,24,24,24,24,19,19,20,20,20,20,20,16,46,34,34,14,52,51,51,64,64,56,61,64,64,64,64,64,64,64,64,64,32,56,56,71,71,29],"gold":478,"neow_bonus":"ONE_RARE_RELIC","is_daily":false,"chose_seed":false,"campfire_upgraded":9,"win_rate":0.0,"timestamp":1610255386,"path_taken":["M","?","?","?","?","R","E","M","T","M","R","E","M","E","R","BOSS","M","M","?","?","M","R","E","R","T","?","$","M","$","E","R","BOSS","M","$","$","?","?","E","E","$","T","E","M","R","R","?","R","BOSS","R","$","E","BOSS"],"items_purchased_type":["Relic","Relic","Relic","Card","Potion","Relic","Relic","Relic","Relic","Relic","Relic","Relic","Relic","Card"],"build_version":"2020-12-22","purchased_purges":6,"victory":true,"max_hp_per_floor":[64,64,64,64,64,64,64,64,64,64,64,64,64,64,64,64,64,64,64,64,64,64,64,64,64,64,64,64,64,64,64,64,64,64,64,64,64,64,64,64,64,64,64,64,64,64,64,64,64,64,64,64,71,71,71],"card_choices":[{"not_picked":["BootSequence","Streamline"],"picked":"Glacier","floor":1.0},{"not_picked":["Steam","Sweeping Beam"],"picked":"Loop","floor":7.0},{"not_picked":["Gash","Hologram"],"picked":"Coolheaded","floor":8.0},{"not_picked":["Barrage","All For One","Leap"],"picked":"SKIP","floor":10.0},{"not_picked":["All For One","Leap"],"picked":"Barrage","floor":10.0},{"not_picked":["Cold Snap","Ball Lightning"],"picked":"Skim","floor":12.0},{"not_picked":["Beam Cell","Barrage","Go for the Eyes"],"picked":"SKIP","floor":13.0},{"not_picked":["Reprogram","Storm"],"picked":"Redo","floor":14.0},{"not_picked":["Hyperbeam","Creative AI"],"picked":"Echo Form","floor":16.0},{"not_picked":["Turbo","Hologram","Ball Lightning+1"],"picked":"SKIP","floor":18.0},{"not_picked":["Stack","Coolheaded","Turbo"],"picked":"SKIP","floor":19.0},{"not_picked":["Leap","Barrage","Lockon"],"picked":"SKIP","floor":22.0},{"not_picked":["Ball Lightning","Redo+1","Lockon"],"picked":"SKIP","floor":24.0},{"not_picked":["Gash","Hologram","Barrage"],"picked":"SKIP","floor":29.0},{"not_picked":["Tempest","Genetic Algorithm"],"picked":"Go for the Eyes","floor":30.0},{"not_picked":["Stack","Ball Lightning"],"picked":"Chill","floor":31.0},{"not_picked":["Recycle+1","Scrape"],"picked":"Hologram+1","floor":35.0},{"not_picked":["Gash+1","Cold Snap+1","Barrage"],"picked":"SKIP","floor":40.0},{"not_picked":["White Noise","Steam","Barrage"],"picked":"SKIP","floor":41.0},{"not_picked":["Fusion+1","Heatsinks","Skim"],"picked":"SKIP","floor":44.0},{"not_picked":["Barrage+1","Streamline","Loop"],"picked":"SKIP","floor":45.0},{"not_picked":["Stack","BootSequence","Redo"],"picked":"SKIP","floor":48.0},{"not_picked":["Sunder","BootSequence+1"],"picked":"Capacitor","floor":54.0}],"player_experience":235722,"relics_obtained":[{"floor":3.0,"key":"Symbiotic Virus"},{"floor":7.0,"key":"Kunai"},{"floor":9.0,"key":"InkBottle"},{"floor":12.0,"key":"Vajra"},{"floor":14.0,"key":"Omamori"},{"floor":24.0,"key":"WingedGreaves"},{"floor":26.0,"key":"Matryoshka"},{"floor":31.0,"key":"Lantern"},{"floor":40.0,"key":"Bag of Marbles"},{"floor":41.0,"key":"Pen Nib"},{"floor":43.0,"key":"Anchor"},{"floor":44.0,"key":"Darkstone Periapt"},{"floor":54.0,"key":"Ice Cream"}],"event_choices":[{"damage_healed":0.0,"max_hp_gain":0.0,"max_hp_loss":0.0,"gold_gain":0.0,"event_name":"Liars Game","player_choice":"Ignored","floor":2.0,"gold_loss":0.0,"damage_taken":0.0},{"damage_healed":0.0,"max_hp_gain":0.0,"max_hp_loss":0.0,"gold_gain":75.0,"event_name":"World of Goop","player_choice":"Gather Gold","floor":4.0,"gold_loss":0.0,"damage_taken":11.0},{"damage_healed":0.0,"max_hp_gain":0.0,"max_hp_loss":0.0,"gold_gain":0.0,"event_name":"Golden Idol","player_choice":"Take Damage","floor":5.0,"gold_loss":0.0,"damage_taken":22.0,"relics_obtained":["Golden Idol"]},{"damage_healed":0.0,"max_hp_gain":0.0,"max_hp_loss":0.0,"gold_gain":0.0,"event_name":"The Library","player_choice":"Read","floor":20.0,"gold_loss":0.0,"damage_taken":0.0,"cards_obtained":["Capacitor"]},{"damage_healed":0.0,"max_hp_gain":0.0,"max_hp_loss":0.0,"gold_gain":0.0,"event_name":"Forgotten Altar","player_choice":"Gave Idol","floor":21.0,"relics_lost":["Golden Idol"],"gold_loss":0.0,"damage_taken":0.0,"relics_obtained":["Bloody Idol"]},{"damage_healed":0.0,"max_hp_gain":0.0,"max_hp_loss":0.0,"gold_gain":0.0,"cards_transformed":["Strike_B","Strike_B"],"event_name":"Drug Dealer","player_choice":"Became Test Subject","floor":27.0,"gold_loss":0.0,"damage_taken":0.0,"cards_obtained":["Rip and Tear","All For One"]},{"damage_healed":0.0,"max_hp_gain":0.0,"max_hp_loss":0.0,"gold_gain":0.0,"event_name":"Tomb of Lord Red Mask","player_choice":"Paid","floor":38.0,"gold_loss":21.0,"damage_taken":0.0,"relics_obtained":["Red Mask"]},{"damage_healed":0.0,"max_hp_gain":0.0,"max_hp_loss":0.0,"gold_gain":0.0,"event_name":"Wheel of Change","player_choice":"Damaged","floor":39.0,"gold_loss":0.0,"damage_taken":9.0}],"is_beta":false,"boss_relics":[{"not_picked":["Velvet Choker","Busted Crown"],"picked":"Nuclear Battery"},{"not_picked":["Pandora\u0027s Box","Philosopher\u0027s Stone"],"picked":"Coffee Dripper"}],"items_purged_floors":[28,30,36,37,42,53],"is_endless":false,"potions_floor_spawned":[1,8,13,24,31,33,40,41],"ascension_level":15}}