{"host":"2okas1s8lto464g9","time":1610280061,"event":{"mods":["BaseMod","Marisa£®ÏF”Í°°ƒß¿Ì…≥£©","Minty Spire (QoL Compilation)","StSLib","The Construct","The Servant 0.9.4"],"gold_per_floor":[116,131,56,70,145,145,178,192,218,218,251,251,282,282,282,384,384,398,413,413,73,73,73,91,101,101,113,50,62,74,97,109,225,237,267,279,306,332,354,401,424,469,527,539,565,597,113,129,129,129],"floor_reached":51,"playtime":3367,"items_purged":["Normality","Strike_P","Defend_P"],"score":852,"play_id":"0a1cec57-1a82-49b3-83dd-eab0e3bd17a5","local_time":"20210110200101","is_ascension_mode":true,"campfire_choices":[{"data":"Eruption","floor":6.0,"key":"SMITH"},{"data":"Vengeance","floor":10.0,"key":"SMITH"},{"data":"Tantrum","floor":12.0,"key":"SMITH"},{"data":"EmptyFist","floor":15.0,"key":"SMITH"},{"data":"Wallop","floor":23.0,"key":"SMITH"},{"data":"Scrawl","floor":27.0,"key":"SMITH"},{"floor":29.0,"key":"REST"},{"data":"LikeWater","floor":32.0,"key":"SMITH"},{"data":"Establishment","floor":44,"key":"SMITH"},{"data":"Devotion","floor":49,"key":"SMITH"}],"circlet_count":0,"master_deck":["Defend_P","Defend_P","Defend_P","Eruption+1","Vigilance","Vengeance+1","Tantrum+1","EmptyFist+1","Worship+1","Scrawl+1","Wallop+1","Establishment+1","SandsOfTime+1","Meditate+1","Meditate+1","Evaluate","Devotion+1"],"relics":["PureWater","Incense Burner","Anchor","Bag of Preparation","Blood Vial","Yang","Empty Cage","Matryoshka","Enchiridion","MawBank","InkBottle","Cursed Key","Omamori","Strawberry","Regal Pillow","PreservedInsect","Sundial"],"acts_visited":["Exordium","TheCity","TheBeyond"],"potions_floor_usage":[50,50],"damage_taken":[{"damage":0.0,"enemies":"Cultist","floor":1.0,"turns":2.0},{"damage":5.0,"enemies":"Small Slimes","floor":2.0,"turns":3.0},{"damage":1.0,"enemies":"2 Louse","floor":4.0,"turns":2.0},{"damage":0.0,"enemies":"Gremlin Nob","floor":7.0,"turns":2.0},{"damage":0.0,"enemies":"Looter","floor":8.0,"turns":2.0},{"damage":4.0,"enemies":"3 Sentries","floor":11.0,"turns":7.0},{"damage":0.0,"enemies":"Gremlin Nob","floor":13.0,"turns":2.0},{"damage":26.0,"enemies":"The Guardian","floor":16.0,"turns":10.0},{"damage":0.0,"enemies":"Spheric Guardian","floor":18.0,"turns":3.0},{"damage":0.0,"enemies":"3 Byrds","floor":19.0,"turns":4.0},{"damage":19.0,"enemies":"Centurion and Healer","floor":24.0,"turns":4.0},{"damage":0.0,"enemies":"Snecko","floor":25.0,"turns":3.0},{"damage":10.0,"enemies":"Shelled Parasite and Fungi","floor":31.0,"turns":3.0},{"damage":37.0,"enemies":"Champ","floor":33.0,"turns":11.0},{"damage":0.0,"enemies":"3 Shapes","floor":35.0,"turns":2.0},{"damage":0,"enemies":"Orb Walker","floor":37,"turns":2},{"damage":0,"enemies":"Spire Growth","floor":38,"turns":4},{"damage":35,"enemies":"Jaw Worm Horde","floor":39,"turns":4},{"damage":4,"enemies":"Giant Head","floor":40,"turns":7},{"damage":1,"enemies":"3 Darklings","floor":41,"turns":4},{"damage":6,"enemies":"Reptomancer","floor":42,"turns":5},{"damage":8,"enemies":"4 Shapes","floor":45,"turns":4},{"damage":1,"enemies":"Spire Growth","floor":46,"turns":3},{"damage":0,"enemies":"Transient","floor":48,"turns":5},{"damage":8,"enemies":"Awakened One","floor":50,"turns":6}],"seed_played":"-2741681699588098658","potions_obtained":[{"floor":1.0,"key":"SteroidPotion"},{"floor":4.0,"key":"Energy Potion"},{"floor":8.0,"key":"DistilledChaos"},{"floor":11.0,"key":"ColorlessPotion"},{"floor":18.0,"key":"Dexterity Potion"},{"floor":24.0,"key":"SteroidPotion"},{"floor":31.0,"key":"BottledMiracle"},{"floor":39,"key":"SmokeBomb"},{"floor":40,"key":"AttackPotion"},{"floor":45,"key":"GamblersBrew"},{"floor":46,"key":"Strength Potion"}],"is_trial":false,"path_per_floor":["M","M","$","M","?","R","E","M","T","R","E","R","E","?","R","B",null,"M","M","?","$","?","R","M","M","T","R","?","R","$","M","R","B",null,"M","?","M","M","M","E","M","E","T","R","M","M","$","M","R","B",null],"character_chosen":"WATCHER","items_purchased":["Matryoshka","Sundial","Ancient Potion","Evaluate"],"campfire_rested":1,"item_purchase_floors":[21,47,47,47],"current_hp_per_floor":[72,67,67,66,55,55,55,55,55,55,51,51,53,53,53,29,72,72,72,59,59,43,43,26,28,28,28,28,51,51,43,43,8,77,77,77,77,77,42,40,41,44,44,44,38,39,39,41,41,35],"gold":129,"neow_bonus":"ONE_RARE_RELIC","is_daily":false,"chose_seed":false,"campfire_upgraded":9,"win_rate":0.0,"timestamp":1610280061,"path_taken":["M","?","$","M","?","R","E","M","T","R","E","R","E","?","R","BOSS","M","M","?","$","?","R","M","M","T","R","?","R","?","M","R","BOSS","M","?","M","M","M","E","M","E","T","R","?","M","$","M","R","BOSS"],"items_purchased_type":["Relic","Relic","Potion","Card"],"build_version":"2020-12-22","purchased_purges":3,"victory":true,"max_hp_per_floor":[72,72,72,72,72,72,72,72,72,72,72,72,72,72,72,72,72,72,72,77,77,77,77,77,77,77,77,77,77,77,77,77,77,77,77,77,77,77,77,77,77,84,84,84,84,84,84,84,84,84],"card_choices":[{"not_picked":["ThirdEye","JustLucky"],"picked":"LikeWater","floor":1.0},{"not_picked":["Protect","Swivel","FollowUp"],"picked":"SKIP","floor":2.0},{"not_picked":["Study","BattleHymn"],"picked":"Vengeance","floor":4.0},{"not_picked":["Pray","WheelKick"],"picked":"Tantrum","floor":7.0},{"not_picked":["Protect","Consecrate"],"picked":"EmptyFist","floor":8.0},{"not_picked":["Consecrate","Prostrate","SandsOfTime"],"picked":"SKIP","floor":11.0},{"not_picked":["Consecrate","Prostrate","SandsOfTime"],"picked":"SKIP","floor":11.0},{"not_picked":["FlurryOfBlows","EmptyFist"],"picked":"Worship","floor":13.0},{"not_picked":["Ragnarok","LessonLearned"],"picked":"Scrawl","floor":16.0},{"not_picked":["Perseverance","FlurryOfBlows","EmptyFist"],"picked":"SKIP","floor":18.0},{"not_picked":["CarveReality","JustLucky"],"picked":"Wallop","floor":19.0},{"not_picked":["WaveOfTheHand","Swivel","EmptyBody"],"picked":"SKIP","floor":24.0},{"not_picked":["CarveReality","Wallop+1","Prostrate"],"picked":"SKIP","floor":25.0},{"not_picked":["ThirdEye","Protect","CrushJoints"],"picked":"SKIP","floor":31.0},{"not_picked":["LessonLearned","MasterReality"],"picked":"Establishment","floor":33.0},{"not_picked":["Sanctity","EmptyFist+1"],"picked":"SandsOfTime+1","floor":35.0},{"not_picked":["Prostrate","EmptyFist","Evaluate"],"picked":"SKIP","floor":37},{"not_picked":["Halt","PathToVictory+1"],"picked":"Meditate+1","floor":38},{"not_picked":["Evaluate+1","SashWhip","Swivel+1"],"picked":"SKIP","floor":39},{"not_picked":["SpiritShield","TalkToTheHand"],"picked":"Meditate+1","floor":40},{"not_picked":["SashWhip+1","Evaluate","FollowUp"],"picked":"SKIP","floor":41},{"not_picked":["Wireheading+1","JustLucky","CrushJoints"],"picked":"SKIP","floor":42},{"not_picked":["Study+1","CutThroughFate","Wireheading"],"picked":"SKIP","floor":45},{"not_picked":["CutThroughFate","DeceiveReality+1","EmptyFist+1"],"picked":"SKIP","floor":46},{"not_picked":["Crescendo","FlyingSleeves+1"],"picked":"Devotion","floor":48}],"player_experience":530335,"relics_obtained":[{"floor":7.0,"key":"Anchor"},{"floor":9.0,"key":"Bag of Preparation"},{"floor":11.0,"key":"Blood Vial"},{"floor":13.0,"key":"Yang"},{"floor":22.0,"key":"Enchiridion"},{"floor":26.0,"key":"MawBank"},{"floor":26.0,"key":"InkBottle"},{"floor":40,"key":"Omamori"},{"floor":42,"key":"Strawberry"},{"floor":43,"key":"Regal Pillow"},{"floor":43,"key":"PreservedInsect"}],"event_choices":[{"damage_healed":0.0,"max_hp_gain":0.0,"max_hp_loss":0.0,"gold_gain":75.0,"event_name":"World of Goop","player_choice":"Gather Gold","floor":5.0,"gold_loss":0.0,"damage_taken":11.0},{"damage_healed":0.0,"max_hp_gain":0.0,"max_hp_loss":0.0,"gold_gain":0.0,"event_name":"Living Wall","player_choice":"Grow","floor":14.0,"gold_loss":0.0,"damage_taken":0.0,"cards_upgraded":["Worship"]},{"damage_healed":0.0,"max_hp_gain":5.0,"max_hp_loss":0.0,"gold_gain":0.0,"event_name":"Forgotten Altar","player_choice":"Shed Blood","floor":20.0,"gold_loss":0.0,"damage_taken":18.0},{"damage_healed":0.0,"max_hp_gain":0.0,"max_hp_loss":0.0,"gold_gain":0.0,"event_name":"Cursed Tome","player_choice":"Obtained Book","floor":22.0,"gold_loss":0.0,"damage_taken":16.0},{"cards_removed":["Strike_P"],"damage_healed":0.0,"max_hp_gain":0.0,"max_hp_loss":0.0,"gold_gain":0.0,"event_name":"Beggar","player_choice":"Gave Gold","floor":28.0,"gold_loss":75.0,"damage_taken":0.0},{"cards_removed":["LikeWater"],"damage_healed":0,"gold_gain":0,"player_choice":"Offered Uncommon","damage_taken":0,"max_hp_gain":0,"max_hp_loss":0,"event_name":"Bonfire Elementals","floor":36,"gold_loss":0}],"is_beta":false,"boss_relics":[{"not_picked":["Busted Crown","Astrolabe"],"picked":"Empty Cage"},{"not_picked":["SlaversCollar","Black Star"],"picked":"Cursed Key"}],"items_purged_floors":[3,21,47],"is_endless":false,"potions_floor_spawned":[1,4,8,11,18,24,31,39,40,42,45,46],"ascension_level":2}}