{"host":"p7j7o00jacnw7qzt","time":1610245345,"event":{"mods":["BaseMod","Colored Map","Colored Powertips","DeckTracker","Highlight Path","Minty Spire (QoL Compilation)","Relic Stats"],"gold_per_floor":[111,186,186,203,220,220,246,94,120,45,45,61,61,61,61,137,137,147,164,182,182,197,197,97,97,97,22,41,41,53,83,83,156,156,168,168,168,216,216,216],"floor_reached":39,"playtime":1847,"items_purged":["Strike_G","Strike_G"],"score":994,"play_id":"848b80ae-10ea-4754-a6af-b09a1cad6523","local_time":"20210109212225","is_ascension_mode":true,"campfire_choices":[{"data":"Catalyst","floor":6.0,"key":"SMITH"},{"data":"Well Laid Plans","floor":11.0,"key":"SMITH"},{"data":"Deadly Poison","floor":13.0,"key":"SMITH"},{"data":"Concentrate","floor":15.0,"key":"SMITH"},{"data":"Catalyst","floor":23.0,"key":"SMITH"},{"data":"Calculated Gamble","floor":25.0,"key":"SMITH"},{"data":"Bouncing Flask","floor":29.0,"key":"SMITH"},{"data":"Reflex","floor":32.0,"key":"SMITH"}],"circlet_count":0,"master_deck":["AscendersBane","Defend_G","Defend_G","Defend_G","Defend_G","Defend_G","Survivor","Calculated Gamble+1","Deadly Poison+1","Catalyst+1","Well Laid Plans+1","Concentrate+1","Blade Dance","Adrenaline","Bouncing Flask+1","Catalyst+1","Reflex+1","Calculated Gamble","Expertise","Adrenaline","Prepared+1"],"relics":["Ring of the Snake","NeowsBlessing","Art of War","Anchor","SacredBark","Bronze Scales","Black Star","FossilizedHelix"],"acts_visited":["Exordium","TheCity","TheBeyond"],"potions_floor_usage":[39],"damage_taken":[{"damage":0.0,"enemies":"Small Slimes","floor":1.0,"turns":1.0},{"damage":0.0,"enemies":"Cultist","floor":4.0,"turns":1.0},{"damage":0.0,"enemies":"Jaw Worm","floor":5.0,"turns":1.0},{"damage":27.0,"enemies":"3 Sentries","floor":7.0,"turns":8.0},{"damage":3.0,"enemies":"Large Slime","floor":12.0,"turns":6.0},{"damage":0.0,"enemies":"Hexaghost","floor":16.0,"turns":8.0},{"damage":1.0,"enemies":"3 Byrds","floor":18.0,"turns":7.0},{"damage":0.0,"enemies":"Spheric Guardian","floor":19.0,"turns":2.0},{"damage":21.0,"enemies":"3 Cultists","floor":20.0,"turns":5.0},{"damage":1.0,"enemies":"Chosen and Byrds","floor":22.0,"turns":4.0},{"damage":1.0,"enemies":"Snake Plant","floor":28.0,"turns":2.0},{"damage":0.0,"enemies":"Sentry and Sphere","floor":30.0,"turns":4.0},{"damage":0.0,"enemies":"Gremlin Leader","floor":31.0,"turns":3.0},{"damage":6.0,"enemies":"Collector","floor":33.0,"turns":3.0},{"damage":0.0,"enemies":"3 Shapes","floor":35.0,"turns":4.0},{"damage":7.0,"enemies":"2 Orb Walkers","floor":38.0,"turns":4.0},{"damage":0,"enemies":"3 Darklings","floor":39,"turns":3}],"seed_played":"-4652331808226484310","potions_obtained":[{"floor":4.0,"key":"AttackPotion"},{"floor":5.0,"key":"SneckoOil"},{"floor":12.0,"key":"Explosive Potion"},{"floor":14.0,"key":"BlessingOfTheForge"},{"floor":18.0,"key":"SkillPotion"},{"floor":22.0,"key":"BlessingOfTheForge"},{"floor":28.0,"key":"EssenceOfSteel"},{"floor":31.0,"key":"SneckoOil"}],"is_trial":false,"path_per_floor":["M","?","?","M","M","R","E","$","T","?","R","M","R","?","R","B",null,"M","M","M","?","M","R","$","R","T","?","M","R","M","E","R","B",null,"M","?","?","?","M"],"character_chosen":"THE_SILENT","items_purchased":["Concentrate"],"campfire_rested":0,"item_purchase_floors":[8],"current_hp_per_floor":[59,48,48,48,48,48,21,21,21,21,21,18,18,18,18,18,54,53,53,32,32,31,31,31,31,31,31,30,30,30,30,30,24,56,56,56,56,49,49,49],"gold":216,"neow_bonus":"THREE_ENEMY_KILL","is_daily":false,"chose_seed":false,"campfire_upgraded":8,"win_rate":0.0,"timestamp":1610245345,"path_taken":["M","?","?","M","?","R","E","$","T","?","R","M","R","?","R","BOSS","M","M","?","?","M","R","$","R","T","?","M","R","M","E","R","BOSS","M","?","?","?","M"],"items_purchased_type":["Card"],"build_version":"2020-12-22","purchased_purges":2,"victory":false,"max_hp_per_floor":[66,66,66,66,66,66,66,66,66,66,66,66,66,66,66,66,66,66,66,66,66,66,66,66,66,66,66,66,66,66,66,66,66,66,66,66,66,66,66,66],"relic_stats":{"counters":[17,66],"Bronze Scales":[36],"Art of War":[20],"Black Star":0,"obtain_stats":[{"Anchor":9,"NeowsBlessing":0,"SacredBark":17,"Bronze Scales":31,"Art of War":7,"Black Star":34,"FossilizedHelix":38,"Ring of the Snake":0},{"Anchor":4,"NeowsBlessing":0,"SacredBark":6,"Bronze Scales":13,"Art of War":4,"Black Star":14,"FossilizedHelix":16,"Ring of the Snake":0},{"Anchor":11,"NeowsBlessing":0,"SacredBark":25,"Bronze Scales":52,"Art of War":11,"Black Star":55,"FossilizedHelix":63,"Ring of the Snake":0}],"Ring of the Snake":[34]},"card_choices":[{"not_picked":["Slice","Backstab"],"picked":"Calculated Gamble","floor":1.0},{"not_picked":["Dagger Spray","Flying Knee"],"picked":"Deadly Poison","floor":4.0},{"not_picked":["Backflip","Slice"],"picked":"Catalyst","floor":5.0},{"not_picked":["Distraction","Underhanded Strike"],"picked":"Well Laid Plans","floor":7.0},{"not_picked":["Underhanded Strike","Deflect"],"picked":"Blade Dance","floor":12.0},{"not_picked":["Storm of Steel","After Image"],"picked":"Adrenaline","floor":16.0},{"not_picked":["Well Laid Plans","Backflip"],"picked":"Bouncing Flask","floor":18.0},{"not_picked":["Dagger Throw+1","Masterful Stab"],"picked":"Catalyst","floor":19.0},{"not_picked":["Skewer","Backstab","Cloak And Dagger"],"picked":"SKIP","floor":20.0},{"not_picked":["Setup","Slice"],"picked":"Reflex","floor":22.0},{"not_picked":["Dagger Spray","Skewer"],"picked":"Calculated Gamble","floor":28.0},{"not_picked":["Blade Dance","Terror","Deflect"],"picked":"SKIP","floor":30.0},{"not_picked":["Sucker Punch","Caltrops+1"],"picked":"Expertise","floor":31.0},{"not_picked":["Bullet Time","Tools of the Trade"],"picked":"Adrenaline","floor":33.0},{"not_picked":["Quick Slash","Outmaneuver+1"],"picked":"Prepared+1","floor":35.0}],"player_experience":1023372,"relics_obtained":[{"floor":7.0,"key":"Art of War"},{"floor":9.0,"key":"Anchor"},{"floor":31.0,"key":"Bronze Scales"},{"floor":38.0,"key":"FossilizedHelix"}],"event_choices":[{"damage_healed":0.0,"max_hp_gain":0.0,"max_hp_loss":0.0,"gold_gain":75.0,"event_name":"World of Goop","player_choice":"Gather Gold","floor":2.0,"gold_loss":0.0,"damage_taken":11.0},{"cards_removed":["Strike_G"],"damage_healed":0.0,"max_hp_gain":0.0,"max_hp_loss":0.0,"gold_gain":0.0,"event_name":"Wheel of Change","player_choice":"Card Removal","floor":3.0,"gold_loss":0.0,"damage_taken":0.0},{"cards_removed":["Strike_G"],"damage_healed":0.0,"max_hp_gain":0.0,"max_hp_loss":0.0,"gold_gain":0.0,"event_name":"The Cleric","player_choice":"Card Removal","floor":10.0,"gold_loss":75.0,"damage_taken":0.0},{"damage_healed":0.0,"max_hp_gain":0.0,"max_hp_loss":0.0,"gold_gain":0.0,"event_name":"Lab","player_choice":"Got Potions","floor":14.0,"gold_loss":0.0,"damage_taken":0.0},{"damage_healed":0.0,"max_hp_gain":0.0,"max_hp_loss":0.0,"gold_gain":0.0,"event_name":"Cursed Tome","player_choice":"Ignored","floor":21.0,"gold_loss":0.0,"damage_taken":0.0},{"cards_removed":["Strike_G"],"damage_healed":0.0,"max_hp_gain":0.0,"max_hp_loss":0.0,"gold_gain":0.0,"event_name":"Beggar","player_choice":"Gave Gold","floor":27.0,"gold_loss":75.0,"damage_taken":0.0},{"damage_healed":0.0,"max_hp_gain":0.0,"max_hp_loss":0.0,"gold_gain":0.0,"event_name":"Tomb of Lord Red Mask","player_choice":"Ignored","floor":36.0,"gold_loss":0.0,"damage_taken":0.0},{"cards_removed":["Neutralize"],"damage_healed":0.0,"max_hp_gain":0.0,"max_hp_loss":0.0,"gold_gain":0.0,"event_name":"Falling","player_choice":"Removed Attack","floor":37.0,"gold_loss":0.0,"damage_taken":0.0},{"damage_healed":0.0,"max_hp_gain":0.0,"max_hp_loss":0.0,"gold_gain":0.0,"event_name":"Mysterious Sphere","player_choice":"Fight","floor":38.0,"gold_loss":0.0,"damage_taken":0.0}],"is_beta":false,"boss_relics":[{"not_picked":["Cursed Key","HoveringKite"],"picked":"SacredBark"},{"not_picked":["Calling Bell","SlaversCollar"],"picked":"Black Star"}],"items_purged_floors":[8,24],"is_endless":false,"potions_floor_spawned":[4,5,12,18,22,28,31],"killed_by":"3 Darklings","ascension_level":20}}