{"host":"tmzq6unyecs2p367","time":1610274296,"event":{"mods":["BaseMod","Koishi","Minty Spire (QoL Compilation)","StSLib","The Bug Knight","The Dragon Tamer","The Juggle","The Senshi"],"gold_per_floor":[13,13,33,33,33,33,33,54,54,85,100,100,125,145,145,145,145],"floor_reached":16,"playtime":527,"items_purged":[],"score":199,"play_id":"3f304e17-3abf-4ece-9452-ba9cc370f83f","local_time":"20210110112456","is_ascension_mode":true,"campfire_choices":[{"data":"theSenshi:RoseThrow","floor":6,"key":"SMITH"},{"data":"theSenshi:VenusGlamour","floor":12,"key":"SMITH"},{"data":"theSenshi:SailorJupiterAssists","floor":15,"key":"SMITH"}],"circlet_count":0,"master_deck":["AscendersBane","theSenshi:SailorKick","theSenshi:SailorKick","theSenshi:SailorKick+1","theSenshi:SailorKick","theSenshi:SailorBlock","theSenshi:SailorBlock","theSenshi:SailorBlock+1","theSenshi:SailorBlock","theSenshi:RoseThrow+1","theSenshi:MoonPrismPowerMakeUp","Master of Strategy","theSenshi:SailorMarsAssists+1","theSenshi:MoonPunch","theSenshi:LunaWiseMentor","theSenshi:MoonTwilightFlash","theSenshi:VenusGlamour+1","theSenshi:Sidestep","theSenshi:SailorJupiterAssists+1"],"relics":["theSenshi:TransformationBroochRelic","Anchor","Golden Idol","Pen Nib","Art of War"],"acts_visited":[],"potions_floor_usage":[10,16,16],"damage_taken":[{"damage":0,"enemies":"2 Louse","floor":1,"turns":4},{"damage":1,"enemies":"Jaw Worm","floor":3,"turns":3},{"damage":0,"enemies":"Small Slimes","floor":8,"turns":1},{"damage":16,"enemies":"3 Sentries","floor":10,"turns":8},{"damage":0,"enemies":"Exordium Wildlife","floor":11,"turns":3},{"damage":0,"enemies":"Exordium Thugs","floor":13,"turns":2},{"damage":0,"enemies":"Looter","floor":14,"turns":2},{"damage":32,"enemies":"Slime Boss","floor":16,"turns":6}],"seed_played":"-1976620558120457842","potions_obtained":[{"floor":3,"key":"PowerPotion"},{"floor":10,"key":"Dexterity Potion"},{"floor":11,"key":"FearPotion"}],"is_trial":false,"path_per_floor":["M","?","M","?","?","R","?","M","T","E","M","R","M","M","R","B"],"character_chosen":"THE_SENSHI","items_purchased":[],"campfire_rested":0,"item_purchase_floors":[],"current_hp_per_floor":[68,68,67,44,39,39,39,39,39,23,23,23,23,23,23,0,0],"gold":145,"neow_bonus":"RANDOM_COLORLESS_2","is_daily":false,"chose_seed":false,"campfire_upgraded":3,"win_rate":0.0,"timestamp":1610274296,"path_taken":["M","?","M","?","?","R","?","M","T","E","M","R","M","M","R","BOSS"],"items_purchased_type":[],"build_version":"2020-12-22","purchased_purges":0,"victory":false,"max_hp_per_floor":[75,75,75,75,75,75,68,68,68,68,68,68,68,68,68,68,68],"card_choices":[{"not_picked":["Chrysalis","Secret Technique"],"picked":"Master of Strategy","floor":0.0},{"not_picked":["theSenshi:SailorV","theSenshi:EncouragingSpeech"],"picked":"theSenshi:SailorMarsAssists","floor":1},{"not_picked":["theSenshi:LunasBite","theSenshi:CrisisMakeUp"],"picked":"theSenshi:MoonPunch","floor":3},{"not_picked":["theSenshi:MoonCosmicPowerMakeUp","theSenshi:MoonPunch"],"picked":"theSenshi:LunaWiseMentor","floor":8},{"not_picked":["theSenshi:CrisisMakeUp","theSenshi:LunasBite"],"picked":"theSenshi:MoonTwilightFlash","floor":10},{"not_picked":["theSenshi:OdangoHead","theSenshi:SailorStarMakerAssists"],"picked":"theSenshi:VenusGlamour","floor":11},{"not_picked":["theSenshi:OdangoHead","theSenshi:MoonPunch"],"picked":"theSenshi:Sidestep","floor":13},{"not_picked":["theSenshi:MoonHealingEscalation","theSenshi:MoonEternalMakeUp"],"picked":"theSenshi:SailorJupiterAssists","floor":14}],"player_experience":1812902,"relics_obtained":[{"floor":9,"key":"Pen Nib"},{"floor":10,"key":"Art of War"}],"event_choices":[{"damage_healed":0,"gold_gain":0,"player_choice":"Grow","damage_taken":0,"max_hp_gain":0,"max_hp_loss":0,"event_name":"Living Wall","floor":2,"gold_loss":0,"cards_upgraded":["theSenshi:SailorMarsAssists"]},{"damage_healed":0,"gold_gain":0,"player_choice":"Entered Light","damage_taken":23,"max_hp_gain":0,"max_hp_loss":0,"event_name":"Shining Light","floor":4,"gold_loss":0,"cards_upgraded":["theSenshi:SailorKick","theSenshi:SailorBlock"]},{"damage_healed":0,"gold_gain":0,"player_choice":"Success","damage_taken":5,"relics_obtained":["Anchor"],"max_hp_gain":0,"max_hp_loss":0,"event_name":"Scrap Ooze","floor":5,"gold_loss":0},{"damage_healed":0,"gold_gain":0,"player_choice":"Lose Max HP","damage_taken":0,"relics_obtained":["Golden Idol"],"max_hp_gain":0,"max_hp_loss":7,"event_name":"Golden Idol","floor":7,"gold_loss":0}],"is_beta":false,"boss_relics":[],"items_purged_floors":[],"is_endless":false,"potions_floor_spawned":[3,10,11],"killed_by":"Slime Boss","ascension_level":19}}