{"host":"zksvs3x2ysy9npnz","time":1610301945,"event":{"mods":["Aspiration","BaseMod","Beaked The Cultist","BetterRewards","Clockwork Mod","Colored Map","Conspire","Downfall","Duelist Mod","Ekko","Energized Spire","Fiend Mod","Halation","Highlight Path","Hubris","Hunter ??","Infinite Spire","Jedi Mod","JesterMod","Magitek Elite","Minty Spire (QoL Compilation)","Permanent Neow","Quick Restart","Relic Stats","Replay The Spire","Retaliation","Shade Mod","Shop Mod","StSLib","The Construct","The Poker Player","The Runesmith","The Witch"],"gold_per_floor":[109,109,109,184,60,60,71,71,71,71,71],"floor_reached":10,"playtime":426,"items_purged":[],"score":84,"play_id":"a8d95a57-134b-4f32-9571-159bc0240589","local_time":"20210110190545","is_ascension_mode":true,"campfire_choices":[{"data":"SummonBatFamiliar","floor":6,"key":"SMITH"},{"data":"ZombieSpit","floor":8,"key":"SMITH"}],"circlet_count":0,"master_deck":["AscendersBane","Strike_Witch","Strike_Witch","Strike_Witch","Strike_Witch","Defend_Witch","Defend_Witch","Defend_Witch","Defend_Witch","Hexguard","ZombieSpit+1","Replay:SS_hec_1","Injury","Bewitch+1","SummonBatFamiliar+1"],"relics":["BlackCat","Toxic Egg 2","conspire:DeflatedDodgeball"],"acts_visited":["Exordium"],"potions_floor_usage":[],"damage_taken":[{"damage":0,"enemies":"Jaw Worm","floor":1,"turns":6},{"damage":1,"enemies":"2 Louse","floor":7,"turns":4},{"damage":67,"enemies":"Gremlin Nob","floor":10,"turns":7}],"seed_played":"4230896738797956812","potions_obtained":[],"is_trial":false,"path_per_floor":["M","?","?","?","$","R","M","R","T","E"],"character_chosen":"WITCH","items_purchased":["Bewitch+1","SummonBatFamiliar"],"campfire_rested":0,"item_purchase_floors":[5,5],"current_hp_per_floor":[60,60,60,49,49,49,48,48,48,0,0],"gold":71,"neow_bonus":"RANDOM_COLORLESS","is_daily":false,"chose_seed":false,"campfire_upgraded":2,"win_rate":0.0,"timestamp":1610301945,"path_taken":["M","?","?","?","?","R","M","R","T","E"],"items_purchased_type":["Card","Card"],"build_version":"2020-12-22","purchased_purges":0,"victory":false,"max_hp_per_floor":[67,67,67,67,67,67,67,67,67,67,67],"relic_stats":{"counters":[3,17],"obtain_stats":[{"Toxic Egg 2":2,"conspire:DeflatedDodgeball":9,"BlackCat":0},{"Toxic Egg 2":1,"conspire:DeflatedDodgeball":2,"BlackCat":0},{"Toxic Egg 2":6,"conspire:DeflatedDodgeball":10,"BlackCat":0}]},"card_choices":[{"not_picked":["expansioncontent:Flail","jedi:forcepull"],"picked":"Replay:SS_hec_1","floor":0},{"not_picked":["PainBolt","IllOmen","MortusClaw"],"picked":"SKIP","floor":1},{"not_picked":["BoneCarving","Harmlessness","KarmaDrain+1"],"picked":"SKIP","floor":7}],"player_experience":2353757,"relics_obtained":[{"floor":9,"key":"conspire:DeflatedDodgeball"}],"event_choices":[{"damage_healed":0,"gold_gain":75,"player_choice":"Gather Gold","damage_taken":11,"max_hp_gain":0,"max_hp_loss":0,"event_name":"World of Goop","floor":4,"gold_loss":0}],"is_beta":false,"boss_relics":[],"items_purged_floors":[],"is_endless":false,"potions_floor_spawned":[],"killed_by":"Gremlin Nob","ascension_level":11}}