{"host":"aryhiqwk5b07l19u","time":1610246713,"event":{"mods":["Act Like it!","Arknights The Spire","BaseMod","Better Third Choice","Colored Powertips","Gensokyo","HololiveMod","Koishi","Marisa£®ÏF”Í°°ƒß¿Ì…≥£©","Minty Spire (QoL Compilation)","Quick Restart","Rare Cards Sparkle","Reimu£®≤©¿ˆ¡È√Œ£©","Relic Stats","Remilia£®¿Ÿ√◊¿Ú—«£©","Replay The Spire","StSLib","The Administrix","The Construct","The Servant 0.9.4","Yakumo Yukari mod","Youmu£®ªÍ∆«—˝√Œ£©","Yuyuko","noobMod"],"gold_per_floor":[119,119,119,29,42,42,377,377,422,422,434,190,209,227,227,304,304,316,334,21,36,51,79,79,93,93,113,113,145,162,0,0,76,76,93,42,42,61,74,74,109,427,427,427,456,468,478,418,418,438,438,438,33,62,62],"floor_reached":56,"playtime":3666,"items_purged":[],"score":2054,"play_id":"2ff2921d-d6ec-4120-8b78-c7b16fe97cab","local_time":"20210110104513","is_ascension_mode":true,"campfire_choices":[{"data":"RedMoon","floor":6.0,"key":"SMITH"},{"data":"Ultimatum","floor":8.0,"key":"SMITH"},{"data":"ScarletShoot","floor":10.0,"key":"SMITH"},{"floor":15.0,"key":"RECALL"},{"data":"TwelveNightmare","floor":24.0,"key":"SMITH"},{"data":"MastersStateliness","floor":28.0,"key":"SMITH"},{"data":"HunterOfTheNight","floor":32.0,"key":"SMITH"},{"data":"CharismaGuard","floor":40.0,"key":"SMITH"},{"data":"RedRainbow","floor":44,"key":"SMITH"},{"data":"Strike_RM","floor":49,"key":"SMITH"},{"data":"Defend_RM","floor":52,"key":"PURGE"}],"circlet_count":0,"master_deck":["AscendersBane","Strike_RM","Strike_RM","Strike_RM","Strike_RM+1","Defend_RM","Defend_RM+1","RedMoon+1","ScarletShoot+1","FitfulNightmare+1","RedRainbow+1","TwelveNightmare+1","ScarletDream+1","VampireSweep+1","Ultimatum+1","MastersStateliness+1","EmergencyRegeneration+1","FitfulNightmare+1","ScarletMeister+1","Maim+1","UnstableMagic+1","HunterOfTheNight+1","EquivalentExchange+1","GlobalNightmare+1","CharismaGuard+1","AfternoonTea+1","RedRainbow+1","Septette+1","GlobalNightmare+1","UnstableMagic+1","BadLadyScramble+1","FavorOfDestiny+1","QueenOfMidnight+1","ScarletSymphony+1","UnderTheZenith+1","MiserableFate+1","DevilSight+1","EmergencyRegeneration+1","Stigmanizer+1","VampirishNight+1","BlasphemousPunishment+1","UnstableMagic+1","Gensokyo:CustomPotion","TricksterDevil","Septette+1"],"relics":["ScarletHat","ice","Ancient Tea Set","Replay:Ringing Soul","Toxic Egg 2","Honey Jar","Guide Book","HandDrill","PureWhite:ReiMu","Replay:Towering Pillar of Hats","Replay:Baseball","construct:WeddingRing","Peace Pipe","TungstenRod","ReplayFunnel","Replay:Rubber Ducky","RedBat","Vajra","construct:RocketBooster","Membership Card","Shuriken","Kunai","Bottled Lightning"],"acts_visited":["Gensokyo:Gensokyo","Gensokyo:Gensokyoer","Gensokyo:Gensokyoest","TheEnding"],"potions_floor_usage":[46,46,50,55,55,55],"damage_taken":[{"damage":0.0,"enemies":"Gensokyo:Python","floor":1.0,"turns":4.0},{"damage":18.0,"enemies":"Gensokyo:3_Fairies","floor":5.0,"turns":8.0},{"damage":0.0,"enemies":"Gensokyo:Aya","floor":7.0,"turns":7.0},{"damage":0.0,"enemies":"Gensokyo:Gryphon","floor":11.0,"turns":2.0},{"damage":0.0,"enemies":"Gensokyo:VengefulSpirit","floor":13.0,"turns":1.0},{"damage":0.0,"enemies":"Gensokyo:Kitsune","floor":14.0,"turns":2.0},{"damage":136.0,"enemies":"Gensokyo:Yukari","floor":16.0,"turns":7.0},{"damage":20.0,"enemies":"Gensokyo:3_Dogs","floor":18.0,"turns":4.0},{"damage":113.0,"enemies":"Gensokyo:AngelMirror","floor":19.0,"turns":3.0},{"damage":87.0,"enemies":"Gensokyo:Slime_Group","floor":21.0,"turns":4.0},{"damage":77.0,"enemies":"Gensokyo:3_Gloops","floor":22.0,"turns":4.0},{"damage":115.0,"enemies":"Gensokyo:Reisen","floor":23.0,"turns":5.0},{"damage":105.0,"enemies":"Gensokyo:Mirror_and_Dog","floor":25.0,"turns":4.0},{"damage":113.0,"enemies":"Gensokyo:Wraith","floor":27.0,"turns":4.0},{"damage":123.0,"enemies":"Gensokyo:Tenshi","floor":29.0,"turns":3.0},{"damage":112.0,"enemies":"Gensokyo:Slime_Group","floor":30.0,"turns":7.0},{"damage":89.0,"enemies":"Gensokyo:Kaguya","floor":33.0,"turns":7.0},{"damage":11.0,"enemies":"Gensokyo:AncientGuardian","floor":35.0,"turns":6.0},{"damage":74.0,"enemies":"Gensokyo:3_Boulders","floor":38.0,"turns":3.0},{"damage":6.0,"enemies":"Gensokyo:4_Bats","floor":39.0,"turns":4.0},{"damage":0.0,"enemies":"Gensokyo:Doremy","floor":41.0,"turns":4.0},{"damage":15.0,"enemies":"Gensokyo:Dusk_and_Dawn","floor":42.0,"turns":5.0},{"damage":59,"enemies":"Gensokyo:Marisa","floor":45,"turns":5},{"damage":0,"enemies":"Gensokyo:SeedOfUnknown","floor":46,"turns":4},{"damage":13,"enemies":"Gensokyo:4_Bats","floor":47,"turns":3},{"damage":41,"enemies":"Gensokyo:Shinki","floor":50,"turns":8},{"damage":29,"enemies":"Shield and Spear","floor":54,"turns":3},{"damage":92,"enemies":"The Heart","floor":55,"turns":6}],"seed_played":"-1307976712695379338","potions_obtained":[{"floor":7.0,"key":"EssenceOfSteel"},{"floor":11.0,"key":"Milkshake"},{"floor":16.0,"key":"LiquidMemories"},{"floor":19.0,"key":"ZuzhouPotion:ReiMu"},{"floor":21.0,"key":"Explosive Potion"},{"floor":23.0,"key":"DestinyDice"},{"floor":30.0,"key":"Elixir"},{"floor":35.0,"key":"Explosive Potion"},{"floor":39.0,"key":"Regen Potion"},{"floor":39.0,"key":"Dexterity Potion"},{"floor":39.0,"key":"Weak Potion"},{"floor":45,"key":"AttackPotion"},{"floor":46,"key":"SneckoOil"}],"is_trial":false,"path_per_floor":["M","?","?","COS","M","R","E","R","T","R","M","$","M","M","R","B",null,"M","M","COS","M","M","E","R","M","T","M","R","E","M","?","R","B",null,"M","COS","?","M","M","R","E","M","T","R","E","M","M","?","R","B",null,"R","$","E","B",null],"character_chosen":"REMILIA","items_purchased":["Toxic Egg 2","Membership Card","Shuriken","Kunai"],"campfire_rested":0,"item_purchase_floors":[12,53,53,53],"current_hp_per_floor":[69,69,69,69,53,53,60,60,60,60,63,63,69,72,72,90,90,83,38,38,32,42,39,39,32,32,36,36,46,77,77,77,97,158,185,188,113,195,204,204,208,206,206,206,220,223,229,232,232,232,232,232,232,235,235],"gold":62,"neow_bonus":"RANDOM_EVENT","is_daily":false,"chose_seed":false,"campfire_upgraded":9,"win_rate":0.0,"timestamp":1610246713,"path_taken":["M","?","?","COS","M","R","E","R","T","R","M","?","M","?","R","BOSS","M","M","COS","M","?","E","R","M","T","?","R","E","M","?","R","BOSS","M","COS","?","M","?","R","E","M","T","R","E","M","M","?","R","BOSS","R","$","E","BOSS"],"items_purchased_type":["Relic","Relic","Relic","Relic"],"build_version":"2020-12-22","purchased_purges":0,"victory":true,"max_hp_per_floor":[75,75,75,75,75,75,78,78,78,78,81,81,84,87,87,90,90,100,106,106,113,119,132,132,138,138,149,149,157,166,166,166,178,178,185,188,188,195,204,204,210,217,217,217,220,223,229,232,232,232,232,232,232,235,235],"relic_stats":{"Peace Pipe":1,"counters":[28,127],"Shuriken":[7],"HandDrill":[26],"Kunai":[7],"obtain_stats":[{"ReplayFunnel":39,"construct:WeddingRing":34,"construct:RocketBooster":45,"Replay:Towering Pillar of Hats":26,"Guide Book":20,"Vajra":43,"ice":0,"Ancient Tea Set":7,"ScarletHat":0,"Replay:Rubber Ducky":39,"RedBat":41,"Peace Pipe":35,"Replay:Ringing Soul":7,"PureWhite:ReiMu":23,"Replay:Baseball":29,"Shuriken":53,"Honey Jar":17,"HandDrill":20,"Membership Card":53,"Kunai":53,"Bottled Lightning":54,"Toxic Egg 2":12,"TungstenRod":37},{"ReplayFunnel":20,"construct:WeddingRing":17,"construct:RocketBooster":23,"Replay:Towering Pillar of Hats":13,"Guide Book":9,"Vajra":22,"ice":0,"Ancient Tea Set":3,"ScarletHat":0,"Replay:Rubber Ducky":20,"RedBat":21,"Peace Pipe":18,"Replay:Ringing Soul":3,"PureWhite:ReiMu":12,"Replay:Baseball":15,"Shuriken":26,"Honey Jar":7,"HandDrill":9,"Membership Card":26,"Kunai":26,"Bottled Lightning":27,"Toxic Egg 2":4,"TungstenRod":18},{"ReplayFunnel":89,"construct:WeddingRing":76,"construct:RocketBooster":103,"Replay:Towering Pillar of Hats":55,"Guide Book":38,"Vajra":98,"ice":0,"Ancient Tea Set":15,"ScarletHat":0,"Replay:Rubber Ducky":89,"RedBat":93,"Peace Pipe":82,"Replay:Ringing Soul":19,"PureWhite:ReiMu":51,"Replay:Baseball":62,"Shuriken":118,"Honey Jar":31,"HandDrill":38,"Membership Card":118,"Kunai":118,"Bottled Lightning":121,"Toxic Egg 2":21,"TungstenRod":82}],"TungstenRod":49},"card_choices":[{"not_picked":["BlasphemousPunishment","MastersStateliness"],"picked":"FitfulNightmare","floor":0.0},{"not_picked":["StarOfDavid","UnderTheZenith"],"picked":"RedRainbow","floor":0.0},{"not_picked":["ScarletImprint","CharismaGuard"],"picked":"TwelveNightmare","floor":1.0},{"not_picked":["StarOfDavid+1","RedRainbow+1"],"picked":"ScarletDream+1","floor":5.0},{"not_picked":["UnstableMagic","VampireKiss"],"picked":"VampireSweep","floor":5.0},{"not_picked":["MastersStateliness","UnstableMagic"],"picked":"Ultimatum","floor":7.0},{"not_picked":["ScarletDevil","BombardNight"],"picked":"MastersStateliness","floor":11.0},{"not_picked":["ScarletImprint","BloodHunter+1"],"picked":"EmergencyRegeneration+1","floor":13.0},{"not_picked":["NightDance","Stigmanizer"],"picked":"FitfulNightmare","floor":14.0},{"not_picked":["BatForm","DemonKingCradle"],"picked":"ScarletMeister","floor":16.0},{"not_picked":["DiffusionOfMisfortune","BombardNight","BloodHunter+1"],"picked":"Maim+1","floor":18.0},{"not_picked":["ScarletImprint","FitfulNightmare","BlasphemousPunishment+1"],"picked":"UnstableMagic+1","floor":19.0},{"not_picked":["Stigmanizer","BombardNight","BlasphemousPunishment+1"],"picked":"HunterOfTheNight","floor":19.0},{"not_picked":["SuperhumanBloodyKnife+1","VampireSweep+1","VampirishNight+1"],"picked":"EquivalentExchange","floor":21.0},{"not_picked":["DiffusionOfMisfortune","UnderTheZenith+1","CharismaGuard"],"picked":"GlobalNightmare+1","floor":22.0},{"not_picked":["BombardNight","BlasphemousPunishment+1","NightDance"],"picked":"CharismaGuard","floor":22.0},{"not_picked":["MastersStateliness","RedRainbow","CharismaGuard"],"picked":"AfternoonTea+1","floor":23.0},{"not_picked":["ScarletMeister","MastersStateliness","CharismaGuard"],"picked":"RedRainbow","floor":25.0},{"not_picked":["NightLord","ScarletDevil","UnstableMagic+1"],"picked":"Septette+1","floor":27.0},{"not_picked":["Stigmanizer","CharismaGuard","FavorOfDestiny+1"],"picked":"GlobalNightmare+1","floor":27.0},{"not_picked":["CharismaGuard","MastersStateliness","HellCatastrophe"],"picked":"UnstableMagic+1","floor":29.0},{"not_picked":["BlasphemousPunishment+1","CharismaGuard","Stigmanizer"],"picked":"BadLadyScramble+1","floor":29.0},{"not_picked":["NightLord","VampireKiss","Maim+1"],"picked":"FavorOfDestiny+1","floor":30.0},{"not_picked":["HeartBreak","ScarletMeister","HellCatastrophe"],"picked":"QueenOfMidnight","floor":33.0},{"not_picked":["HunterOfTheNight","NightDance+1","CharismaGuard+1"],"picked":"ScarletSymphony+1","floor":35.0},{"not_picked":["MastersStateliness","ForbiddenFruit+1","BombardNight"],"picked":"UnderTheZenith+1","floor":38.0},{"not_picked":["BombardNight+1","ScarletCoffin","ScarletDream+1"],"picked":"MiserableFate+1","floor":39.0},{"not_picked":["UnstableMagic+1","MastersStateliness","BloodyMagicSquare+1"],"picked":"DevilSight+1","floor":41.0},{"not_picked":["GlobalNightmare+1","BombardNight+1","StarOfDavid"],"picked":"EmergencyRegeneration+1","floor":42.0},{"not_picked":["VampireKiss","ScarletMeister","NightDance"],"picked":"Stigmanizer+1","floor":45},{"not_picked":["MastersStateliness+1","CharismaGuard","UnderTheZenith+1"],"picked":"VampirishNight+1","floor":46},{"not_picked":["Stigmanizer","DiffusionOfMisfortune","StarOfDavid"],"picked":"BlasphemousPunishment+1","floor":47},{"not_picked":["AfternoonTea+1","VampireKiss","DiffusionOfMisfortune"],"picked":"UnstableMagic+1","floor":47},{"not_picked":["VampireFantasy+1","BadLadyScramble+1","NightDance"],"picked":"TricksterDevil","floor":54},{"not_picked":["UnstableMagic+1","VampireKiss+1","StarOfDavid+1"],"picked":"Septette+1","floor":54}],"player_experience":735477,"relics_obtained":[{"floor":7.0,"key":"Replay:Ringing Soul"},{"floor":23.0,"key":"PureWhite:ReiMu"},{"floor":26.0,"key":"Replay:Towering Pillar of Hats"},{"floor":29.0,"key":"Replay:Baseball"},{"floor":35.0,"key":"Peace Pipe"},{"floor":39.0,"key":"ReplayFunnel"},{"floor":39.0,"key":"Replay:Rubber Ducky"},{"floor":41.0,"key":"RedBat"},{"floor":43.0,"key":"Vajra"},{"floor":45,"key":"construct:RocketBooster"},{"floor":54,"key":"Bottled Lightning"}],"event_choices":[],"is_beta":false,"boss_relics":[{"not_picked":["Replay:Bronze Core","Hololive_TopUpMoneyS"],"picked":"Honey Jar"},{"not_picked":["Hololive_ChaosS","Runic Pyramid"],"picked":"construct:WeddingRing"}],"items_purged_floors":[],"is_endless":false,"potions_floor_spawned":[7,11,16,19,21,23,30,39,42,45,46],"ascension_level":13}}