{"host":"Timothy","time":1610255764,"event":{"mods":["AchievementEnabler","BaseMod","Bestiary","Highlight Path","Minty Spire (QoL Compilation)","Quick Restart","Slay-I"],"gold_per_floor":[118,138,150,150,164,164,182,182,182,201,201,101,121,20,20,124,124,138,157,8,28,45,45,64,64,64,10,29,40,40,51,51,150,150,169,186,61,77,93,93,93,93,93,109,109,127,127,127,127,127,127],"floor_reached":50,"playtime":3286,"items_purged":["Strike_B","Strike_B","Zap"],"score":492,"play_id":"e8065dfc-6129-4eef-bfd0-be09bc2b92d2","local_time":"20210109211604","is_ascension_mode":false,"campfire_choices":[{"data":"Streamline","floor":6.0,"key":"SMITH"},{"data":"Coolheaded","floor":8.0,"key":"SMITH"},{"data":"Coolheaded","floor":15.0,"key":"SMITH"},{"data":"Hologram","floor":23.0,"key":"SMITH"},{"floor":30.0,"key":"REST"},{"floor":32.0,"key":"REST"},{"floor":40.0,"key":"REST"},{"floor":42.0,"key":"REST"},{"floor":45.0,"key":"REST"},{"floor":49.0,"key":"REST"}],"circlet_count":0,"master_deck":["Defend_B","Defend_B","Defend_B","Defend_B","Dualcast","Rebound","Coolheaded+1","Gash","Rebound","Cold Snap","Coolheaded+1","Gash","Cold Snap","Conserve Battery","Rebound","Hologram+1","Conserve Battery","Gash","Hologram","Coolheaded","Gash+1","Hologram","Coolheaded","Gash"],"relics":["Cursed Key","Bag of Preparation","Empty Cage","Philosopher\u0027s Stone"],"acts_visited":["Exordium","TheCity","TheBeyond"],"potions_floor_usage":[50],"damage_taken":[{"damage":3.0,"enemies":"2 Louse","floor":1.0,"turns":2.0},{"damage":0.0,"enemies":"Cultist","floor":2.0,"turns":4.0},{"damage":1.0,"enemies":"Jaw Worm","floor":3.0,"turns":4.0},{"damage":5.0,"enemies":"Blue Slaver","floor":5.0,"turns":4.0},{"damage":21.0,"enemies":"Large Slime","floor":7.0,"turns":7.0},{"damage":3.0,"enemies":"Red Slaver","floor":10.0,"turns":3.0},{"damage":3.0,"enemies":"3 Louse","floor":13.0,"turns":3.0},{"damage":10.0,"enemies":"Hexaghost","floor":16.0,"turns":8.0},{"damage":0.0,"enemies":"Chosen","floor":18.0,"turns":5.0},{"damage":0.0,"enemies":"3 Byrds","floor":19.0,"turns":6.0},{"damage":6.0,"enemies":"Cultist and Chosen","floor":21.0,"turns":6.0},{"damage":5.0,"enemies":"Snecko","floor":22.0,"turns":4.0},{"damage":17.0,"enemies":"Snake Plant","floor":24.0,"turns":4.0},{"damage":14.0,"enemies":"Cultist and Chosen","floor":28.0,"turns":5.0},{"damage":9.0,"enemies":"Chosen and Byrds","floor":29.0,"turns":6.0},{"damage":17.0,"enemies":"Snake Plant","floor":31.0,"turns":5.0},{"damage":32.0,"enemies":"Automaton","floor":33.0,"turns":8.0},{"damage":6.0,"enemies":"3 Shapes","floor":35.0,"turns":5.0},{"damage":12.0,"enemies":"Orb Walker","floor":36.0,"turns":3.0},{"damage":24.0,"enemies":"Jaw Worm Horde","floor":38.0,"turns":5.0},{"damage":25.0,"enemies":"3 Darklings","floor":39.0,"turns":8.0},{"damage":4.0,"enemies":"4 Shapes","floor":44.0,"turns":5.0},{"damage":40.0,"enemies":"Writhing Mass","floor":46.0,"turns":10.0},{"damage":60,"enemies":"Time Eater","floor":50,"turns":15}],"seed_played":"-5851892592775498683","potions_obtained":[{"floor":2.0,"key":"ColorlessPotion"},{"floor":5.0,"key":"LiquidBronze"},{"floor":13.0,"key":"DistilledChaos"},{"floor":18.0,"key":"SteroidPotion"},{"floor":24.0,"key":"LiquidMemories"},{"floor":33.0,"key":"EssenceOfSteel"},{"floor":38.0,"key":"Block Potion"},{"floor":39.0,"key":"BlessingOfTheForge"},{"floor":44.0,"key":"FocusPotion"}],"is_trial":false,"path_per_floor":["M","M","M","?","M","R","M","R","T","M","?","$","M","$","R","B",null,"M","M","$","M","M","R","M","?","T","$","M","M","R","M","R","B",null,"M","M","$","M","M","R","?","R","T","M","R","M","?","?","R","B"],"character_chosen":"DEFECT","items_purchased":["Coolheaded","Cold Snap","Conserve Battery","Rebound","Hologram"],"campfire_rested":6,"item_purchase_floors":[12,14,14,20,27],"current_hp_per_floor":[72,72,71,71,66,66,45,45,45,42,42,42,39,39,39,29,75,75,75,75,69,64,64,47,47,47,47,33,24,46,29,51,19,75,69,57,57,33,8,30,30,52,52,48,70,30,30,30,52,0,0],"gold":127,"neow_bonus":"BOSS_RELIC","is_daily":false,"chose_seed":false,"campfire_upgraded":4,"win_rate":0.0,"timestamp":1610255764,"path_taken":["M","M","M","?","M","R","M","R","T","M","?","$","M","$","R","BOSS","M","?","$","M","M","R","M","?","T","?","M","M","R","M","R","BOSS","M","M","$","M","M","R","?","R","T","M","R","M","?","?","R","BOSS"],"items_purchased_type":["Card","Card","Card","Card","Card"],"build_version":"2020-12-18","purchased_purges":3,"victory":false,"max_hp_per_floor":[75,75,75,75,75,75,75,75,75,75,75,75,75,75,75,75,75,75,75,75,75,75,75,75,75,75,75,75,75,75,75,75,75,75,75,75,75,75,75,75,75,75,75,75,75,75,75,75,75,75,75],"card_choices":[{"not_picked":["Steam","FTL"],"picked":"Rebound","floor":1.0},{"not_picked":["Aggregate","Go for the Eyes"],"picked":"Coolheaded","floor":2.0},{"not_picked":["Force Field","Redo"],"picked":"Gash","floor":3.0},{"not_picked":["Heatsinks","Recycle"],"picked":"Streamline","floor":5.0},{"not_picked":["Turbo","Amplify"],"picked":"Rebound","floor":7.0},{"not_picked":["Glacier","Blizzard"],"picked":"Cold Snap","floor":10.0},{"not_picked":["Go for the Eyes","Conserve Battery"],"picked":"Gash","floor":13.0},{"not_picked":["Aggregate","Rip and Tear","Turbo+1"],"picked":"SKIP","floor":18.0},{"not_picked":["Self Repair","Leap","Stack+1"],"picked":"SKIP","floor":19.0},{"not_picked":["Conserve Battery","Stack"],"picked":"Hologram","floor":21.0},{"not_picked":["Barrage","Compile Driver","Go for the Eyes"],"picked":"SKIP","floor":22.0},{"not_picked":["Recycle+1","Beam Cell+1"],"picked":"Conserve Battery","floor":24.0},{"not_picked":["Storm","Skim+1"],"picked":"Coolheaded","floor":28.0},{"not_picked":["Steam","Ball Lightning"],"picked":"Gash+1","floor":29.0},{"not_picked":["Hyperbeam","Streamline"],"picked":"Hologram","floor":31.0},{"not_picked":["Self Repair","Static Discharge+1","Stack+1"],"picked":"SKIP","floor":35.0},{"not_picked":["Redo+1","Chaos","Barrage"],"picked":"SKIP","floor":36.0},{"not_picked":["Darkness+1","Compile Driver+1"],"picked":"Coolheaded","floor":38.0},{"not_picked":["Doom and Gloom","Lockon"],"picked":"Gash","floor":39.0},{"not_picked":["Amplify","Stack+1","Steam+1"],"picked":"SKIP","floor":44.0},{"not_picked":["Double Energy","Compile Driver+1","Steam"],"picked":"SKIP","floor":46.0}],"player_experience":793737,"relics_obtained":[],"event_choices":[{"damage_healed":0.0,"max_hp_gain":0.0,"max_hp_loss":0.0,"gold_gain":0.0,"event_name":"Big Fish","player_choice":"Box","floor":4.0,"gold_loss":0.0,"damage_taken":0.0,"relics_obtained":["Bag of Preparation"],"cards_obtained":["Regret"]},{"cards_removed":["Regret"],"damage_healed":0.0,"max_hp_gain":0.0,"max_hp_loss":0.0,"gold_gain":0.0,"event_name":"Fountain of Cleansing","player_choice":"Removed Curses","floor":11.0,"gold_loss":0.0,"damage_taken":0.0},{"damage_healed":0.0,"max_hp_gain":0.0,"max_hp_loss":0.0,"gold_gain":0.0,"event_name":"The Library","player_choice":"Read","floor":25.0,"gold_loss":0.0,"damage_taken":0.0,"cards_obtained":["Gash"]},{"damage_healed":0.0,"max_hp_gain":0.0,"max_hp_loss":0.0,"gold_gain":0.0,"event_name":"Mysterious Sphere","player_choice":"Ignored","floor":41.0,"gold_loss":0.0,"damage_taken":0.0},{"damage_healed":0.0,"max_hp_gain":0.0,"max_hp_loss":0.0,"gold_gain":0.0,"event_name":"SensoryStone","player_choice":"Memory 1","floor":47.0,"gold_loss":0.0,"damage_taken":0.0},{"cards_removed":["Streamline"],"damage_healed":0.0,"max_hp_gain":0.0,"max_hp_loss":0.0,"gold_gain":0.0,"event_name":"Falling","player_choice":"Removed Attack","floor":48.0,"gold_loss":0.0,"damage_taken":0.0}],"is_beta":true,"boss_relics":[{"not_picked":["SlaversCollar","Busted Crown"],"picked":"Empty Cage"},{"not_picked":["Inserter","Fusion Hammer"],"picked":"Philosopher\u0027s Stone"}],"items_purged_floors":[12,20,37],"is_endless":false,"potions_floor_spawned":[2,5,13,18,21,24,33,38,39,44],"killed_by":"Time Eater","ascension_level":0}}