{"host":"mlczotyo8j5fj6lt","time":1610282496,"event":{"mods":["AchievementEnabler","BaseMod","Better Third Choice","BetterRewards","Conspire","Downfall","Googly Eyes","Minty Spire (QoL Compilation)","Quick Restart","Replay The Spire","StSLib"],"gold_per_floor":[99,99,99,31,206,206,206,56,56,87,87,98,118,135,151,247,247,247,267,79,279,294,311,338,338,338,355,355,368,368,385,398,495,495,495,512,526,27,44,144,144,157,157,73,91,125,125,125,135,135],"floor_reached":51,"playtime":4632,"items_purged":["Doubt"],"score":754,"play_id":"d6645aae-a65c-414a-8720-a8867a4ad14f","local_time":"20210110134136","is_ascension_mode":false,"campfire_choices":[{"floor":1,"key":"RECALL"},{"data":"Guardian:Reroute","floor":8,"key":"SMITH"},{"data":"Guardian:TwinSlam","floor":11,"key":"SMITH"},{"data":"Guardian:EvasiveProtocol","floor":18,"key":"SMITH"},{"data":"Guardian:Suspension","floor":26,"key":"SMITH"},{"floor":30,"key":"REST"},{"data":"Guardian:ExploitGems","floor":35,"key":"SMITH"},{"data":"Guardian:ShieldCharger","floor":43,"key":"SMITH"},{"data":"Guardian:PolyBeam","floor":47,"key":"SMITH"}],"circlet_count":0,"master_deck":["Guardian:Strike_Guardian","Guardian:Strike_Guardian","Guardian:Strike_Guardian","Guardian:Defend_Guardian","Guardian:Defend_Guardian","Guardian:Defend_Guardian","Guardian:Defend_Guardian","Guardian:CurlUp","Guardian:TwinSlam+1","Guardian:Reroute+1","Guardian:ChargeUp","Guardian:EvasiveProtocol+1","Guardian:Clone","Guardian:TemporalShield","Guardian:DonusPower","Guardian:ExploitGems+1","Guardian:FloatingOrbs+1","Guardian:SpikerProtocol","Guardian:Incinerate","Guardian:TimeBomb","Guardian:Suspension+1","Guardian:VentSteam","Guardian:Repulse+1","Guardian:Recover+1","Guardian:PolyBeam+1","Guardian:BronzeOrb+1","Guardian:ShieldCharger+1","Guardian:Gem_Synthetic","Guardian:Gem_Crimson","Guardian:Gem_Green","Parasite","Guardian:Gem_Red"],"relics":["Guardian:ModeShifter","downfall:HeartsMalice","downfall:HeartBlessingRed","downfall:HeartBlessingBlue","Potion Belt","Runic Pyramid","Lantern","Replay:Grab Bag","Coffee Dripper","Painkiller Herb","conspire:RunicOctahedron","Bag of Preparation","CaptainsWheel","Toy Ornithopter","Ice Cream","conspire:TopHat"],"acts_visited":["Exordium","TheCity","TheBeyond"],"potions_floor_usage":[14,16,16,16,16,23,29,33,33,46,50,50,50,50],"damage_taken":[{"damage":0,"enemies":"Small Slimes","floor":2,"turns":1},{"damage":0,"enemies":"downfall:FleeingMerchant","floor":4,"turns":1},{"damage":0,"enemies":"Cultist","floor":9,"turns":1},{"damage":16,"enemies":"3 Sentries","floor":10,"turns":10},{"damage":0,"enemies":"2 Louse","floor":12,"turns":3},{"damage":4,"enemies":"Exordium Thugs","floor":13,"turns":3},{"damage":0,"enemies":"Large Slime","floor":14,"turns":3},{"damage":8,"enemies":"Red Slaver","floor":15,"turns":3},{"damage":13,"enemies":"downfall:Silent","floor":16,"turns":8},{"damage":4,"enemies":"Shell Parasite","floor":19,"turns":5},{"damage":0,"enemies":"downfall:FleeingMerchant","floor":20,"turns":4},{"damage":1,"enemies":"3 Byrds","floor":22,"turns":4},{"damage":18,"enemies":"3 Cultists","floor":23,"turns":6},{"damage":0,"enemies":"Centurion and Healer","floor":27,"turns":6},{"damage":24,"enemies":"Snecko","floor":29,"turns":5},{"damage":18,"enemies":"3 Cultists","floor":31,"turns":7},{"damage":20,"enemies":"Chosen and Byrds","floor":32,"turns":6},{"damage":16,"enemies":"downfall:Watcher","floor":33,"turns":9},{"damage":16,"enemies":"3 Shapes","floor":36,"turns":3},{"damage":3,"enemies":"Orb Walker","floor":37,"turns":3},{"damage":0,"enemies":"downfall:FleeingMerchant","floor":38,"turns":4},{"damage":1,"enemies":"Spire Growth","floor":39,"turns":5},{"damage":0,"enemies":"downfall:LadyInBlue","floor":40,"turns":4},{"damage":0,"enemies":"Transient","floor":42,"turns":5},{"damage":0,"enemies":"downfall:FleeingMerchant","floor":44,"turns":4},{"damage":18,"enemies":"Jaw Worm Horde","floor":45,"turns":3},{"damage":16,"enemies":"Nemesis","floor":46,"turns":5},{"damage":4,"enemies":"Writhing Mass","floor":49,"turns":5},{"damage":13,"enemies":"downfall:Defect","floor":50,"turns":6}],"seed_played":"4032851184177391325","potions_obtained":[{"floor":3,"key":"Toxic Potion"},{"floor":3,"key":"Languid Potion"},{"floor":3,"key":"champ:CounterPotion"},{"floor":10,"key":"AttackPotion"},{"floor":12,"key":"SpeedPotion"},{"floor":14,"key":"Adrenaline Potion"},{"floor":16,"key":"Ancient Potion"},{"floor":22,"key":"Block Potion"},{"floor":23,"key":"FearPotion"},{"floor":27,"key":"EssenceOfSteel"},{"floor":31,"key":"LifebloodPotion"},{"floor":33,"key":"Milkshake"},{"floor":37,"key":"Strength Potion"},{"floor":40,"key":"SpeedPotion"},{"floor":40,"key":"Languid Potion"},{"floor":40,"key":"Regen Potion"},{"floor":42,"key":"Doom Potion"},{"floor":45,"key":"hexamod:EctoCoolerPotion"}],"is_trial":false,"path_per_floor":["R","M","?","$","?","?","T","R","M","E","R","M","M","M","M","B",null,"R","M","$","?","M","M","T","?","R","M","?","M","R","M","M","B",null,"T","?","?","T","?","?","T","?","T","T","?","E","T","?","?","B",null],"character_chosen":"GUARDIAN","items_purchased":["Guardian:EvasiveProtocol","Guardian:Gem_Red","Guardian:Incinerate","Guardian:Gem_Cyan","Bag of Preparation","CaptainsWheel","Guardian:Gem_Crimson"],"campfire_rested":1,"item_purchase_floors":[4,20,20,38,38,38,44],"current_hp_per_floor":[80,80,80,80,80,80,80,90,90,74,74,74,70,70,62,49,90,90,86,86,86,85,67,67,67,67,67,67,43,70,52,32,16,90,90,74,71,71,70,70,70,70,70,70,52,53,53,53,49,56],"gold":135,"neow_bonus":"THREE_ENEMY_KILL","is_daily":false,"chose_seed":false,"campfire_upgraded":7,"win_rate":0.0,"timestamp":1610282496,"path_taken":["R","M","?","$","?","?","T","R","?","E","R","M","M","M","M","BOSS","R","M","$","?","M","?","T","?","R","M","?","M","R","M","M","BOSS","T","?","?","T","?","?","T","?","T","?","?","E","T","?","?","BOSS"],"items_purchased_type":["Card","Card","Card","Card","Relic","Relic","Card"],"build_version":"2020-12-22","purchased_purges":1,"victory":true,"max_hp_per_floor":[80,80,80,80,80,80,80,90,90,90,90,90,90,90,90,90,90,90,90,90,90,90,90,90,90,90,90,90,90,90,90,90,90,90,90,90,90,90,90,90,90,90,90,90,90,90,90,90,90,90],"card_choices":[{"not_picked":["Guardian:Planning","Guardian:TimeBomb"],"picked":"Guardian:Reroute","floor":2},{"not_picked":["Guardian:Preprogram","Guardian:PolyBeam"],"picked":"Guardian:ChargeUp","floor":4},{"not_picked":["Guardian:Gem_Purple","Guardian:ArmoredProtocol"],"picked":"Guardian:Gem_Cyan","floor":9},{"not_picked":["Guardian:Reroute","Guardian:TemporalStrike"],"picked":"Guardian:Gem_Crimson","floor":10},{"not_picked":["Guardian:Gem_Green","Guardian:Preprogram"],"picked":"Guardian:Clone","floor":12},{"not_picked":["Guardian:DecasProtection","Guardian:ShieldSpikes"],"picked":"Guardian:TemporalShield","floor":13},{"not_picked":["Guardian:BronzeOrb","Guardian:PrismaticBarrier"],"picked":"Guardian:DonusPower","floor":14},{"not_picked":["Guardian:TemporalStrike","Guardian:DecasProtection"],"picked":"Guardian:Gem_Lightblue","floor":15},{"not_picked":["Guardian:FastForward","Guardian:RevengeProtocol"],"picked":"Guardian:ExploitGems","floor":16},{"not_picked":["Guardian:Gem_Lightblue","Guardian:ChargeCore"],"picked":"Guardian:FloatingOrbs+1","floor":19},{"not_picked":["Guardian:SentryBeam+1","Guardian:RefractedBeam"],"picked":"Guardian:SpikerProtocol","floor":20},{"not_picked":["Guardian:Planning","Guardian:SentryBeam"],"picked":"Guardian:TimeBomb","floor":22},{"not_picked":["Guardian:Gem_Green","Guardian:ShieldCharger"],"picked":"Guardian:Suspension","floor":23},{"not_picked":["Guardian:WalkerClaw","Guardian:BronzeArmor+1"],"picked":"Guardian:VentSteam","floor":27},{"not_picked":["Guardian:PrimingBeam+1","Guardian:BronzeOrb+1"],"picked":"Guardian:Gem_Lightblue","floor":29},{"not_picked":["Guardian:RefractedBeam","Guardian:TemporalShield","Guardian:PiercingHide"],"picked":"SKIP","floor":31},{"not_picked":["Guardian:ChargeCore","Guardian:AncientConstruct"],"picked":"Guardian:Repulse+1","floor":32},{"not_picked":["Guardian:ExploitGems","Guardian:StasisField"],"picked":"Guardian:Gem_Orange","floor":33},{"not_picked":["Guardian:TemporalStrike+1","Guardian:PrismaticBeam"],"picked":"Guardian:Recover+1","floor":36},{"not_picked":["Guardian:TemporalShield","Guardian:ChargeCore"],"picked":"Guardian:PolyBeam","floor":37},{"not_picked":["Guardian:Gem_Cyan","Guardian:PiercingHide"],"picked":"Guardian:Gem_Red","floor":38},{"not_picked":["Guardian:GuardianWhirl","Guardian:TemporalStrike+1"],"picked":"Guardian:Gem_Red","floor":39},{"not_picked":["Guardian:Planning","Guardian:WalkerClaw"],"picked":"Guardian:BronzeOrb+1","floor":40},{"not_picked":["Guardian:ChargeCore+1","Guardian:RollAttack"],"picked":"Guardian:ShieldCharger","floor":42},{"not_picked":["Guardian:Gem_Red","Guardian:Reroute+1"],"picked":"Guardian:Gem_Synthetic","floor":44},{"not_picked":["Guardian:SentryBeam","Guardian:Planning"],"picked":"Guardian:Gem_Green","floor":45},{"not_picked":["Guardian:PrimingBeam","Guardian:EvasiveProtocol","Guardian:TemporalStrike"],"picked":"SKIP","floor":46},{"not_picked":["Guardian:Gem_Cyan","Guardian:Recover"],"picked":"Guardian:Gem_Red","floor":49}],"player_experience":188603,"relics_obtained":[{"floor":10,"key":"Potion Belt"},{"floor":24,"key":"Lantern"},{"floor":40,"key":"Toy Ornithopter"},{"floor":41,"key":"Ice Cream"},{"floor":46,"key":"conspire:TopHat"}],"event_choices":[{"damage_healed":0,"gold_gain":0,"player_choice":"Got Potions","damage_taken":0,"max_hp_gain":0,"max_hp_loss":0,"event_name":"Lab","floor":3,"gold_loss":0},{"damage_healed":0,"gold_gain":0,"player_choice":"Disagree","damage_taken":0,"max_hp_gain":0,"max_hp_loss":0,"event_name":"conspire:LoneGhost","floor":6,"gold_loss":0},{"damage_healed":0,"gold_gain":0,"player_choice":"Ignored","damage_taken":0,"max_hp_gain":0,"max_hp_loss":0,"event_name":"Ghosts","floor":28,"gold_loss":0}],"is_beta":false,"boss_relics":[{"not_picked":["Honey Jar","Calling Bell"],"picked":"Runic Pyramid"},{"not_picked":["Sozu","conspire:SlowCooker"],"picked":"Replay:Grab Bag"},{"not_picked":["Guardian:StasisSlotReductionRelic","Runic Dome"],"picked":"Coffee Dripper"},{"not_picked":["conspire:SeveredTorchhead","Fusion Hammer"],"picked":"Painkiller Herb"},{"not_picked":["Replay:Drink Me","Kintsugi"],"picked":"conspire:RunicOctahedron"}],"items_purged_floors":[20],"is_endless":false,"potions_floor_spawned":[10,12,14,16,22,23,27,31,33,37,42,45],"ascension_level":0}}