{"host":"g01l53quoe6lrer0","time":1610268384,"event":{"mods":["2.2 Compatiblity","AchievementEnabler","BaseMod","Colored Map","Highlight Path","Keyboard Shortcuts","Minty Spire (QoL Compilation)","Permanent Neow","StSLib","SuperFastMode","everything is the same but u backflip on backflip"],"gold_per_floor":[117,129,144,69,69,79,79,79,154,154,164,178,189,203,203,282,282,297,347,361,377,391,391,422,422,470,503,310,327,327,327,327,327,327],"floor_reached":33,"playtime":811,"items_purged":["Strike_R","Strike_R"],"score":612,"play_id":"18de83cf-0c14-4d6a-86ec-c9d835b4f03a","local_time":"20210110174624","is_ascension_mode":true,"campfire_choices":[{"data":"1","floor":7.0,"key":"LIFT"},{"data":"2","floor":10.0,"key":"LIFT"},{"data":"3","floor":15.0,"key":"LIFT"},{"floor":23.0,"key":"REST"},{"data":"Whirlwind","floor":25.0,"key":"SMITH"},{"floor":32,"key":"REST"}],"circlet_count":0,"master_deck":["AscendersBane","Strike_R","Strike_R","Strike_R","Defend_R","Defend_R+1","Defend_R+1","Defend_R","Bash","Intimidate","Whirlwind+1","Heavy Blade+1","Battle Trance","Bloodletting","Offering","Flex","Impervious","Sword Boomerang","Seeing Red"],"relics":["Burning Blood","Girya","Omamori","Pear","SlaversCollar","Singing Bowl","War Paint","Lantern","MutagenicStrength"],"acts_visited":["Exordium","TheCity"],"potions_floor_usage":[33,33],"damage_taken":[{"damage":6.0,"enemies":"Cultist","floor":1.0,"turns":4.0},{"damage":2.0,"enemies":"2 Louse","floor":2.0,"turns":4.0},{"damage":12.0,"enemies":"Jaw Worm","floor":3.0,"turns":3.0},{"damage":14.0,"enemies":"Gremlin Gang","floor":6.0,"turns":7.0},{"damage":8.0,"enemies":"2 Fungi Beasts","floor":11.0,"turns":3.0},{"damage":3.0,"enemies":"Blue Slaver","floor":12.0,"turns":3.0},{"damage":1.0,"enemies":"3 Louse","floor":13.0,"turns":2.0},{"damage":3.0,"enemies":"2 Fungi Beasts","floor":14.0,"turns":2.0},{"damage":34.0,"enemies":"Slime Boss","floor":16.0,"turns":8.0},{"damage":21.0,"enemies":"2 Thieves","floor":18.0,"turns":2.0},{"damage":12.0,"enemies":"Spheric Guardian","floor":20.0,"turns":3.0},{"damage":22.0,"enemies":"Snecko","floor":21.0,"turns":4.0},{"damage":9.0,"enemies":"Centurion and Healer","floor":22.0,"turns":5.0},{"damage":9.0,"enemies":"Slavers","floor":24.0,"turns":1.0},{"damage":12,"enemies":"Gremlin Leader","floor":27,"turns":4},{"damage":13,"enemies":"Sentry and Sphere","floor":29,"turns":4},{"damage":76,"enemies":"Champ","floor":33,"turns":7}],"seed_played":"3354185179486315390","potions_obtained":[{"floor":3.0,"key":"Dexterity Potion"},{"floor":6.0,"key":"Strength Potion"},{"floor":12.0,"key":"ElixirPotion"},{"floor":14.0,"key":"Fruit Juice"},{"floor":16.0,"key":"Swift Potion"},{"floor":18.0,"key":"FearPotion"},{"floor":22.0,"key":"BlessingOfTheForge"},{"floor":27,"key":"Weak Potion"}],"is_trial":false,"path_per_floor":["M","M","M","$","?","M","R","?","T","R","M","M","M","M","R","B",null,"M","?","M","M","M","R","E","R","T","E","$","M","?","?","R","B"],"character_chosen":"IRONCLAD","items_purchased":["SteroidPotion","Seeing Red"],"campfire_rested":2,"item_purchase_floors":[28,28],"current_hp_per_floor":[50,54,48,48,37,29,29,29,39,39,37,40,45,53,53,25,74,59,50,44,28,25,52,49,49,49,43,43,38,38,38,65,0,0],"gold":327,"neow_bonus":"ONE_RARE_RELIC","is_daily":false,"chose_seed":false,"campfire_upgraded":1,"win_rate":0.0,"timestamp":1610268384,"path_taken":["M","?","M","$","?","M","R","?","T","R","M","M","M","M","R","BOSS","M","?","?","M","M","R","E","R","T","E","$","M","?","?","R","BOSS"],"items_purchased_type":["Potion","Card"],"build_version":"2020-12-22","purchased_purges":2,"victory":false,"max_hp_per_floor":[75,75,75,75,75,75,75,75,85,85,85,85,85,90,90,90,90,90,90,90,90,90,90,90,90,90,90,90,92,92,92,92,92,92],"card_choices":[{"not_picked":["Body Slam","Cleave"],"picked":"Intimidate","floor":1.0},{"not_picked":["Clothesline","Wild Strike"],"picked":"Whirlwind","floor":2.0},{"not_picked":["Warcry","Perfected Strike"],"picked":"Heavy Blade","floor":3.0},{"not_picked":["Pommel Strike","Reckless Charge","Heavy Blade"],"picked":"SKIP","floor":6.0},{"not_picked":["Burning Pact","Warcry"],"picked":"Battle Trance","floor":11.0},{"not_picked":["Havoc","Combust","Fiend Fire"],"picked":"SKIP","floor":12.0},{"not_picked":["Wild Strike","Anger"],"picked":"Bloodletting","floor":13.0},{"not_picked":["Battle Trance","Havoc","Anger"],"picked":"SKIP","floor":14.0},{"not_picked":["Immolate","Feed"],"picked":"Offering","floor":16.0},{"not_picked":["Shrug It Off","Uppercut"],"picked":"Flex","floor":18.0},{"not_picked":["Iron Wave","Combust+1","Armaments"],"picked":"SKIP","floor":20.0},{"not_picked":["Carnage","Havoc","Bloodletting"],"picked":"SKIP","floor":21.0},{"not_picked":["Wild Strike","Heavy Blade","Blood for Blood"],"picked":"SKIP","floor":22.0},{"not_picked":["Clothesline","Body Slam"],"picked":"Impervious","floor":24.0},{"not_picked":["Clothesline","Thunderclap"],"picked":"Sword Boomerang","floor":27},{"not_picked":["Perfected Strike+1","Spot Weakness","Havoc"],"picked":"Singing Bowl","floor":29}],"player_experience":126251,"relics_obtained":[{"floor":9.0,"key":"Pear"},{"floor":24.0,"key":"Singing Bowl"},{"floor":26.0,"key":"War Paint"},{"floor":27,"key":"Lantern"}],"event_choices":[{"damage_healed":0.0,"max_hp_gain":0.0,"max_hp_loss":0.0,"gold_gain":0.0,"event_name":"Scrap Ooze","player_choice":"Success","floor":5.0,"gold_loss":0.0,"damage_taken":11.0,"relics_obtained":["Omamori"]},{"damage_healed":0.0,"max_hp_gain":0.0,"max_hp_loss":0.0,"gold_gain":0.0,"event_name":"Living Wall","player_choice":"Grow","floor":8.0,"gold_loss":0.0,"damage_taken":0.0,"cards_upgraded":["Heavy Blade"]},{"damage_healed":0.0,"max_hp_gain":0.0,"max_hp_loss":0.0,"gold_gain":50.0,"event_name":"FaceTrader","player_choice":"Touch","floor":19.0,"gold_loss":0.0,"damage_taken":9.0},{"damage_healed":0,"gold_gain":0,"player_choice":"Ignored","damage_taken":0,"max_hp_gain":0,"max_hp_loss":0,"event_name":"Ghosts","floor":30,"gold_loss":0},{"damage_healed":0,"gold_gain":0,"player_choice":"Inject Mutagens","damage_taken":0,"relics_obtained":["MutagenicStrength"],"max_hp_gain":0,"max_hp_loss":0,"event_name":"Drug Dealer","floor":31,"gold_loss":0}],"is_beta":false,"boss_relics":[{"not_picked":["Runic Pyramid","Tiny House"],"picked":"SlaversCollar"}],"items_purged_floors":[4,28],"is_endless":false,"potions_floor_spawned":[3,6,12,13,14,16,18,22,27],"killed_by":"Champ","ascension_level":20}}