{"host":"h4lp0eeso8a0ssq0","time":1610298482,"event":{"mods":["2.2 Compatiblity","AchievementEnabler","BaseMod","CapriCore","Colored Map","Minty Spire (QoL Compilation)","StSLib","SuperFastMode"],"gold_per_floor":[114,129,129,144,159,159,174,189,214,214,229,244,259,274,274,274,274],"floor_reached":16,"playtime":334,"items_purged":[],"score":125,"play_id":"34c6ba6e-c741-41a1-b0c6-4acdab949448","local_time":"20210111020802","daily_mods":["Specialized","Diverse","Night Terrors"],"is_ascension_mode":false,"campfire_choices":[{"data":"Crippling Poison","floor":6.0,"key":"SMITH"},{"floor":10.0,"key":"REST"},{"floor":15,"key":"REST"}],"circlet_count":0,"master_deck":["Strike_P","Strike_P","Strike_P","Strike_P","Defend_P","Defend_P","Defend_P","Defend_P","Eruption+1","Vigilance","Accuracy","Accuracy","Accuracy","Accuracy","Accuracy","Crippling Poison+1","Prostrate","Backflip"],"relics":["PureWater","Strawberry"],"acts_visited":["Exordium"],"potions_floor_usage":[12,13],"damage_taken":[{"damage":0.0,"enemies":"2 Louse","floor":1.0,"turns":5.0},{"damage":14.0,"enemies":"Cultist","floor":2.0,"turns":4.0},{"damage":0.0,"enemies":"Small Slimes","floor":4.0,"turns":3.0},{"damage":22.0,"enemies":"2 Fungi Beasts","floor":5.0,"turns":4.0},{"damage":6.0,"enemies":"3 Louse","floor":7.0,"turns":2.0},{"damage":19.0,"enemies":"Blue Slaver","floor":8.0,"turns":3.0},{"damage":18.0,"enemies":"Exordium Thugs","floor":11.0,"turns":5.0},{"damage":12,"enemies":"Gremlin Gang","floor":12,"turns":5},{"damage":15,"enemies":"Exordium Wildlife","floor":13,"turns":3},{"damage":10,"enemies":"Blue Slaver","floor":14,"turns":5},{"damage":0,"enemies":"Slime Boss","floor":16,"turns":3}],"seed_played":"-956745095108410897","potions_obtained":[{"floor":1.0,"key":"Fire Potion"},{"floor":4.0,"key":"DuplicationPotion"},{"floor":8.0,"key":"DuplicationPotion"},{"floor":13,"key":"Explosive Potion"},{"floor":14,"key":"Weak Potion"}],"is_trial":false,"path_per_floor":["M","M","?","M","M","R","M","M","T","R","M","M","M","M","R","B"],"character_chosen":"WATCHER","items_purchased":[],"campfire_rested":2,"item_purchase_floors":[],"current_hp_per_floor":[72,58,58,58,36,36,30,11,18,74,56,44,29,19,69,69,69],"gold":274,"neow_bonus":"","is_daily":true,"chose_seed":false,"campfire_upgraded":1,"win_rate":0.0,"timestamp":1610298482,"path_taken":["M","M","?","M","M","R","M","M","T","R","M","?","M","M","R","BOSS"],"items_purchased_type":[],"build_version":"2020-12-22","purchased_purges":0,"victory":false,"max_hp_per_floor":[72,72,72,72,72,72,72,72,79,74,74,74,74,74,69,69,69],"card_choices":[{"not_picked":["Finisher","Flechettes","Clothesline"],"picked":"SKIP","floor":1.0},{"not_picked":["Poisoned Stab","Steam"],"picked":"Crippling Poison","floor":2.0},{"not_picked":["Underhanded Strike","Havoc","Fission"],"picked":"SKIP","floor":4.0},{"not_picked":["Sever Soul","Riddle With Holes","Halt"],"picked":"SKIP","floor":5.0},{"not_picked":["Deflect","Setup","SashWhip"],"picked":"SKIP","floor":7.0},{"not_picked":["SignatureMove","Wireheading","ReachHeaven"],"picked":"SKIP","floor":8.0},{"not_picked":["Acrobatics","Twin Strike"],"picked":"Prostrate","floor":11.0},{"not_picked":["Capacitor","Hemokinesis","Worship"],"picked":"SKIP","floor":12},{"not_picked":["Coolheaded","Flechettes","Footwork"],"picked":"SKIP","floor":13},{"not_picked":["Whirlwind","Deadly Poison"],"picked":"Backflip","floor":14}],"player_experience":122838,"relics_obtained":[{"floor":9.0,"key":"Strawberry"}],"event_choices":[{"damage_healed":0.0,"max_hp_gain":0.0,"max_hp_loss":0.0,"gold_gain":0.0,"event_name":"Upgrade Shrine","player_choice":"Upgraded","floor":3.0,"gold_loss":0.0,"damage_taken":0.0,"cards_upgraded":["Eruption"]}],"is_beta":false,"boss_relics":[],"items_purged_floors":[],"is_endless":false,"potions_floor_spawned":[1,4,8,13,14],"killed_by":"Slime Boss","ascension_level":0}}