{"host":"op7lvjy5lsqtpdgx","time":1610269210,"event":{"mods":["BaseMod","Minty Spire (QoL Compilation)","StSLib"],"gold_per_floor":[117,39,39,214,224,224,250,261,284,27,42,77,88,98,98,193,243,255,255,180,193,173,193,212,224,224,224,224,239,239,254,254,352,352,368,380,280,294,294,320,320,347,347,359,359,371,388,399,399,399,399,399,39,70,70],"floor_reached":56,"playtime":5055,"items_purged":["Doubt","Establishment","Blasphemy+1"],"score":1378,"play_id":"9fa91d6c-b9f7-45df-86d2-602d49891d50","local_time":"20210110220010","is_ascension_mode":true,"campfire_choices":[{"data":"FollowUp","floor":6.0,"key":"SMITH"},{"data":"EmptyFist","floor":15.0,"key":"SMITH"},{"data":"EmptyBody","floor":28.0,"key":"SMITH"},{"floor":30.0,"key":"RECALL"},{"floor":32.0,"key":"REST"},{"data":"ClearTheMind","floor":41.0,"key":"SMITH"},{"floor":45,"key":"REST"},{"floor":49,"key":"REST"},{"data":"MentalFortress","floor":52,"key":"SMITH"}],"circlet_count":0,"master_deck":["Eruption+1","Vigilance+1","EmptyFist+1","Pray+1","FollowUp+1","Meditate","Prostrate+1","Indignation","Brilliance+1","FlurryOfBlows","Halt+1","MentalFortress+1","FlurryOfBlows+1","EmptyBody+1","FlurryOfBlows+1","Scrawl+1","ClearTheMind+1","DeusExMachina","LessonLearned+1","Pray+1","FlurryOfBlows+1","TalkToTheHand+1","Protect+1","SashWhip+1","EmptyMind+1","Violence"],"relics":["PureWater","NeowsBlessing","Whetstone","MawBank","ClockworkSouvenir","Dream Catcher","Tiny House","Ornamental Fan","Pandora\u0027s Box","Happy Flower","The Courier","Vajra","Toy Ornithopter"],"acts_visited":["Exordium","TheCity","TheBeyond","TheEnding"],"potions_floor_usage":[46,46,50,50,55],"damage_taken":[{"damage":0.0,"enemies":"Cultist","floor":1.0,"turns":1.0},{"damage":0.0,"enemies":"Jaw Worm","floor":5.0,"turns":1.0},{"damage":0.0,"enemies":"Gremlin Nob","floor":7.0,"turns":1.0},{"damage":0.0,"enemies":"2 Louse","floor":8.0,"turns":2.0},{"damage":0.0,"enemies":"Large Slime","floor":11.0,"turns":4.0},{"damage":14.0,"enemies":"Lagavulin","floor":12.0,"turns":7.0},{"damage":5.0,"enemies":"Looter","floor":13.0,"turns":3.0},{"damage":4.0,"enemies":"Blue Slaver","floor":14.0,"turns":3.0},{"damage":33.0,"enemies":"The Guardian","floor":16.0,"turns":8.0},{"damage":0.0,"enemies":"Spheric Guardian","floor":18.0,"turns":2.0},{"damage":5.0,"enemies":"Chosen","floor":21.0,"turns":3.0},{"damage":0.0,"enemies":"Snecko","floor":23.0,"turns":3.0},{"damage":19.0,"enemies":"Snake Plant","floor":24.0,"turns":4.0},{"damage":10.0,"enemies":"Shelled Parasite and Fungi","floor":25.0,"turns":3.0},{"damage":3.0,"enemies":"Chosen and Byrds","floor":29.0,"turns":5.0},{"damage":39.0,"enemies":"Snake Plant","floor":31.0,"turns":5.0},{"damage":17.0,"enemies":"Collector","floor":33.0,"turns":8.0},{"damage":10.0,"enemies":"3 Darklings","floor":35.0,"turns":8.0},{"damage":0.0,"enemies":"Orb Walker","floor":36.0,"turns":1.0},{"damage":22.0,"enemies":"Transient","floor":38.0,"turns":5.0},{"damage":0.0,"enemies":"Nemesis","floor":40.0,"turns":3.0},{"damage":9.0,"enemies":"Giant Head","floor":42.0,"turns":6.0},{"damage":1.0,"enemies":"Maw","floor":44.0,"turns":4.0},{"damage":21,"enemies":"4 Shapes","floor":46,"turns":4},{"damage":22,"enemies":"Spire Growth","floor":47,"turns":5},{"damage":1,"enemies":"Transient","floor":48,"turns":5},{"damage":0,"enemies":"Donu and Deca","floor":50,"turns":6},{"damage":24,"enemies":"Shield and Spear","floor":54,"turns":5},{"damage":55,"enemies":"The Heart","floor":55,"turns":7}],"seed_played":"7414401685899458636","potions_obtained":[{"floor":5.0,"key":"DuplicationPotion"},{"floor":8.0,"key":"SkillPotion"},{"floor":13.0,"key":"DuplicationPotion"},{"floor":14.0,"key":"Explosive Potion"},{"floor":17.0,"key":"SteroidPotion"},{"floor":22.0,"key":"Fruit Juice"},{"floor":24.0,"key":"BottledMiracle"},{"floor":31.0,"key":"Block Potion"},{"floor":33.0,"key":"BlessingOfTheForge"},{"floor":35.0,"key":"LiquidBronze"},{"floor":36.0,"key":"SteroidPotion"},{"floor":40.0,"key":"AttackPotion"},{"floor":47,"key":"DistilledChaos"},{"floor":48,"key":"Fire Potion"}],"is_trial":false,"path_per_floor":["M","$","?","?","M","R","E","M","T","$","M","E","M","M","R","B",null,"M","?","?","M","?","M","M","M","T","?","R","M","R","M","R","B",null,"M","M","$","M","?","E","R","E","T","M","R","M","M","M","R","B",null,"R","$","E","B",null],"character_chosen":"WATCHER","items_purchased":["Pray","ClockworkSouvenir","Prostrate","Vajra","Violence"],"campfire_rested":3,"item_purchase_floors":[2,10,10,53,53],"current_hp_per_floor":[72,72,65,65,65,65,65,65,65,65,65,51,46,42,42,9,77,77,77,77,72,77,77,58,48,48,48,48,45,45,6,30,13,82,72,72,72,50,50,50,50,41,41,40,64,43,21,20,44,44,82,82,82,58,8],"gold":70,"neow_bonus":"THREE_ENEMY_KILL","is_daily":false,"chose_seed":false,"campfire_upgraded":5,"win_rate":0.0,"timestamp":1610269210,"path_taken":["M","?","?","?","M","R","E","M","T","$","M","E","M","M","R","BOSS","M","?","?","M","?","M","?","M","T","?","R","M","R","M","R","BOSS","M","M","$","M","?","E","R","E","T","M","R","M","M","M","R","BOSS","R","$","E","BOSS"],"items_purchased_type":["Card","Relic","Card","Relic","Card"],"build_version":"2020-12-22","purchased_purges":3,"victory":true,"max_hp_per_floor":[72,72,72,72,72,72,72,72,72,72,72,72,72,72,72,72,77,77,77,77,77,82,82,82,82,82,82,82,82,82,82,82,82,82,82,82,82,82,82,82,82,82,82,82,82,82,82,82,82,82,82,82,82,82,82],"card_choices":[{"not_picked":["FearNoEvil","Conclude"],"picked":"EmptyFist","floor":1.0},{"not_picked":["Crescendo","BowlingBash"],"picked":"FollowUp","floor":5.0},{"not_picked":["SashWhip","Protect"],"picked":"Meditate","floor":7.0},{"not_picked":["Fasting2","ThirdEye","Vengeance"],"picked":"SKIP","floor":8.0},{"not_picked":["SashWhip","Pray","Crescendo"],"picked":"SKIP","floor":11.0},{"not_picked":["EmptyFist","Consecrate","JustLucky"],"picked":"SKIP","floor":12.0},{"not_picked":["SashWhip","Crescendo"],"picked":"Indignation","floor":13.0},{"not_picked":["SignatureMove","BattleHymn","Prostrate"],"picked":"SKIP","floor":14.0},{"not_picked":["Vault","Judgement"],"picked":"Brilliance","floor":16.0},{"not_picked":["FollowUp","Vengeance"],"picked":"FlurryOfBlows","floor":18.0},{"not_picked":["DeceiveReality","Adaptation"],"picked":"Halt+1","floor":21.0},{"not_picked":["Meditate","EmptyFist"],"picked":"MentalFortress","floor":23.0},{"not_picked":["Evaluate","Protect"],"picked":"FlurryOfBlows+1","floor":24.0},{"not_picked":["PathToVictory","Protect+1"],"picked":"EmptyBody","floor":25.0},{"not_picked":["Halt","DevaForm"],"picked":"FlurryOfBlows","floor":29.0},{"not_picked":["Protect","WindmillStrike","Conclude"],"picked":"SKIP","floor":31.0},{"not_picked":["DevaForm","Blasphemy"],"picked":"Scrawl","floor":33.0},{"not_picked":["Pray+1","JustLucky+1","SashWhip"],"picked":"SKIP","floor":35.0},{"not_picked":["JustLucky+1","SashWhip"],"picked":"Pray+1","floor":35.0},{"not_picked":["Sanctity","SashWhip+1"],"picked":"FlurryOfBlows+1","floor":36.0},{"not_picked":["Evaluate","Consecrate+1","EmptyBody+1"],"picked":"SKIP","floor":38.0},{"not_picked":["Crescendo+1","Blasphemy"],"picked":"TalkToTheHand+1","floor":40.0},{"not_picked":["EmptyFist+1","Crescendo+1","ConjureBlade"],"picked":"SKIP","floor":42.0},{"not_picked":["CutThroughFate+1","Evaluate+1","FearNoEvil+1"],"picked":"SKIP","floor":44},{"not_picked":["CutThroughFate+1","Tantrum+1","EmptyMind+1"],"picked":"SKIP","floor":46},{"not_picked":["Vengeance","Fasting2"],"picked":"Protect+1","floor":47},{"not_picked":["LessonLearned","FollowUp"],"picked":"SashWhip+1","floor":48},{"not_picked":["ThirdEye+1","EmptyBody"],"picked":"EmptyMind+1","floor":49},{"not_picked":["MentalFortress+1","BowlingBash+1","Crescendo+1"],"picked":"SKIP","floor":54}],"player_experience":147772,"relics_obtained":[{"floor":7.0,"key":"Whetstone"},{"floor":9.0,"key":"MawBank"},{"floor":12.0,"key":"Dream Catcher"},{"floor":26.0,"key":"Ornamental Fan"},{"floor":40.0,"key":"Happy Flower"},{"floor":42.0,"key":"The Courier"},{"floor":54,"key":"Toy Ornithopter"}],"event_choices":[{"cards_removed":["Strike_P"],"damage_healed":0.0,"max_hp_gain":0.0,"max_hp_loss":0.0,"gold_gain":0.0,"event_name":"Golden Wing","player_choice":"Card Removal","floor":3.0,"gold_loss":0.0,"damage_taken":7.0},{"damage_healed":0.0,"max_hp_gain":0.0,"max_hp_loss":0.0,"gold_gain":175.0,"event_name":"Liars Game","player_choice":"AGREE","floor":4.0,"gold_loss":0.0,"damage_taken":0.0,"cards_obtained":["Doubt"]},{"damage_healed":0.0,"max_hp_gain":0.0,"max_hp_loss":0.0,"gold_gain":0.0,"event_name":"Vampires","player_choice":"Ignored","floor":19.0,"gold_loss":0.0,"damage_taken":0.0},{"cards_removed":["Defend_P"],"damage_healed":0.0,"max_hp_gain":0.0,"max_hp_loss":0.0,"gold_gain":0.0,"event_name":"Beggar","player_choice":"Gave Gold","floor":20.0,"gold_loss":75.0,"damage_taken":0.0},{"damage_healed":0.0,"max_hp_gain":0.0,"max_hp_loss":0.0,"gold_gain":0.0,"event_name":"The Woman in Blue","player_choice":"Bought 1 Potion","floor":22.0,"gold_loss":0.0,"damage_taken":0.0},{"cards_removed":["Defend_P"],"damage_healed":0.0,"max_hp_gain":0.0,"max_hp_loss":0.0,"gold_gain":0.0,"event_name":"Back to Basics","player_choice":"Elegance","floor":27.0,"gold_loss":0.0,"damage_taken":0.0},{"damage_healed":0.0,"max_hp_gain":0.0,"max_hp_loss":0.0,"gold_gain":0.0,"event_name":"Tomb of Lord Red Mask","player_choice":"Ignored","floor":39.0,"gold_loss":0.0,"damage_taken":0.0}],"is_beta":false,"boss_relics":[{"not_picked":["Snecko Eye","SacredBark"],"picked":"Tiny House"},{"not_picked":["Runic Dome","Philosopher\u0027s Stone"],"picked":"Pandora\u0027s Box"}],"items_purged_floors":[10,37,53],"is_endless":false,"potions_floor_spawned":[5,8,13,14,24,31,33,35,36,40,47,48],"ascension_level":1}}