{"host":"tnsigirk6wurdark","time":1610272541,"event":{"mods":["BaseMod","Colored Map","Colored Powertips","DeckTracker","Highlight Path","Minty Spire (QoL Compilation)","Quick Restart","Relic Sorter","StSLib","SuperFastMode","Synergy Search"],"gold_per_floor":[116,6,21,21,21,46,65,65,91,91,125,138,152,177,177,177,177],"floor_reached":16,"playtime":694,"items_purged":["Strike_G"],"score":204,"play_id":"ddb6a6ab-f299-4f20-8ecb-538a6026c887","local_time":"20210110095541","is_ascension_mode":true,"campfire_choices":[{"data":"Noxious Fumes","floor":8,"key":"SMITH"},{"floor":10,"key":"REST"},{"data":"Blind","floor":15,"key":"SMITH"}],"circlet_count":0,"master_deck":["AscendersBane","Strike_G","Strike_G","Strike_G","Strike_G","Defend_G","Defend_G","Defend_G","Defend_G","Defend_G","Survivor","Neutralize","Bouncing Flask","All Out Attack","Noxious Fumes+1","Blind+1","Dagger Spray","Backflip","Bane","Deadly Poison","Bouncing Flask"],"relics":["Ring of the Snake","Ancient Tea Set","Oddly Smooth Stone","Darkstone Periapt","Ice Cream"],"acts_visited":["Exordium"],"potions_floor_usage":[3,11,11],"damage_taken":[{"damage":1,"enemies":"Jaw Worm","floor":1,"turns":8},{"damage":2,"enemies":"Cultist","floor":3,"turns":3},{"damage":25,"enemies":"3 Sentries","floor":6,"turns":7},{"damage":4,"enemies":"Small Slimes","floor":7,"turns":3},{"damage":19,"enemies":"Lagavulin","floor":11,"turns":6},{"damage":9,"enemies":"Blue Slaver","floor":12,"turns":4},{"damage":0,"enemies":"2 Fungi Beasts","floor":13,"turns":4},{"damage":10,"enemies":"3 Sentries","floor":14,"turns":7},{"damage":30,"enemies":"Slime Boss","floor":16,"turns":7}],"seed_played":"6609069182386530786","potions_obtained":[{"floor":1,"key":"EssenceOfSteel"},{"floor":6,"key":"GamblersBrew"},{"floor":7,"key":"Fruit Juice"}],"is_trial":false,"path_per_floor":["M","$","M","$","?","E","M","R","T","R","E","M","M","E","R","B"],"character_chosen":"THE_SILENT","items_purchased":["All Out Attack"],"campfire_rested":1,"item_purchase_floors":[2],"current_hp_per_floor":[64,64,62,62,62,37,33,33,33,54,40,31,31,21,21,0,0],"gold":177,"neow_bonus":"TEN_PERCENT_HP_BONUS","is_daily":false,"chose_seed":false,"campfire_upgraded":2,"win_rate":0.0,"timestamp":1610272541,"path_taken":["M","$","M","$","?","E","?","R","T","R","E","?","M","E","R","BOSS"],"items_purchased_type":["Card"],"build_version":"2020-12-22","purchased_purges":1,"victory":false,"max_hp_per_floor":[72,72,72,72,72,72,72,72,72,72,77,77,77,77,77,77,77],"card_choices":[{"not_picked":["Outmaneuver","Quick Slash"],"picked":"Bouncing Flask","floor":1},{"not_picked":["Concentrate","PiercingWail"],"picked":"Noxious Fumes","floor":3},{"not_picked":["Distraction","Riddle With Holes"],"picked":"Dagger Spray","floor":6},{"not_picked":["Prepared","Deflect"],"picked":"Backflip","floor":7},{"not_picked":["Grand Finale","Dagger Throw","Underhanded Strike"],"picked":"SKIP","floor":11},{"not_picked":["All Out Attack","Blade Dance"],"picked":"Bane","floor":12},{"not_picked":["Prepared","Bane"],"picked":"Deadly Poison","floor":13},{"not_picked":["Backflip","Catalyst"],"picked":"Bouncing Flask","floor":14}],"player_experience":656194,"relics_obtained":[{"floor":6,"key":"Ancient Tea Set"},{"floor":9,"key":"Oddly Smooth Stone"},{"floor":11,"key":"Darkstone Periapt"},{"floor":14,"key":"Ice Cream"}],"event_choices":[{"damage_healed":0,"gold_gain":0,"player_choice":"1 cards matched","damage_taken":0,"max_hp_gain":0,"max_hp_loss":0,"event_name":"Match and Keep!","floor":5,"gold_loss":0,"cards_obtained":["Blind"]}],"is_beta":false,"boss_relics":[],"items_purged_floors":[2],"is_endless":false,"potions_floor_spawned":[1,6,7],"killed_by":"Slime Boss","ascension_level":14}}