{"host":"l84l8xigz5v5foa2","time":1610246693,"event":{"mods":["2.2 Compatiblity","AchievementEnabler","BaseMod","Better Note","Better Vampires","Card Filter","Colored Map","DeckTracker","Downfall","Gremlin Skip","Highlight Path","Keyboard Shortcuts","Minty Spire (QoL Compilation)","Permanent Neow","Quick Restart","Relic Filter","Relic Stats","StSLib","SuperFastMode","Transform Curses","Unknown Chances"],"gold_per_floor":[99,113,126,139,150,150,150,60,90,90,90,110,160,175,186,186,186,186],"floor_reached":16,"playtime":1007,"items_purged":["Slimebound:Defend_Slimebound"],"score":208,"play_id":"5de92cd6-4f29-42fe-80fe-ecf7f6b18598","local_time":"20210110114453","is_ascension_mode":true,"campfire_choices":[{"data":"Slimebound:CorrosiveSpit","floor":1.0,"key":"SMITH"},{"data":"Slimebound:Split","floor":6.0,"key":"SMITH"},{"data":"Slimebound:LevelUp","floor":10.0,"key":"SMITH"}],"circlet_count":0,"master_deck":["AscendersBane","Slimebound:Strike_Slimebound","Slimebound:Strike_Slimebound","Slimebound:Tackle","Slimebound:Defend_Slimebound","Slimebound:Defend_Slimebound","Slimebound:Defend_Slimebound","Slimebound:Split+1","Slimebound:CorrosiveSpit+1","Slimebound:TongueLash","Slimebound:LevelUp+1","Slimebound:Schlurp","Slimebound:Dissolve","Slimebound:LeadByExample","Slimebound:Nibble","Slimebound:DisruptingSlam","Slimebound:Replication"],"relics":["Slimebound:AbsorbEndCombat","Torii","Pocketwatch","Bottled Tornado"],"acts_visited":[],"potions_floor_usage":[16],"damage_taken":[{"damage":5.0,"enemies":"Cultist","floor":2.0,"turns":4.0},{"damage":9.0,"enemies":"Small Slimes","floor":3.0,"turns":3.0},{"damage":4.0,"enemies":"2 Louse","floor":4.0,"turns":4.0},{"damage":12.0,"enemies":"3 Louse","floor":5.0,"turns":6.0},{"damage":15.0,"enemies":"downfall:FleeingMerchant","floor":8.0,"turns":4.0},{"damage":36.0,"enemies":"Lagavulin","floor":9.0,"turns":6.0},{"damage":9.0,"enemies":"2 Fungi Beasts","floor":12.0,"turns":3.0},{"damage":16.0,"enemies":"Large Slime","floor":14.0,"turns":4.0},{"damage":1.0,"enemies":"3 Louse","floor":15.0,"turns":2.0},{"damage":63,"enemies":"downfall:Defect","floor":16,"turns":5}],"seed_played":"-4625517540186884569","potions_obtained":[{"floor":4.0,"key":"Slimebound:SlimyTonguePotion"},{"floor":9.0,"key":"Strength Potion"},{"floor":12.0,"key":"Energy Potion"}],"is_trial":false,"path_per_floor":["R","M","M","M","M","R","T","$","E","R","T","M","?","M","M","B"],"character_chosen":"SLIMEBOUND","items_purchased":[],"campfire_rested":0,"item_purchase_floors":[],"current_hp_per_floor":[49,54,53,54,52,52,52,51,33,33,33,38,38,41,46,0,0,0],"gold":186,"neow_bonus":"TRANSFORM_CARD","is_daily":false,"chose_seed":false,"campfire_upgraded":3,"win_rate":0.0,"timestamp":1610246693,"path_taken":["R","M","M","M","M","R","T","$","E","R","?","M","?","M","M","BOSS"],"items_purchased_type":[],"build_version":"2020-12-22","purchased_purges":1,"victory":false,"max_hp_per_floor":[54,54,54,54,54,54,54,54,54,54,54,54,54,54,54,54,54,54],"relic_stats":{"Torii":5,"counters":[10,40],"obtain_stats":[{"Torii":7,"Slimebound:AbsorbEndCombat":0,"Bottled Tornado":11,"Pocketwatch":9},{"Torii":4,"Slimebound:AbsorbEndCombat":0,"Bottled Tornado":6,"Pocketwatch":6},{"Torii":16,"Slimebound:AbsorbEndCombat":0,"Bottled Tornado":26,"Pocketwatch":26}],"Pocketwatch":[3]},"card_choices":[{"not_picked":["Slimebound:RollThrough","Slimebound:PressTheAttack"],"picked":"Slimebound:LevelUp","floor":2.0},{"not_picked":["Slimebound:RainOfGoop","Slimebound:ForwardTackle","Slimebound:ProtectTheBoss"],"picked":"SKIP","floor":3.0},{"not_picked":["Slimebound:GrowthPunch","Slimebound:PressTheAttack"],"picked":"Slimebound:Schlurp","floor":4.0},{"not_picked":["Slimebound:SplitAcid","Slimebound:LivingWall"],"picked":"Slimebound:Dissolve","floor":5.0},{"not_picked":["Slimebound:Grow","Slimebound:GoopSpray"],"picked":"Slimebound:LeadByExample","floor":8.0},{"not_picked":["Slimebound:Schlurp","Slimebound:GoopTackle","Slimebound:RollThrough"],"picked":"SKIP","floor":9.0},{"not_picked":["Slimebound:ViciousTackle","Slimebound:Nibble","Slimebound:ServeAndProtect"],"picked":"SKIP","floor":12.0},{"not_picked":["Slimebound:ViciousTackle","Slimebound:ServeAndProtect"],"picked":"Slimebound:Nibble","floor":12.0},{"not_picked":["Slimebound:Replication","Slimebound:SplitBruiser"],"picked":"Slimebound:DisruptingSlam","floor":14.0},{"not_picked":["Slimebound:GoopSpray","Slimebound:SplitAcid"],"picked":"Slimebound:Replication","floor":15.0}],"player_experience":3038852,"relics_obtained":[{"floor":7.0,"key":"Torii"},{"floor":9.0,"key":"Pocketwatch"},{"floor":11.0,"key":"Bottled Tornado"}],"event_choices":[],"is_beta":false,"boss_relics":[],"items_purged_floors":[8],"is_endless":false,"potions_floor_spawned":[4,9,12,14],"killed_by":"downfall:Defect","ascension_level":20}}