{"host":"Kdaddybrian","time":1610250424,"event":{"mods":["AchievementEnabler","BaseMod","Bestiary","Colored Powertips","Minty Spire (QoL Compilation)","Potion Indicator Mod","Quick Restart","Rare Cards Sparkle","Relic Stats","StSLib","Uncapped"],"gold_per_floor":[109,120,132,132,132,165,165,214,240,252,252,26,55,20,20,122,122,139,150,77,92,92,92,120,120,120],"floor_reached":25,"playtime":1030,"items_purged":["Strike_P","Strike_P"],"score":252,"play_id":"d8e0e715-12c4-40c2-ac3f-4f73846aab74","local_time":"20210109224704","is_ascension_mode":true,"campfire_choices":[{"floor":7,"key":"REST"},{"data":"ReachHeaven","floor":11,"key":"SMITH"},{"floor":15,"key":"REST"},{"floor":23,"key":"REST"}],"circlet_count":0,"master_deck":["Strike_P+1","Strike_P","Defend_P","Defend_P","Defend_P","Eruption+1","Vigilance","ClearTheMind","BowlingBash","EmptyFist","Pray","Wallop","ReachHeaven+1","EmptyBody","Consecrate","Conclude","CarveReality","Brilliance","CutThroughFate","Prostrate+1","Protect","BattleHymn+1","Decay","LessonLearned","Vault"],"relics":["HolyWater","Dream Catcher","Juzu Bracelet","PreservedInsect","Centennial Puzzle","Smiling Mask","Whetstone","Nunchaku","Boot"],"acts_visited":["Exordium","TheCity"],"potions_floor_usage":[18,25],"damage_taken":[{"damage":0,"enemies":"Cultist","floor":1,"turns":2},{"damage":9,"enemies":"Jaw Worm","floor":2,"turns":8},{"damage":0,"enemies":"Small Slimes","floor":3,"turns":2},{"damage":9,"enemies":"3 Sentries","floor":6,"turns":6},{"damage":5,"enemies":"Red Slaver","floor":10,"turns":2},{"damage":13,"enemies":"Lagavulin","floor":13,"turns":5},{"damage":61,"enemies":"Hexaghost","floor":16,"turns":10},{"damage":10,"enemies":"Shell Parasite","floor":18,"turns":4},{"damage":25,"enemies":"Chosen","floor":19,"turns":5},{"damage":15,"enemies":"Snake Plant","floor":21,"turns":3},{"damage":19,"enemies":"Book of Stabbing","floor":24,"turns":4},{"damage":25,"enemies":"Cultist and Chosen","floor":25,"turns":6}],"seed_played":"-1343333855625516022","potions_obtained":[{"floor":1,"key":"SkillPotion"},{"floor":6,"key":"BottledMiracle"},{"floor":10,"key":"Energy Potion"},{"floor":24,"key":"GamblersBrew"}],"is_trial":false,"path_per_floor":["M","M","M","?","?","E","R","T","T","M","R","$","E","$","R","B",null,"M","M","$","M","?","R","E","M"],"character_chosen":"WATCHER","items_purchased":["EmptyBody","Whetstone","Conclude","Protect"],"campfire_rested":3,"item_purchase_floors":[12,12,14,20],"current_hp_per_floor":[72,63,63,60,53,44,65,65,65,60,60,60,47,47,68,7,72,62,37,37,22,22,43,24,0,0],"gold":120,"neow_bonus":"RANDOM_COMMON_RELIC","is_daily":false,"chose_seed":false,"campfire_upgraded":1,"win_rate":0.0,"timestamp":1610250424,"path_taken":["M","M","M","?","?","E","R","?","T","M","R","$","E","$","R","BOSS","M","M","$","M","?","R","E","M"],"items_purchased_type":["Card","Relic","Card","Card"],"build_version":"2020-12-18","purchased_purges":2,"victory":false,"max_hp_per_floor":[72,72,72,72,72,72,72,72,72,72,72,72,72,72,72,72,72,72,72,72,72,72,72,72,72,72],"relic_stats":{"Dream Catcher":3,"Centennial Puzzle":[24],"Nunchaku":[7],"counters":[12,57],"PreservedInsect":69,"Juzu Bracelet":0,"Whetstone":["Eruption","Strike_P"],"Smiling Mask":75,"Boot":[2],"obtain_stats":[{"Dream Catcher":0,"Centennial Puzzle":8,"Nunchaku":13,"HolyWater":17,"PreservedInsect":6,"Juzu Bracelet":4,"Whetstone":12,"PureWater":0,"Smiling Mask":9,"Boot":24},{"Dream Catcher":0,"Centennial Puzzle":4,"Nunchaku":6,"HolyWater":7,"PreservedInsect":4,"Juzu Bracelet":3,"Whetstone":5,"PureWater":0,"Smiling Mask":4,"Boot":11},{"Dream Catcher":0,"Centennial Puzzle":18,"Nunchaku":25,"HolyWater":35,"PreservedInsect":18,"Juzu Bracelet":12,"Whetstone":20,"PureWater":0,"Smiling Mask":18,"Boot":51}]},"card_choices":[{"not_picked":["Swivel","CrushJoints"],"picked":"ClearTheMind","floor":1},{"not_picked":["Adaptation","EmptyBody"],"picked":"BowlingBash","floor":2},{"not_picked":["FlurryOfBlows","Crescendo"],"picked":"EmptyFist","floor":3},{"not_picked":["FlurryOfBlows","ClearTheMind"],"picked":"Pray","floor":6},{"not_picked":["Perseverance","Sanctity"],"picked":"Wallop","floor":7},{"not_picked":["ClearTheMind","Adaptation"],"picked":"ReachHeaven","floor":10},{"not_picked":["Nirvana","CrushJoints"],"picked":"Consecrate","floor":13},{"not_picked":["Pray","Worship"],"picked":"CarveReality","floor":15},{"not_picked":["DeusExMachina","Alpha"],"picked":"Brilliance","floor":16},{"not_picked":["Consecrate","Evaluate"],"picked":"CutThroughFate","floor":18},{"not_picked":["FlurryOfBlows+1","PathToVictory+1"],"picked":"Prostrate+1","floor":19},{"not_picked":["FollowUp+1","Consecrate+1"],"picked":"BattleHymn+1","floor":21},{"not_picked":["Consecrate","CrushJoints"],"picked":"LessonLearned","floor":23},{"not_picked":["Tantrum","Protect"],"picked":"Vault","floor":24}],"player_experience":2948523,"relics_obtained":[{"floor":6,"key":"PreservedInsect"},{"floor":8,"key":"Centennial Puzzle"},{"floor":9,"key":"Smiling Mask"},{"floor":13,"key":"Nunchaku"},{"floor":24,"key":"Boot"}],"event_choices":[{"damage_healed":0,"gold_gain":0,"player_choice":"Success","damage_taken":3,"relics_obtained":["Juzu Bracelet"],"max_hp_gain":0,"max_hp_loss":0,"event_name":"Scrap Ooze","floor":4,"gold_loss":0},{"cards_removed":["Defend_P"],"damage_healed":0,"gold_gain":0,"player_choice":"Card Removal","damage_taken":7,"max_hp_gain":0,"max_hp_loss":0,"event_name":"Golden Wing","floor":5,"gold_loss":0},{"damage_healed":0,"gold_gain":0,"player_choice":"Smashed Altar","damage_taken":0,"max_hp_gain":0,"max_hp_loss":0,"event_name":"Forgotten Altar","floor":22,"gold_loss":0,"cards_obtained":["Decay"]}],"is_beta":true,"boss_relics":[{"not_picked":["Busted Crown","Cursed Key"],"picked":"HolyWater"}],"items_purged_floors":[12,20],"is_endless":false,"potions_floor_spawned":[1,6,10,24],"killed_by":"Cultist and Chosen","ascension_level":2}}