{"host":"csp9nt53rootlkah","time":1610262787,"event":{"mods":["Act Like it!","BaseMod","Colored Powertips","Friendly Minions","Gensokyo","Highlight Path","Marisa£®ÏF”Í°°ƒß¿Ì…≥£©","Minty Spire (QoL Compilation)","Quick Restart","Replay The Spire","StSLib","TestMod","The Factory","The Jungle","°æ“≈ŒÔø®≈∆°øREMEMod"],"gold_per_floor":[119,119,137,62,76,76,101,101,101,127,179,191,221,291,333,365,377,485,497,528,572,610,622,653,694,706,752,791,823,846,858,890,937,949,1064,1076,1108,1120,1144,1174,1206,1261,1289,1328,1367,1379,1405,1448,1480,1542,1554,1566],"floor_reached":53,"playtime":2422,"items_purged":["Strike_MRS"],"score":1255,"play_id":"254e7319-6e91-477f-a63c-1b7e9fd18955","local_time":"20210110151307","is_ascension_mode":true,"campfire_choices":[{"data":"BlazingStar","floor":6.0,"key":"SMITH"},{"data":"OneTimeOff","floor":12.0,"key":"SMITH"},{"data":"PulseMagic","floor":17.0,"key":"SMITH"},{"data":"ShootingEcho","floor":26.0,"key":"SMITH"},{"data":"WitchLeyline","floor":31.0,"key":"SMITH"},{"data":"EscapeVelocity","floor":46.0,"key":"SMITH"},{"data":"UltimateShortwave","floor":51,"key":"SMITH"}],"circlet_count":0,"master_deck":["Strike_MRS","Strike_MRS","Defend_MRS","Defend_MRS","Defend_MRS","Defend_MRS","MasterSpark","UpSweep","FinalSpark","BlazingStar+1","PulseMagic+1","ShootingEcho+1","OneTimeOff+1","WitchLeyline+1","CasketOfStar+1","SuperPerseids+1","EscapeVelocity+1","Singularity+1","UltimateShortwave+1"],"relics":["MiniHakkero","testmod-TestBox","REME_ComplimentaryCards","testmod-FatalChain","Gremlin Horn","testmod-TurbochargingSystem","MawBank","SproutingBranch","Strawberry","testmod-Temperance","Red Mask","AmplifyWand","Boot","Garlic","Runic Pyramid","Ring of Hypnosis","Ring of Misfortune","Happy Flower","Toy Ornithopter","Bronze Scales","Du-Vu Doll","testmod-Fortitude"],"acts_visited":["Exordium","TheCity","TheBeyond"],"potions_floor_usage":[49,52],"damage_taken":[{"damage":6.0,"enemies":"Jaw Worm","floor":1.0,"turns":3.0},{"damage":0.0,"enemies":"2 Louse","floor":3.0,"turns":2.0},{"damage":0.0,"enemies":"Cultist","floor":5.0,"turns":3.0},{"damage":8.0,"enemies":"Lagavulin","floor":7.0,"turns":5.0},{"damage":14.0,"enemies":"Gremlin Nob","floor":10.0,"turns":3.0},{"damage":0.0,"enemies":"3 Louse","floor":13.0,"turns":1.0},{"damage":22.0,"enemies":"Lagavulin Event","floor":14.0,"turns":4.0},{"damage":4.0,"enemies":"3 Sentries","floor":15.0,"turns":2.0},{"damage":7.0,"enemies":"Large Slime","floor":16.0,"turns":3.0},{"damage":2.0,"enemies":"Slime Boss","floor":18.0,"turns":4.0},{"damage":0.0,"enemies":"3 Byrds","floor":20.0,"turns":2.0},{"damage":5.0,"enemies":"Masked Bandits","floor":21.0,"turns":2.0},{"damage":19.0,"enemies":"2 Thieves","floor":24.0,"turns":3.0},{"damage":44.0,"enemies":"Slavers","floor":25.0,"turns":4.0},{"damage":0.0,"enemies":"Gremlin Leader","floor":27.0,"turns":1.0},{"damage":0.0,"enemies":"Sentry and Sphere","floor":29.0,"turns":1.0},{"damage":7.0,"enemies":"Shelled Parasite and Fungi","floor":30.0,"turns":3.0},{"damage":8.0,"enemies":"Snake Plant","floor":32.0,"turns":3.0},{"damage":19.0,"enemies":"Book of Stabbing","floor":33.0,"turns":5.0},{"damage":10.0,"enemies":"Pondfish","floor":35.0,"turns":8.0},{"damage":4.0,"enemies":"Orb Walker","floor":37.0,"turns":2.0},{"damage":24.0,"enemies":"3 Darklings","floor":39.0,"turns":3.0},{"damage":13.0,"enemies":"Maw","floor":40.0,"turns":5.0},{"damage":0.0,"enemies":"4 Shapes","floor":41.0,"turns":2.0},{"damage":6.0,"enemies":"R_Hoarder","floor":42.0,"turns":6.0},{"damage":2.0,"enemies":"Transient","floor":43.0,"turns":5.0},{"damage":1.0,"enemies":"Reptomancer","floor":44.0,"turns":2.0},{"damage":38.0,"enemies":"Maw","floor":47.0,"turns":6.0},{"damage":11,"enemies":"R_Hoarder","floor":48,"turns":5},{"damage":29,"enemies":"Writhing Mass","floor":49,"turns":5},{"damage":0,"enemies":"Mind Bloom Boss Battle","floor":50,"turns":3},{"damage":65,"enemies":"Donu and Deca","floor":52,"turns":5}],"seed_played":"5936132594920217425","potions_obtained":[{"floor":1.0,"key":"Flashbang"},{"floor":5.0,"key":"PowerPotion"},{"floor":10.0,"key":"Dexterity Potion"},{"floor":20.0,"key":"Milkshake"},{"floor":21.0,"key":"testmod-SpacePotion"},{"floor":22.0,"key":"LiquidBronze"},{"floor":24.0,"key":"Block Potion"},{"floor":32.0,"key":"Elixir"},{"floor":37.0,"key":"Adrenaline Potion"},{"floor":40.0,"key":"Energy Potion"},{"floor":43.0,"key":"BottledSpark"},{"floor":48,"key":"BlessingOfTheForge"}],"is_trial":false,"path_per_floor":["M","?","M","$","M","R","E","PTL","PTL","E","T","R","M","?","E","M","R","B",null,"M","?","?","$","M","E","R","E","T","M","M","R","M","E","R","B",null,"M","?","M","M","M","E","M","E","T","R","M","E","M","?","R","B",null],"character_chosen":"MARISA","items_purchased":[],"campfire_rested":0,"item_purchase_floors":[],"current_hp_per_floor":[69,62,62,62,62,62,54,54,54,40,40,40,40,30,38,40,40,50,82,82,77,77,77,67,35,35,35,35,35,37,37,38,33,57,62,82,78,78,58,59,64,73,82,81,81,81,50,53,43,52,52,6],"gold":1578,"neow_bonus":"ONE_RANDOM_RARE_CARD","is_daily":false,"chose_seed":false,"campfire_upgraded":7,"win_rate":0.0,"timestamp":1610262787,"path_taken":["M","?","M","$","M","R","E","PTL","PTL","E","T","R","M","?","E","M","R","BOSS","M","?","?","$","M","E","R","E","T","M","?","R","M","E","R","BOSS","M","?","M","M","M","E","M","E","T","R","M","E","M","?","R","BOSS"],"items_purchased_type":[],"build_version":"2020-12-22","purchased_purges":1,"victory":true,"max_hp_per_floor":[75,75,75,75,75,75,75,75,75,75,75,75,75,75,82,82,82,82,82,82,82,82,82,82,82,82,82,82,82,82,82,82,82,82,82,82,82,82,82,82,82,82,82,82,82,82,82,82,82,82,82,82],"card_choices":[{"not_picked":["SprinkleStarSeal","WitchOfGreed"],"picked":"PulseMagic","floor":1.0},{"not_picked":["Acceleration","Singularity"],"picked":"ShootingEcho","floor":3.0},{"not_picked":["WitchOfGreed","ManaConvection"],"picked":"OneTimeOff","floor":5.0},{"not_picked":["LuminesStrike","SporeBomb","GalacticHalo"],"picked":"SKIP","floor":7.0},{"not_picked":["OrrerysSun","Singularity","OortCloud"],"picked":"SKIP","floor":10.0},{"not_picked":["MagicChant","6A"],"picked":"WitchLeyline","floor":13.0},{"not_picked":["MilkyWay","GrandCross","ChargeUpSpray"],"picked":"SKIP","floor":15.0},{"not_picked":["RefractionSpark","GalacticHalo","DC"],"picked":"SKIP","floor":16.0},{"not_picked":["AbsoluteMagnitude","StarDustReverie"],"picked":"CasketOfStar","floor":18.0},{"not_picked":["DarkSpark","FairyDestructionRay","Acceleration"],"picked":"SKIP","floor":20.0},{"not_picked":["SporeBomb+1","ChargingUp","UnstableBomb"],"picked":"SKIP","floor":24.0},{"not_picked":["SprinkleStarSeal","SporeBomb","SuperPerseids+1"],"picked":"SKIP","floor":25.0},{"not_picked":["SprinkleStarSeal","SporeBomb"],"picked":"SuperPerseids+1","floor":25.0},{"not_picked":["NonDirectionalLaser","MilkyWay","Acceleration"],"picked":"SKIP","floor":27.0},{"not_picked":["ShootTheMoon","DragonMeteor+1","MysteriousBeam"],"picked":"SKIP","floor":29.0},{"not_picked":["OrrerysSun","EventHorizon","ChargingUp"],"picked":"SKIP","floor":30.0},{"not_picked":["JA","DC","WitchOfGreed"],"picked":"SKIP","floor":32.0},{"not_picked":["NonDirectionalLaser+1","PowerUp","ManaRampage"],"picked":"SKIP","floor":33.0},{"not_picked":["CasketOfStar","MaximisePower"],"picked":"EscapeVelocity","floor":35.0},{"not_picked":["PowerUp+1","EventHorizon","WitchLeyline+1"],"picked":"SKIP","floor":37.0},{"not_picked":["BlazingStar","ShootingEcho+1","AsteroidBelt"],"picked":"SKIP","floor":39.0},{"not_picked":["BlazeAway","PowerUp","IllusionStar+1"],"picked":"SKIP","floor":40.0},{"not_picked":["BlazeAway","ManaConvection","DoubleSpark"],"picked":"SKIP","floor":41.0},{"not_picked":["CollectingQuirk","MachineGunSpark+1","LuminesStrike"],"picked":"SKIP","floor":42.0},{"not_picked":["DarkMatter","UnstableBomb+1"],"picked":"Singularity+1","floor":43.0},{"not_picked":["MilkyWay","WitchOfGreed","OortCloud+1"],"picked":"SKIP","floor":44.0},{"not_picked":["UnstableBomb+1","WitchOfGreed","OpenUniverse+1"],"picked":"SKIP","floor":47.0},{"not_picked":["DC","EnergyRecoil"],"picked":"UltimateShortwave","floor":48},{"not_picked":["SporeBomb","OortCloud","GrandCross+1"],"picked":"SKIP","floor":49}],"player_experience":119262,"relics_obtained":[{"floor":7.0,"key":"Gremlin Horn"},{"floor":10.0,"key":"testmod-TurbochargingSystem"},{"floor":11.0,"key":"MawBank"},{"floor":15.0,"key":"Strawberry"},{"floor":21.0,"key":"Red Mask"},{"floor":25.0,"key":"AmplifyWand"},{"floor":27.0,"key":"Boot"},{"floor":33.0,"key":"Garlic"},{"floor":38.0,"key":"Ring of Hypnosis"},{"floor":38.0,"key":"Ring of Misfortune"},{"floor":42.0,"key":"Happy Flower"},{"floor":44.0,"key":"Toy Ornithopter"},{"floor":45.0,"key":"Bronze Scales"},{"floor":48,"key":"Du-Vu Doll"},{"floor":50,"key":"testmod-Fortitude"}],"event_choices":[{"cards_removed":["Strike_MRS"],"damage_healed":0.0,"max_hp_gain":0.0,"max_hp_loss":0.0,"gold_gain":0.0,"event_name":"Golden Wing","player_choice":"Card Removal","floor":2.0,"gold_loss":0.0,"damage_taken":7.0},{"damage_healed":0.0,"max_hp_gain":0.0,"max_hp_loss":0.0,"gold_gain":30.0,"event_name":"Dead Adventurer","player_choice":"Searched \u00273\u0027 times","floor":14.0,"gold_loss":0.0,"damage_taken":0.0,"relics_obtained":["SproutingBranch"]},{"damage_healed":0.0,"max_hp_gain":0.0,"max_hp_loss":0.0,"gold_gain":0.0,"event_name":"Masked Bandits","player_choice":"Fought Bandits","floor":21.0,"gold_loss":0.0,"damage_taken":0.0},{"damage_healed":0,"gold_gain":0,"player_choice":"Fight","damage_taken":0,"max_hp_gain":0,"max_hp_loss":0,"event_name":"MindBloom","floor":50,"gold_loss":0}],"is_beta":false,"boss_relics":[{"not_picked":["SacredBark","ChewingGum"],"picked":"testmod-Temperance"},{"not_picked":["Ring of Chaos","Abe\u0027s Treasure"],"picked":"Runic Pyramid"}],"items_purged_floors":[4],"is_endless":false,"potions_floor_spawned":[1,5,10,16,20,21,24,32,37,40,43,48],"ascension_level":1}}