{"host":"ci7ivtocgfxh0ueo","time":1610277512,"event":{"mods":["BaseMod","GifTheSpireLib","Minty Spire (QoL Compilation)","StSLib"],"gold_per_floor":[10,25,25,25,36,36,11,11,11,11,11,25,25,25,25,98,98,108,108,108,124,49,49,49,49],"floor_reached":24,"playtime":693,"items_purged":["Pain"],"score":346,"play_id":"d25361e5-1294-4f7d-ab45-b0b821433722","local_time":"20210110191832","is_ascension_mode":true,"campfire_choices":[{"data":"Electrodynamics","floor":6,"key":"SMITH"},{"data":"Zap","floor":10,"key":"SMITH"},{"data":"Coolheaded","floor":13,"key":"SMITH"},{"floor":15,"key":"REST"},{"floor":23,"key":"REST"}],"circlet_count":0,"master_deck":["AscendersBane","Strike_B","Strike_B","Strike_B","Defend_B","Defend_B","Defend_B","Defend_B+1","Zap+1","Dualcast","Electrodynamics+1","Stack","Coolheaded+1","Conserve Battery","Coolheaded+1","Seek","Chaos","Sunder"],"relics":["Cracked Core","Lizard Tail","SacredBark","WarpedTongs"],"acts_visited":["Exordium","TheCity"],"potions_floor_usage":[16,16,18],"damage_taken":[{"damage":2,"enemies":"Cultist","floor":1,"turns":4},{"damage":0,"enemies":"2 Louse","floor":2,"turns":2},{"damage":9,"enemies":"Jaw Worm","floor":5,"turns":4},{"damage":8,"enemies":"Blue Slaver","floor":12,"turns":3},{"damage":30,"enemies":"The Guardian","floor":16,"turns":18},{"damage":20,"enemies":"Shell Parasite","floor":18,"turns":7},{"damage":17,"enemies":"Spheric Guardian","floor":21,"turns":4},{"damage":90,"enemies":"Book of Stabbing","floor":24,"turns":6}],"seed_played":"-431763037169500886","potions_obtained":[{"floor":5,"key":"Dexterity Potion"},{"floor":12,"key":"DistilledChaos"},{"floor":16,"key":"DistilledChaos"}],"is_trial":false,"path_per_floor":["M","M","?","?","M","R","$","?","T","R","$","M","R","?","R","B",null,"M","?","?","M","$","R","E"],"character_chosen":"DEFECT","items_purchased":["Conserve Battery"],"campfire_rested":2,"item_purchase_floors":[7],"current_hp_per_floor":[62,62,62,62,53,53,53,58,58,58,58,50,50,27,49,19,62,42,42,42,25,25,47,0,0],"gold":49,"neow_bonus":"THREE_RARE_CARDS","is_daily":false,"chose_seed":false,"campfire_upgraded":3,"win_rate":0.0,"timestamp":1610277512,"path_taken":["M","M","?","?","?","R","?","?","T","R","$","M","R","?","R","BOSS","M","?","?","?","$","R","E"],"items_purchased_type":["Card"],"build_version":"2020-12-22","purchased_purges":1,"victory":false,"max_hp_per_floor":[71,71,71,71,71,71,71,76,76,76,76,76,76,76,76,76,76,76,76,76,76,76,76,76,76],"card_choices":[{"not_picked":["Core Surge","All For One"],"picked":"Electrodynamics","floor":0},{"not_picked":["Compile Driver","Blizzard","Hologram"],"picked":"SKIP","floor":1},{"not_picked":["Rebound","Skim","Scrape"],"picked":"SKIP","floor":2},{"not_picked":["Compile Driver","Gash"],"picked":"Coolheaded","floor":5},{"not_picked":["Conserve Battery","Streamline"],"picked":"Coolheaded","floor":12},{"not_picked":["Rainbow","Reboot"],"picked":"Seek","floor":16},{"not_picked":["Skim","Static Discharge+1"],"picked":"Chaos","floor":18},{"not_picked":["Steam Power","Lockon"],"picked":"Sunder","floor":21}],"player_experience":1338165,"relics_obtained":[{"floor":9,"key":"Lizard Tail"}],"event_choices":[{"damage_healed":0,"gold_gain":0,"player_choice":"Ignored","damage_taken":0,"max_hp_gain":0,"max_hp_loss":0,"event_name":"Golden Idol","floor":3,"gold_loss":0},{"damage_healed":0,"gold_gain":0,"cards_transformed":["Strike_B"],"player_choice":"Transformed","damage_taken":0,"max_hp_gain":0,"max_hp_loss":0,"event_name":"Transmorgrifier","floor":4,"gold_loss":0,"cards_obtained":["Stack"]},{"damage_healed":0,"gold_gain":0,"player_choice":"Donut","damage_taken":0,"max_hp_gain":5,"max_hp_loss":0,"event_name":"Big Fish","floor":8,"gold_loss":0},{"damage_healed":0,"gold_gain":0,"player_choice":"Entered Light","damage_taken":23,"max_hp_gain":0,"max_hp_loss":0,"event_name":"Shining Light","floor":14,"gold_loss":0,"cards_upgraded":["Defend_B","Coolheaded"]},{"damage_healed":0,"gold_gain":0,"player_choice":"Ignored","damage_taken":0,"max_hp_gain":0,"max_hp_loss":0,"event_name":"Vampires","floor":19,"gold_loss":0},{"damage_healed":0,"gold_gain":0,"player_choice":"Rummage","damage_taken":0,"relics_obtained":["WarpedTongs"],"max_hp_gain":0,"max_hp_loss":0,"event_name":"Accursed Blacksmith","floor":20,"gold_loss":0,"cards_obtained":["Pain"]}],"is_beta":false,"boss_relics":[{"not_picked":["Philosopher\u0027s Stone","Black Star"],"picked":"SacredBark"}],"items_purged_floors":[22],"is_endless":false,"potions_floor_spawned":[5,12,16],"killed_by":"Book of Stabbing","ascension_level":18}}