{"host":"r53pw7z744tg3fxg","time":1610237168,"event":{"mods":["AchievementEnabler","BaseMod","Colored Map","Colored Powertips","Highlight Path","Minty Spire (QoL Compilation)","Quick Restart","Transform Curses"],"gold_per_floor":[112,124,137,137,156,156,172,201,213,225,251,263,275,304,316,433,445,473,485,514,539,165,165,165],"floor_reached":23,"playtime":762,"items_purged":[],"score":312,"play_id":"9b4a5c21-3548-4a98-ac47-6e29f776ad72","local_time":"20210109170608","is_ascension_mode":true,"campfire_choices":[{"floor":6.0,"key":"REST"},{"floor":10.0,"key":"REST"},{"data":"Eruption","floor":12.0,"key":"SMITH"},{"data":"ClearTheMind","floor":15,"key":"SMITH"}],"circlet_count":0,"master_deck":["AscendersBane","Strike_P","Strike_P","Strike_P","Strike_P","Defend_P","Defend_P","Defend_P","Defend_P","Eruption+1","Vigilance","BattleHymn+1","ClearTheMind+1","Brilliance","Scrawl+1","Scrawl+1","Collect+1","Indignation","Pray","CarveReality+1","WindmillStrike"],"relics":["PureWater","Regal Pillow","MawBank","Pear","Astrolabe","Letter Opener","Sling"],"acts_visited":["Exordium","TheCity"],"potions_floor_usage":[14,16,21,23],"damage_taken":[{"damage":0.0,"enemies":"2 Louse","floor":1.0,"turns":1.0},{"damage":0.0,"enemies":"Cultist","floor":2.0,"turns":3.0},{"damage":7.0,"enemies":"Jaw Worm","floor":3.0,"turns":3.0},{"damage":22.0,"enemies":"Gremlin Gang","floor":5.0,"turns":4.0},{"damage":21.0,"enemies":"Blue Slaver","floor":7.0,"turns":3.0},{"damage":16.0,"enemies":"Lagavulin","floor":8.0,"turns":7.0},{"damage":0.0,"enemies":"Large Slime","floor":11.0,"turns":4.0},{"damage":3,"enemies":"Looter","floor":14,"turns":2},{"damage":38,"enemies":"Hexaghost","floor":16,"turns":7},{"damage":0,"enemies":"Spheric Guardian","floor":18,"turns":2},{"damage":24,"enemies":"3 Byrds","floor":20,"turns":4},{"damage":24,"enemies":"Centurion and Healer","floor":21,"turns":4},{"damage":26,"enemies":"Slavers","floor":23,"turns":2}],"seed_played":"-6948851838416198365","potions_obtained":[{"floor":1.0,"key":"PowerPotion"},{"floor":5.0,"key":"Dexterity Potion"},{"floor":11.0,"key":"Swift Potion"},{"floor":14,"key":"Ambrosia"},{"floor":18,"key":"DuplicationPotion"},{"floor":21,"key":"Fire Potion"}],"is_trial":false,"path_per_floor":["M","M","M","?","M","R","M","E","T","R","M","R","?","M","R","B",null,"M","?","M","M","$","E"],"character_chosen":"WATCHER","items_purchased":["Letter Opener","Sling"],"campfire_rested":2,"item_purchase_floors":[22,22],"current_hp_per_floor":[65,65,58,58,36,72,51,35,45,82,82,82,82,79,79,41,72,72,72,48,24,24,0,0],"gold":165,"neow_bonus":"RANDOM_COMMON_RELIC","is_daily":false,"chose_seed":false,"campfire_upgraded":2,"win_rate":0.0,"timestamp":1610237168,"path_taken":["M","M","M","?","M","R","M","E","T","R","?","R","?","?","R","BOSS","M","?","M","M","$","E"],"items_purchased_type":["Relic","Relic"],"build_version":"2020-12-22","purchased_purges":0,"victory":false,"max_hp_per_floor":[72,72,72,72,72,72,72,72,82,82,82,82,82,82,82,82,82,82,82,82,82,82,82,82],"card_choices":[{"not_picked":["Indignation","FlyingSleeves"],"picked":"Consecrate","floor":1.0},{"not_picked":["Protect","Fasting2","Prostrate"],"picked":"SKIP","floor":2.0},{"not_picked":["EmptyBody","Weave"],"picked":"BattleHymn","floor":3.0},{"not_picked":["Prostrate","CrushJoints"],"picked":"Sanctity","floor":5.0},{"not_picked":["Collect","EmptyMind","CrushJoints"],"picked":"SKIP","floor":7.0},{"not_picked":["WreathOfFlame","Protect","FlyingSleeves"],"picked":"SKIP","floor":8.0},{"not_picked":["FlurryOfBlows","CrushJoints"],"picked":"ClearTheMind","floor":11.0},{"not_picked":["Prostrate","Collect"],"picked":"Perseverance","floor":14},{"not_picked":["Omniscience","Blasphemy"],"picked":"Brilliance","floor":16},{"not_picked":["Protect","EmptyMind"],"picked":"Indignation","floor":18},{"not_picked":["Indignation","CrushJoints+1"],"picked":"CarveReality+1","floor":20},{"not_picked":["JustLucky","Wireheading"],"picked":"WindmillStrike","floor":21}],"player_experience":1223025,"relics_obtained":[{"floor":8.0,"key":"MawBank"},{"floor":9.0,"key":"Pear"}],"event_choices":[{"damage_healed":0.0,"max_hp_gain":0.0,"max_hp_loss":0.0,"gold_gain":0.0,"event_name":"Transmorgrifier","player_choice":"Ignored","floor":4.0,"gold_loss":0.0,"damage_taken":0.0},{"damage_healed":0,"gold_gain":0,"player_choice":"Forge","damage_taken":0,"max_hp_gain":0,"max_hp_loss":0,"event_name":"Accursed Blacksmith","floor":13,"gold_loss":0,"cards_upgraded":["BattleHymn"]},{"damage_healed":0,"gold_gain":0,"player_choice":"Read","damage_taken":0,"max_hp_gain":0,"max_hp_loss":0,"event_name":"The Library","floor":19,"gold_loss":0,"cards_obtained":["Pray"]}],"is_beta":false,"boss_relics":[{"not_picked":["Snecko Eye","SacredBark"],"picked":"Astrolabe"}],"items_purged_floors":[],"is_endless":false,"potions_floor_spawned":[1,5,11,14,18,21],"killed_by":"Slavers","ascension_level":12}}