{"host":"qfskrnw3pl1q86j0","time":1610314554,"event":{"mods":["BaseMod","Block Reminder","Hermit","Marisa????????","Minty Spire (QoL Compilation)","Quick Restart","Random Character Button","Relic Stats","StSLib","The Poker Player","slay the spire mod where everything is the same but ironclad has a cowboy hat"],"gold_per_floor":[114,69,89,89,106,106,125,143,143,143,157,157,186,203,203,304,304,320,320,18,38,38,73,73,87,87,100,100,25,25,43,43,138,138,149,209,222,18,0,0,20,49,74,74,87,102,102,119,119,119],"floor_reached":51,"playtime":1847,"items_purged":["Defend_MRS"],"score":753,"play_id":"0ed94b3f-5974-40b6-a424-3a3908ccd800","local_time":"20210110223554","is_ascension_mode":false,"campfire_choices":[{"data":"MasterSpark","floor":6.0,"key":"SMITH"},{"data":"MilkyWay","floor":10.0,"key":"SMITH"},{"data":"UpSweep","floor":12.0,"key":"SMITH"},{"data":"OortCloud","floor":15.0,"key":"SMITH"},{"data":"FinalSpark","floor":24,"key":"SMITH"},{"data":"MilkyWay","floor":28,"key":"SMITH"},{"data":"OortCloud","floor":30,"key":"SMITH"},{"data":"SporeBomb","floor":32,"key":"SMITH"},{"data":"MilkyWay","floor":40,"key":"SMITH"},{"data":"DoubleSpark","floor":44,"key":"SMITH"},{"data":"NonDirectionalLaser","floor":47,"key":"SMITH"},{"floor":49,"key":"REST"}],"circlet_count":0,"master_deck":["Strike_MRS","Strike_MRS","Strike_MRS","Defend_MRS","Defend_MRS","MasterSpark+1","UpSweep+1","SporeBomb+1","MilkyWay+1","Parasite","Parasite","OortCloud+1","AlicesGift+1","DC+1","NonDirectionalLaser+1","FinalSpark+1","MilkyWay+1","OortCloud+1","OortCloud+1","RefractionSpark+1","MilkyWay+1","DoubleSpark+1"],"relics":["MiniHakkero","ShroomBag","Bag of Marbles","Kunai","ExperimentalFamiliar","TungstenRod","SsserpentHead","Peace Pipe","Mercury Hourglass","Runic Dome","Whetstone","Red Mask","Centennial Puzzle","Smiling Mask"],"acts_visited":["Exordium","TheCity","TheBeyond"],"potions_floor_usage":[23,23,50,50],"damage_taken":[{"damage":1.0,"enemies":"2 Louse","floor":1.0,"turns":2.0},{"damage":0.0,"enemies":"Small Slimes","floor":3.0,"turns":3.0},{"damage":1.0,"enemies":"Jaw Worm","floor":5.0,"turns":2.0},{"damage":6.0,"enemies":"Gremlin Gang","floor":7.0,"turns":4.0},{"damage":5.0,"enemies":"Exordium Thugs","floor":8.0,"turns":3.0},{"damage":0.0,"enemies":"Looter","floor":11.0,"turns":3.0},{"damage":0.0,"enemies":"Lagavulin","floor":13.0,"turns":5.0},{"damage":0.0,"enemies":"2 Fungi Beasts","floor":14.0,"turns":2.0},{"damage":19.0,"enemies":"Hexaghost","floor":16.0,"turns":7.0},{"damage":3,"enemies":"Chosen","floor":18,"turns":2},{"damage":0,"enemies":"3 Byrds","floor":21,"turns":4},{"damage":12,"enemies":"Slavers","floor":23,"turns":3},{"damage":8,"enemies":"Cultist and Chosen","floor":25,"turns":3},{"damage":0,"enemies":"Snecko","floor":27,"turns":2},{"damage":8,"enemies":"Chosen and Byrds","floor":31,"turns":3},{"damage":10,"enemies":"Champ","floor":33,"turns":7},{"damage":0,"enemies":"3 Darklings","floor":35,"turns":1},{"damage":0,"enemies":"3 Shapes","floor":36,"turns":4},{"damage":8,"enemies":"3 Darklings","floor":37,"turns":3},{"damage":0,"enemies":"Transient","floor":41,"turns":5},{"damage":14,"enemies":"Nemesis","floor":42,"turns":5},{"damage":0,"enemies":"Spire Growth","floor":45,"turns":2},{"damage":0,"enemies":"Maw","floor":46,"turns":4},{"damage":4,"enemies":"Sphere and 2 Shapes","floor":48,"turns":3},{"damage":10,"enemies":"Donu and Deca","floor":50,"turns":5}],"seed_played":"5241239261862497548","potions_obtained":[{"floor":8.0,"key":"Explosive Potion"},{"floor":13.0,"key":"Dexterity Potion"},{"floor":21,"key":"SpeedPotion"},{"floor":25,"key":"Explosive Potion"},{"floor":31,"key":"SteroidPotion"},{"floor":33,"key":"BottledSpark"},{"floor":41,"key":"DuplicationPotion"}],"is_trial":false,"path_per_floor":["M","$","M","?","M","R","M","M","T","R","M","R","E","M","R","B",null,"M","?","$","M","?","E","R","M","T","M","R","$","R","M","R","B",null,"M","M","M","$","?","R","M","E","T","R","M","M","R","M","R","B",null],"character_chosen":"MARISA","items_purchased":["SporeBomb","TungstenRod","Whetstone","MilkyWay"],"campfire_rested":1,"item_purchase_floors":[2,20,38,38],"current_hp_per_floor":[53,53,53,50,53,53,51,50,50,50,54,54,58,62,62,47,75,72,72,72,75,75,67,67,63,63,67,67,67,67,63,63,57,75,75,75,71,71,71,71,75,64,64,64,64,68,68,68,75,69],"gold":119,"neow_bonus":"REMOVE_TWO","is_daily":false,"chose_seed":false,"campfire_upgraded":11,"win_rate":0.0,"timestamp":1610314554,"path_taken":["M","$","M","?","M","R","M","M","T","R","M","R","E","M","R","BOSS","M","?","$","M","?","E","R","M","T","M","R","$","R","M","R","BOSS","M","?","M","$","?","R","M","E","T","R","M","M","R","M","R","BOSS"],"items_purchased_type":["Card","Relic","Relic","Card"],"build_version":"2020-12-22","purchased_purges":1,"victory":true,"max_hp_per_floor":[75,75,75,75,75,75,75,75,75,75,75,75,75,75,75,75,75,75,75,75,75,75,75,75,75,75,75,75,75,75,75,75,75,75,75,75,75,75,75,75,75,75,75,75,75,75,75,75,75,75],"relic_stats":{"Peace Pipe":0,"SsserpentHead":100,"Centennial Puzzle":[6],"counters":[25,87],"Kunai":[37],"Whetstone":["AlicesGift","DC"],"Smiling Mask":0,"obtain_stats":[{"AmplifyWand":33,"Whetstone":38,"Smiling Mask":43,"Mercury Hourglass":26,"Peace Pipe":23,"ShroomBag":4,"SsserpentHead":22,"Runic Dome":34,"Centennial Puzzle":42,"ExperimentalFamiliar":17,"Bag of Marbles":9,"Red Mask":39,"MiniHakkero":0,"Kunai":13,"TungstenRod":20},{"AmplifyWand":16,"Whetstone":19,"Smiling Mask":21,"Mercury Hourglass":13,"Peace Pipe":12,"ShroomBag":2,"SsserpentHead":11,"Runic Dome":16,"Centennial Puzzle":21,"ExperimentalFamiliar":9,"Bag of Marbles":5,"Red Mask":19,"MiniHakkero":0,"Kunai":7,"TungstenRod":10},{"AmplifyWand":49,"Whetstone":63,"Smiling Mask":73,"Mercury Hourglass":43,"Peace Pipe":40,"ShroomBag":5,"SsserpentHead":37,"Runic Dome":55,"Centennial Puzzle":73,"ExperimentalFamiliar":31,"Bag of Marbles":14,"Red Mask":63,"MiniHakkero":0,"Kunai":22,"TungstenRod":33}],"TungstenRod":18,"Mercury Hourglass":[165]},"card_choices":[{"not_picked":["WitchOfGreed","MeteoricShower","6A"],"picked":"SKIP","floor":1.0},{"not_picked":["EscapeVelocity","ShootingEcho"],"picked":"MilkyWay","floor":3.0},{"not_picked":["OneTimeOff","DC","Acceleration"],"picked":"SKIP","floor":5.0},{"not_picked":["Acceleration","Occultation"],"picked":"OortCloud","floor":7.0},{"not_picked":["AsteroidBelt","GasGiant"],"picked":"AlicesGift","floor":8.0},{"not_picked":["WitchOfGreed","PowerUp"],"picked":"DC","floor":11.0},{"not_picked":["EnergyRecoil","JA","Orbital"],"picked":"SKIP","floor":13.0},{"not_picked":["OneTimeOff","Orbital"],"picked":"NonDirectionalLaser","floor":14.0},{"not_picked":["SatelliteIllusion","ManaRampage"],"picked":"FinalSpark","floor":16.0},{"not_picked":["MeteoricShower","DoubleSpark"],"picked":"MilkyWay","floor":18},{"not_picked":["Acceleration+1","SporeBomb","ManaRampage"],"picked":"SKIP","floor":21},{"not_picked":["EventHorizon","OneTimeOff"],"picked":"OortCloud","floor":23},{"not_picked":["NonDirectionalLaser","DarkSpark","ChargingUp"],"picked":"SKIP","floor":25},{"not_picked":["MysteriousBeam","GasGiant","EnergyFlow"],"picked":"SKIP","floor":27},{"not_picked":["AsteroidBelt","UnstableBomb","EventHorizon+1"],"picked":"SKIP","floor":31},{"not_picked":["UnstableBomb+1","ShootingEcho+1"],"picked":"OortCloud+1","floor":35},{"not_picked":["OpenUniverse+1","GrandCross"],"picked":"RefractionSpark+1","floor":36},{"not_picked":["GrandCross+1","Robbery+1","6A"],"picked":"SKIP","floor":37},{"not_picked":["DC","MysteriousBeam+1","OrrerysSun+1"],"picked":"SKIP","floor":41},{"not_picked":["Orbital","MaximisePower"],"picked":"DoubleSpark","floor":42},{"not_picked":["RefractionSpark+1","Acceleration+1","GravityBeat"],"picked":"SKIP","floor":45},{"not_picked":["OrrerysSun+1","GravityBeat","ChargingUp+1"],"picked":"SKIP","floor":46},{"not_picked":["Acceleration","6A","WitchOfGreed"],"picked":"SKIP","floor":48}],"player_experience":947998,"relics_obtained":[{"floor":9.0,"key":"Bag of Marbles"},{"floor":13.0,"key":"Kunai"},{"floor":23,"key":"Peace Pipe"},{"floor":26,"key":"Mercury Hourglass"},{"floor":42,"key":"Centennial Puzzle"},{"floor":43,"key":"Smiling Mask"}],"event_choices":[{"damage_healed":0.0,"max_hp_gain":0.0,"max_hp_loss":0.0,"gold_gain":0.0,"event_name":"Scrap Ooze","player_choice":"Success","floor":4.0,"gold_loss":0.0,"damage_taken":3.0,"relics_obtained":["ShroomBag"]},{"damage_healed":0,"gold_gain":0,"player_choice":"Ignored","damage_taken":0,"max_hp_gain":0,"max_hp_loss":0,"event_name":"Vampires","floor":19,"gold_loss":0},{"damage_healed":0,"gold_gain":0,"player_choice":"Trade","damage_taken":0,"relics_obtained":["SsserpentHead"],"max_hp_gain":0,"max_hp_loss":0,"event_name":"FaceTrader","floor":22,"gold_loss":0},{"damage_healed":0,"gold_gain":0,"player_choice":"Paid","damage_taken":0,"relics_obtained":["Red Mask"],"max_hp_gain":0,"max_hp_loss":0,"event_name":"Tomb of Lord Red Mask","floor":39,"gold_loss":68}],"is_beta":false,"boss_relics":[{"not_picked":["Cursed Key","Busted Crown"],"picked":"ExperimentalFamiliar"},{"not_picked":["Snecko Eye","SacredBark"],"picked":"Runic Dome"}],"items_purged_floors":[29],"is_endless":false,"potions_floor_spawned":[8,13,21,25,31,33,41,45,46,48],"ascension_level":0}}