{"host":"y36bp6mnm73x3iob","time":1610309197,"event":{"mods":["2.2 Compatiblity","Aspiration","BaseMod","Downfall","GifTheSpireLib","Hermit","Hubris","Marisa????????","Minty Spire (QoL Compilation)","Replay The Spire","Retaliation","StSLib","Stuff the Spire","The Cursed","The Disciple","The Servant 0.9.4"],"gold_per_floor":[111,111,111,121,139,139,139,169,169,194,37,37,37,11,11,19,19],"floor_reached":16,"playtime":1468,"items_purged":[],"score":98,"play_id":"0b4e840f-8b91-422c-9a17-5b895b54466c","local_time":"20210110220637","is_ascension_mode":false,"campfire_choices":[{"data":"Zap","floor":6,"key":"SMITH"},{"data":"DDmod:PlatedThornsSkill","floor":15,"key":"SMITH"}],"circlet_count":0,"master_deck":["Strike_B","Strike_B","Strike_B","Defend_B","Defend_B","Defend_B","Defend_B","Zap+1","Dualcast","Go for the Eyes","Static Discharge","Doom and Gloom","StuffTheSpire:Synthwave","Undo","DDmod:PlatedThornsSkill+1","BasicCrystalCard"],"relics":["Cracked Core","Black Star","StuffTheSpire:RunicConfusion","Kunai","Darkstone Periapt","Replay:Bandana","StuffTheSpire:ForceGauntlet","StuffTheSpire:SapphireSignet","TheAbacus"],"acts_visited":["Exordium"],"potions_floor_usage":[16],"damage_taken":[{"damage":3,"enemies":"Jaw Worm","floor":1,"turns":4},{"damage":0,"enemies":"2 Louse","floor":4,"turns":2},{"damage":0,"enemies":"Small Slimes","floor":5,"turns":2},{"damage":11,"enemies":"Lagavulin","floor":8,"turns":5},{"damage":1,"enemies":"2 Fungi Beasts","floor":10,"turns":2},{"damage":48,"enemies":"Slime Boss","floor":16,"turns":8}],"seed_played":"-6311752142434439245","potions_obtained":[{"floor":8,"key":"SkillPotion"}],"is_trial":false,"path_per_floor":["M","?","T","M","M","R","?","E","T","M","$","?","?","$","R","B"],"character_chosen":"DEFECT","items_purchased":["TheAbacus","BasicCrystalCard"],"campfire_rested":0,"item_purchase_floors":[11,14],"current_hp_per_floor":[72,65,65,65,65,65,40,29,29,28,28,43,43,43,43,0,0],"gold":19,"neow_bonus":"DOUBLE_BOSS_RELIC","is_daily":false,"chose_seed":false,"campfire_upgraded":2,"win_rate":0.0,"timestamp":1610309197,"path_taken":["M","?","?","M","M","R","?","E","T","M","$","?","?","?","R","BOSS"],"items_purchased_type":["Relic","Card"],"build_version":"2020-12-22","purchased_purges":0,"victory":false,"max_hp_per_floor":[75,75,75,75,75,75,75,75,75,75,75,75,75,75,75,75,75],"card_choices":[{"not_picked":["Leap","StuffTheSpire:Plugnplay"],"picked":"Go for the Eyes","floor":1},{"not_picked":["Redo","Rebound"],"picked":"Static Discharge","floor":4},{"not_picked":["Coolheaded","Compile Driver"],"picked":"Doom and Gloom","floor":5},{"not_picked":["Stack","Gash"],"picked":"StuffTheSpire:Synthwave","floor":8},{"not_picked":["Compile Driver","Stack"],"picked":"Undo","floor":10}],"player_experience":463308,"relics_obtained":[{"floor":3,"key":"Kunai"},{"floor":8,"key":"Replay:Bandana"},{"floor":8,"key":"StuffTheSpire:ForceGauntlet"},{"floor":9,"key":"StuffTheSpire:SapphireSignet"}],"event_choices":[{"cards_removed":["Strike_B"],"damage_healed":0,"gold_gain":0,"player_choice":"Card Removal","damage_taken":7,"max_hp_gain":0,"max_hp_loss":0,"event_name":"Golden Wing","floor":2,"gold_loss":0},{"damage_healed":0,"gold_gain":0,"player_choice":"Success","damage_taken":25,"relics_obtained":["Darkstone Periapt"],"max_hp_gain":0,"max_hp_loss":0,"event_name":"Scrap Ooze","floor":7,"gold_loss":0}],"is_beta":false,"boss_relics":[],"items_purged_floors":[],"is_endless":false,"potions_floor_spawned":[8],"killed_by":"Slime Boss","ascension_level":0}}