{"host":"hf83sijwe64ts2lm","time":1610287987,"event":{"mods":["2.2 Compatiblity","BaseMod","Better Altar","Better Match","Better Note","Better Sensory Stone","Better Skull","Better Third Choice","Colored Map","Colored Powertips","Highlight Path","Hubris","Infinite Spire","Minty Spire (QoL Compilation)","Quick Restart","Rare Cards Sparkle","Relic Stats","Replay The Spire","Shop Mod","Spicy Shops","StSLib","The Blue Laboratory","Thieving Mod"],"gold_per_floor":[111,130,130,130,145,145,170,170,217,217,244,244,22,32,32,129,129,142,442,442,40,53,53,79,94,94,110,110,110,110,126,126,126,126],"floor_reached":33,"playtime":2650,"items_purged":[],"score":339,"play_id":"78b6acd2-e93d-4030-90b2-b328fbfc65d0","local_time":"20210110091307","is_ascension_mode":true,"campfire_choices":[{"floor":6.0,"key":"RECALL"},{"floor":8.0,"key":"REST"},{"floor":10.0,"key":"REST"},{"floor":15.0,"key":"REST"},{"data":"Trip","floor":23.0,"key":"SMITH"},{"floor":28.0,"key":"REST"},{"floor":32.0,"key":"REST"}],"circlet_count":0,"master_deck":["Strike_G","Strike_G","Strike_G","Strike_G","Strike_G","Defend_G","Defend_G+1","Defend_G","Defend_G","Defend_G","Survivor","Neutralize","Endless Agony+1","Sucker Punch","Bane","Finisher","Storm of Steel","Deadly Poison","Deadly Poison","Die Die Die","Bouncing Flask","infinitespire:Menacing","infinitespire:Execution","infinitespire:FinalStrike","ReplayTheSpireMod:Brewmster","Dodge and Roll","Trip","Trip+1","Bane","Deflect+1","Poisoned Stab","Blade Dance+1","RitualDagger","hubris:Rewind+1","Distraction+1"],"relics":["NeowsBlessing","Sizzling Blood","Potion Belt","Omamori","Blue Doll","SacredBark","Old Coin","hubris:TenFootPole","Toxic Egg 2","Bronze Scales"],"acts_visited":["Exordium","TheCity"],"potions_floor_usage":[33,33,33,33,33,33,33,33],"damage_taken":[{"damage":0.0,"enemies":"2 Louse","floor":1.0,"turns":1.0},{"damage":0.0,"enemies":"Jaw Worm","floor":2.0,"turns":1.0},{"damage":0.0,"enemies":"Cultist","floor":5.0,"turns":1.0},{"damage":24.0,"enemies":"Gremlin Nob","floor":7.0,"turns":4.0},{"damage":49.0,"enemies":"Lagavulin","floor":11.0,"turns":8.0},{"damage":6.0,"enemies":"Exordium Thugs","floor":14.0,"turns":3.0},{"damage":50.0,"enemies":"The Guardian","floor":16.0,"turns":10.0},{"damage":9.0,"enemies":"3 Byrds","floor":18.0,"turns":5.0},{"damage":6.0,"enemies":"Shell Parasite","floor":22.0,"turns":3.0},{"damage":9.0,"enemies":"Gremlin Leader","floor":24.0,"turns":4.0},{"damage":12.0,"enemies":"Snecko","floor":25.0,"turns":5.0},{"damage":12.0,"enemies":"Cultist and Chosen","floor":27.0,"turns":3.0},{"damage":19.0,"enemies":"Centurion and Healer","floor":31.0,"turns":6.0},{"damage":113,"enemies":"Automaton","floor":33,"turns":12}],"seed_played":"-5400114663402368712","potions_obtained":[{"floor":1.0,"key":"SteroidPotion"},{"floor":2.0,"key":"blueLaboratory:NullPotion"},{"floor":7.0,"key":"Elixir"},{"floor":18.0,"key":"blueLaboratory:HummingbirdPotion"},{"floor":20.0,"key":"blueLaboratory:BottleOfRum"},{"floor":20.0,"key":"blueLaboratory:NullPotion"},{"floor":20.0,"key":"blueLaboratory:ForbiddenFruitJuice"},{"floor":22.0,"key":"CunningPotion"},{"floor":25.0,"key":"Explosive Potion"},{"floor":27.0,"key":"Languid Potion"}],"is_trial":false,"path_per_floor":["M","M","?","?","M","R","E","R","T","R","E","?","$","M","R","B",null,"M","AVR","?","$","M","R","E","M","T","M","R","?","?","M","R","B"],"character_chosen":"THE_SILENT","items_purchased":["Blue Doll","Deadly Poison","ReplayTheSpireMod:Brewmster","Dodge and Roll","Trip","hubris:TenFootPole"],"campfire_rested":5,"item_purchase_floors":[13,13,21,21,21,21],"current_hp_per_floor":[70,70,74,59,63,63,43,65,65,74,29,32,32,30,53,7,77,72,72,72,72,70,70,65,57,57,49,72,69,69,54,77,0,0],"gold":126,"neow_bonus":"THREE_ENEMY_KILL","is_daily":false,"chose_seed":false,"campfire_upgraded":1,"win_rate":0.0,"timestamp":1610287987,"path_taken":["M","M","?","?","M","R","E","R","T","R","E","?","$","?","R","BOSS","M","AVR","?","?","M","R","E","M","T","?","R","?","?","M","R","BOSS"],"items_purchased_type":["Relic","Card","Card","Card","Card","Relic"],"build_version":"2020-12-22","purchased_purges":0,"victory":false,"max_hp_per_floor":[70,70,74,74,74,74,74,74,74,74,74,77,77,77,77,77,77,77,77,77,77,77,77,77,77,77,77,77,77,77,77,77,77,77],"relic_stats":{"counters":[14,66],"Bronze Scales":[57],"obtain_stats":[{"Potion Belt":7,"NeowsBlessing":0,"SacredBark":17,"Bronze Scales":26,"Blue Doll":13,"Sizzling Blood":3,"Omamori":11,"hubris:TenFootPole":21,"Toxic Egg 2":24,"Ring of the Snake":0,"Old Coin":19},{"Potion Belt":4,"NeowsBlessing":0,"SacredBark":7,"Bronze Scales":11,"Blue Doll":5,"Sizzling Blood":2,"Omamori":5,"hubris:TenFootPole":8,"Toxic Egg 2":10,"Ring of the Snake":0,"Old Coin":8},{"Potion Belt":7,"NeowsBlessing":0,"SacredBark":28,"Bronze Scales":45,"Blue Doll":15,"Sizzling Blood":2,"Omamori":15,"hubris:TenFootPole":33,"Toxic Egg 2":40,"Ring of the Snake":0,"Old Coin":33}]},"card_choices":[{"not_picked":["Dash","Slice"],"picked":"Endless Agony","floor":1.0},{"not_picked":["ReplayTheSpireMod:The Works","Acrobatics"],"picked":"Sucker Punch","floor":2.0},{"not_picked":["Deflect","Infinite Blades"],"picked":"Bane","floor":5.0},{"not_picked":["Deadly Poison","Slice"],"picked":"Finisher","floor":7.0},{"not_picked":["Hidden Blade","PiercingWail"],"picked":"Storm of Steel","floor":11.0},{"not_picked":["Bane","Backflip"],"picked":"Deadly Poison","floor":14.0},{"not_picked":["Adrenaline","Malaise"],"picked":"Die Die Die","floor":16.0},{"not_picked":["Hidden Blade","PiercingWail"],"picked":"Bouncing Flask","floor":18.0},{"not_picked":["Quick Slash+1","Sucker Punch+1"],"picked":"Bane","floor":22.0},{"not_picked":["hubris:Counter","Quick Slash+1"],"picked":"Deflect+1","floor":24.0},{"not_picked":["Quick Slash","Backflip+1"],"picked":"Poisoned Stab","floor":25.0},{"not_picked":["Backflip+1","Accuracy"],"picked":"Blade Dance+1","floor":27.0},{"not_picked":["ReplayTheSpireMod:Chaos Vortex","infinitespire:Oblivion"],"picked":"hubris:Rewind","floor":30.0},{"not_picked":["Bouncing Flask+1","Concentrate+1"],"picked":"Distraction+1","floor":31.0}],"player_experience":121437,"relics_obtained":[{"floor":7.0,"key":"Potion Belt"},{"floor":11.0,"key":"Omamori"},{"floor":24.0,"key":"Toxic Egg 2"},{"floor":26.0,"key":"Bronze Scales"}],"event_choices":[{"damage_healed":74.0,"max_hp_gain":0.0,"max_hp_loss":74.0,"gold_gain":0.0,"event_name":"betterThird:BetterShining","player_choice":"Upgrade","floor":4.0,"gold_loss":0.0,"damage_taken":15.0,"cards_upgraded":["Defend_G","Endless Agony"]},{"damage_healed":0.0,"max_hp_gain":0.0,"max_hp_loss":0.0,"gold_gain":0.0,"event_name":"Lab","player_choice":"Got Potions","floor":20.0,"gold_loss":0.0,"damage_taken":0.0},{"damage_healed":0.0,"max_hp_gain":0.0,"max_hp_loss":0.0,"gold_gain":0.0,"event_name":"betterThird:BetterNest","player_choice":"Dagger","floor":29.0,"gold_loss":0.0,"damage_taken":6.0,"cards_obtained":["RitualDagger"]}],"is_beta":false,"boss_relics":[{"not_picked":["Snecko Scales","hubris:Stopwatch"],"picked":"SacredBark"}],"items_purged_floors":[],"is_endless":false,"potions_floor_spawned":[1,2,7,18,22,25,27],"killed_by":"Automaton","ascension_level":3}}