{"host":"sian7qp8a9pc9xwd","time":1610293582,"event":{"mods":["BaseMod","Lobotomy","Minty Spire (QoL Compilation)","StSLib"],"gold_per_floor":[111,36,51,71,85,85,85,103,172,172,172,172,172,188,188,318,318,333,348,348,348],"floor_reached":20,"playtime":1672,"items_purged":["Strike_R"],"score":176,"play_id":"337d178d-b0f3-425f-98e0-f02df00e920d","local_time":"20210110104622","is_ascension_mode":true,"campfire_choices":[{"data":"Rampage","floor":6,"key":"SMITH"},{"data":"Shrug It Off","floor":11,"key":"SMITH"},{"data":"Shrug It Off","floor":15,"key":"SMITH"}],"circlet_count":0,"master_deck":["Strike_R","Strike_R","Strike_R","Strike_R","Defend_R","Defend_R","Defend_R","Defend_R","Bash","OldLady","Rampage+1","BigBird","Shrug It Off+1","GreedKing","Pummel","SpiderBud","Heavy Blade","FieryBird","Shrug It Off+1","VoidDream","Offering","Metallicize","HappyTeddy","Ghostly Armor"],"relics":["Burning Blood","CogitoBucket","FleshIdol","Bottled Lightning","Golden Idol","Juzu Bracelet","Fusion Hammer"],"acts_visited":["Exordium","TheCity"],"potions_floor_usage":[8,16,20,20],"damage_taken":[{"damage":1,"enemies":"Cultist","floor":1,"turns":3},{"damage":3,"enemies":"Jaw Worm","floor":3,"turns":3},{"damage":5,"enemies":"2 Louse","floor":4,"turns":4},{"damage":14,"enemies":"Blue Slaver","floor":5,"turns":5},{"damage":25,"enemies":"Exordium Thugs","floor":7,"turns":10},{"damage":7,"enemies":"Lots of Slimes","floor":8,"turns":6},{"damage":12,"enemies":"Looter","floor":14,"turns":2},{"damage":37,"enemies":"The Guardian","floor":16,"turns":12},{"damage":20,"enemies":"2 Thieves","floor":18,"turns":5},{"damage":1,"enemies":"Shell Parasite","floor":19,"turns":2},{"damage":52,"enemies":"Shelled Parasite and Fungi","floor":20,"turns":4}],"seed_played":"-6054459281417364917","potions_obtained":[{"floor":3,"key":"BloodPotion"},{"floor":4,"key":"Weak Potion"},{"floor":5,"key":"FearPotion"},{"floor":18,"key":"SkillPotion"}],"is_trial":false,"path_per_floor":["M","$","M","M","M","R","M","M","T","?","R","?","T","M","R","B",null,"M","M","M"],"character_chosen":"IRONCLAD","items_purchased":[],"campfire_rested":0,"item_purchase_floors":[],"current_hp_per_floor":[80,80,80,80,72,72,53,52,52,57,57,57,57,51,51,40,79,65,20,0,0],"gold":348,"neow_bonus":"","is_daily":false,"chose_seed":false,"campfire_upgraded":3,"win_rate":0.0,"timestamp":1610293582,"path_taken":["M","$","M","M","?","R","M","M","T","?","R","?","?","M","R","BOSS","M","M","M"],"items_purchased_type":[],"build_version":"2020-12-22","purchased_purges":1,"victory":false,"max_hp_per_floor":[80,80,80,80,80,80,80,80,80,85,85,79,79,79,79,79,79,79,79,79,79],"card_choices":[{"not_picked":["Wellcheers","CherryBlossoms"],"picked":"OldLady","floor":1},{"not_picked":["Seeing Red","Pommel Strike"],"picked":"Rampage","floor":1},{"not_picked":["Murderer","CrumblingArmor"],"picked":"BigBird","floor":3},{"not_picked":["Havoc","Battle Trance"],"picked":"Shrug It Off","floor":3},{"not_picked":["ShyLook","WhitesApple"],"picked":"GreedKing","floor":4},{"not_picked":["Spot Weakness","Clash"],"picked":"Pummel","floor":4},{"not_picked":["PunishingBird","MHz","CherryBlossoms"],"picked":"Singing Bowl","floor":5},{"not_picked":["CherryBlossoms","Murderer"],"picked":"SpiderBud","floor":5},{"not_picked":["Clash","Second Wind"],"picked":"Heavy Blade","floor":5},{"not_picked":["MHz","Scorched","Bloodbath"],"picked":"Singing Bowl","floor":7},{"not_picked":["Carnage","Anger","Clothesline"],"picked":"SKIP","floor":7},{"not_picked":["MeatLantern","Murderer"],"picked":"FieryBird","floor":8},{"not_picked":["Clash","Burning Pact"],"picked":"Shrug It Off","floor":8},{"not_picked":["FairyFestival","PunishingBird","MHz"],"picked":"Singing Bowl","floor":14},{"not_picked":["MHz","Murderer"],"picked":"VoidDream","floor":14},{"not_picked":["Cleave","Heavy Blade","Flex"],"picked":"SKIP","floor":14},{"not_picked":["Scorched","CherryBlossoms","FairyFestival"],"picked":"Singing Bowl","floor":16},{"not_picked":["Murderer","MHz"],"picked":"Yin","floor":16},{"not_picked":["Impervious","Corruption"],"picked":"Offering","floor":16},{"not_picked":["Whirlwind","Sword Boomerang"],"picked":"Metallicize","floor":18},{"not_picked":["FairyFestival","Rudolta"],"picked":"HappyTeddy","floor":19},{"not_picked":["Twin Strike","Inflame"],"picked":"Ghostly Armor","floor":19}],"player_experience":672334,"relics_obtained":[{"floor":9,"key":"Bottled Lightning"},{"floor":13,"key":"Juzu Bracelet"}],"event_choices":[{"damage_healed":0,"gold_gain":0,"player_choice":"Donut","damage_taken":0,"max_hp_gain":5,"max_hp_loss":0,"event_name":"Big Fish","floor":10,"gold_loss":0},{"damage_healed":0,"gold_gain":0,"player_choice":"Lose Max HP","damage_taken":0,"relics_obtained":["Golden Idol"],"max_hp_gain":0,"max_hp_loss":6,"event_name":"Golden Idol","floor":12,"gold_loss":0}],"is_beta":false,"boss_relics":[{"not_picked":["Philosopher\u0027s Stone","Coffee Dripper"],"picked":"Fusion Hammer"}],"items_purged_floors":[2],"is_endless":false,"potions_floor_spawned":[3,4,5,18],"killed_by":"Shelled Parasite and Fungi","ascension_level":1}}