{"host":"hxqmxu97ax4h93y4","time":1610319737,"event":{"mods":["BaseMod","Downfall","Hermit","Marisa????????","Minty Spire (QoL Compilation)","Random Character Button","StSLib","The Cursed","The Necromancer","The Runesmith"],"gold_per_floor":[111,125,139,149,149,149,176,193,193,2,16,16,29,29,29,126,126,146,163,88,47,47,47,76,76,76,87,102,102,102,102],"floor_reached":30,"playtime":2628,"items_purged":[],"score":277,"play_id":"6dc56694-19f4-4493-b1b8-26336c6c0ebe","local_time":"20210110150217","is_ascension_mode":false,"campfire_choices":[{"data":"Feed","floor":6.0,"key":"SMITH"},{"data":"Perfected Strike","floor":12.0,"key":"SMITH"},{"data":"Fire Breathing","floor":15.0,"key":"SMITH"},{"floor":23,"key":"REST"},{"floor":25,"key":"REST"},{"floor":29,"key":"REST"}],"circlet_count":0,"master_deck":["Strike_R","Strike_R","Strike_R","Defend_R","Defend_R","Defend_R","Defend_R","Bash","Flame Barrier","Cleave","Warcry","Feed+1","Warcry","Juggernaut","Metallicize","Perfected Strike+1","Fire Breathing+1","Berserk","Twin Strike","Carnage","Metallicize","Brutality","Disarm","Warcry"],"relics":["Burning Blood","NeowsBlessing","Strawberry","Lantern","Blood Vial","Velvet Choker","Bag of Marbles","Boot"],"acts_visited":["Exordium","TheCity"],"potions_floor_usage":[16,19,24,27,28],"damage_taken":[{"damage":0.0,"enemies":"Jaw Worm","floor":1.0,"turns":1.0},{"damage":0.0,"enemies":"2 Louse","floor":2.0,"turns":1.0},{"damage":0.0,"enemies":"Cultist","floor":3.0,"turns":1.0},{"damage":6.0,"enemies":"Large Slime","floor":4.0,"turns":8.0},{"damage":18.0,"enemies":"3 Sentries","floor":7.0,"turns":6.0},{"damage":1.0,"enemies":"2 Fungi Beasts","floor":8.0,"turns":5.0},{"damage":6.0,"enemies":"3 Louse","floor":11.0,"turns":4.0},{"damage":12.0,"enemies":"Exordium Wildlife","floor":13.0,"turns":5.0},{"damage":72,"enemies":"Hexaghost","floor":16,"turns":12},{"damage":27,"enemies":"3 Byrds","floor":18,"turns":5},{"damage":21,"enemies":"Spheric Guardian","floor":19,"turns":4},{"damage":98,"enemies":"Gremlin Leader","floor":24,"turns":10},{"damage":30,"enemies":"Centurion and Healer","floor":27,"turns":4},{"damage":22,"enemies":"Cultist and Chosen","floor":28,"turns":5},{"damage":69,"enemies":"3 Cultists","floor":30,"turns":5}],"seed_played":"854666550146564940","potions_obtained":[{"floor":1.0,"key":"SteroidPotion"},{"floor":2.0,"key":"SpeedPotion"},{"floor":7.0,"key":"FearPotion"},{"floor":13.0,"key":"GamblersBrew"},{"floor":18,"key":"BlessingOfTheForge"},{"floor":19,"key":"BloodPotion"},{"floor":27,"key":"AttackPotion"}],"is_trial":false,"path_per_floor":["M","M","M","M","?","R","E","M","T","$","M","R","M","$","R","B",null,"M","M","?","$","?","R","E","R","T","M","M","R","M"],"character_chosen":"IRONCLAD","items_purchased":["Metallicize","Blood Vial","Metallicize"],"campfire_rested":3,"item_purchase_floors":[10,10,21],"current_hp_per_floor":[80,80,80,80,73,73,72,81,81,81,83,83,83,83,83,19,99,78,69,69,69,69,99,29,59,59,41,27,59,0,0],"gold":102,"neow_bonus":"THREE_ENEMY_KILL","is_daily":false,"chose_seed":false,"campfire_upgraded":3,"win_rate":0.0,"timestamp":1610319737,"path_taken":["M","M","M","M","?","R","E","M","T","$","M","R","M","$","R","BOSS","M","M","?","$","?","R","E","R","T","M","?","R","M"],"items_purchased_type":["Card","Relic","Card"],"build_version":"2020-12-22","purchased_purges":0,"victory":false,"max_hp_per_floor":[80,80,80,80,80,80,91,95,95,95,95,95,99,99,99,99,99,99,103,103,103,103,103,103,103,103,107,107,107,107,107],"card_choices":[{"not_picked":["Headbutt","Seeing Red"],"picked":"Flame Barrier","floor":1.0},{"not_picked":["Whirlwind","Thunderclap"],"picked":"Cleave","floor":2.0},{"not_picked":["Heavy Blade","Twin Strike"],"picked":"Warcry","floor":3.0},{"not_picked":["Pommel Strike","Heavy Blade"],"picked":"Feed","floor":4.0},{"not_picked":["Sword Boomerang","Headbutt"],"picked":"Warcry","floor":7.0},{"not_picked":["Dark Embrace","Spot Weakness"],"picked":"Juggernaut","floor":8.0},{"not_picked":["Pommel Strike","Hemokinesis"],"picked":"Perfected Strike","floor":11.0},{"not_picked":["Blood for Blood","Dual Wield"],"picked":"Fire Breathing","floor":13.0},{"not_picked":["Corruption","Double Tap"],"picked":"Berserk","floor":16},{"not_picked":["True Grit","Clash"],"picked":"Twin Strike","floor":18},{"not_picked":["True Grit","Clash"],"picked":"Carnage","floor":19},{"not_picked":["Warcry","Uppercut"],"picked":"Brutality","floor":24},{"not_picked":["Clash","Anger"],"picked":"Disarm","floor":27},{"not_picked":["Dark Embrace","Body Slam"],"picked":"Warcry","floor":28}],"player_experience":41977,"relics_obtained":[{"floor":7.0,"key":"Strawberry"},{"floor":9.0,"key":"Lantern"},{"floor":24,"key":"Bag of Marbles"},{"floor":26,"key":"Boot"}],"event_choices":[{"cards_removed":["Strike_R"],"damage_healed":0.0,"max_hp_gain":0.0,"max_hp_loss":0.0,"gold_gain":0.0,"event_name":"Golden Wing","player_choice":"Card Removal","floor":5.0,"gold_loss":0.0,"damage_taken":7.0},{"cards_removed":["Strike_R"],"damage_healed":0,"gold_gain":0,"player_choice":"Gave Gold","damage_taken":0,"max_hp_gain":0,"max_hp_loss":0,"event_name":"Beggar","floor":20,"gold_loss":75},{"damage_healed":0,"gold_gain":0,"player_choice":"Ignored","damage_taken":0,"max_hp_gain":0,"max_hp_loss":0,"event_name":"NoteForYourself","floor":22,"gold_loss":0}],"is_beta":false,"boss_relics":[{"not_picked":["Runic Dome","SacredBark"],"picked":"Velvet Choker"}],"items_purged_floors":[],"is_endless":false,"potions_floor_spawned":[1,2,7,13,18,19,27],"killed_by":"3 Cultists","ascension_level":0}}