{"host":"4qkvkh7pd9qr2mca","time":1610303571,"event":{"mods":["AchievementEnabler","BaseMod","Colored Map","Colored Powertips","Highlight Path","Minty Spire (QoL Compilation)","Permanent Neow","Quick Restart","StSLib","SuperFastMode"],"gold_per_floor":[112,387,402,51,70,70,97,97,122,148,72,72,89,106,106,183,183,194,194,194,211,221,252,252,86,86,117,117,117,117,152,152,227,227,240,74,91,110,66,66,92,92,118,129,129,164,164,179,179,179,179],"floor_reached":52,"playtime":2641,"items_purged":["Regret"],"score":1977,"play_id":"494da4ea-d683-4ca1-bd3e-9edee92b38a5","local_time":"20210110193251","is_ascension_mode":true,"campfire_choices":[{"data":"Blade Dance","floor":6.0,"key":"SMITH"},{"floor":8.0,"key":"REST"},{"data":"Accuracy","floor":12.0,"key":"SMITH"},{"data":"Blade Dance","floor":15.0,"key":"SMITH"},{"data":"Venomology","floor":24.0,"key":"SMITH"},{"floor":28.0,"key":"REST"},{"data":"Envenom","floor":30.0,"key":"SMITH"},{"data":"Neutralize","floor":32.0,"key":"SMITH"},{"data":"After Image","floor":40.0,"key":"SMITH"},{"data":"Leg Sweep","floor":42.0,"key":"SMITH"},{"data":"Blade Dance","floor":45.0,"key":"SMITH"},{"data":"Blade Dance","floor":47.0,"key":"SMITH"},{"data":"Terror","floor":49.0,"key":"SMITH"}],"circlet_count":0,"master_deck":["AscendersBane","Defend_G","Defend_G","Defend_G","Defend_G","Defend_G","Survivor","Neutralize+1","Crippling Poison","Blade Dance+1","Infinite Blades","Dodge and Roll","Blur","Accuracy+1","Slice","Blade Dance+1","Envenom+1","Blur+1","Endless Agony","Venomology+1","Prepared+1","Bite","Bite","Bite","Bite","Bite","Corpse Explosion","Blade Dance+1","After Image+1","Tactician","PiercingWail+1","Leg Sweep+1","Slice+1","Clumsy","Blade Dance+1","Terror+1"],"relics":["WristBlade","Kunai","PreservedInsect","Pear","Cursed Key","Bottled Lightning","Oddly Smooth Stone","Tiny Chest","Pantograph","Runic Pyramid","Letter Opener","Toy Ornithopter","Happy Flower"],"acts_visited":["Exordium","TheCity","TheBeyond"],"potions_floor_usage":[51,51,51],"damage_taken":[{"damage":3.0,"enemies":"2 Louse","floor":1.0,"turns":3.0},{"damage":5.0,"enemies":"Cultist","floor":3.0,"turns":4.0},{"damage":0.0,"enemies":"Small Slimes","floor":5.0,"turns":4.0},{"damage":27.0,"enemies":"Gremlin Nob","floor":7.0,"turns":4.0},{"damage":3.0,"enemies":"Lagavulin","floor":10.0,"turns":6.0},{"damage":0.0,"enemies":"Looter","floor":13.0,"turns":2.0},{"damage":0.0,"enemies":"2 Fungi Beasts","floor":14.0,"turns":3.0},{"damage":12.0,"enemies":"The Guardian","floor":16.0,"turns":9.0},{"damage":7.0,"enemies":"Shell Parasite","floor":18.0,"turns":4.0},{"damage":3.0,"enemies":"Spheric Guardian","floor":21.0,"turns":4.0},{"damage":5.0,"enemies":"Snecko","floor":22.0,"turns":5.0},{"damage":23.0,"enemies":"Gremlin Leader","floor":23.0,"turns":5.0},{"damage":3.0,"enemies":"Book of Stabbing","floor":27.0,"turns":4.0},{"damage":1.0,"enemies":"Gremlin Leader","floor":31.0,"turns":6.0},{"damage":23.0,"enemies":"Champ","floor":33.0,"turns":10.0},{"damage":10.0,"enemies":"3 Shapes","floor":35.0,"turns":4.0},{"damage":0.0,"enemies":"Orb Walker","floor":37.0,"turns":4.0},{"damage":3.0,"enemies":"Writhing Mass","floor":38.0,"turns":8.0},{"damage":23.0,"enemies":"Reptomancer","floor":41.0,"turns":8.0},{"damage":4.0,"enemies":"Maw","floor":44.0,"turns":8.0},{"damage":1.0,"enemies":"Giant Head","floor":46.0,"turns":7.0},{"damage":0.0,"enemies":"Sphere and 2 Shapes","floor":48.0,"turns":5.0},{"damage":34.0,"enemies":"Donu and Deca","floor":50.0,"turns":10.0},{"damage":4,"enemies":"Time Eater","floor":51,"turns":12}],"seed_played":"-8401786224517068290","potions_obtained":[{"floor":1.0,"key":"SmokeBomb"},{"floor":3.0,"key":"Poison Potion"},{"floor":7.0,"key":"LiquidBronze"},{"floor":14.0,"key":"SteroidPotion"},{"floor":27.0,"key":"PowerPotion"}],"is_trial":false,"path_per_floor":["M","?","M","$","M","R","E","R","T","E","$","R","M","M","R","B",null,"M","?","?","M","M","E","R","$","T","E","R","?","R","E","R","B",null,"M","$","M","M","$","R","E","R","T","M","R","E","R","M","R","B","B",null],"character_chosen":"THE_SILENT","items_purchased":["Kunai","Accuracy","Oddly Smooth Stone","After Image","Leg Sweep"],"campfire_rested":2,"item_purchase_floors":[4,11,25,36,39],"current_hp_per_floor":[56,56,51,51,51,51,24,43,43,52,52,52,54,56,56,46,69,64,64,64,63,60,39,39,39,39,38,60,60,60,75,75,75,76,70,70,74,76,76,76,65,65,65,76,76,76,76,76,76,54,76],"gold":179,"neow_bonus":"BOSS_RELIC","is_daily":false,"chose_seed":false,"campfire_upgraded":11,"win_rate":0.0,"timestamp":1610303571,"path_taken":["M","?","M","$","M","R","E","R","T","E","$","R","M","M","R","BOSS","M","?","?","?","?","E","R","$","T","E","R","?","R","E","R","BOSS","M","$","M","M","$","R","E","R","T","M","R","E","R","M","R","BOSS","BOSS"],"items_purchased_type":["Relic","Card","Relic","Card","Card"],"build_version":"2020-12-22","purchased_purges":1,"victory":true,"max_hp_per_floor":[66,66,66,66,66,66,66,66,66,76,76,76,76,76,76,76,76,76,76,76,76,76,76,76,76,76,76,76,76,76,76,76,76,76,76,76,76,76,76,76,76,76,76,76,76,76,76,76,76,76,76],"card_choices":[{"not_picked":["Terror","Catalyst"],"picked":"Crippling Poison","floor":1.0},{"not_picked":["Prepared","Crippling Poison"],"picked":"Blade Dance","floor":3.0},{"not_picked":["Distraction","Deadly Poison"],"picked":"Infinite Blades","floor":5.0},{"not_picked":["Sucker Punch","Predator"],"picked":"Dodge and Roll","floor":7.0},{"not_picked":["Expertise","Deadly Poison"],"picked":"Blur","floor":10.0},{"not_picked":["Heel Hook","Dash"],"picked":"Slice","floor":13.0},{"not_picked":["Sucker Punch","Acrobatics"],"picked":"Blade Dance","floor":14.0},{"not_picked":["Tools of the Trade","Wraith Form v2"],"picked":"Envenom","floor":16.0},{"not_picked":["Poisoned Stab","Dagger Throw","Bane"],"picked":"SKIP","floor":18.0},{"not_picked":["Bane","Dash"],"picked":"Blur+1","floor":21.0},{"not_picked":["Underhanded Strike","Flying Knee"],"picked":"Endless Agony","floor":22.0},{"not_picked":["Flying Knee","Accuracy"],"picked":"Venomology","floor":23.0},{"not_picked":["Underhanded Strike","Bane"],"picked":"Prepared+1","floor":27.0},{"not_picked":["Underhanded Strike","Poisoned Stab","Caltrops"],"picked":"SKIP","floor":31.0},{"not_picked":["Glass Knife","Storm of Steel"],"picked":"Corpse Explosion","floor":33.0},{"not_picked":["Dodge and Roll","Infinite Blades"],"picked":"Blade Dance","floor":35.0},{"not_picked":["Skewer+1","Prepared+1"],"picked":"Tactician","floor":37.0},{"not_picked":["Well Laid Plans","Dagger Throw"],"picked":"PiercingWail+1","floor":38.0},{"not_picked":["Blade Dance","Dagger Throw+1"],"picked":"Slice+1","floor":41.0},{"not_picked":["Prepared","Escape Plan"],"picked":"Blade Dance","floor":44.0},{"not_picked":["PiercingWail+1","Deflect"],"picked":"Terror","floor":46.0},{"not_picked":["Underhanded Strike+1","Heel Hook","Bane"],"picked":"SKIP","floor":48.0}],"player_experience":531205,"relics_obtained":[{"floor":7.0,"key":"Blood Vial"},{"floor":9.0,"key":"PreservedInsect"},{"floor":10.0,"key":"Pear"},{"floor":23.0,"key":"Bottled Lightning"},{"floor":27.0,"key":"Tiny Chest"},{"floor":31.0,"key":"Pantograph"},{"floor":41.0,"key":"Letter Opener"},{"floor":43.0,"key":"Toy Ornithopter"},{"floor":46.0,"key":"Happy Flower"}],"event_choices":[{"damage_healed":0.0,"max_hp_gain":0.0,"max_hp_loss":0.0,"gold_gain":275.0,"event_name":"Golden Shrine","player_choice":"Desecrate","floor":2.0,"gold_loss":0.0,"damage_taken":0.0,"cards_obtained":["Regret"]},{"damage_healed":0.0,"max_hp_gain":0.0,"max_hp_loss":0.0,"gold_gain":0.0,"event_name":"Forgotten Altar","player_choice":"Smashed Altar","floor":19.0,"gold_loss":0.0,"damage_taken":0.0,"cards_obtained":["Decay"]},{"cards_removed":["Decay"],"damage_healed":0.0,"max_hp_gain":0.0,"max_hp_loss":0.0,"gold_gain":0.0,"event_name":"Wheel of Change","player_choice":"Card Removal","floor":20.0,"gold_loss":0.0,"damage_taken":0.0},{"damage_healed":0.0,"max_hp_gain":0.0,"max_hp_loss":0.0,"gold_gain":0.0,"event_name":"Vampires","player_choice":"Became a vampire (Vial)","floor":29.0,"relics_lost":["Blood Vial"],"gold_loss":0.0,"damage_taken":0.0,"cards_obtained":["Bite","Bite","Bite","Bite","Bite"]}],"is_beta":false,"boss_relics":[{"not_picked":["Busted Crown","Coffee Dripper"],"picked":"Cursed Key"},{"not_picked":["Philosopher\u0027s Stone","HoveringKite"],"picked":"Runic Pyramid"}],"items_purged_floors":[4],"is_endless":false,"potions_floor_spawned":[1,3,7,14,21,22,27,37,48],"ascension_level":20}}