{"host":"sian7qp8a9pc9xwd","time":1610274473,"event":{"mods":["BaseMod","Lobotomy","Minty Spire (QoL Compilation)","StSLib"],"gold_per_floor":[118,118,133,133,160,196,196,196,196],"floor_reached":8,"playtime":853,"items_purged":[],"score":57,"play_id":"586a1d3d-bad5-413d-83ef-09fe0bed0e37","local_time":"20210110052753","is_ascension_mode":true,"campfire_choices":[{"data":"Neutralize","floor":7,"key":"SMITH"}],"circlet_count":0,"master_deck":["Strike_G+1","Strike_G","Strike_G","Strike_G","Strike_G","Defend_G+1","Defend_G","Defend_G","Defend_G","Defend_G","Survivor","Neutralize+1","FieryBird","Deadly Poison","Injury","Rudolta","Cloak And Dagger","ShyLook"],"relics":["Ring of the Snake","CogitoBucket","Golden Idol","Smiling Mask","Eternal Feather"],"acts_visited":["Exordium"],"potions_floor_usage":[8],"damage_taken":[{"damage":0,"enemies":"Small Slimes","floor":1,"turns":4},{"damage":4,"enemies":"2 Louse","floor":3,"turns":3},{"damage":34,"enemies":"3 Sentries","floor":6,"turns":15},{"damage":33,"enemies":"Gremlin Nob","floor":8,"turns":3}],"seed_played":"-4895484904678380","potions_obtained":[{"floor":1,"key":"Energy Potion"},{"floor":6,"key":"Weak Potion"}],"is_trial":false,"path_per_floor":["M","?","M","?","T","E","R","E"],"character_chosen":"THE_SILENT","items_purchased":[],"campfire_rested":0,"item_purchase_floors":[],"current_hp_per_floor":[70,70,66,52,52,18,27,0,0],"gold":196,"neow_bonus":"","is_daily":false,"chose_seed":false,"campfire_upgraded":1,"win_rate":0.0,"timestamp":1610274473,"path_taken":["M","?","M","?","?","E","R","E"],"items_purchased_type":[],"build_version":"2020-12-22","purchased_purges":0,"victory":false,"max_hp_per_floor":[70,70,70,70,70,70,70,70,70],"card_choices":[{"not_picked":["CrumblingArmor","BeautyBeast"],"picked":"FieryBird","floor":1},{"not_picked":["Dagger Throw","Poisoned Stab"],"picked":"Deadly Poison","floor":1},{"not_picked":["OldLady","UniverseFragment"],"picked":"Rudolta","floor":3},{"not_picked":["Dagger Spray","Quick Slash","Flechettes"],"picked":"SKIP","floor":3},{"not_picked":["Sucker Punch","Masterful Stab"],"picked":"Cloak And Dagger","floor":6},{"not_picked":["Murderer","BeautyBeast"],"picked":"ShyLook","floor":6}],"player_experience":656386,"relics_obtained":[{"floor":5,"key":"Smiling Mask"},{"floor":6,"key":"Eternal Feather"}],"event_choices":[{"damage_healed":0,"gold_gain":0,"player_choice":"Take Wound","damage_taken":0,"relics_obtained":["Golden Idol"],"max_hp_gain":0,"max_hp_loss":0,"event_name":"Golden Idol","floor":2,"gold_loss":0,"cards_obtained":["Injury"]},{"damage_healed":0,"gold_gain":0,"player_choice":"Entered Light","damage_taken":14,"max_hp_gain":0,"max_hp_loss":0,"event_name":"Shining Light","floor":4,"gold_loss":0,"cards_upgraded":["Strike_G","Defend_G"]}],"is_beta":false,"boss_relics":[],"items_purged_floors":[],"is_endless":false,"potions_floor_spawned":[1,6],"killed_by":"Gremlin Nob","ascension_level":1}}