{"host":"kdt6w7ix8lwe69i9","time":1610261103,"event":{"mods":["100% Spire Juice","Bartender","BaseMod","ChefMod","Downfall","Fiend Mod","Jorbs\u0027s Wanderer Trilogy","Minty Spire (QoL Compilation)","Reimu（博丽灵梦）","Robot Space Explorer","StSLib","The Caster","The Cursed","The Disciple","The Dragon Tamer","The Druid","The Elementalist","The Forsaken","The Gatherer","The Marked","TheBandit"],"gold_per_floor":[110,110,120,120,131,150,150,172,221,221,77,103,117,82,82,180,180,197,214,51,51,81,81,81,81],"floor_reached":24,"playtime":2239,"items_purged":[],"score":194,"play_id":"83752569-d36c-4f01-8c40-83632e9feba6","local_time":"20210110014503","is_ascension_mode":false,"campfire_choices":[{"data":"OctopathBindingBorder2:ReiMu","floor":7,"key":"SMITH"},{"floor":10,"key":"REST"},{"data":"DependentForm:ReiMu","floor":15,"key":"SMITH"},{"floor":23,"key":"REST"}],"circlet_count":0,"master_deck":["Strike_Lin:ReiMu","Strike_Lin:ReiMu","Defend_Lin:ReiMu","Defend_Lin:ReiMu","NB:ReiMu","Stagnation:ReiMu","OctopathBindingBorder2:ReiMu+1","OrbThrow:ReiMu","TightArray:ReiMu","AirStrike:ReiMu","SafetyPray:ReiMu","Dreaming2:ReiMu","YinYangSange:ReiMu","DependentForm:ReiMu+1","KamiRite:ReiMu","KamiSacrifice:ReiMu+1","FoulBorder2:ReiMu+1","PrayRite:ReiMu+1","AirStrike:ReiMu+1","TakeOff:ReiMu","Apotheosis","Shame","Intuition:ReiMu"],"relics":["FlyPower:ReiMu","NeowsBlessing","Odd Mushroom","Juzu Bracelet","Lantern","Astrolabe","Bow_fan:ReiMu","Red Mask"],"acts_visited":["Exordium","TheCity"],"potions_floor_usage":[8,12,12,12,13,16,16,22],"damage_taken":[{"damage":0,"enemies":"2 Louse","floor":1,"turns":1},{"damage":0,"enemies":"Cultist","floor":3,"turns":1},{"damage":0,"enemies":"Small Slimes","floor":5,"turns":1},{"damage":6,"enemies":"Exordium Wildlife","floor":6,"turns":5},{"damage":37,"enemies":"The Mushroom Lair","floor":8,"turns":5},{"damage":21,"enemies":"Gremlin Nob","floor":12,"turns":4},{"damage":2,"enemies":"Blue Slaver","floor":13,"turns":3},{"damage":23,"enemies":"The Guardian","floor":16,"turns":8},{"damage":6,"enemies":"Chosen","floor":18,"turns":6},{"damage":0,"enemies":"Spheric Guardian","floor":19,"turns":3},{"damage":53,"enemies":"Masked Bandits","floor":22,"turns":5},{"damage":31,"enemies":"Gremlin Leader","floor":24,"turns":5}],"seed_played":"2057180265128759338","potions_obtained":[{"floor":4,"key":"Regen Potion"},{"floor":5,"key":"BlessingOfTheForge"},{"floor":8,"key":"CultistPotion"},{"floor":13,"key":"EntropicBrew"},{"floor":18,"key":"SkillPotion"}],"is_trial":false,"path_per_floor":["M","?","M","?","M","M","R","?","T","R","$","E","M","?","R","B",null,"M","M","$","?","?","R","E"],"character_chosen":"REIMU","items_purchased":["Dreaming2:ReiMu","DistilledChaos","Apotheosis"],"campfire_rested":2,"item_purchase_floors":[11,11,20],"current_hp_per_floor":[65,65,65,65,65,59,59,31,31,50,50,29,27,43,43,20,65,59,59,59,59,6,25,0,0],"gold":81,"neow_bonus":"THREE_ENEMY_KILL","is_daily":false,"chose_seed":false,"campfire_upgraded":2,"win_rate":0.0,"timestamp":1610261103,"path_taken":["M","?","?","?","M","?","R","?","T","R","$","E","M","?","R","BOSS","M","M","$","?","?","R","E"],"items_purchased_type":["Card","Potion","Card"],"build_version":"2020-12-22","purchased_purges":0,"victory":false,"max_hp_per_floor":[65,65,65,65,65,65,65,65,65,65,65,65,65,65,65,65,65,65,65,65,65,65,65,65,65],"card_choices":[{"not_picked":["CareerPray:ReiMu","Enchanting:ReiMu"],"picked":"OctopathBindingBorder2:ReiMu","floor":1},{"not_picked":["FantasyMoon:ReiMu","AirStrike:ReiMu"],"picked":"OrbThrow:ReiMu","floor":3},{"not_picked":["PhosphorusFlame:ReiMu","PrepareRite:ReiMu"],"picked":"TightArray:ReiMu","floor":5},{"not_picked":["WonderfulDomain:ReiMu","Intuition:ReiMu"],"picked":"AirStrike:ReiMu","floor":6},{"not_picked":["WonderfulDomain:ReiMu","PrepareRite:ReiMu"],"picked":"SafetyPray:ReiMu","floor":8},{"not_picked":["Intuition:ReiMu","Dreaming2:ReiMu"],"picked":"YinYangSange:ReiMu","floor":12},{"not_picked":["FantasyMoon:ReiMu","RainPray2:ReiMu"],"picked":"DependentForm:ReiMu","floor":13},{"not_picked":["KyokaiOfKami:ReiMu","CardOfSanctity:ReiMu"],"picked":"KamiRite:ReiMu","floor":16},{"not_picked":["Revelation:ReiMu","BarrageOfMoneybags:ReiMu"],"picked":"AirStrike:ReiMu+1","floor":18},{"not_picked":["SafetyPray:ReiMu","RainPray2:ReiMu+1"],"picked":"TakeOff:ReiMu","floor":19},{"not_picked":["FantasyBorder:ReiMu","Meditation:ReiMu"],"picked":"Intuition:ReiMu","floor":22}],"player_experience":1782429,"relics_obtained":[{"floor":8,"key":"Odd Mushroom"},{"floor":9,"key":"Juzu Bracelet"},{"floor":12,"key":"Lantern"},{"floor":22,"key":"Red Mask"}],"event_choices":[{"cards_removed":["Defend_Lin:ReiMu"],"damage_healed":0,"gold_gain":0,"player_choice":"Offered Basic","damage_taken":0,"max_hp_gain":0,"max_hp_loss":0,"event_name":"Bonfire Elementals","floor":2,"gold_loss":0},{"damage_healed":0,"gold_gain":0,"player_choice":"Got Potions","damage_taken":0,"max_hp_gain":0,"max_hp_loss":0,"event_name":"Lab","floor":4,"gold_loss":0},{"damage_healed":0,"gold_gain":0,"player_choice":"Fought Mushrooms","damage_taken":0,"max_hp_gain":0,"max_hp_loss":0,"event_name":"Mushrooms","floor":8,"gold_loss":0},{"damage_healed":16,"gold_gain":0,"player_choice":"Healed","damage_taken":0,"max_hp_gain":0,"max_hp_loss":0,"event_name":"The Cleric","floor":14,"gold_loss":35},{"damage_healed":0,"gold_gain":0,"player_choice":"Stole Relic","damage_taken":0,"relics_obtained":["Bow_fan:ReiMu"],"max_hp_gain":0,"max_hp_loss":0,"event_name":"Addict","floor":21,"gold_loss":0,"cards_obtained":["Shame"]},{"damage_healed":0,"gold_gain":0,"player_choice":"Fought Bandits","damage_taken":0,"max_hp_gain":0,"max_hp_loss":0,"event_name":"Masked Bandits","floor":22,"gold_loss":0}],"is_beta":false,"boss_relics":[{"not_picked":["Tiny House","Snecko Eye"],"picked":"Astrolabe"}],"items_purged_floors":[],"is_endless":false,"potions_floor_spawned":[5,8,13,18],"killed_by":"Gremlin Leader","ascension_level":0}}