{"host":"g8a0qo0vjtg6u5wv","time":1610243603,"event":{"mods":["BaseMod","Colored Map","Custom Start","KOR Keyword Fix","Minty Spire (QoL Compilation)","StSLib","SuperFastMode"],"gold_per_floor":[117,117,131,131,147,147,72,82,106,133,133,133,144,156,156,259,259,272,272,287,152,165,198,198,198,277,277,287,287,91,123,123,227,227,244,17,67,77,0,0,0,30,112,129,144,144,179,198,198,198,198],"floor_reached":50,"playtime":1805,"items_purged":["Strike_P","Defend_P","Strike_P","Defend_P"],"score":648,"play_id":"a5f01e50-e526-464e-85d7-ee224ac9477d","local_time":"20210110105323","is_ascension_mode":true,"campfire_choices":[{"data":"Eruption","floor":6.0,"key":"SMITH"},{"data":"InnerPeace","floor":12.0,"key":"SMITH"},{"data":"Crescendo","floor":15.0,"key":"SMITH"},{"floor":24.0,"key":"REST"},{"floor":27.0,"key":"REST"},{"data":"Fasting2","floor":32,"key":"SMITH"},{"data":"Ragnarok","floor":40,"key":"SMITH"},{"data":"Secret Weapon","floor":46,"key":"SMITH"},{"floor":49,"key":"REST"}],"circlet_count":0,"master_deck":["Eruption+1","Vigilance","EmptyBody","SashWhip+1","EmptyFist","FlurryOfBlows","InnerPeace+1","Crescendo+1","DeusExMachina","CrushJoints+1","Adaptation+1","Swivel","ClearTheMind","Fasting2+1","Halt","Ragnarok+1","EmptyFist+1","Pray+1","CrushJoints+1","Indignation","Study+1","Secret Weapon+1","Wallop+1","Evaluate+1","BattleHymn+1","Prostrate+1"],"relics":["PureWater","Toy Ornithopter","Gremlin Horn","PreservedInsect","Torii","VioletLotus","Art of War","TeardropLocket","Ice Cream","Anchor","Astrolabe","StoneCalendar","Red Mask","Prayer Wheel","Eternal Feather","Toxic Egg 2"],"acts_visited":["Exordium","TheCity","TheBeyond"],"potions_floor_usage":[28,33,38,48,50,50],"damage_taken":[{"damage":0.0,"enemies":"2 Louse","floor":1.0,"turns":4.0},{"damage":0.0,"enemies":"Jaw Worm","floor":3.0,"turns":5.0},{"damage":2.0,"enemies":"Cultist","floor":5.0,"turns":4.0},{"damage":0.0,"enemies":"Looter","floor":8.0,"turns":2.0},{"damage":15.0,"enemies":"3 Sentries","floor":10.0,"turns":7.0},{"damage":0.0,"enemies":"Lots of Slimes","floor":13.0,"turns":3.0},{"damage":1.0,"enemies":"2 Fungi Beasts","floor":14.0,"turns":3.0},{"damage":38.0,"enemies":"Hexaghost","floor":16.0,"turns":12.0},{"damage":15.0,"enemies":"Chosen","floor":18.0,"turns":7.0},{"damage":6.0,"enemies":"Spheric Guardian","floor":20.0,"turns":3.0},{"damage":24.0,"enemies":"Snecko","floor":22.0,"turns":6.0},{"damage":21.0,"enemies":"Book of Stabbing","floor":23.0,"turns":4.0},{"damage":1,"enemies":"Snake Plant","floor":28,"turns":5},{"damage":17,"enemies":"Slavers","floor":31,"turns":3},{"damage":1,"enemies":"Automaton","floor":33,"turns":8},{"damage":0,"enemies":"3 Shapes","floor":35,"turns":5},{"damage":16,"enemies":"Mind Bloom Boss Battle","floor":37,"turns":5},{"damage":1,"enemies":"3 Darklings","floor":38,"turns":4},{"damage":2,"enemies":"Giant Head","floor":42,"turns":4},{"damage":1,"enemies":"Maw","floor":44,"turns":4},{"damage":0,"enemies":"Jaw Worm Horde","floor":45,"turns":2},{"damage":30,"enemies":"Nemesis","floor":47,"turns":3},{"damage":31,"enemies":"Writhing Mass","floor":48,"turns":3},{"damage":62,"enemies":"Time Eater","floor":50,"turns":5}],"seed_played":"-6236746965361435293","potions_obtained":[{"floor":1.0,"key":"BottledMiracle"},{"floor":5.0,"key":"Ancient Potion"},{"floor":13.0,"key":"FearPotion"},{"floor":22.0,"key":"DuplicationPotion"},{"floor":23.0,"key":"SkillPotion"},{"floor":31,"key":"Weak Potion"},{"floor":35,"key":"Fire Potion"},{"floor":45,"key":"BlessingOfTheForge"},{"floor":48,"key":"CultistPotion"}],"is_trial":false,"path_per_floor":["M","?","M","T","M","R","$","M","T","E","?","R","M","M","R","B",null,"M","?","M","$","M","E","R","?","T","R","M","T","$","E","R","B",null,"M","$","?","M","?","R","?","E","T","M","M","R","E","M","R","B"],"character_chosen":"WATCHER","items_purchased":["Swivel","Fasting2","Indignation"],"campfire_rested":3,"item_purchase_floors":[21,30,36],"current_hp_per_floor":[72,65,65,65,63,63,63,63,63,48,48,48,48,47,47,9,72,57,57,51,51,27,11,32,19,19,42,46,46,46,29,29,33,77,77,77,61,65,65,65,60,58,58,57,57,69,39,13,51,0,0],"gold":198,"neow_bonus":"RANDOM_COMMON_RELIC","is_daily":false,"chose_seed":false,"campfire_upgraded":6,"win_rate":0.0,"timestamp":1610243603,"path_taken":["M","?","M","?","M","R","$","?","T","E","?","R","?","M","R","BOSS","M","?","?","$","M","E","R","?","T","R","M","?","$","E","R","BOSS","M","$","?","M","?","R","?","E","T","M","M","R","E","M","R","BOSS"],"items_purchased_type":["Card","Card","Card"],"build_version":"2020-12-22","purchased_purges":4,"victory":false,"max_hp_per_floor":[72,72,72,72,72,72,72,72,72,72,72,72,72,72,72,72,72,72,72,72,72,72,72,72,77,77,77,77,77,77,77,77,77,77,77,77,77,77,77,77,77,77,77,77,77,77,77,77,77,77,77],"card_choices":[{"not_picked":["Vengeance","FollowUp"],"picked":"EmptyBody","floor":1.0},{"not_picked":["Consecrate","Sanctity"],"picked":"SashWhip","floor":3.0},{"not_picked":["ThirdEye","Halt"],"picked":"EmptyFist","floor":5.0},{"not_picked":["DeceiveReality","Wish"],"picked":"FlurryOfBlows","floor":8.0},{"not_picked":["CrushJoints","Brilliance"],"picked":"InnerPeace","floor":10.0},{"not_picked":["FollowUp","Prostrate","WaveOfTheHand"],"picked":"SKIP","floor":13.0},{"not_picked":["DeceiveReality","Consecrate"],"picked":"Crescendo","floor":14.0},{"not_picked":["ConjureBlade","Alpha"],"picked":"DeusExMachina","floor":16.0},{"not_picked":["SashWhip","FlurryOfBlows"],"picked":"CrushJoints","floor":18.0},{"not_picked":["Protect","Consecrate"],"picked":"Adaptation+1","floor":20.0},{"not_picked":["SashWhip","Protect"],"picked":"ClearTheMind","floor":22.0},{"not_picked":["Consecrate","Brilliance","CrushJoints+1"],"picked":"SKIP","floor":23.0},{"not_picked":["Study","FlyingSleeves","Protect"],"picked":"SKIP","floor":28},{"not_picked":["Tantrum","EmptyBody+1"],"picked":"Halt","floor":31},{"not_picked":["Devotion","LessonLearned"],"picked":"Ragnarok","floor":33},{"not_picked":["JustLucky+1","PathToVictory","ThirdEye"],"picked":"SKIP","floor":35},{"not_picked":["Conclude","SashWhip"],"picked":"Study+1","floor":37},{"not_picked":["Evaluate","LikeWater+1","Protect+1"],"picked":"SKIP","floor":38},{"not_picked":["Madness","Enlightenment"],"picked":"Secret Weapon","floor":41},{"not_picked":["Swivel+1","ThirdEye","ClearTheMind+1"],"picked":"SKIP","floor":42},{"not_picked":["CutThroughFate+1","Halt+1"],"picked":"Wallop+1","floor":44},{"not_picked":["PathToVictory","Protect+1","FollowUp+1"],"picked":"SKIP","floor":44},{"not_picked":["ClearTheMind+1","EmptyFist"],"picked":"Evaluate+1","floor":45},{"not_picked":["Consecrate+1","SashWhip","Collect+1"],"picked":"SKIP","floor":45},{"not_picked":["Wireheading+1","Blasphemy+1","EmptyBody+1"],"picked":"SKIP","floor":47},{"not_picked":["Pray+1","FlurryOfBlows"],"picked":"BattleHymn+1","floor":48},{"not_picked":["EmptyMind+1","JustLucky+1"],"picked":"Prostrate+1","floor":48}],"player_experience":557390,"relics_obtained":[{"floor":4.0,"key":"Gremlin Horn"},{"floor":9.0,"key":"PreservedInsect"},{"floor":10.0,"key":"Torii"},{"floor":23.0,"key":"Art of War"},{"floor":26.0,"key":"TeardropLocket"},{"floor":29,"key":"Ice Cream"},{"floor":31,"key":"Anchor"},{"floor":37,"key":"StoneCalendar"},{"floor":42,"key":"Prayer Wheel"},{"floor":43,"key":"Eternal Feather"},{"floor":47,"key":"Toxic Egg 2"}],"event_choices":[{"cards_removed":["Defend_P"],"damage_healed":0.0,"max_hp_gain":0.0,"max_hp_loss":0.0,"gold_gain":0.0,"event_name":"Golden Wing","player_choice":"Card Removal","floor":2.0,"gold_loss":0.0,"damage_taken":7.0},{"damage_healed":0.0,"max_hp_gain":0.0,"max_hp_loss":0.0,"gold_gain":0.0,"event_name":"Upgrade Shrine","player_choice":"Upgraded","floor":11.0,"gold_loss":0.0,"damage_taken":0.0,"cards_upgraded":["SashWhip"]},{"damage_healed":0.0,"max_hp_gain":0.0,"max_hp_loss":0.0,"gold_gain":0.0,"event_name":"Upgrade Shrine","player_choice":"Upgraded","floor":19.0,"gold_loss":0.0,"damage_taken":0.0,"cards_upgraded":["CrushJoints"]},{"damage_healed":0.0,"max_hp_gain":5.0,"max_hp_loss":0.0,"gold_gain":0.0,"event_name":"Forgotten Altar","player_choice":"Shed Blood","floor":25.0,"gold_loss":0.0,"damage_taken":18.0},{"damage_healed":0,"gold_gain":0,"player_choice":"Fight","damage_taken":0,"max_hp_gain":0,"max_hp_loss":0,"event_name":"MindBloom","floor":37,"gold_loss":0},{"damage_healed":0,"gold_gain":0,"player_choice":"Paid","damage_taken":0,"relics_obtained":["Red Mask"],"max_hp_gain":0,"max_hp_loss":0,"event_name":"Tomb of Lord Red Mask","floor":39,"gold_loss":77},{"damage_healed":0,"gold_gain":0,"player_choice":"Memory 2","damage_taken":5,"max_hp_gain":0,"max_hp_loss":0,"event_name":"SensoryStone","floor":41,"gold_loss":0}],"is_beta":false,"boss_relics":[{"not_picked":["Runic Pyramid","Cursed Key"],"picked":"VioletLotus"},{"not_picked":["Snecko Eye","Calling Bell"],"picked":"Astrolabe"}],"items_purged_floors":[7,21,30,36],"is_endless":false,"potions_floor_spawned":[1,5,13,22,23,31,35,45,48],"killed_by":"Time Eater","ascension_level":4}}