{"host":"sav7uxregyirlf69","time":1610247943,"event":{"mods":["AchievementEnabler","BaseMod","Colored Map","DeckTracker","Keyboard Shortcuts","Minty Spire (QoL Compilation)","READ ME - Guardian Mod","StSLib","SuperFastMode"],"gold_per_floor":[115,115,115,134,134,134,165,90,90,121,137,137,151,175,175,277,277,291,318,318,318,142,167,167,167,217,217,249,303,337,356,356,460,460,473,473,75,94,94,128,350,396,396,417,73,104,115,150,150,150,150,150,10,52,52,52],"floor_reached":55,"playtime":1921,"items_purged":["Defend_G","Strike_G","Strike_G","Dash"],"score":1660,"play_id":"90da818e-cd79-4a49-9898-b662afd98948","local_time":"20210110120543","is_ascension_mode":true,"campfire_choices":[{"data":"Well Laid Plans","floor":6.0,"key":"SMITH"},{"data":"Blur","floor":12.0,"key":"SMITH"},{"data":"Cloak And Dagger","floor":15.0,"key":"SMITH"},{"data":"Blade Dance","floor":24.0,"key":"SMITH"},{"data":"Finisher","floor":32.0,"key":"SMITH"},{"floor":49.0,"key":"RECALL"},{"data":"Tactician","floor":52.0,"key":"SMITH"}],"circlet_count":0,"master_deck":["AscendersBane","Defend_G","Defend_G","Defend_G","Survivor","Neutralize+1","Heel Hook+1","Well Laid Plans+1","Blur+1","Cloak And Dagger+1","Corpse Explosion","Infinite Blades","Blade Dance+1","Escape Plan","After Image+1","Reflex","Tactician+1","Backflip","Prepared+1","Blur+1","Caltrops+1","Accuracy+1","PiercingWail"],"relics":["Ring of the Snake","NeowsBlessing","Juzu Bracelet","Kunai","Lantern","Odd Mushroom","Empty Cage","Red Mask","MutagenicStrength","Frozen Egg 2","Letter Opener","Tiny Chest","CeramicFish","Black Star","Orrery","Bag of Preparation","Ornamental Fan","Oddly Smooth Stone","Smiling Mask","Pear","TungstenRod","Potion Belt","Question Card","The Courier","Whetstone","Boot","Blue Candle"],"acts_visited":["Exordium","TheCity","TheBeyond","TheEnding"],"potions_floor_usage":[55,55,55],"damage_taken":[{"damage":0.0,"enemies":"Cultist","floor":1.0,"turns":1.0},{"damage":0.0,"enemies":"2 Louse","floor":4.0,"turns":1.0},{"damage":0.0,"enemies":"3 Sentries","floor":7.0,"turns":2.0},{"damage":10.0,"enemies":"Lagavulin","floor":10.0,"turns":9.0},{"damage":0.0,"enemies":"Small Slimes","floor":11.0,"turns":3.0},{"damage":3.0,"enemies":"Blue Slaver","floor":13.0,"turns":3.0},{"damage":11.0,"enemies":"The Mushroom Lair","floor":14.0,"turns":5.0},{"damage":0.0,"enemies":"Hexaghost","floor":16.0,"turns":11.0},{"damage":0.0,"enemies":"Chosen","floor":18.0,"turns":7.0},{"damage":7.0,"enemies":"Masked Bandits","floor":19.0,"turns":3.0},{"damage":3.0,"enemies":"Gremlin Leader","floor":23.0,"turns":9.0},{"damage":0.0,"enemies":"Slavers","floor":28.0,"turns":1.0},{"damage":0.0,"enemies":"Book of Stabbing","floor":30.0,"turns":6.0},{"damage":10.0,"enemies":"3 Byrds","floor":31.0,"turns":3.0},{"damage":23.0,"enemies":"Collector","floor":33.0,"turns":11.0},{"damage":0.0,"enemies":"3 Shapes","floor":35.0,"turns":4.0},{"damage":8.0,"enemies":"3 Darklings","floor":38.0,"turns":5.0},{"damage":0.0,"enemies":"Nemesis","floor":40.0,"turns":9.0},{"damage":0.0,"enemies":"Writhing Mass","floor":44.0,"turns":13.0},{"damage":0.0,"enemies":"Reptomancer","floor":46.0,"turns":7.0},{"damage":0.0,"enemies":"Transient","floor":47.0,"turns":5.0},{"damage":0.0,"enemies":"Giant Head","floor":48.0,"turns":12.0},{"damage":0.0,"enemies":"Donu and Deca","floor":50.0,"turns":8.0},{"damage":56.0,"enemies":"Shield and Spear","floor":54.0,"turns":6.0},{"damage":20,"enemies":"The Heart","floor":55,"turns":6}],"seed_played":"2633774376524043537","potions_obtained":[{"floor":7.0,"key":"LiquidMemories"},{"floor":13.0,"key":"ColorlessPotion"},{"floor":14.0,"key":"CunningPotion"},{"floor":19.0,"key":"Weak Potion"},{"floor":30.0,"key":"Block Potion"},{"floor":44.0,"key":"PowerPotion"},{"floor":46.0,"key":"Weak Potion"},{"floor":48.0,"key":"DuplicationPotion"}],"is_trial":false,"path_per_floor":["M","?","?","M","?","R","E","$","T","E","M","R","M","?","R","B",null,"M","?","?","?","$","E","R","?","T","?","E","T","E","M","R","B",null,"M","?","$","M","?","E","?","T","T","M","$","E","M","E","R","B",null,"R","$","E","B"],"character_chosen":"THE_SILENT","items_purchased":["Ancient Potion","Orrery","Bag of Preparation","TungstenRod","Caltrops+1","Accuracy+1","Swift Potion"],"campfire_rested":0,"item_purchase_floors":[22,37,37,45,53,53,53],"current_hp_per_floor":[63,56,56,56,42,42,42,42,42,32,32,32,29,18,18,18,57,57,50,50,50,50,47,47,47,47,47,47,47,47,37,37,14,56,56,56,56,48,48,48,48,48,58,58,58,58,58,58,58,58,75,75,75,19,0,0],"gold":52,"neow_bonus":"THREE_ENEMY_KILL","is_daily":false,"chose_seed":false,"campfire_upgraded":6,"win_rate":0.0,"timestamp":1610247943,"path_taken":["M","?","?","M","?","R","E","?","T","E","M","R","M","?","R","BOSS","M","?","?","?","$","E","R","?","T","?","E","?","E","M","R","BOSS","M","?","$","M","?","E","?","?","T","M","?","E","M","E","R","BOSS","R","$","E","BOSS"],"items_purchased_type":["Potion","Relic","Relic","Relic","Card","Card","Potion"],"build_version":"2020-12-22","purchased_purges":4,"victory":false,"max_hp_per_floor":[70,70,70,70,70,70,70,70,70,70,70,70,70,70,70,70,70,70,70,70,70,70,70,70,70,70,70,70,70,70,70,70,70,70,70,70,70,70,70,70,70,70,80,80,80,80,80,80,80,80,80,80,80,80,80,80],"card_choices":[{"not_picked":["Prepared","Dodge and Roll"],"picked":"Heel Hook","floor":1.0},{"not_picked":["Dodge and Roll","Outmaneuver"],"picked":"Well Laid Plans","floor":4.0},{"not_picked":["Concentrate","Blade Dance"],"picked":"Dash","floor":7.0},{"not_picked":["Dodge and Roll","Poisoned Stab"],"picked":"Blur","floor":10.0},{"not_picked":["Poisoned Stab","Underhanded Strike","Bane"],"picked":"SKIP","floor":11.0},{"not_picked":["Night Terror","Poisoned Stab","Deflect"],"picked":"SKIP","floor":13.0},{"not_picked":["Prepared","Dagger Throw"],"picked":"Cloak And Dagger","floor":14.0},{"not_picked":["Envenom","A Thousand Cuts"],"picked":"Corpse Explosion","floor":16.0},{"not_picked":["Slice+1","Choke"],"picked":"Infinite Blades","floor":18.0},{"not_picked":["Setup+1","Expertise+1"],"picked":"Blade Dance","floor":23.0},{"not_picked":["Corpse Explosion","Deadly Poison+1","Venomology"],"picked":"SKIP","floor":28.0},{"not_picked":["Bane","Quick Slash","Underhanded Strike"],"picked":"SKIP","floor":30.0},{"not_picked":["Bane","Finisher","Flechettes"],"picked":"SKIP","floor":31.0},{"not_picked":["Bane","Flechettes"],"picked":"Finisher","floor":31.0},{"not_picked":["Corpse Explosion","Venomology"],"picked":"After Image+1","floor":33.0},{"not_picked":["Escape Plan","PiercingWail","Bane"],"picked":"SKIP","floor":35.0},{"not_picked":["Dagger Throw+1","Flying Knee+1"],"picked":"Reflex","floor":37.0},{"not_picked":["Underhanded Strike+1","Dash"],"picked":"Tactician","floor":37.0},{"not_picked":["Crippling Poison","Well Laid Plans+1","Quick Slash"],"picked":"SKIP","floor":38.0},{"not_picked":["Flying Knee","Poisoned Stab"],"picked":"Backflip","floor":40.0},{"not_picked":["Dodge and Roll","Quick Slash"],"picked":"Prepared+1","floor":44.0},{"not_picked":["Masterful Stab+1","Bane+1","Outmaneuver+1"],"picked":"SKIP","floor":46.0},{"not_picked":["Tactician","Heel Hook","Dagger Throw+1","Dash+1"],"picked":"SKIP","floor":47.0},{"not_picked":["Bouncing Flask","Slice","Deadly Poison"],"picked":"Blur+1","floor":48.0},{"not_picked":["Crippling Poison","Corpse Explosion","Bane+1"],"picked":"PiercingWail","floor":54.0}],"player_experience":1225556,"relics_obtained":[{"floor":7.0,"key":"Juzu Bracelet"},{"floor":9.0,"key":"Kunai"},{"floor":10.0,"key":"Lantern"},{"floor":14.0,"key":"Odd Mushroom"},{"floor":19.0,"key":"Red Mask"},{"floor":23.0,"key":"Frozen Egg 2"},{"floor":28.0,"key":"Letter Opener"},{"floor":29.0,"key":"Tiny Chest"},{"floor":30.0,"key":"CeramicFish"},{"floor":40.0,"key":"Ornamental Fan"},{"floor":40.0,"key":"Oddly Smooth Stone"},{"floor":42.0,"key":"Smiling Mask"},{"floor":43.0,"key":"Pear"},{"floor":46.0,"key":"Potion Belt"},{"floor":46.0,"key":"Question Card"},{"floor":48.0,"key":"The Courier"},{"floor":48.0,"key":"Whetstone"},{"floor":54.0,"key":"Boot"},{"floor":54.0,"key":"Blue Candle"}],"event_choices":[{"cards_removed":["Strike_G"],"damage_healed":0.0,"max_hp_gain":0.0,"max_hp_loss":0.0,"gold_gain":0.0,"event_name":"Golden Wing","player_choice":"Card Removal","floor":2.0,"gold_loss":0.0,"damage_taken":7.0},{"damage_healed":0.0,"max_hp_gain":0.0,"max_hp_loss":0.0,"gold_gain":0.0,"event_name":"Liars Game","player_choice":"Ignored","floor":3.0,"gold_loss":0.0,"damage_taken":0.0},{"damage_healed":0.0,"max_hp_gain":0.0,"max_hp_loss":0.0,"gold_gain":0.0,"event_name":"Shining Light","player_choice":"Entered Light","floor":5.0,"gold_loss":0.0,"damage_taken":14.0,"cards_upgraded":["Heel Hook","Neutralize"]},{"damage_healed":0.0,"max_hp_gain":0.0,"max_hp_loss":0.0,"gold_gain":0.0,"event_name":"Mushrooms","player_choice":"Fought Mushrooms","floor":14.0,"gold_loss":0.0,"damage_taken":0.0},{"damage_healed":0.0,"max_hp_gain":0.0,"max_hp_loss":0.0,"gold_gain":0.0,"event_name":"Masked Bandits","player_choice":"Fought Bandits","floor":19.0,"gold_loss":0.0,"damage_taken":0.0},{"damage_healed":0.0,"max_hp_gain":0.0,"max_hp_loss":0.0,"gold_gain":0.0,"event_name":"Drug Dealer","player_choice":"Inject Mutagens","floor":20.0,"gold_loss":0.0,"damage_taken":0.0,"relics_obtained":["MutagenicStrength"]},{"damage_healed":0.0,"max_hp_gain":0.0,"max_hp_loss":0.0,"gold_gain":0.0,"event_name":"The Mausoleum","player_choice":"Ignored","floor":21.0,"gold_loss":0.0,"damage_taken":0.0},{"damage_healed":0.0,"max_hp_gain":0.0,"max_hp_loss":0.0,"gold_gain":0.0,"event_name":"The Library","player_choice":"Read","floor":25.0,"gold_loss":0.0,"damage_taken":0.0,"cards_obtained":["Escape Plan"]},{"cards_removed":["Strike_G"],"damage_healed":0.0,"max_hp_gain":0.0,"max_hp_loss":0.0,"gold_gain":0.0,"event_name":"Back to Basics","player_choice":"Elegance","floor":27.0,"gold_loss":0.0,"damage_taken":0.0},{"damage_healed":0.0,"max_hp_gain":0.0,"max_hp_loss":0.0,"gold_gain":0.0,"event_name":"Mysterious Sphere","player_choice":"Ignored","floor":36.0,"gold_loss":0.0,"damage_taken":0.0},{"cards_removed":["Finisher"],"damage_healed":0.0,"max_hp_gain":0.0,"max_hp_loss":0.0,"gold_gain":0.0,"event_name":"Falling","player_choice":"Removed Attack","floor":39.0,"gold_loss":0.0,"damage_taken":0.0},{"damage_healed":0.0,"max_hp_gain":0.0,"max_hp_loss":0.0,"gold_gain":222.0,"event_name":"Tomb of Lord Red Mask","player_choice":"Wore Mask","floor":41.0,"gold_loss":0.0,"damage_taken":0.0}],"is_beta":false,"boss_relics":[{"not_picked":["HoveringKite","Coffee Dripper"],"picked":"Empty Cage"},{"not_picked":["WristBlade","Fusion Hammer"],"picked":"Black Star"}],"items_purged_floors":[8,22,37,45],"is_endless":false,"potions_floor_spawned":[7,13,14,19,30,33,44,46,48],"killed_by":"The Heart","ascension_level":10}}