{"host":"jyrk6jyquqqx2k2a","time":1610297974,"event":{"mods":["2.2 Compatiblity","AchievementEnabler","BaseMod","BetterRewards","ChefMod","Colored Map","Colored Powertips","Decade(???)","Infinite Spire","Minty Spire (QoL Compilation)","Replay The Spire","Shop Mod","Spicy Shops","StSLib","The Marked","Thieving Mod"],"gold_per_floor":[111,116,116,116,116,116,147,159,171,21,21,40,40,73,73,178,178,189,189,32,32,32,32,2,2,25,25,25,25,50,50,50,153,153,180,180,180],"floor_reached":36,"playtime":1229,"items_purged":["ReplayTheSpireMod:Splinters","Defend_P","Clumsy","Delirium"],"score":503,"play_id":"0b0e64d3-73df-46a9-9a2d-d34027465f4f","local_time":"20210110115934","is_ascension_mode":false,"campfire_choices":[{"floor":6,"key":"REST"},{"data":"Replay:AtTheReady","floor":8,"key":"SMITH"},{"data":"DevaForm","floor":13,"key":"SMITH"},{"floor":25,"key":"REST"},{"data":"Ragnarok","floor":27,"key":"SMITH"},{"data":"TalkToTheHand","floor":29,"key":"SMITH"},{"floor":32,"key":"REST"}],"circlet_count":0,"master_deck":["Defend_P","Defend_P","Defend_P","Eruption","Vigilance","Replay:AtTheReady+1","Replay:BluntJabs+1","DevaForm+1","Consecrate+1","Ragnarok+1","Wireheading+1","WindmillStrike+1","Halt+1","Replay:ManipulateFuture","TalkToTheHand+1","Adaptation","MasterReality","FollowUp"],"relics":["PureWater","Juzu Bracelet","NeowsBlessing","ReplayTheSpireMod:CursedCoin","MerchantsRug","Replay:Baseball","Darkstone Periapt","Art of War","TeardropLocket","Toy Ornithopter","Toolbox","Blood Vial","Durian","Nunchaku","infinitespire:EvilPickle","SlaversCollar"],"acts_visited":["Exordium","TheCity","TheBeyond"],"potions_floor_usage":[16,16,36],"damage_taken":[{"damage":0,"enemies":"Cultist","floor":1,"turns":1},{"damage":0,"enemies":"Replay:BlueRogue","floor":7,"turns":1},{"damage":0,"enemies":"Small Slimes","floor":12,"turns":1},{"damage":14,"enemies":"Gremlin Nob","floor":14,"turns":4},{"damage":0,"enemies":"Slime Boss","floor":16,"turns":5},{"damage":10,"enemies":"Chosen","floor":18,"turns":7},{"damage":53,"enemies":"Gremlin Leader","floor":30,"turns":4},{"damage":15,"enemies":"Pondfish","floor":33,"turns":3},{"damage":46,"enemies":"Orb Walker","floor":35,"turns":4},{"damage":59,"enemies":"3 Darklings","floor":36,"turns":6}],"seed_played":"-1365174490113081970","potions_obtained":[{"floor":1,"key":"SneckoOil"},{"floor":7,"key":"Strength Potion"},{"floor":14,"key":"StancePotion"},{"floor":30,"key":"Toxic Potion"},{"floor":35,"key":"LiquidMemories"}],"is_trial":false,"path_per_floor":["M","$","?","?","T","R","E","R","T","$","?","M","R","E","R_BF","B",null,"M","AVR","$","?","?","?","$","R","T","R","?","R","E","?","R","B",null,"M","M"],"character_chosen":"WATCHER","items_purchased":["ReplayTheSpireMod:CursedCoin","MerchantsRug","TeardropLocket","Blood Vial"],"campfire_rested":3,"item_purchase_floors":[2,2,10,20],"current_hp_per_floor":[72,72,72,69,69,72,72,72,72,72,72,72,72,58,72,72,72,62,62,68,68,53,64,64,92,92,92,92,92,41,41,69,56,94,48,0,0],"gold":180,"neow_bonus":"THREE_ENEMY_KILL","is_daily":false,"chose_seed":false,"campfire_upgraded":4,"win_rate":0.0,"timestamp":1610297974,"path_taken":["M","$","?","?","?","R","E","R","T","$","?","M","R","E","R_BF","BOSS","M","AVR","?","?","?","?","$","R","T","R","?","R","E","?","R","BOSS","M","M"],"items_purchased_type":["Relic","Relic","Relic","Relic"],"build_version":"2020-12-22","purchased_purges":4,"victory":false,"max_hp_per_floor":[72,72,72,72,72,72,72,72,72,72,72,72,72,72,72,72,72,72,72,78,78,83,94,94,94,94,94,94,94,94,94,94,94,94,94,94,94],"card_choices":[{"not_picked":["Replay:BluntJabs","Replay:ManipulateFuture"],"picked":"Replay:AtTheReady","floor":1},{"not_picked":["EmptyBody","InnerPeace"],"picked":"Replay:BluntJabs","floor":7},{"not_picked":["SashWhip","FollowUp"],"picked":"DevaForm","floor":12},{"not_picked":["Wireheading","FollowUp"],"picked":"Consecrate","floor":14},{"not_picked":["Devotion","Wish"],"picked":"Ragnarok","floor":16},{"not_picked":["WindmillStrike","Replay:AtTheReady+1"],"picked":"Replay:ManipulateFuture","floor":18},{"not_picked":["Consecrate","FlyingSleeves"],"picked":"Adaptation","floor":30},{"not_picked":["Blasphemy","Vault"],"picked":"MasterReality","floor":33},{"not_picked":["Crescendo+1","EmptyBody"],"picked":"FollowUp","floor":35}],"player_experience":294309,"relics_obtained":[{"floor":3,"key":"Yang"},{"floor":5,"key":"Darkstone Periapt"},{"floor":7,"key":"MawBank"},{"floor":9,"key":"Art of War"},{"floor":14,"key":"Toy Ornithopter"},{"floor":30,"key":"Nunchaku"}],"event_choices":[{"damage_healed":0,"gold_gain":0,"player_choice":"Success","damage_taken":3,"relics_obtained":["Replay:Baseball"],"max_hp_gain":0,"max_hp_loss":0,"event_name":"Scrap Ooze","floor":4,"gold_loss":0},{"damage_healed":0,"gold_gain":0,"player_choice":"Upgraded","damage_taken":0,"max_hp_gain":0,"max_hp_loss":0,"event_name":"Upgrade Shrine","floor":11,"gold_loss":0,"cards_upgraded":["Replay:BluntJabs"]},{"damage_healed":0,"gold_gain":0,"player_choice":"Shed Blood","damage_taken":20,"max_hp_gain":5,"max_hp_loss":0,"event_name":"Forgotten Altar","floor":22,"gold_loss":0},{"damage_healed":0,"gold_gain":0,"cards_transformed":["Strike_P"],"player_choice":"Transformed","damage_taken":0,"max_hp_gain":0,"max_hp_loss":0,"event_name":"Transmorgrifier","floor":28,"gold_loss":0,"cards_obtained":["TalkToTheHand"]},{"damage_healed":0,"gold_gain":0,"player_choice":"Ignored","damage_taken":0,"max_hp_gain":0,"max_hp_loss":0,"event_name":"Ghosts","floor":31,"gold_loss":0}],"is_beta":false,"boss_relics":[{"not_picked":["Runic Dome","SacredBark"],"picked":"Astrolabe"},{"not_picked":["Replay:Drink Me","Honey Jar"],"picked":"SlaversCollar"}],"items_purged_floors":[10,19,20,24],"is_endless":false,"potions_floor_spawned":[1,7,14,30,35],"killed_by":"3 Darklings","ascension_level":0}}