{"host":"6fpwia82zd5086hr","time":1610248425,"event":{"mods":["BaseMod","Better Skull","Better Third Choice","Downfall","Minty Spire (QoL Compilation)","Spicy Shops","StSLib"],"gold_per_floor":[118,218,233,253,20,20,55,5,5,5,5,16,34,34,34,34,34],"floor_reached":16,"playtime":977,"items_purged":["Strike_G"],"score":125,"play_id":"6d1b922c-3d92-4067-9e03-5923e94de281","local_time":"20210109201345","is_ascension_mode":true,"campfire_choices":[{"data":"Neutralize","floor":6.0,"key":"SMITH"},{"floor":11.0,"key":"REST"},{"data":"Blur","floor":15,"key":"SMITH"}],"circlet_count":0,"master_deck":["Strike_G","Strike_G","Strike_G+1","Strike_G","Defend_G","Defend_G","Defend_G","Defend_G","Survivor","Neutralize+1","Quick Slash+1","Tactician","Slice","Dagger Spray","Acrobatics","Blur+1"],"relics":["Sozu","Membership Card","Strawberry","Thread and Needle","Tough Bandages","Whetstone"],"acts_visited":["Exordium"],"potions_floor_usage":[],"damage_taken":[{"damage":0.0,"enemies":"2 Louse","floor":1.0,"turns":3.0},{"damage":0.0,"enemies":"Cultist","floor":3.0,"turns":4.0},{"damage":5.0,"enemies":"Jaw Worm","floor":4.0,"turns":4.0},{"damage":24.0,"enemies":"3 Sentries","floor":7.0,"turns":14.0},{"damage":0.0,"enemies":"Red Slaver","floor":12.0,"turns":5.0},{"damage":3,"enemies":"Exordium Thugs","floor":13,"turns":4},{"damage":66,"enemies":"Hexaghost","floor":16,"turns":16}],"seed_played":"7196071606617883586","potions_obtained":[],"is_trial":false,"path_per_floor":["M","?","M","M","$","R","E","?","T","$","R","M","M","T","R","B"],"character_chosen":"THE_SILENT","items_purchased":["Membership Card","Strawberry"],"campfire_rested":1,"item_purchase_floors":[5,5],"current_hp_per_floor":[70,70,70,65,72,72,48,48,48,48,71,71,68,68,68,2,2],"gold":34,"neow_bonus":"BOSS_RELIC","is_daily":false,"chose_seed":false,"campfire_upgraded":2,"win_rate":0.0,"timestamp":1610248425,"path_taken":["M","?","?","M","$","R","E","?","T","?","R","?","M","?","R","BOSS"],"items_purchased_type":["Relic","Relic"],"build_version":"2020-12-22","purchased_purges":1,"victory":false,"max_hp_per_floor":[70,70,70,70,77,77,77,77,77,77,77,77,77,77,77,77,77],"card_choices":[{"not_picked":["Terror","PiercingWail"],"picked":"Quick Slash","floor":1.0},{"not_picked":["Bane","Dodge and Roll"],"picked":"Tactician","floor":3.0},{"not_picked":["Bane","Endless Agony"],"picked":"Slice","floor":4.0},{"not_picked":["Tactician","Distraction"],"picked":"Dagger Spray","floor":7.0},{"not_picked":["Eviscerate","All Out Attack"],"picked":"Acrobatics","floor":12.0},{"not_picked":["Cloak And Dagger","Well Laid Plans"],"picked":"Blur","floor":13}],"player_experience":774573,"relics_obtained":[{"floor":7.0,"key":"Thread and Needle"},{"floor":9.0,"key":"Tough Bandages"},{"floor":14,"key":"Whetstone"}],"event_choices":[{"damage_healed":0.0,"max_hp_gain":0.0,"max_hp_loss":0.0,"gold_gain":100.0,"event_name":"Wheel of Change","player_choice":"Gold","floor":2.0,"gold_loss":0.0,"damage_taken":0.0},{"cards_removed":["Defend_G"],"damage_healed":0.0,"max_hp_gain":0.0,"max_hp_loss":0.0,"gold_gain":0.0,"event_name":"The Cleric","player_choice":"Card Removal","floor":8.0,"gold_loss":50.0,"damage_taken":0.0}],"is_beta":false,"boss_relics":[],"items_purged_floors":[5],"is_endless":false,"potions_floor_spawned":[1,12,13],"killed_by":"Hexaghost","ascension_level":5}}