{"host":"uoq8e77duj6rs50g","time":1610248646,"event":{"mods":["BaseMod","Better Altar","Better Match","Better Note","Better Sensory Stone","Better Skull","Better Third Choice","BetterRewards","Block Reminder","ChefMod","Curses Come First","Downfall","Hermit","Hubris","Ironclad Rager","Minty Spire (QoL Compilation)","Relic Stats","Replay The Spire","Shade Mod","StSLib","The Blue Laboratory","The Cursed","The Dragon Tamer","The Exalted","The Judge","The Marked","The Runesmith","The Servant 0.9.4","TheSwordswoman","Uncapped","WarShipGirlsR/????R mod"],"gold_per_floor":[113,79,93,93,109,109,138,138,138,150,173,185,231,254,266,377,389,389,23,23,23,23,23,23,23,23,23,23,23,23,23,23,23,23,23,23,23,23,23,23,23,23,23,23,23,23],"floor_reached":45,"playtime":2818,"items_purged":[],"score":509,"play_id":"6987eebc-0cb2-4ead-a5e3-2a414084d64c","local_time":"20210109221726","is_ascension_mode":false,"campfire_choices":[{"floor":6.0,"key":"REST"},{"data":"rmod:maintain","floor":8.0,"key":"SMITH"},{"floor":15.0,"key":"REST"},{"floor":25.0,"key":"REST"},{"floor":32.0,"key":"REST"},{"floor":40,"key":"REST"},{"floor":42,"key":"REST"}],"circlet_count":0,"master_deck":["rmod:strick","rmod:strick","rmod:defend","rmod:defend","rmod:defend","rmod:defend","rmod:basicallowance","rmod:maingunfire","rmod:punchline","rmod:diamondstrike+1","rmod:maintain+1","rmod:fletcherpendant","rmod:aggressivemary","rmod:diaomin","rmod:intelligenceanalysis","rmod:steelsupply","rmod:secretscript","rmod:chargemoney","rmod:goodsister","rmod:diamondstrike+1","WordoMod:Accursed","rmod:luckystar+1","rmod:garrisonisland+1","rmod:combined+1","rmod:supportaircraftcarrier","rmod:ring","rmod:abidefaith","rmod:aluminumsupply+1","rmod:highspeedmaneuver","rmod:ammunitionsupply+1","rmod:heivgo","rmod:diamondstrike+1"],"relics":["rmod:firstchargereward","Pear","MawBank","Question Card","Ectoplasm","Molten Egg 2","Ring of Panic","Ring of Fury","Replay:Kaleidoscope","Boot","Juzu Bracelet","Mango","hubris:MysteriousPyramids","Ring of Chaos","hubris:Icosahedron","Gambling Chip","Bromod:ArcaneTempo"],"acts_visited":["Exordium","TheCity","TheBeyond"],"potions_floor_usage":[38,39],"damage_taken":[{"damage":0.0,"enemies":"Cultist","floor":1.0,"turns":3.0},{"damage":0.0,"enemies":"Jaw Worm","floor":3.0,"turns":3.0},{"damage":4.0,"enemies":"Small Slimes","floor":5.0,"turns":3.0},{"damage":16.0,"enemies":"Lagavulin","floor":7.0,"turns":4.0},{"damage":0.0,"enemies":"Looter","floor":11.0,"turns":3.0},{"damage":22.0,"enemies":"3 Sentries","floor":13.0,"turns":7.0},{"damage":1.0,"enemies":"Red Slaver","floor":14.0,"turns":3.0},{"damage":81.0,"enemies":"Hexaghost","floor":16.0,"turns":11.0},{"damage":2.0,"enemies":"Shell Parasite","floor":18.0,"turns":4.0},{"damage":2.0,"enemies":"Spheric Guardian","floor":22.0,"turns":4.0},{"damage":29.0,"enemies":"Book of Stabbing","floor":23.0,"turns":4.0},{"damage":57.0,"enemies":"Replay:Snechameleon","floor":27.0,"turns":5.0},{"damage":13.0,"enemies":"Colosseum Slavers","floor":29.0,"turns":3.0},{"damage":25.0,"enemies":"Colosseum Nobs","floor":29.0,"turns":5.0},{"damage":20.0,"enemies":"Shelled Parasite and Fungi","floor":30.0,"turns":4.0},{"damage":8.0,"enemies":"Automaton","floor":33.0,"turns":6.0},{"damage":6.0,"enemies":"Orb Walker","floor":35.0,"turns":3.0},{"damage":20.0,"enemies":"3 Shapes","floor":37.0,"turns":4.0},{"damage":32,"enemies":"Writhing Mass","floor":38,"turns":6},{"damage":41,"enemies":"Mind Bloom Boss Battle","floor":39,"turns":6},{"damage":57,"enemies":"Transient","floor":44,"turns":5},{"damage":44,"enemies":"Reptomancer","floor":45,"turns":6}],"seed_played":"-794377928872991118","potions_obtained":[{"floor":1.0,"key":"blueLaboratory:BubblePotion"},{"floor":3.0,"key":"blueLaboratory:AbyssPotion"},{"floor":13.0,"key":"Explosive Potion"},{"floor":16.0,"key":"blueLaboratory:FrostheartPotion"},{"floor":22.0,"key":"LiquidBronze"},{"floor":27.0,"key":"blueLaboratory:LouseDecoction"},{"floor":29.0,"key":"Reflective Coating"},{"floor":33.0,"key":"blueLaboratory:PhilterOfMotion"},{"floor":35.0,"key":"PowerPotion"},{"floor":37.0,"key":"hexamod:EctoCoolerPotion"},{"floor":39,"key":"FearPotion"}],"is_trial":false,"path_per_floor":["M","$","M","?","M","R","E","R","T","?","M","?","E","M","R","B",null,"M","$","?","?","M","E","?","R","T","E","$","?","M","?","R","B",null,"M","?","M","M","?","R","$","R","T","M","E"],"character_chosen":"PRAEFECT","items_purchased":["rmod:diamondstrike+1","Molten Egg 2","rmod:goodsister","rmod:diamondstrike+1"],"campfire_rested":6,"item_purchase_floors":[2,19,19,19],"current_hp_per_floor":[68,68,68,68,64,89,83,83,83,83,83,88,66,65,96,15,104,102,102,102,102,100,71,71,102,102,45,45,21,1,1,36,28,118,112,112,92,60,19,54,54,89,89,32,0,0],"gold":23,"neow_bonus":"TWENTY_PERCENT_HP_BONUS","is_daily":false,"chose_seed":false,"campfire_upgraded":1,"win_rate":0.0,"timestamp":1610248646,"path_taken":["M","?","M","?","?","R","E","R","T","?","M","?","E","M","R","BOSS","M","$","?","?","M","E","?","R","T","E","$","?","M","?","R","BOSS","M","?","M","M","?","R","$","R","T","M","E"],"items_purchased_type":["Card","Relic","Card","Card"],"build_version":"2020-12-22","purchased_purges":0,"victory":false,"max_hp_per_floor":[89,89,89,89,89,89,99,99,99,99,99,104,104,104,104,104,104,104,104,104,104,104,104,104,104,104,104,104,118,118,118,118,118,118,118,118,118,118,118,118,118,118,118,118,118,118],"relic_stats":{"counters":[22,102],"Gambling Chip":[4],"Ectoplasm":541,"Juzu Bracelet":1,"MawBank":96,"Question Card":15,"Boot":[2],"obtain_stats":[{"Pear":7,"Mango":29,"Ring of Chaos":34,"Juzu Bracelet":27,"Replay:Kaleidoscope":23,"hubris:MysteriousPyramids":29,"MawBank":9,"Question Card":13,"Boot":26,"hubris:Icosahedron":36,"Gambling Chip":39,"Bromod:ArcaneTempo":43,"Molten Egg 2":19,"Ring of Fury":21,"Ectoplasm":17,"rmod:firstchargereward":0,"Ring of Panic":21},{"Pear":4,"Mango":14,"Ring of Chaos":16,"Juzu Bracelet":12,"Replay:Kaleidoscope":11,"hubris:MysteriousPyramids":14,"MawBank":4,"Question Card":6,"Boot":11,"hubris:Icosahedron":17,"Gambling Chip":20,"Bromod:ArcaneTempo":20,"Molten Egg 2":9,"Ring of Fury":9,"Ectoplasm":8,"rmod:firstchargereward":0,"Ring of Panic":9},{"Pear":13,"Mango":62,"Ring of Chaos":72,"Juzu Bracelet":54,"Replay:Kaleidoscope":49,"hubris:MysteriousPyramids":62,"MawBank":13,"Question Card":23,"Boot":49,"hubris:Icosahedron":75,"Gambling Chip":91,"Bromod:ArcaneTempo":91,"Molten Egg 2":41,"Ring of Fury":41,"Ectoplasm":37,"rmod:firstchargereward":0,"Ring of Panic":41}]},"card_choices":[{"not_picked":["rmod:circuitoustactics","rmod:goodfighter"],"picked":"rmod:punchline","floor":1.0},{"not_picked":["rmod:garrisonisland","rmod:supportescort"],"picked":"rmod:maintain","floor":3.0},{"not_picked":["rmod:wolves","rmod:goodfighter"],"picked":"rmod:fletcherpendant","floor":5.0},{"not_picked":["rmod:goodfighter","rmod:luckystar"],"picked":"rmod:aggressivemary","floor":7.0},{"not_picked":["rmod:aviationdawn","rmod:guardianhero"],"picked":"rmod:diaomin","floor":11.0},{"not_picked":["rmod:sl","rmod:saltedfish"],"picked":"rmod:intelligenceanalysis","floor":13.0},{"not_picked":["rmod:aviationdawn","rmod:intelligenceanalysis","rmod:bulid"],"picked":"rmod:steelsupply","floor":14.0},{"not_picked":["rmod:stealaluminum","rmod:supriseattacks","rmod:seals"],"picked":"rmod:secretscript","floor":16.0},{"not_picked":["rmod:firesupport","rmod:shuttlebombing+1","rmod:victimresponsibility"],"picked":"rmod:chargemoney","floor":18.0},{"not_picked":["rmod:slowdown+1","rmod:aluminumsupply","rmod:firesupport+1"],"picked":"rmod:luckystar+1","floor":22.0},{"not_picked":["rmod:fuelsupply","rmod:luckystar+1","rmod:victimresponsibility"],"picked":"rmod:garrisonisland+1","floor":23.0},{"not_picked":["rmod:fletcher+1","rmod:steelsupply","rmod:wolves+1"],"picked":"rmod:combined+1","floor":27.0},{"not_picked":["rmod:rockthrower+1","rmod:unsinkable","rmod:fuelsupply"],"picked":"rmod:supportaircraftcarrier","floor":29.0},{"not_picked":["rmod:diamondstrike+1","rmod:circuitoustactics","rmod:aluminumsupply"],"picked":"rmod:ring","floor":30.0},{"not_picked":["rmod:supriseattacks","rmod:auspiciousomen","rmod:ridicule"],"picked":"rmod:abidefaith","floor":33.0},{"not_picked":["rmod:aviationdawn","rmod:luckystar+1","rmod:victimresponsibility+1"],"picked":"rmod:aluminumsupply+1","floor":35.0},{"not_picked":["rmod:aluminumsupply","rmod:gendarmerie","rmod:tearstotiara+1"],"picked":"rmod:highspeedmaneuver","floor":37.0},{"not_picked":["rmod:aviationdawn","rmod:tearstotiara+1","rmod:generalist+1"],"picked":"rmod:ammunitionsupply+1","floor":38},{"not_picked":["rmod:unsinkable","rmod:luckystar+1","rmod:firesupport+1"],"picked":"rmod:heivgo","floor":39},{"not_picked":["rmod:victimresponsibility+1","rmod:intelligenceanalysis+1","rmod:ammunitionsupply+1"],"picked":"rmod:diamondstrike+1","floor":44}],"player_experience":472339,"relics_obtained":[{"floor":7.0,"key":"Pear"},{"floor":9.0,"key":"MawBank"},{"floor":13.0,"key":"Question Card"},{"floor":21.0,"key":"Ring of Panic"},{"floor":21.0,"key":"Ring of Fury"},{"floor":23.0,"key":"Replay:Kaleidoscope"},{"floor":26.0,"key":"Boot"},{"floor":27.0,"key":"Juzu Bracelet"},{"floor":29.0,"key":"Mango"},{"floor":29.0,"key":"hubris:MysteriousPyramids"},{"floor":39,"key":"Gambling Chip"},{"floor":43,"key":"Bromod:ArcaneTempo"}],"event_choices":[{"cards_removed":["rmod:strick"],"damage_healed":0.0,"max_hp_gain":0.0,"max_hp_loss":0.0,"gold_gain":0.0,"event_name":"Purifier","player_choice":"Purged","floor":4.0,"gold_loss":0.0,"damage_taken":0.0},{"damage_healed":0.0,"max_hp_gain":5.0,"max_hp_loss":0.0,"gold_gain":0.0,"event_name":"Big Fish","player_choice":"Donut","floor":12.0,"gold_loss":0.0,"damage_taken":0.0},{"damage_healed":0.0,"max_hp_gain":0.0,"max_hp_loss":0.0,"gold_gain":0.0,"event_name":"betterNote:BetterNote","player_choice":"Ignored","floor":20.0,"gold_loss":0.0,"damage_taken":0.0,"cards_obtained":["TheCursedMod:Strike_TheCursed"]},{"damage_healed":0.0,"max_hp_gain":0.0,"max_hp_loss":0.0,"gold_gain":0.0,"event_name":"Colosseum","player_choice":"Fight","floor":29.0,"gold_loss":0.0,"damage_taken":0.0},{"damage_healed":0.0,"max_hp_gain":0.0,"max_hp_loss":0.0,"gold_gain":0.0,"event_name":"Colosseum","player_choice":"Fought Nobs","floor":29.0,"gold_loss":0.0,"damage_taken":0.0},{"damage_healed":0,"gold_gain":0,"player_choice":"Fight","damage_taken":0,"max_hp_gain":0,"max_hp_loss":0,"event_name":"MindBloom","floor":39,"gold_loss":0}],"is_beta":false,"boss_relics":[{"not_picked":["expansioncontent:StudyCardRelic","Replay:Drink Me"],"picked":"Ectoplasm"},{"not_picked":["Replay:Bronze Core","Abe\u0027s Treasure"],"picked":"Ring of Chaos"}],"items_purged_floors":[],"is_endless":false,"potions_floor_spawned":[1,3,13,16,22,27,29,33,35,37,39],"killed_by":"Reptomancer","ascension_level":0}}