{"host":"i1h39d0gfh5c6uxl","time":1610296564,"event":{"mods":["AchievementEnabler","BaseMod","Colored Map","Colored Powertips","Highlight Path","Minty Spire (QoL Compilation)"],"gold_per_floor":[110,129,57,73,39,68,68,85,85,85,85,10,26,101,101,204,204,216,316,330,346,271,271,171,171,171],"floor_reached":25,"playtime":727,"items_purged":["Strike_R","Strike_R"],"score":201,"play_id":"9fd02967-b1ef-4f8f-b740-2bc26c44aecc","local_time":"20210111003604","is_ascension_mode":false,"campfire_choices":[{"data":"Uppercut","floor":7.0,"key":"SMITH"},{"data":"Armaments","floor":11.0,"key":"SMITH"},{"data":"Bash","floor":15,"key":"SMITH"},{"floor":23,"key":"REST"}],"circlet_count":0,"master_deck":["Strike_R","Strike_R","Defend_R","Defend_R","Defend_R","Defend_R","Bash+1","Shrug It Off","Carnage","Uppercut+1","Cleave","Armaments+1","Pommel Strike","Barricade"],"relics":["Burning Blood"],"acts_visited":["Exordium","TheCity"],"potions_floor_usage":[16,18,21,21],"damage_taken":[{"damage":6.0,"enemies":"Cultist","floor":1.0,"turns":3.0},{"damage":8.0,"enemies":"Jaw Worm","floor":2.0,"turns":4.0},{"damage":3.0,"enemies":"Small Slimes","floor":4.0,"turns":3.0},{"damage":18.0,"enemies":"Gremlin Nob","floor":6.0,"turns":4.0},{"damage":4.0,"enemies":"Blue Slaver","floor":8.0,"turns":3.0},{"damage":9.0,"enemies":"Red Slaver","floor":13.0,"turns":4.0},{"damage":41,"enemies":"Hexaghost","floor":16,"turns":10},{"damage":12,"enemies":"Shell Parasite","floor":18,"turns":7},{"damage":31,"enemies":"Spheric Guardian","floor":20,"turns":6},{"damage":18,"enemies":"Centurion and Healer","floor":21,"turns":8},{"damage":77,"enemies":"Book of Stabbing","floor":25,"turns":8}],"seed_played":"-9034390733004444617","potions_obtained":[{"floor":1.0,"key":"LiquidBronze"},{"floor":4.0,"key":"Ancient Potion"},{"floor":13.0,"key":"Explosive Potion"},{"floor":16,"key":"Weak Potion"},{"floor":18,"key":"Explosive Potion"}],"is_trial":false,"path_per_floor":["M","M","$","M","?","E","R","M","T","?","R","$","M","?","R","B",null,"M","?","M","M","?","R","$","E"],"character_chosen":"IRONCLAD","items_purchased":["Uppercut"],"campfire_rested":1,"item_purchase_floors":[3],"current_hp_per_floor":[88,86,86,88,88,76,76,78,78,83,83,83,80,71,71,36,93,87,87,62,50,50,77,77,0,0],"gold":171,"neow_bonus":"TEN_PERCENT_HP_BONUS","is_daily":false,"chose_seed":false,"campfire_upgraded":3,"win_rate":0.0,"timestamp":1610296564,"path_taken":["M","M","$","?","?","E","R","M","T","?","R","$","M","?","R","BOSS","M","?","?","M","?","R","$","E"],"items_purchased_type":["Card"],"build_version":"2020-12-22","purchased_purges":2,"victory":false,"max_hp_per_floor":[88,88,88,88,88,88,88,88,88,93,93,93,93,93,93,93,93,93,93,93,93,93,93,93,93,93],"card_choices":[{"not_picked":["Infernal Blade","Disarm"],"picked":"Shrug It Off","floor":1.0},{"not_picked":["Sword Boomerang","Pommel Strike"],"picked":"Carnage","floor":2.0},{"not_picked":["Twin Strike","Pommel Strike"],"picked":"Cleave","floor":4.0},{"not_picked":["Wild Strike","Iron Wave","Rupture"],"picked":"SKIP","floor":6.0},{"not_picked":["Clothesline","Sever Soul"],"picked":"Armaments","floor":8.0},{"not_picked":["Havoc","Clash"],"picked":"Pommel Strike","floor":13.0},{"not_picked":["Impervious","Exhume"],"picked":"Barricade","floor":16},{"not_picked":["Thunderclap","Anger","Headbutt"],"picked":"SKIP","floor":18},{"not_picked":["Whirlwind","Iron Wave","Anger"],"picked":"SKIP","floor":20},{"not_picked":["Rage+1","Body Slam","Exhume"],"picked":"SKIP","floor":21}],"player_experience":1341348,"relics_obtained":[],"event_choices":[{"damage_healed":0.0,"max_hp_gain":0.0,"max_hp_loss":0.0,"gold_gain":0.0,"event_name":"World of Goop","player_choice":"Left Gold","floor":5.0,"gold_loss":34.0,"damage_taken":0.0},{"damage_healed":0.0,"max_hp_gain":5.0,"max_hp_loss":0.0,"gold_gain":0.0,"event_name":"Big Fish","player_choice":"Donut","floor":10.0,"gold_loss":0.0,"damage_taken":0.0},{"damage_healed":0,"gold_gain":75,"player_choice":"Touch","damage_taken":9,"max_hp_gain":0,"max_hp_loss":0,"event_name":"FaceTrader","floor":14,"gold_loss":0},{"damage_healed":0,"gold_gain":100,"player_choice":"Pray","damage_taken":0,"max_hp_gain":0,"max_hp_loss":0,"event_name":"Golden Shrine","floor":19,"gold_loss":0},{"cards_removed":["Strike_R"],"damage_healed":0,"gold_gain":0,"player_choice":"Gave Gold","damage_taken":0,"max_hp_gain":0,"max_hp_loss":0,"event_name":"Beggar","floor":22,"gold_loss":75}],"is_beta":false,"boss_relics":[{"not_picked":["Runic Pyramid","SacredBark","Runic Cube"]}],"items_purged_floors":[12,24],"is_endless":false,"potions_floor_spawned":[1,4,13,16,18],"killed_by":"Book of Stabbing","ascension_level":0}}