{"host":"6h0diz2ap0m56grs","time":1610312909,"event":{"mods":["2.2 Compatiblity","BaseMod","Colored Map","Marisa????????","Minty Spire (QoL Compilation)","Quick Restart","Replay The Spire","Shop Mod","StSLib","The Servant 0.9.4"],"gold_per_floor":[119,132,132,149,249,275,286,312,358,385,418,418,448,474,474,576,576,591,606,606,293,293,328,356,356,381,407,438,438,467,467,467,566,566,566],"floor_reached":34,"playtime":910,"items_purged":[],"score":855,"play_id":"83246b35-7a1e-4af3-a1c7-9a24719e1d66","local_time":"20210110150829","daily_mods":["SealedDeck","Heirloom","Time Dilation","Flight"],"is_ascension_mode":true,"campfire_choices":[{"data":"Noxious Fumes","floor":12,"key":"SMITH"},{"data":"Leg Sweep","floor":15,"key":"SMITH"},{"floor":29,"key":"REST"},{"floor":32,"key":"REST"}],"circlet_count":0,"master_deck":["Underhanded Strike","Poisoned Stab","Dodge and Roll","Riddle With Holes","Draining Mist+1","Leg Sweep+1","Leg Sweep+1","Draining Mist+1","Noxious Fumes+1","Draining Mist+1","Crippling Poison+1","Flying Knee","Die Die Die","Heel Hook","Draining Mist+1","Malaise","Apotheosis","Dash","Eviscerate","CurseOfTheBell"],"relics":["Snecko Eye","Ring of Chaos","replay:Trail_Library","Bottled Flame","Replay:Bottled Eggs","Oddly Smooth Stone","Kunai","White Beast Statue","Fusion Hammer","MerchantsRug","Replay:Accelerometer","Darkstone Periapt","ReplayTheSpireMod:Lightbulb","Gremlin Horn","ReplayTheSpireMod:Shallot","Pear","Calling Bell","Omamori","HornCleat","Replay:Arrowhead"],"acts_visited":["Exordium","TheCity","TheBeyond"],"potions_floor_usage":[24,27,28,30],"damage_taken":[{"damage":0,"enemies":"Cultist","floor":1,"turns":2},{"damage":0,"enemies":"2 Louse","floor":2,"turns":2},{"damage":3,"enemies":"Small Slimes","floor":4,"turns":2},{"damage":8,"enemies":"Gremlin Nob","floor":6,"turns":4},{"damage":0,"enemies":"Looter","floor":7,"turns":2},{"damage":0,"enemies":"Replay:BlueRogue","floor":8,"turns":2},{"damage":0,"enemies":"Gremlin Nob","floor":10,"turns":2},{"damage":2,"enemies":"3 Sentries","floor":11,"turns":2},{"damage":0,"enemies":"Lagavulin","floor":13,"turns":2},{"damage":0,"enemies":"Gremlin Nob","floor":14,"turns":2},{"damage":0,"enemies":"The Guardian","floor":16,"turns":4},{"damage":0,"enemies":"2 Thieves","floor":18,"turns":2},{"damage":0,"enemies":"Chosen","floor":19,"turns":2},{"damage":9,"enemies":"Slavers","floor":23,"turns":3},{"damage":2,"enemies":"Gremlin Leader","floor":24,"turns":5},{"damage":0,"enemies":"Book of Stabbing","floor":27,"turns":4},{"damage":0,"enemies":"Gremlin Leader","floor":28,"turns":2},{"damage":0,"enemies":"Book of Stabbing","floor":30,"turns":3},{"damage":0,"enemies":"Collector","floor":33,"turns":5}],"seed_played":"4173727414170431249","potions_obtained":[{"floor":6,"key":"SmokeBomb"},{"floor":8,"key":"SteroidPotion"},{"floor":10,"key":"Dexterity Potion"},{"floor":11,"key":"Dexterity Potion"},{"floor":13,"key":"PowerPotion"},{"floor":14,"key":"Strength Potion"},{"floor":16,"key":"LiquidBronze"},{"floor":24,"key":"Dexterity Potion"},{"floor":27,"key":"Poison Potion"},{"floor":28,"key":"Poison Potion"},{"floor":30,"key":"Energy Potion"},{"floor":33,"key":"DuplicationPotion"}],"is_trial":true,"path_per_floor":["M","M","?","M","?","E","M","E","T","E","E","R","E","E","R","B",null,"M","M","?","$","?","E","E","?","T","E","E","R","E","?","R","B",null],"character_chosen":"THE_SILENT","items_purchased":["Apotheosis","MerchantsRug","Dash"],"campfire_rested":2,"item_purchase_floors":[21,21,21],"current_hp_per_floor":[70,70,70,67,67,59,59,59,59,59,57,57,57,57,57,57,70,70,70,57,57,57,48,46,46,46,46,46,68,78,78,85,85,91,91],"gold":566,"neow_bonus":"","is_daily":false,"chose_seed":false,"campfire_upgraded":2,"win_rate":0.0,"timestamp":1610312909,"path_taken":["M","M","?","?","?","E","?","E","T","E","E","R","E","E","R","BOSS","M","M","?","$","?","E","E","?","T","E","E","R","E","?","R","BOSS"],"items_purchased_type":["Card","Relic","Card"],"build_version":"2020-12-22","purchased_purges":0,"victory":false,"max_hp_per_floor":[70,70,70,70,70,70,70,70,70,70,70,70,70,70,70,70,70,70,70,75,75,75,75,75,75,75,75,75,75,85,85,85,85,91,91],"card_choices":[{"not_picked":["Blade Dance","ReplayTheSpireMod:The Works"],"picked":"Crippling Poison","floor":1},{"not_picked":["Slice","Dodge and Roll"],"picked":"Flying Knee","floor":2},{"not_picked":["Poisoned Stab","Cloak And Dagger","Underhanded Strike"],"picked":"SKIP","floor":4},{"not_picked":["ReplayTheSpireMod:The Works","Poisoned Stab"],"picked":"Die Die Die","floor":6},{"not_picked":["PiercingWail","Underhanded Strike"],"picked":"Heel Hook","floor":7},{"not_picked":["Backstab","Cloak And Dagger","All Out Attack"],"picked":"SKIP","floor":8},{"not_picked":["Fluid Movement","Outmaneuver","Acrobatics"],"picked":"SKIP","floor":10},{"not_picked":["Deadly Poison","Riddle With Holes","Quick Slash"],"picked":"SKIP","floor":11},{"not_picked":["Cloak And Dagger","PiercingWail","Quick Slash"],"picked":"SKIP","floor":13},{"not_picked":["Phantasmal Killer","Prepared","Backflip"],"picked":"SKIP","floor":14},{"not_picked":["Envenom","Die Die Die"],"picked":"Malaise","floor":16},{"not_picked":["Deadly Poison+1","Tactician","Dagger Throw+1"],"picked":"SKIP","floor":18},{"not_picked":["Deadly Poison","Deflect","Slice+1"],"picked":"SKIP","floor":19},{"not_picked":["Infinite Blades","Reflex+1","Heel Hook"],"picked":"SKIP","floor":23},{"not_picked":["Acrobatics","Prepared","Flying Knee+1"],"picked":"SKIP","floor":24},{"not_picked":["Heel Hook","Grand Finale","Dodge and Roll"],"picked":"SKIP","floor":27},{"not_picked":["Well Laid Plans","Hidden Blade+1","Acrobatics"],"picked":"SKIP","floor":28},{"not_picked":["Skewer+1","Flying Knee+1","Prepared"],"picked":"SKIP","floor":30}],"player_experience":163259,"relics_obtained":[{"floor":6,"key":"Bottled Flame"},{"floor":8,"key":"Replay:Bottled Eggs"},{"floor":9,"key":"Potion Belt"},{"floor":10,"key":"Oddly Smooth Stone"},{"floor":11,"key":"War Paint"},{"floor":13,"key":"Kunai"},{"floor":14,"key":"White Beast Statue"},{"floor":23,"key":"Replay:Accelerometer"},{"floor":24,"key":"Darkstone Periapt"},{"floor":26,"key":"ReplayTheSpireMod:Lightbulb"},{"floor":27,"key":"Gremlin Horn"},{"floor":28,"key":"ReplayTheSpireMod:Shallot"},{"floor":30,"key":"Pear"},{"floor":34,"key":"Omamori"},{"floor":34,"key":"HornCleat"},{"floor":34,"key":"Replay:Arrowhead"}],"event_choices":[{"damage_healed":0,"gold_gain":0,"player_choice":"Upgraded","damage_taken":0,"max_hp_gain":0,"max_hp_loss":0,"event_name":"Upgrade Shrine","floor":3,"gold_loss":0,"cards_upgraded":["Draining Mist"]},{"damage_healed":0,"gold_gain":100,"player_choice":"Pray","damage_taken":0,"max_hp_gain":0,"max_hp_loss":0,"event_name":"Golden Shrine","floor":5,"gold_loss":0},{"damage_healed":0,"gold_gain":0,"player_choice":"Shed Blood","damage_taken":18,"max_hp_gain":5,"max_hp_loss":0,"event_name":"Forgotten Altar","floor":20,"gold_loss":0},{"damage_healed":0,"gold_gain":0,"player_choice":"Simplicity","damage_taken":0,"max_hp_gain":0,"max_hp_loss":0,"event_name":"Back to Basics","floor":22,"gold_loss":0,"cards_upgraded":[]},{"damage_healed":0,"gold_gain":0,"player_choice":"Ignored","damage_taken":0,"max_hp_gain":0,"max_hp_loss":0,"event_name":"Vampires","floor":25,"gold_loss":0},{"damage_healed":0,"gold_gain":0,"player_choice":"Bought 0 Potions","damage_taken":0,"max_hp_gain":0,"max_hp_loss":0,"event_name":"The Woman in Blue","floor":31,"gold_loss":0}],"is_beta":false,"boss_relics":[{"not_picked":["Honey Jar","HoveringKite"],"picked":"Fusion Hammer"},{"not_picked":["Empty Cage","Painkiller Herb"],"picked":"Calling Bell"}],"items_purged_floors":[],"is_endless":false,"potions_floor_spawned":[6,8,10,11,13,14,16,18,19,23,24,27,28,30,33],"ascension_level":1}}