{"host":"yynwimtm5jr5bi3a","time":1610264677,"event":{"mods":["AchievementEnabler","Ascension Reborn","BaseMod","Better Altar","Better Match","Better Note","Better Sensory Stone","Better Skull","Better Third Choice","BetterRewards","Colored Powertips","DeckTracker","Downfall","Hermit","Infinite Spire","Minty Spire (QoL Compilation)","Permanent Neow","Poor People Problems","Quick Restart","Rare Cards Sparkle","Replay The Spire","Shop Mod","Spicy Shops","StSLib","The Cursed","The Hierophant","The Runesmith","Thieving Mod"],"gold_per_floor":[116,46,46,46,60,60,93,152,164,12,42,7,7,19,19,120,120,120,120,35,35,5,5,5,5,5,5,5,5,5,5,5,5,5,5,5,5,5,5,5,5,5,5,5,5,5,5,5,5,5,5,2,0,0,0,0,0,0,0,0,0,0,0,0,0,0,0,0,0,0,0,0,0,0,0,0,0,0,0,0,0,0,0,0,0,0,0,0,0,0,0,0,0,0,0,0,0,0,0,0,0,0],"floor_reached":101,"playtime":7683,"items_purged":["Shame"],"score":2050,"play_id":"4964d385-c640-42a2-8733-809aa191f144","local_time":"20210109234437","is_ascension_mode":true,"campfire_choices":[{"data":"Poison Darts","floor":6.0,"key":"SMITH"},{"data":"Masterful Stab","floor":13.0,"key":"SMITH"},{"floor":24.0,"key":"REST"},{"floor":27.0,"key":"REST"},{"floor":30.0,"key":"REST"},{"data":"Replay:SS_hec_2","floor":32.0,"key":"SMITH"},{"floor":42.0,"key":"REST"},{"data":"Replay:Bag of Tricks","floor":49.0,"key":"SMITH"},{"floor":61.0,"key":"REST"},{"floor":64.0,"key":"REST"},{"floor":75.0,"key":"REST"},{"floor":80.0,"key":"REST"},{"floor":83.0,"key":"REST"},{"floor":91,"key":"REST"},{"floor":95,"key":"REST"},{"floor":100,"key":"REST"}],"circlet_count":0,"master_deck":["Strike_G","Strike_G","Strike_G","Strike_G","Defend_G","Defend_G","Defend_G+1","Defend_G","Defend_G","Survivor","Neutralize+1","Poison Darts+1","Slice","Quick Slash","Malaise","Infinite Blades+1","Predator","Masterful Stab+1","Dagger Throw+1","ReplayTheSpireMod:IOU","ReplayTheSpireMod:From All Sides+1","Backstab+1","Replay:Bag of Tricks+1","Dash+1","Replay:SS_hec_2+1","Poisoned Stab+1","infinitespire:DeathsTouch+1","Flying Knee+1","Bane+1","infinitespire:FinalStrike+1","Draining Mist+1","Glass Knife+1","Dagger Spray+1","Replay:SS_hec_2+1","All Out Attack+1","Predator+1","Heel Hook+1","Sucker Punch+1","Choke+1","Bouncing Flask+1","Glass Knife+1","Outmaneuver","Blade Dance","Finisher+1","ReplayTheSpireMod:Book of Names","Noxious Fumes","Sucker Punch+1","Dash+1","Dash+1","Envenom","ReplayTheSpireMod:Speed Training+1","Underhanded Strike+1","PiercingWail+1","Flechettes+1","RitualDagger+1","Catalyst+1","Dodge and Roll+1","ReplayTheSpireMod:??????????????????????+1","ReplayTheSpireMod:From All Sides+1","Endless Agony+1","Escape Plan+1","Dagger Throw+1","Distraction+1","Underhanded Strike+1","Hidden Blade+1","Crippling Poison+1","Blur+1"],"relics":["Ring of the Snake","Replay:Wax Seal","Onion Ring","MawBank","ReplayTheSpireMod:Shallot","Molten Egg 2","Ectoplasm","Dead Branch","Vajra","infinitespire:Joker Card","HornCleat","infinitespire:Golems Mask","Sozu","infinitespire:CheckeredPen","Ninja Scroll","The Specimen","Bag of Marbles","Busted Crown","Toxic Egg 2","NlothsMask","Ring of Chaos","Blood Vial","Pantograph","Nunchaku","Blue Doll","infinitespire:EvilPickle","Runic Pyramid","Counterbalance","Girya","CaptainsWheel","Replay:Bottled Steam","Singing Bowl"],"acts_visited":["Exordium","TheCity","TheBeyond","TheCity","TheBeyond"],"potions_floor_usage":[],"damage_taken":[{"damage":0.0,"enemies":"Cultist","floor":1.0,"turns":3.0},{"damage":0.0,"enemies":"Jaw Worm","floor":5.0,"turns":4.0},{"damage":18.0,"enemies":"Lagavulin","floor":7.0,"turns":5.0},{"damage":7.0,"enemies":"Replay:BlueRogue","floor":11.0,"turns":3.0},{"damage":0.0,"enemies":"Small Slimes","floor":14.0,"turns":1.0},{"damage":40.0,"enemies":"The Guardian","floor":16.0,"turns":9.0},{"damage":0.0,"enemies":"Chosen","floor":18.0,"turns":1.0},{"damage":0.0,"enemies":"2 Thieves","floor":22.0,"turns":3.0},{"damage":10.0,"enemies":"Nightmare","floor":23.0,"turns":8.0},{"damage":0.0,"enemies":"Cultist and Chosen","floor":25.0,"turns":5.0},{"damage":0.0,"enemies":"Centurion and Healer","floor":29.0,"turns":3.0},{"damage":37.0,"enemies":"Collector","floor":33.0,"turns":4.0},{"damage":0.0,"enemies":"Orb Walker","floor":35.0,"turns":1.0},{"damage":6.0,"enemies":"3 Shapes","floor":38.0,"turns":2.0},{"damage":0.0,"enemies":"Jaw Worm Horde","floor":39.0,"turns":2.0},{"damage":20.0,"enemies":"Nightmare","floor":40.0,"turns":6.0},{"damage":0.0,"enemies":"Writhing Mass","floor":41.0,"turns":3.0},{"damage":0.0,"enemies":"Sphere and 2 Shapes","floor":44.0,"turns":2.0},{"damage":0.0,"enemies":"Giant Head","floor":45.0,"turns":4.0},{"damage":13.0,"enemies":"Awakened One","floor":50.0,"turns":9.0},{"damage":0.0,"enemies":"Jaw Worm","floor":52.0,"turns":1.0},{"damage":1.0,"enemies":"Small Slimes","floor":53.0,"turns":1.0},{"damage":2.0,"enemies":"2 Louse","floor":54.0,"turns":1.0},{"damage":2.0,"enemies":"Blue Slaver","floor":57.0,"turns":1.0},{"damage":8.0,"enemies":"Gremlin Nob","floor":58.0,"turns":1.0},{"damage":3.0,"enemies":"Exordium Wildlife","floor":62.0,"turns":1.0},{"damage":4.0,"enemies":"3 Louse","floor":63.0,"turns":1.0},{"damage":5.0,"enemies":"2 Fungi Beasts","floor":65.0,"turns":1.0},{"damage":17.0,"enemies":"The Guardian","floor":67.0,"turns":3.0},{"damage":7.0,"enemies":"3 Byrds","floor":69.0,"turns":1.0},{"damage":8.0,"enemies":"Chosen","floor":72.0,"turns":1.0},{"damage":13.0,"enemies":"3 Cultists","floor":73.0,"turns":2.0},{"damage":25.0,"enemies":"Slavers","floor":74.0,"turns":3.0},{"damage":5.0,"enemies":"Snake Plant","floor":79.0,"turns":1.0},{"damage":10.0,"enemies":"Cultist and Chosen","floor":82.0,"turns":1.0},{"damage":64.0,"enemies":"Pondfish","floor":84.0,"turns":7.0},{"damage":8.0,"enemies":"3 Darklings","floor":86.0,"turns":1.0},{"damage":7.0,"enemies":"Orb Walker","floor":87.0,"turns":1.0},{"damage":27.0,"enemies":"Mind Bloom Boss Battle","floor":88.0,"turns":4.0},{"damage":20,"enemies":"2 Orb Walkers","floor":89,"turns":3},{"damage":7,"enemies":"Sphere and 2 Shapes","floor":93,"turns":1},{"damage":8,"enemies":"Nemesis","floor":96,"turns":1},{"damage":34,"enemies":"Maw","floor":97,"turns":5},{"damage":13,"enemies":"Spire Growth","floor":98,"turns":2},{"damage":7,"enemies":"Sphere and 2 Shapes","floor":99,"turns":1},{"damage":55,"enemies":"infinitespire:MassOfShapes","floor":101,"turns":1}],"seed_played":"-570882365902933370","potions_obtained":[{"floor":8.0,"key":"BlessingOfTheForge"},{"floor":8.0,"key":"Elixir"},{"floor":14.0,"key":"DistilledChaos"},{"floor":18.0,"key":"CunningPotion"},{"floor":25.0,"key":"champ:CounterPotion"}],"is_trial":false,"path_per_floor":["M","$","?","T","M","R","E","?","T","$","E","$","R","M","R","B",null,"M","?","?","?","M","NM","R","M","T","R","AVR","M","R","$","R","B",null,"M","$","?","M","M","NM","M","R","T","M","E","?","$","T","R","B",null,"M","M","M","?","?","M","E","?","T","R","M","M","R","M","R","B",null,"M","?","?","M","M","E","R","?","T","?","M","R","?","M","R","B",null,"M","M","?","?","?","R","AVR","M","T","R","E","M","M","M","R","B"],"character_chosen":"THE_SILENT","items_purchased":["Quick Slash","Masterful Stab","ReplayTheSpireMod:From All Sides+1"],"campfire_rested":12,"item_purchase_floors":[2,10,12],"current_hp_per_floor":[70,70,70,70,70,70,52,52,52,52,45,45,45,45,66,26,70,70,70,70,24,24,14,35,35,35,56,56,56,70,70,70,33,70,70,70,70,64,64,44,44,65,65,65,65,65,65,65,65,52,70,70,69,67,60,43,41,33,33,33,53,50,46,66,61,58,41,67,60,43,43,37,26,3,23,23,23,17,14,34,34,26,46,3,67,59,54,40,22,22,42,42,37,37,57,53,21,12,7,28,0,0],"gold":0,"neow_bonus":"ONE_RANDOM_RARE_CARD","is_daily":false,"chose_seed":false,"campfire_upgraded":4,"win_rate":0.0,"timestamp":1610264677,"path_taken":["M","$","?","?","?","R","E","?","T","$","E","?","R","M","R","BOSS","M","?","?","?","M","NM","R","M","T","R","AVR","?","R","$","R","BOSS","M","$","?","M","M","NM","?","R","T","M","E","?","?","?","R","BOSS","M","M","M","?","?","M","E","?","T","R","M","M","R","?","R","BOSS","M","?","?","?","M","E","R","?","T","?","M","R","?","?","R","BOSS","M","M","?","?","?","R","AVR","M","T","R","E","?","M","M","R","BOSS"],"items_purchased_type":["Card","Card","Card"],"build_version":"2020-12-22","purchased_purges":1,"victory":false,"max_hp_per_floor":[70,70,70,70,70,70,70,70,70,70,70,70,70,70,70,70,70,70,70,70,70,70,70,70,70,70,70,70,70,70,70,70,70,70,70,70,70,70,70,70,70,70,70,70,70,70,70,70,70,70,70,70,70,70,67,67,67,67,67,67,67,67,67,67,67,67,67,67,67,67,67,67,67,67,67,67,67,67,67,67,67,67,67,67,67,67,67,67,67,67,67,67,67,67,67,69,69,71,71,71,71,71],"card_choices":[{"not_picked":["Reflex","Prepared"],"picked":"Slice","floor":1.0},{"not_picked":["Underhanded Strike","Hidden Blade"],"picked":"Malaise","floor":5.0},{"not_picked":["Sucker Punch","Dodge and Roll"],"picked":"Infinite Blades","floor":7.0},{"not_picked":["Acrobatics","PiercingWail"],"picked":"Predator","floor":8.0},{"not_picked":["Blade Dance","Blur"],"picked":"Dagger Throw+1","floor":11.0},{"not_picked":["Choke+1","Distraction"],"picked":"Backstab+1","floor":14.0},{"not_picked":["Envenom","Venomology"],"picked":"Replay:Bag of Tricks","floor":16.0},{"not_picked":["Outmaneuver","Dagger Spray+1"],"picked":"Dash+1","floor":18.0},{"not_picked":["Well Laid Plans+1","Dagger Spray+1"],"picked":"Poisoned Stab+1","floor":22.0},{"not_picked":["infinitespire:SevenWalls","ReplayTheSpireMod:Echoes of Time"],"picked":"infinitespire:DeathsTouch","floor":23.0},{"not_picked":["Expertise","Noxious Fumes"],"picked":"Flying Knee+1","floor":23.0},{"not_picked":["Footwork","Underhanded Strike+1"],"picked":"Bane+1","floor":25.0},{"not_picked":["Caltrops","Wraith Form v2"],"picked":"Draining Mist+1","floor":29.0},{"not_picked":["Unload+1","Doppelganger"],"picked":"Glass Knife+1","floor":33.0},{"not_picked":["Acrobatics+1","Predator+1"],"picked":"Dagger Spray+1","floor":35.0},{"not_picked":["Deflect+1","Reflex+1"],"picked":"All Out Attack+1","floor":38.0},{"not_picked":["Poisoned Stab+1","Dodge and Roll"],"picked":"Predator+1","floor":39.0},{"not_picked":["Dagger Throw+1","Draining Mist"],"picked":"Heel Hook+1","floor":40.0},{"not_picked":["Backflip+1","Hidden Blade"],"picked":"Sucker Punch+1","floor":41.0},{"not_picked":["Backflip+1","Distraction+1"],"picked":"Choke+1","floor":44.0},{"not_picked":["Deflect+1","Poisoned Stab+1"],"picked":"Bouncing Flask+1","floor":45.0},{"not_picked":["Night Terror","Die Die Die+1"],"picked":"Glass Knife+1","floor":50.0},{"not_picked":[],"picked":"Outmaneuver","floor":52.0},{"not_picked":[],"picked":"Blade Dance","floor":53.0},{"not_picked":[],"picked":"Finisher+1","floor":54.0},{"not_picked":["infinitespire:Oblivion","infinitespire:Execution"],"picked":"ReplayTheSpireMod:Book of Names","floor":56.0},{"not_picked":[],"picked":"Noxious Fumes","floor":57.0},{"not_picked":[],"picked":"Sucker Punch+1","floor":58.0},{"not_picked":[],"picked":"Dash+1","floor":62.0},{"not_picked":[],"picked":"Dash+1","floor":63.0},{"not_picked":["ReplayTheSpireMod:Scrap Shanks"],"picked":"SKIP","floor":65.0},{"not_picked":[],"picked":"Envenom","floor":67.0},{"not_picked":[],"picked":"ReplayTheSpireMod:Speed Training+1","floor":69.0},{"not_picked":[],"picked":"Underhanded Strike+1","floor":72.0},{"not_picked":[],"picked":"PiercingWail+1","floor":73.0},{"not_picked":[],"picked":"Flechettes+1","floor":74.0},{"not_picked":[],"picked":"Catalyst+1","floor":79.0},{"not_picked":[],"picked":"Dodge and Roll+1","floor":82.0},{"not_picked":["infinitespire:UltimateForm","infinitespire:TheBestDefense"],"picked":"ReplayTheSpireMod:??????????????????????","floor":84.0},{"not_picked":[],"picked":"ReplayTheSpireMod:From All Sides+1","floor":84.0},{"not_picked":[],"picked":"Endless Agony+1","floor":86.0},{"not_picked":[],"picked":"Escape Plan+1","floor":87.0},{"not_picked":[],"picked":"Dagger Throw+1","floor":88.0},{"not_picked":[],"picked":"Distraction+1","floor":89},{"not_picked":[],"picked":"Hidden Blade+1","floor":93},{"not_picked":["Acrobatics+1"],"picked":"Singing Bowl","floor":96},{"not_picked":[],"picked":"Crippling Poison+1","floor":97},{"not_picked":["Dagger Throw+1"],"picked":"Singing Bowl","floor":98},{"not_picked":[],"picked":"Blur+1","floor":99}],"player_experience":112595,"relics_obtained":[{"floor":4.0,"key":"Replay:Wax Seal"},{"floor":7.0,"key":"Onion Ring"},{"floor":8.0,"key":"MawBank"},{"floor":9.0,"key":"ReplayTheSpireMod:Shallot"},{"floor":11.0,"key":"Molten Egg 2"},{"floor":23.0,"key":"infinitespire:Joker Card"},{"floor":26.0,"key":"HornCleat"},{"floor":40.0,"key":"infinitespire:CheckeredPen"},{"floor":43.0,"key":"Ninja Scroll"},{"floor":45.0,"key":"The Specimen"},{"floor":48.0,"key":"Bag of Marbles"},{"floor":58.0,"key":"Toxic Egg 2"},{"floor":74.0,"key":"Pantograph"},{"floor":77.0,"key":"Blue Doll"},{"floor":88.0,"key":"Counterbalance"},{"floor":89,"key":"Girya"},{"floor":94,"key":"Replay:Bottled Steam"},{"floor":96,"key":"Singing Bowl"}],"event_choices":[{"damage_healed":0.0,"max_hp_gain":0.0,"max_hp_loss":0.0,"gold_gain":0.0,"event_name":"The Cleric","player_choice":"Leave","floor":3.0,"gold_loss":0.0,"damage_taken":0.0},{"cards_removed":["Replay:Bag of Tricks"],"damage_healed":0.0,"max_hp_gain":0.0,"max_hp_loss":0.0,"gold_gain":0.0,"event_name":"betterNote:BetterNote","player_choice":"Take \u0026 Give","floor":19.0,"gold_loss":0.0,"damage_taken":0.0,"cards_obtained":["Replay:SS_hec_2"]},{"damage_healed":0.0,"max_hp_gain":0.0,"max_hp_loss":0.0,"gold_gain":0.0,"event_name":"Addict","player_choice":"Obtained Relic","floor":20.0,"gold_loss":85.0,"damage_taken":0.0,"relics_obtained":["Dead Branch"]},{"damage_healed":0.0,"max_hp_gain":0.0,"max_hp_loss":0.0,"gold_gain":115.0,"event_name":"betterSkull:BetterSkull","player_choice":"RE UP UP GO ","floor":21.0,"gold_loss":0.0,"damage_taken":53.0,"cards_upgraded":["Neutralize","Defend_G"],"relics_obtained":["Vajra"]},{"damage_healed":0.0,"max_hp_gain":0.0,"max_hp_loss":0.0,"gold_gain":0.0,"event_name":"Duplicator","player_choice":"Copied","floor":37.0,"gold_loss":0.0,"damage_taken":0.0,"cards_obtained":["Replay:SS_hec_2"]},{"cards_removed":["Parasite"],"damage_healed":0.0,"max_hp_gain":0.0,"max_hp_loss":0.0,"gold_gain":0.0,"event_name":"Golden Wing","player_choice":"Card Removal","floor":55.0,"gold_loss":0.0,"damage_taken":7.0},{"damage_healed":0.0,"max_hp_gain":0.0,"max_hp_loss":0.0,"gold_gain":0.0,"event_name":"FaceTrader","player_choice":"Trade","floor":59.0,"gold_loss":0.0,"damage_taken":0.0,"relics_obtained":["NlothsMask"]},{"damage_healed":0.0,"max_hp_gain":0.0,"max_hp_loss":0.0,"gold_gain":0.0,"event_name":"Designer","player_choice":"Punched","floor":66.0,"gold_loss":0.0,"damage_taken":3.0},{"damage_healed":0.0,"max_hp_gain":60.0,"max_hp_loss":43.0,"gold_gain":0.0,"event_name":"betterAltar:BetterAltar","player_choice":" Vial ","floor":70.0,"potions_obtained":[],"relics_lost":[],"gold_loss":0.0,"damage_taken":17.0,"relics_obtained":["Blood Vial"]},{"damage_healed":0.0,"max_hp_gain":0.0,"max_hp_loss":0.0,"gold_gain":0.0,"event_name":"Lab","player_choice":"Got Potions","floor":71.0,"gold_loss":0.0,"damage_taken":0.0},{"damage_healed":0.0,"max_hp_gain":0.0,"max_hp_loss":0.0,"gold_gain":0.0,"event_name":"Addict","player_choice":"Stole Relic","floor":76.0,"gold_loss":0.0,"damage_taken":0.0,"relics_obtained":["Nunchaku"],"cards_obtained":["Shame"]},{"damage_healed":0.0,"max_hp_gain":0.0,"max_hp_loss":0.0,"gold_gain":0.0,"event_name":"betterThird:BetterNest","player_choice":"Dagger","floor":78.0,"gold_loss":0.0,"damage_taken":6.0,"cards_obtained":["RitualDagger"]},{"damage_healed":0.0,"max_hp_gain":0.0,"max_hp_loss":0.0,"gold_gain":0.0,"event_name":"MindBloom","player_choice":"Fight","floor":88.0,"gold_loss":0.0,"damage_taken":0.0},{"damage_healed":0,"gold_gain":0,"player_choice":"Fight","damage_taken":0,"max_hp_gain":0,"max_hp_loss":0,"event_name":"Mysterious Sphere","floor":89,"gold_loss":0},{"damage_healed":0,"gold_gain":0,"cards_transformed":["Strike_G"],"player_choice":"Transformed","damage_taken":0,"max_hp_gain":0,"max_hp_loss":0,"event_name":"Transmorgrifier","floor":90,"gold_loss":0,"cards_obtained":["Underhanded Strike"]}],"is_beta":false,"boss_relics":[{"not_picked":["ChewingGum","Runic Dome"],"picked":"Ectoplasm"},{"not_picked":["Replay:Drink Me","ReplayTheSpireMod:DimensionalGlitch"],"picked":"Sozu"},{"not_picked":["Abe\u0027s Treasure","Snecko Eye"],"picked":"Busted Crown"},{"not_picked":["Kintsugi","Snecko Scales"],"picked":"Ring of Chaos"},{"not_picked":["SlaversCollar","ReplayTheSpireMod:Onyx Gauntlets"],"picked":"Runic Pyramid"}],"items_purged_floors":[92],"is_endless":true,"potions_floor_spawned":[7,14,18,23,25,29,35,38,41,45,52,53,54,69,73,86,88,97,99],"killed_by":"infinitespire:MassOfShapes","ascension_level":0}}