{"host":"5fpb1gzflhq9886n","time":1610237699,"event":{"mods":["AchievementEnabler","BaseMod","Colored Map","Colored Powertips","Minty Spire (QoL Compilation)","Permanent Neow"],"gold_per_floor":[112,112,137,43,53,53,16,35,61,61,94,123,185,214,226,337,349,349,349,349,349,309,309,309,309,309],"floor_reached":25,"playtime":1214,"items_purged":[],"score":263,"play_id":"7c63d6e6-5f70-4c56-862b-d812e9bf1c1b","local_time":"20210109191459","is_ascension_mode":true,"campfire_choices":[{"floor":6,"key":"REST"},{"data":"Noxious Fumes","floor":10,"key":"SMITH"},{"floor":15,"key":"RECALL"}],"circlet_count":0,"master_deck":["Strike_G","Strike_G","Strike_G","Strike_G","Strike_G","Defend_G","Defend_G","Defend_G","Defend_G","Defend_G","Survivor","Neutralize","Dagger Spray","Footwork","Dagger Spray","Noxious Fumes+1","Terror","Backflip","Storm of Steel","PiercingWail","Riddle With Holes","Adrenaline","Bouncing Flask+1","Deadly Poison+1","Flying Knee","RitualDagger"],"relics":["Ring of the Snake","Unceasing Top","Juzu Bracelet","Oddly Smooth Stone","MawBank","Ectoplasm","Potion Belt","Centennial Puzzle"],"acts_visited":["Exordium","TheCity"],"potions_floor_usage":[11,11,16,23,25],"damage_taken":[{"damage":4,"enemies":"2 Louse","floor":1,"turns":4},{"damage":13,"enemies":"Jaw Worm","floor":5,"turns":4},{"damage":3,"enemies":"Cultist","floor":8,"turns":4},{"damage":13,"enemies":"3 Sentries","floor":11,"turns":6},{"damage":4,"enemies":"Looter","floor":12,"turns":3},{"damage":13,"enemies":"3 Louse","floor":14,"turns":2},{"damage":20,"enemies":"Slime Boss","floor":16,"turns":9},{"damage":27,"enemies":"Spheric Guardian","floor":18,"turns":5},{"damage":0,"enemies":"3 Byrds","floor":19,"turns":4},{"damage":24,"enemies":"Book of Stabbing","floor":23,"turns":6},{"damage":39,"enemies":"Slavers","floor":25,"turns":3}],"seed_played":"-3517594353098108034","potions_obtained":[{"floor":1,"key":"Explosive Potion"},{"floor":8,"key":"Regen Potion"},{"floor":12,"key":"Block Potion"},{"floor":22,"key":"FearPotion"},{"floor":22,"key":"AttackPotion"},{"floor":22,"key":"SneckoOil"},{"floor":23,"key":"Fire Potion"}],"is_trial":false,"path_per_floor":["M","?","T","$","M","R","$","M","T","R","E","M","T","M","R","B",null,"M","M","T","?","?","E","?","E"],"character_chosen":"THE_SILENT","items_purchased":["Footwork","Dagger Spray","Terror"],"campfire_rested":1,"item_purchase_floors":[4,4,7],"current_hp_per_floor":[66,66,66,66,53,70,70,67,67,67,64,60,60,47,47,27,70,43,43,43,66,66,42,36,0,0],"gold":309,"neow_bonus":"ONE_RARE_RELIC","is_daily":false,"chose_seed":false,"campfire_upgraded":1,"win_rate":0.0,"timestamp":1610237699,"path_taken":["M","?","?","$","M","R","?","M","T","R","E","M","?","M","R","BOSS","M","M","?","?","?","E","?","E"],"items_purchased_type":["Card","Card","Card"],"build_version":"2020-12-22","purchased_purges":0,"victory":false,"max_hp_per_floor":[70,70,70,70,70,70,70,70,70,70,70,70,70,70,70,70,70,70,70,70,70,70,70,70,70,70],"card_choices":[{"not_picked":["Deadly Poison","Concentrate"],"picked":"Dagger Spray","floor":1},{"not_picked":["Dodge and Roll","Blade Dance"],"picked":"Noxious Fumes","floor":5},{"not_picked":["Finisher","Dodge and Roll"],"picked":"Backflip","floor":8},{"not_picked":["Terror","Cloak And Dagger"],"picked":"Storm of Steel","floor":11},{"not_picked":["Backflip","Dodge and Roll"],"picked":"PiercingWail","floor":12},{"not_picked":["Eviscerate","Underhanded Strike"],"picked":"Riddle With Holes","floor":14},{"not_picked":["Burst","Unload"],"picked":"Adrenaline","floor":16},{"not_picked":["Deflect","Distraction"],"picked":"Bouncing Flask+1","floor":18},{"not_picked":["Dagger Throw","Backflip"],"picked":"Deadly Poison+1","floor":19},{"not_picked":["Predator","After Image"],"picked":"Flying Knee","floor":23}],"player_experience":670890,"relics_obtained":[{"floor":3,"key":"Juzu Bracelet"},{"floor":9,"key":"Oddly Smooth Stone"},{"floor":11,"key":"MawBank"},{"floor":20,"key":"Potion Belt"},{"floor":23,"key":"Centennial Puzzle"}],"event_choices":[{"cards_removed":["Clumsy"],"damage_healed":0,"gold_gain":0,"player_choice":"Forget","damage_taken":0,"max_hp_gain":0,"max_hp_loss":0,"event_name":"Living Wall","floor":2,"gold_loss":0},{"damage_healed":23,"gold_gain":0,"player_choice":"Heal","damage_taken":0,"max_hp_gain":0,"max_hp_loss":0,"event_name":"The Library","floor":21,"gold_loss":0},{"damage_healed":0,"gold_gain":0,"player_choice":"Bought 3 Potions","damage_taken":0,"max_hp_gain":0,"max_hp_loss":0,"event_name":"The Woman in Blue","floor":22,"gold_loss":0},{"damage_healed":0,"gold_gain":0,"player_choice":"Joined the Cult","damage_taken":6,"max_hp_gain":0,"max_hp_loss":0,"event_name":"Nest","floor":24,"gold_loss":0,"cards_obtained":["RitualDagger"]}],"is_beta":false,"boss_relics":[{"not_picked":["Black Star","Fusion Hammer"],"picked":"Ectoplasm"}],"items_purged_floors":[],"is_endless":false,"potions_floor_spawned":[1,8,12,23],"killed_by":"Slavers","ascension_level":4}}