{"host":"wvaiab5ya9pyia0u","time":1610276789,"event":{"mods":["2.2 Compatiblity","Act Like it!","Aspiration","Bard","BaseMod","Bestiary","BetterRewards","Challenge The Spire","Colored Powertips","Conspire","Custom Start","DeckTracker","Hermit","Highlight Path","Hubris","Humility","Infinite Spire","Lobotomy","Mimic Mod","Minty Spire (QoL Compilation)","Pale of the Ancients","Practice Mode","Quarter Circle Forward PUNCH!","Quick Restart","Rare Cards Sparkle","Replay The Spire","Reworked Bosses","SacredBarkPlus","Shop Mod","Spicy Shops","StSLib","The Blue Laboratory","The Construct","The Cursed","The Disciple","The Factory","The Hierophant","The Jungle","The Marked","The Mystic","The Runesmith","The Servant 0.9.4","TheBandit","Thieving Mod","Wandering Minibosses","everything is the same but u backflip on backflip","slay the spire mod where everything is the same but ironclad has a cowboy hat"],"gold_per_floor":[48,48,74,101,129,129,129,129,159,189,179,179],"floor_reached":11,"playtime":775,"items_purged":[],"score":130,"play_id":"794a852c-1d59-4bce-9d7a-9e62093e8dea","local_time":"20210110120629","daily_mods":["challengethespire:Bronze Difficulty","challengethespire:Elite Rush","Uncertain Future"],"is_ascension_mode":false,"campfire_choices":[{"data":"Enlightenment","floor":2,"key":"SMITH"},{"floor":7,"key":"REST"},{"data":"hermit:Manifest","floor":8,"key":"SMITH"}],"circlet_count":0,"master_deck":["hermit:Strike_Hermit","hermit:Strike_Hermit","hermit:Strike_Hermit","hermit:Strike_Hermit","hermit:Defend_Hermit","hermit:Defend_Hermit","hermit:Defend_Hermit","hermit:Defend_Hermit","hermit:Snapshot","hermit:Covet","Enlightenment+1","hermit:Grudge","hermit:BodyArmor","hermit:Horror","hermit:WideOpen","hermit:Manifest+1","hermit:HeroicBravado","hermit:ShadowCloak","hermit:BlackWind","bard:DeathMetal"],"relics":["hermit:Momento","Black Star","Sling","PreservedInsect","Iron Hammer","hermit:RyeStalk","aspiration:Lifesprig","qcfpunch:Red_Headband","hubris:BottledRain","conspire:GlowingRock","Blue Candle","infinitespire:Beetle Shell","Blue Doll","aspiration:BardSkillbook","qcfpunch:Wrestler\u0027s_Cloak","Lizard Tail","InkBottle","infinitespire:FocusingShard"],"acts_visited":["Exordium"],"potions_floor_usage":[],"damage_taken":[{"damage":8,"enemies":"Lagavulin","floor":3,"turns":4},{"damage":0,"enemies":"Gremlin Nob","floor":4,"turns":2},{"damage":37,"enemies":"3 Sentries","floor":5,"turns":7},{"damage":5,"enemies":"Book of Stabbing","floor":9,"turns":4},{"damage":10,"enemies":"Slavers","floor":10,"turns":5},{"damage":81,"enemies":"Gremlin Leader","floor":11,"turns":5}],"seed_played":"-1613243194081186648","potions_obtained":[{"floor":9,"key":"Reflective Coating"}],"is_trial":true,"path_per_floor":["$","R","E","E","E","T","R","R","E","E","E"],"character_chosen":"HERMIT","items_purchased":["Iron Hammer","hermit:RyeStalk","aspiration:Lifesprig","Enlightenment","hermit:Grudge","hermit:BodyArmor","hermit:Horror","hermit:WideOpen","SkillPotion"],"campfire_rested":1,"item_purchase_floors":[1,1,1,1,1,1,1,1,1],"current_hp_per_floor":[75,75,67,67,30,30,52,52,47,37,0,0],"gold":179,"neow_bonus":"","is_daily":false,"chose_seed":false,"campfire_upgraded":2,"win_rate":0.0,"timestamp":1610276789,"path_taken":["$","R","E","E","E","T","R","R","E","E","E"],"items_purchased_type":["Relic","Relic","Relic","Card","Card","Card","Card","Card","Potion"],"build_version":"2020-12-22","purchased_purges":0,"victory":false,"max_hp_per_floor":[75,75,75,75,75,75,75,75,75,75,75,75],"card_choices":[],"player_experience":236904,"relics_obtained":[{"floor":3,"key":"qcfpunch:Red_Headband"},{"floor":3,"key":"hubris:BottledRain"},{"floor":4,"key":"conspire:GlowingRock"},{"floor":4,"key":"Blue Candle"},{"floor":5,"key":"infinitespire:Beetle Shell"},{"floor":5,"key":"Blue Doll"},{"floor":9,"key":"qcfpunch:Wrestler\u0027s_Cloak"},{"floor":9,"key":"Lizard Tail"},{"floor":10,"key":"InkBottle"},{"floor":10,"key":"infinitespire:FocusingShard"}],"event_choices":[],"is_beta":false,"boss_relics":[{"not_picked":["SacredBark","hubris:HollowSoul"],"picked":"aspiration:BardSkillbook"}],"items_purged_floors":[],"is_endless":false,"potions_floor_spawned":[9],"killed_by":"Gremlin Leader","ascension_level":0}}