{"host":"qfrmffs8rw9cf08l","time":1610311117,"event":{"mods":["AchievementEnabler","BaseMod","Better Match","Better Note","Better Sensory Stone","Better Skull","Better Third Choice","BetterRewards","MarisaÅiñ∂âJÅ@ñÇóùçπÅj","Minty Spire (QoL Compilation)","Permanent Neow","Relic Filter","StSLib"],"gold_per_floor":[114,128,128,142,157,157,170,201,201,233,233,233,249,263,263,363,363,378,393,593,611,626,626,652,652,652,652,667,667,667,14,14,111,111,123,140,159,209,34,34,69,69,95,95,124,136,148,174,186,198,210,222,87,112,112],"floor_reached":56,"playtime":7409,"items_purged":["Strike_B","Defend_B"],"score":1562,"play_id":"51b27314-4dd1-4a4c-8b7f-8971a1131d9a","local_time":"20210111043837","is_ascension_mode":false,"campfire_choices":[{"data":"Zap","floor":6.0,"key":"SMITH"},{"data":"White Noise","floor":12.0,"key":"SMITH"},{"data":"Defragment","floor":15.0,"key":"SMITH"},{"data":"Rainbow","floor":23.0,"key":"SMITH"},{"data":"Hologram","floor":25.0,"key":"SMITH"},{"data":"Glacier","floor":27.0,"key":"SMITH"},{"data":"Tempest","floor":29.0,"key":"SMITH"},{"data":"Defragment","floor":32.0,"key":"SMITH"},{"data":"Defend_B","floor":40.0,"key":"PURGE"},{"floor":42.0,"key":"RECALL"},{"data":"Wraith","floor":49.0,"key":"PURGE"},{"data":"Defend_B","floor":52.0,"key":"PURGE"}],"circlet_count":0,"master_deck":["Defend_B","Zap+1","Dualcast","Sunder+1","Hologram+1","White Noise+1","Go for the Eyes","Cold Snap","Electrodynamics","Defragment+1","Rainbow+1","Conserve Battery+1","Force Field+1","Tempest+1","Glacier+1","Core Surge","Coolheaded+1","All For One+1","Core Surge+1","Defragment+1","Doom and Gloom","Aggregate+1","Ball Lightning","Coolheaded+1","Darkness+1","Stack+1","Stack+1"],"relics":["Cracked Core","Matryoshka","Chemical X","Pantograph","Frozen Eye","Shuriken","Juzu Bracelet","Incense Burner","Peace Pipe","Snecko Eye","Lantern","Oddly Smooth Stone","FrozenCore","Toxic Egg 2","Astrolabe","Sozu","Gambling Chip","Runic Capacitor","Regal Pillow","Toy Ornithopter","Centennial Puzzle","MawBank","Dead Branch"],"acts_visited":["Exordium","TheCity","TheBeyond","TheEnding"],"potions_floor_usage":[55,55],"damage_taken":[{"damage":1.0,"enemies":"Cultist","floor":1.0,"turns":4.0},{"damage":0.0,"enemies":"Small Slimes","floor":2.0,"turns":2.0},{"damage":3.0,"enemies":"Jaw Worm","floor":4.0,"turns":4.0},{"damage":7.0,"enemies":"Blue Slaver","floor":5.0,"turns":5.0},{"damage":6.0,"enemies":"Large Slime","floor":7.0,"turns":4.0},{"damage":22.0,"enemies":"Lagavulin","floor":8.0,"turns":8.0},{"damage":0.0,"enemies":"3 Sentries","floor":10.0,"turns":2.0},{"damage":2.0,"enemies":"Exordium Thugs","floor":13.0,"turns":4.0},{"damage":5.0,"enemies":"Blue Slaver","floor":14.0,"turns":4.0},{"damage":1.0,"enemies":"Hexaghost","floor":16.0,"turns":9.0},{"damage":16.0,"enemies":"2 Thieves","floor":18.0,"turns":4.0},{"damage":2.0,"enemies":"3 Byrds","floor":19.0,"turns":4.0},{"damage":6.0,"enemies":"Snake Plant","floor":21.0,"turns":4.0},{"damage":0.0,"enemies":"Snecko","floor":22.0,"turns":9.0},{"damage":18.0,"enemies":"Slavers","floor":24.0,"turns":4.0},{"damage":0.0,"enemies":"3 Cultists","floor":28.0,"turns":4.0},{"damage":27.0,"enemies":"Collector","floor":33.0,"turns":5.0},{"damage":0.0,"enemies":"3 Darklings","floor":35.0,"turns":3.0},{"damage":0.0,"enemies":"3 Shapes","floor":36.0,"turns":3.0},{"damage":0.0,"enemies":"Writhing Mass","floor":37.0,"turns":3.0},{"damage":0.0,"enemies":"Mind Bloom Boss Battle","floor":38.0,"turns":3.0},{"damage":0.0,"enemies":"Nemesis","floor":41.0,"turns":5.0},{"damage":0.0,"enemies":"Reptomancer","floor":45.0,"turns":2.0},{"damage":0.0,"enemies":"Transient","floor":48.0,"turns":5.0},{"damage":2.0,"enemies":"Awakened One","floor":50.0,"turns":11.0},{"damage":0.0,"enemies":"Shield and Spear","floor":54.0,"turns":3.0},{"damage":6,"enemies":"The Heart","floor":55,"turns":9}],"seed_played":"7949915765770686563","potions_obtained":[{"floor":1.0,"key":"SpeedPotion"},{"floor":5.0,"key":"GamblersBrew"},{"floor":7.0,"key":"Block Potion"},{"floor":8.0,"key":"Block Potion"},{"floor":13.0,"key":"ColorlessPotion"},{"floor":19.0,"key":"GamblersBrew"},{"floor":28.0,"key":"Dexterity Potion"}],"is_trial":false,"path_per_floor":["M","M","$","M","M","R","M","E","T","E","?","R","M","M","R","B",null,"M","M","?","M","M","R","E","R","T","R","M","R","?","$","R","B",null,"M","M","M","?","$","R","E","R","T","?","E","?","?","M","R","B",null,"R","$","E","B",null],"character_chosen":"DEFECT","items_purchased":["Matryoshka","Chemical X","Pantograph","Frozen Eye","Toxic Egg 2","Astrolabe","Defragment","Runic Capacitor","Coolheaded+1","Stack+1"],"campfire_rested":0,"item_purchase_floors":[0,0,0,0,31,31,31,39,39,53],"current_hp_per_floor":[74,74,74,71,64,64,58,36,36,36,36,36,34,29,29,53,75,59,57,57,51,51,51,33,33,33,33,33,33,33,33,33,31,75,75,75,75,75,75,75,75,75,75,44,44,44,44,44,44,67,75,75,75,75,70],"gold":112,"neow_bonus":"","is_daily":false,"chose_seed":false,"campfire_upgraded":8,"win_rate":0.0,"timestamp":1610311117,"path_taken":["M","M","?","M","M","R","M","E","T","E","?","R","M","M","R","BOSS","M","M","?","M","M","R","E","R","T","R","M","R","?","$","R","BOSS","M","M","M","?","$","R","E","R","T","?","E","?","?","M","R","BOSS","R","$","E","BOSS"],"items_purchased_type":["Relic","Relic","Relic","Relic","Relic","Relic","Card","Relic","Card","Card"],"build_version":"2020-12-22","purchased_purges":2,"victory":true,"max_hp_per_floor":[75,75,75,75,75,75,75,75,75,75,75,75,75,75,75,75,75,75,75,75,75,75,75,75,75,75,75,75,75,75,75,75,75,75,75,75,75,75,75,75,75,75,75,75,75,75,75,75,75,75,75,75,75,75,75],"card_choices":[{"not_picked":["Rebound","Tempest"],"picked":"Compile Driver","floor":1.0},{"not_picked":["Steam Power","Redo"],"picked":"Sunder","floor":2.0},{"not_picked":["Leap","Sweeping Beam"],"picked":"Hologram","floor":4.0},{"not_picked":["Beam Cell","Fusion"],"picked":"White Noise","floor":5.0},{"not_picked":["Doom and Gloom","Redo"],"picked":"Go for the Eyes","floor":7.0},{"not_picked":["Rebound","Chill"],"picked":"Cold Snap","floor":8.0},{"not_picked":["Rebound","BootSequence","Steam"],"picked":"SKIP","floor":10.0},{"not_picked":["Reprogram","Defragment"],"picked":"Electrodynamics","floor":13.0},{"not_picked":["Capacitor","Rebound"],"picked":"Defragment","floor":14.0},{"not_picked":["Multi-Cast","Reboot"],"picked":"Rainbow","floor":16.0},{"not_picked":["Barrage","Sweeping Beam"],"picked":"Conserve Battery+1","floor":18.0},{"not_picked":["Lockon","Compile Driver"],"picked":"Force Field+1","floor":19.0},{"not_picked":["Scrape","Double Energy"],"picked":"Tempest","floor":21.0},{"not_picked":["Conserve Battery","Sweeping Beam"],"picked":"Glacier","floor":22.0},{"not_picked":["Conserve Battery+1","Leap+1","Scrape+1"],"picked":"SKIP","floor":24.0},{"not_picked":["Redo","Leap"],"picked":"Core Surge","floor":28.0},{"not_picked":["Turbo+1","Barrage+1","Steam+1"],"picked":"SKIP","floor":35.0},{"not_picked":["Fusion+1","BootSequence+1"],"picked":"Doom and Gloom","floor":36.0},{"not_picked":["Gash+1","Coolheaded+1"],"picked":"Aggregate+1","floor":37.0},{"not_picked":["Barrage+1","Redo+1"],"picked":"Ball Lightning","floor":38.0},{"not_picked":["FTL","Reboot+1","Recycle+1"],"picked":"SKIP","floor":41.0},{"not_picked":["Leap+1","Conserve Battery+1","Go for the Eyes+1"],"picked":"SKIP","floor":45.0},{"not_picked":["Turbo+1","Barrage+1"],"picked":"Darkness+1","floor":48.0},{"not_picked":["Beam Cell+1","Compile Driver"],"picked":"Stack+1","floor":54.0}],"player_experience":215765,"relics_obtained":[{"floor":8.0,"key":"Shuriken"},{"floor":9.0,"key":"Juzu Bracelet"},{"floor":9.0,"key":"Incense Burner"},{"floor":10.0,"key":"Peace Pipe"},{"floor":24.0,"key":"Lantern"},{"floor":26.0,"key":"Oddly Smooth Stone"},{"floor":26.0,"key":"FrozenCore"},{"floor":38.0,"key":"Gambling Chip"},{"floor":41.0,"key":"Regal Pillow"},{"floor":45.0,"key":"MawBank"},{"floor":54.0,"key":"Dead Branch"}],"event_choices":[{"damage_healed":0.0,"max_hp_gain":0.0,"max_hp_loss":0.0,"gold_gain":0.0,"event_name":"betterThird:BetterScrap","player_choice":"LEAVE","floor":11.0,"gold_loss":0.0,"damage_taken":0.0,"cards_obtained":["Study"]},{"damage_healed":0.0,"max_hp_gain":0.0,"max_hp_loss":0.0,"gold_gain":250.0,"event_name":"The Joust","player_choice":"Bet on Owner","floor":20.0,"gold_loss":50.0,"damage_taken":0.0},{"damage_healed":0.0,"max_hp_gain":0.0,"max_hp_loss":0.0,"gold_gain":0.0,"event_name":"Accursed Blacksmith","player_choice":"Forge","floor":30.0,"gold_loss":0.0,"damage_taken":0.0,"cards_upgraded":["Sunder"]},{"damage_healed":0.0,"max_hp_gain":0.0,"max_hp_loss":0.0,"gold_gain":0.0,"event_name":"MindBloom","player_choice":"Fight","floor":38.0,"gold_loss":0.0,"damage_taken":0.0},{"damage_healed":0.0,"max_hp_gain":0.0,"max_hp_loss":0.0,"gold_gain":0.0,"event_name":"betterSkull:BetterSkull","player_choice":"RE RE ","floor":44.0,"gold_loss":0.0,"damage_taken":35.0,"cards_upgraded":[],"relics_obtained":["Toy Ornithopter","Centennial Puzzle"]},{"damage_healed":0.0,"max_hp_gain":0.0,"max_hp_loss":0.0,"gold_gain":0.0,"event_name":"OrinTheCat","player_choice":"Ignored","floor":46.0,"gold_loss":0.0,"damage_taken":0.0},{"cards_removed":["Compile Driver"],"damage_healed":0.0,"max_hp_gain":0.0,"max_hp_loss":0.0,"gold_gain":0.0,"event_name":"Falling","player_choice":"Removed Attack","floor":47.0,"gold_loss":0.0,"damage_taken":0.0}],"is_beta":false,"boss_relics":[{"not_picked":["Pandora\u0027s Box","Fusion Hammer"],"picked":"Snecko Eye"},{"not_picked":["Runic Dome","Black Star"],"picked":"Sozu"}],"items_purged_floors":[31,53],"is_endless":false,"potions_floor_spawned":[1,5,7,8,13,19,21,28,35,38,41,48,54],"ascension_level":0}}