{"host":"l60rmjjsfi0fipmi","time":1610245559,"event":{"mods":["BaseMod","Colored Map","DeckTracker","Highlight Path","Minty Spire (QoL Compilation)"],"gold_per_floor":[113,113,113,131,131,131,175,199,199,199,225,246,246,269,269,398,398,392,190,209,209,228,228,228,228],"floor_reached":24,"playtime":1384,"items_purged":["Strike_G"],"score":216,"play_id":"d9f64626-656c-4e71-aa28-119a4a5ab6ca","local_time":"20210109212559","is_ascension_mode":true,"campfire_choices":[{"data":"Infinite Blades","floor":6,"key":"SMITH"},{"floor":10,"key":"REST"},{"data":"Distraction","floor":13,"key":"SMITH"},{"data":"Survivor","floor":15,"key":"SMITH"},{"floor":23,"key":"REST"}],"circlet_count":0,"master_deck":["Strike_G","Strike_G","Strike_G","Strike_G","Defend_G","Defend_G","Defend_G","Defend_G","Defend_G","Survivor+1","Neutralize","Distraction+1","Infinite Blades+1","Die Die Die","Slice","Deadly Poison","Finisher","Night Terror","Setup+1","Calculated Gamble","Poisoned Stab","Bouncing Flask"],"relics":["Ring of the Snake","Tiny Chest","Golden Idol","Meat on the Bone","Potion Belt","Snake Skull","Runic Pyramid"],"acts_visited":["Exordium","TheCity"],"potions_floor_usage":[16,20,22,22,22],"damage_taken":[{"damage":2,"enemies":"2 Louse","floor":1,"turns":3},{"damage":0,"enemies":"Small Slimes","floor":4,"turns":3},{"damage":44,"enemies":"Gremlin Nob","floor":7,"turns":6},{"damage":4,"enemies":"Jaw Worm","floor":8,"turns":4},{"damage":1,"enemies":"Exordium Wildlife","floor":12,"turns":4},{"damage":1,"enemies":"Blue Slaver","floor":14,"turns":4},{"damage":42,"enemies":"Hexaghost","floor":16,"turns":10},{"damage":22,"enemies":"2 Thieves","floor":18,"turns":4},{"damage":7,"enemies":"Spheric Guardian","floor":20,"turns":4},{"damage":31,"enemies":"3 Cultists","floor":22,"turns":5},{"damage":41,"enemies":"Book of Stabbing","floor":24,"turns":5}],"seed_played":"-6132462166107165831","potions_obtained":[{"floor":1,"key":"Ancient Potion"},{"floor":8,"key":"Strength Potion"},{"floor":12,"key":"EssenceOfSteel"},{"floor":16,"key":"EssenceOfSteel"},{"floor":20,"key":"Poison Potion"}],"is_trial":false,"path_per_floor":["M","?","?","M","?","R","E","M","T","R","T","M","R","M","R","B",null,"M","$","M","?","M","R","E"],"character_chosen":"THE_SILENT","items_purchased":["Calculated Gamble","Block Potion"],"campfire_rested":2,"item_purchase_floors":[19,19],"current_hp_per_floor":[68,68,73,73,69,69,25,33,33,53,53,52,52,51,51,21,69,47,47,40,40,21,41,0,0],"gold":228,"neow_bonus":"RANDOM_COMMON_RELIC","is_daily":false,"chose_seed":false,"campfire_upgraded":3,"win_rate":0.0,"timestamp":1610245559,"path_taken":["M","?","?","M","?","R","E","M","T","R","?","M","R","M","R","BOSS","M","$","M","?","M","R","E"],"items_purchased_type":["Card","Potion"],"build_version":"2020-12-22","purchased_purges":1,"victory":false,"max_hp_per_floor":[70,70,75,75,69,69,69,69,69,69,69,69,69,69,69,69,69,69,69,69,69,69,69,69,69],"card_choices":[{"not_picked":["Dagger Throw","Flying Knee"],"picked":"Distraction","floor":1},{"not_picked":["Slice","Expertise"],"picked":"Infinite Blades","floor":4},{"not_picked":["All Out Attack","Reflex"],"picked":"Die Die Die","floor":7},{"not_picked":["Dagger Throw","Deflect"],"picked":"Slice","floor":8},{"not_picked":["Masterful Stab","Crippling Poison"],"picked":"Deadly Poison","floor":12},{"not_picked":["Sucker Punch","Outmaneuver"],"picked":"Finisher","floor":14},{"not_picked":["Grand Finale","Unload"],"picked":"Night Terror","floor":16},{"not_picked":["Prepared+1","Flechettes"],"picked":"Setup+1","floor":18},{"not_picked":["Dagger Throw","Sucker Punch"],"picked":"Poisoned Stab","floor":20},{"not_picked":["Slice","Dagger Throw+1","Infinite Blades"],"picked":"SKIP","floor":22}],"player_experience":316123,"relics_obtained":[{"floor":7,"key":"Meat on the Bone"},{"floor":9,"key":"Potion Belt"},{"floor":11,"key":"Snake Skull"}],"event_choices":[{"damage_healed":0,"gold_gain":0,"player_choice":"Leave","damage_taken":0,"max_hp_gain":0,"max_hp_loss":0,"event_name":"The Cleric","floor":2,"gold_loss":0},{"damage_healed":0,"gold_gain":0,"player_choice":"Donut","damage_taken":0,"max_hp_gain":5,"max_hp_loss":0,"event_name":"Big Fish","floor":3,"gold_loss":0},{"damage_healed":0,"gold_gain":0,"player_choice":"Lose Max HP","damage_taken":0,"relics_obtained":["Golden Idol"],"max_hp_gain":0,"max_hp_loss":6,"event_name":"Golden Idol","floor":5,"gold_loss":0},{"damage_healed":0,"gold_gain":0,"player_choice":"Read","damage_taken":0,"max_hp_gain":0,"max_hp_loss":0,"event_name":"The Library","floor":21,"gold_loss":0,"cards_obtained":["Bouncing Flask"]}],"is_beta":false,"boss_relics":[{"not_picked":["Sozu","Ring of the Serpent"],"picked":"Runic Pyramid"}],"items_purged_floors":[19],"is_endless":false,"potions_floor_spawned":[1,8,12,16,20],"killed_by":"Book of Stabbing","ascension_level":2}}