{"host":"6jrnojxwearbrjzo","time":1610286083,"event":{"mods":["BaseMod","Conspire","Highlight Path","Marisa（F雨　魔理沙）","Minty Spire (QoL Compilation)","Quick Restart","Replay The Spire","Shop Mod","Spicy Shops","StSLib","The Construct","The Cursed","The Servant 0.9.4","[功能]功能增强和修复MOD","vexMod"],"gold_per_floor":[111,166,119,119,30,30,56,56,56,56,131,156,77,101,101,197,197,214,143,83,83,83,83,60,60,86,86,86,70,99,126,126,231,231,245,545,521,462,462,462,462,477,501,501,501,501,519,519,519,519,519],"floor_reached":50,"playtime":2740,"items_purged":["Defend_MRS","Defend_MRS","Strike_MRS","Defend_MRS","Strike_MRS","EarthLightRay","Strike_MRS","Strike_MRS","Defend_MRS","CasketOfStar","StarBarrage+1"],"score":505,"play_id":"2bc3da40-e06a-46d0-bc06-9a20dc65a15c","local_time":"20210110214122","is_ascension_mode":false,"campfire_choices":[{"data":"UpSweep","floor":6,"key":"SMITH"},{"data":"DC","floor":8,"key":"SMITH"},{"data":"StarBarrage","floor":10,"key":"SMITH"},{"data":"MasterSpark","floor":15,"key":"SMITH"},{"data":"EarthLightRay","floor":23,"key":"SMITH"},{"data":"StarBarrage","floor":25,"key":"SMITH"},{"data":"Acceleration","floor":28,"key":"SMITH"},{"floor":32,"key":"REST"},{"data":"Enlightenment","floor":40,"key":"SMITH"},{"data":"StarDustReverie","floor":44,"key":"SMITH"},{"data":"ManaConvection","floor":49,"key":"SMITH"}],"circlet_count":0,"master_deck":["UpSweep+1","DC+1","EarthLightRay+1","Master of Strategy","IllusionStar","Acceleration+1","Deep Breath","DarkMatter+1","Panache","UltimateShortwave","StarBarrage+1","ManaConvection+1","SporeBomb","ChargeUpSpray","RefractionSpark+1","Enlightenment+1"],"relics":["MiniHakkero","Red Mask","conspire:SpecialSausage","Bag of Marbles","Membership Card"],"acts_visited":["Exordium","TheCity","TheBeyond"],"potions_floor_usage":[7,7,33,42,47,50,50],"damage_taken":[{"damage":0,"enemies":"conspire:RoseBush","floor":1,"turns":3},{"damage":5,"enemies":"Gremlin Nob","floor":7,"turns":3},{"damage":11,"enemies":"Replay:BlueRogue","floor":12,"turns":3},{"damage":0,"enemies":"Fading Forest","floor":16,"turns":11},{"damage":6,"enemies":"Spheric Guardian","floor":18,"turns":3},{"damage":0,"enemies":"Masked Bandits","floor":30,"turns":2},{"damage":52,"enemies":"Champ","floor":33,"turns":7},{"damage":11,"enemies":"Orb Walker","floor":35,"turns":4},{"damage":5,"enemies":"3 Darklings","floor":42,"turns":3},{"damage":29,"enemies":"Maw","floor":47,"turns":6},{"damage":74,"enemies":"Awakened One","floor":50,"turns":3}],"seed_played":"-4975357952703994776","potions_obtained":[{"floor":1,"key":"Strength Potion"},{"floor":1,"key":"Languid Potion"},{"floor":2,"key":"BottledSpark"},{"floor":12,"key":"Block Potion"},{"floor":30,"key":"PowerPotion"},{"floor":33,"key":"SkillPotion"},{"floor":42,"key":"Fruit Juice"}],"is_trial":false,"path_per_floor":["M","?","$","?","$","R","E","R","T","R","?","E","$","T","R","B",null,"M","$","?","?","?","R","$","R","T","?","R","$","?","T","R","B",null,"M","?","$","$","?","R","?","M","T","R","T","$","M","?","R","B"],"character_chosen":"MARISA","items_purchased":["EarthLightRay","Master of Strategy","IllusionStar","Acceleration","EnergyFlow","Deep Breath","DuplicationPotion","Panache","UltimateShortwave","StarBarrage","ChargeUpSpray","Enlightenment","Bag of Marbles","Membership Card"],"campfire_rested":1,"item_purchase_floors":[3,5,5,5,5,13,13,19,19,24,29,37,38,38],"current_hp_per_floor":[75,57,57,57,57,57,56,56,56,56,45,38,38,38,38,52,75,69,69,69,69,69,69,69,69,69,69,69,69,75,75,75,23,75,64,64,64,64,64,64,64,70,70,70,70,70,47,47,47,0,0],"gold":519,"neow_bonus":"ONE_RANDOM_RARE_CARD","is_daily":false,"chose_seed":false,"campfire_upgraded":10,"win_rate":0.0,"timestamp":1610286082,"path_taken":["M","?","$","?","?","R","E","R","T","R","?","E","$","?","R","BOSS","M","$","?","?","?","R","$","R","T","?","R","$","?","?","R","BOSS","M","?","?","$","?","R","?","?","T","R","?","?","?","?","R","BOSS"],"items_purchased_type":["Card","Card","Card","Card","Card","Card","Potion","Card","Card","Card","Card","Card","Relic","Relic"],"build_version":"2020-12-22","purchased_purges":11,"victory":false,"max_hp_per_floor":[75,75,75,75,75,75,75,75,75,75,75,75,75,75,75,75,75,75,75,75,75,75,75,75,75,75,75,75,75,75,75,75,75,75,75,75,75,75,75,75,75,80,80,80,80,80,80,80,80,80,80],"card_choices":[{"not_picked":["GrandCross","MilkyWay"],"picked":"StarBarrage","floor":1},{"not_picked":["ChargingUp","DoubleSpark"],"picked":"DC","floor":2},{"not_picked":["Acceleration","ShootTheMoon","DragonMeteor"],"picked":"SKIP","floor":7},{"not_picked":["ShootingEcho","AlicesGift"],"picked":"OortCloud","floor":12},{"not_picked":["DoubleSpark","AsteroidBelt+1"],"picked":"DarkMatter+1","floor":18},{"not_picked":["FinalSpark","UltimateShortwave"],"picked":"StarDustReverie","floor":33},{"not_picked":["PowerUp","MysteriousBeam"],"picked":"RefractionSpark+1","floor":35},{"not_picked":["GravityBeat","MagicChant","StarlightTyphoon+1"],"picked":"SKIP","floor":42},{"not_picked":["ShootingEcho","NonDirectionalLaser+1","AlicesGift"],"picked":"SKIP","floor":47}],"player_experience":58352,"relics_obtained":[{"floor":30,"key":"Red Mask"}],"event_choices":[{"damage_healed":0,"gold_gain":0,"player_choice":"Fled","damage_taken":0,"max_hp_gain":0,"max_hp_loss":0,"event_name":"Scrap Ooze","floor":4,"gold_loss":0},{"damage_healed":0,"gold_gain":75,"player_choice":"Gather Gold","damage_taken":11,"max_hp_gain":0,"max_hp_loss":0,"event_name":"World of Goop","floor":11,"gold_loss":0},{"damage_healed":0,"gold_gain":0,"player_choice":"Ignored","damage_taken":0,"max_hp_gain":0,"max_hp_loss":0,"event_name":"The Mausoleum","floor":22,"gold_loss":0},{"damage_healed":0,"gold_gain":0,"cards_transformed":["MasterSpark","EnergyFlow"],"player_choice":"Became Test Subject","damage_taken":0,"max_hp_gain":0,"max_hp_loss":0,"event_name":"Drug Dealer","floor":27,"gold_loss":0,"cards_obtained":["ManaConvection","SporeBomb"]},{"damage_healed":0,"gold_gain":0,"player_choice":"Fought Bandits","damage_taken":0,"max_hp_gain":0,"max_hp_loss":0,"event_name":"Masked Bandits","floor":30,"gold_loss":0},{"damage_healed":0,"gold_gain":300,"player_choice":"Gold","damage_taken":0,"max_hp_gain":0,"max_hp_loss":0,"event_name":"Wheel of Change","floor":36,"gold_loss":0},{"damage_healed":0,"gold_gain":0,"player_choice":"Memory 1","damage_taken":0,"max_hp_gain":0,"max_hp_loss":0,"event_name":"SensoryStone","floor":39,"gold_loss":0},{"cards_removed":["OortCloud"],"damage_healed":0,"gold_gain":0,"player_choice":"Purged","damage_taken":0,"max_hp_gain":0,"max_hp_loss":0,"event_name":"Purifier","floor":41,"gold_loss":0},{"cards_removed":["StarDustReverie"],"damage_healed":0,"gold_gain":0,"player_choice":"Removed Skill","damage_taken":0,"max_hp_gain":0,"max_hp_loss":0,"event_name":"Falling","floor":48,"gold_loss":0}],"is_beta":false,"boss_relics":[{"not_picked":["vexMod:DeviousBotling","Calling Bell","Philosopher\u0027s Stone"]},{"not_picked":["conspire:RunicOctahedron","Astrolabe"],"picked":"conspire:SpecialSausage"}],"items_purged_floors":[3,3,3,3,3,3,3,13,13,19,37],"is_endless":false,"potions_floor_spawned":[1,1,7,7,12,16,30,33,35,42,47,47],"killed_by":"Awakened One","ascension_level":0}}