{"host":"dfyfjscm69glluav","time":1610251215,"event":{"mods":["BaseMod","Marisa£¨Ùöéë¡¡Øª×âÞÞ£©","Minty Spire (QoL Compilation)","Replay The Spire","StSLib","The Cursed","The Hierophant","The Runesmith"],"gold_per_floor":[112,112,64,77,88,88,108,108,108,143,162,188,244,244,244,244,244],"floor_reached":16,"playtime":626,"items_purged":[],"score":121,"play_id":"26ac3266-a7ba-4378-89d5-fe9cc0b75dfe","local_time":"20210110130015","is_ascension_mode":true,"campfire_choices":[{"data":"Juggernaut","floor":6,"key":"SMITH"},{"data":"Armaments","floor":8,"key":"SMITH"},{"floor":15,"key":"REST"}],"circlet_count":0,"master_deck":["Strike_R","Strike_R","Strike_R","Strike_R","Defend_R","Defend_R","Defend_R","Bash","Dropkick","Armaments+1","Juggernaut+1","ReplayTheSpireMod:Corrosion Curse","Shrug It Off","Inflame+1","Shrug It Off"],"relics":["Burning Blood","Singing Bowl","Frozen Egg 2","Pen Nib","Molten Egg 2","ReplayTheSpireMod:Shallot"],"acts_visited":["Exordium"],"potions_floor_usage":[12,16,16,16],"damage_taken":[{"damage":0,"enemies":"Small Slimes","floor":1,"turns":3},{"damage":6,"enemies":"Cultist","floor":4,"turns":3},{"damage":18,"enemies":"Jaw Worm","floor":5,"turns":4},{"damage":6,"enemies":"Exordium Wildlife","floor":7,"turns":6},{"damage":19,"enemies":"Lagavulin","floor":10,"turns":7},{"damage":10,"enemies":"Large Slime","floor":11,"turns":7},{"damage":19,"enemies":"Gremlin Nob","floor":12,"turns":4},{"damage":19,"enemies":"Gremlin Nob","floor":13,"turns":4},{"damage":48,"enemies":"Slime Boss","floor":16,"turns":8}],"seed_played":"6949669436488428506","potions_obtained":[{"floor":1,"key":"Weak Potion"},{"floor":10,"key":"ElixirPotion"},{"floor":12,"key":"Elixir"},{"floor":13,"key":"SneckoOil"}],"is_trial":false,"path_per_floor":["M","?","$","M","M","R","M","R","T","E","M","E","?","?","R","B"],"character_chosen":"IRONCLAD","items_purchased":["Armaments"],"campfire_rested":1,"item_purchase_floors":[3],"current_hp_per_floor":[80,80,80,80,68,68,68,68,68,55,53,40,29,17,42,0,0],"gold":244,"neow_bonus":"RANDOM_EVENT","is_daily":false,"chose_seed":false,"campfire_upgraded":2,"win_rate":0.0,"timestamp":1610251215,"path_taken":["M","?","?","?","M","R","M","R","T","E","M","E","?","?","R","BOSS"],"items_purchased_type":["Card"],"build_version":"2020-12-22","purchased_purges":0,"victory":false,"max_hp_per_floor":[80,80,80,80,80,80,80,80,80,80,82,82,84,84,84,84,84],"card_choices":[{"not_picked":["ReplayTheSpireMod:Strike From Hell","Perfected Strike"],"picked":"Dropkick","floor":1},{"not_picked":["Clothesline","Thunderclap"],"picked":"Juggernaut","floor":4},{"not_picked":["Sword Boomerang","Perfected Strike"],"picked":"ReplayTheSpireMod:Corrosion Curse","floor":5},{"not_picked":["Life Link","Havoc"],"picked":"Shrug It Off","floor":7},{"not_picked":["Replay:Undeath\u0027s Touch","ReplayTheSpireMod:LeadingStrike"],"picked":"Inflame+1","floor":10},{"not_picked":["Havoc","Flex","Pommel Strike"],"picked":"Singing Bowl","floor":11},{"not_picked":["Warcry","Power Through"],"picked":"Shrug It Off","floor":12},{"not_picked":["Anger+1","Dual Wield","Dropkick+1"],"picked":"Singing Bowl","floor":13}],"player_experience":149741,"relics_obtained":[{"floor":9,"key":"Singing Bowl"},{"floor":10,"key":"Frozen Egg 2"},{"floor":12,"key":"Pen Nib"},{"floor":13,"key":"Molten Egg 2"}],"event_choices":[{"cards_removed":["Strike_R"],"damage_healed":0,"gold_gain":0,"player_choice":"Offered Basic","damage_taken":0,"max_hp_gain":0,"max_hp_loss":0,"event_name":"Bonfire Elementals","floor":2,"gold_loss":0},{"damage_healed":0,"gold_gain":0,"player_choice":"Searched \u00271\u0027 times","damage_taken":0,"max_hp_gain":0,"max_hp_loss":0,"event_name":"Dead Adventurer","floor":13,"gold_loss":0},{"damage_healed":0,"gold_gain":0,"player_choice":"Success","damage_taken":12,"relics_obtained":["ReplayTheSpireMod:Shallot"],"max_hp_gain":0,"max_hp_loss":0,"event_name":"Scrap Ooze","floor":14,"gold_loss":0}],"is_beta":false,"boss_relics":[],"items_purged_floors":[],"is_endless":false,"potions_floor_spawned":[1,10,12,13],"killed_by":"Slime Boss","ascension_level":2}}