{"host":"1p0ug38l8q9et435","time":1610255099,"event":{"mods":["AchievementEnabler","BaseMod","Colored Powertips","Downfall","Hermit","Minty Spire (QoL Compilation)","Spicy Shops","StSLib","UnlockEverythingMod"],"gold_per_floor":[144,8,44,123,168,243,243,294,294,383,383,484,484,48,48,344,344,395,395,14,53,53,128,128,221,221,323,323,359,21,78,78,387,387,423,34,70,2,32,32,116,116,141,253,298,298,298,346,346,661,811,841,883,925,925,1100,1211,1266,1232,1232,1320,1362,1421,1486,1486,1486,1818,1818,1860,512,567,25,102,102,102,102,206,206,291,324,4,92,92,417,417,463,522,6,58,58,58,107,107,198,0,0,0,39,39,39,39,39],"floor_reached":101,"playtime":3290,"items_purged":["Decay"],"score":2636,"play_id":"a0b8b14e-1a97-4a1b-aa4e-da368fbf49da","local_time":"20210109210459","daily_mods":["Draft","Allstar","Colorless Cards","Heirloom","Time Dilation","Midas"],"is_ascension_mode":false,"campfire_choices":[{"floor":7,"key":"REST"},{"floor":13,"key":"REST"},{"floor":15,"key":"REST"},{"floor":24,"key":"REST"},{"floor":28,"key":"REST"},{"floor":32,"key":"REST"},{"floor":40,"key":"REST"},{"floor":47,"key":"REST"},{"floor":49,"key":"REST"},{"data":"Pain","floor":66,"key":"PURGE"},{"data":"Doubt","floor":74,"key":"PURGE"},{"data":"hermit:Scavenge+1","floor":76,"key":"PURGE"},{"floor":83,"key":"REST"},{"data":"Regret","floor":91,"key":"PURGE"},{"floor":100,"key":"REST"}],"circlet_count":0,"master_deck":["hermit:Glare+1","hermit:Quickdraw+1","hermit:Headshot+1","hermit:Dive+1","hermit:Glare+1","hermit:Snipe+1","hermit:Headshot+1","hermit:Headshot+1","hermit:Glare+1","expansioncontent:BronzeBeam+1","Swift Strike+1","Flash of Steel+1","hermit:ItchyTrigger+1","Flash of Steel+1","Panache+1","hermit:Glare+1","Violence+1","hermit:Headshot+1","hermit:BigShot+1","Dramatic Entrance+1","hermit:Headshot+1","hermit:Quickdraw+1","hermit:TakeAim+1","hermit:Vantage+1","Swift Strike+1","hermit:ItchyTrigger+1","hermit:Deadeye+1","hermit:Headshot+1","Violence+1","expansioncontent:DefensiveStance+1","hermit:Quickdraw","hermit:Quickdraw","hermit:WideOpen","expansioncontent:DonusPower+1","hermit:CalledShot","expansioncontent:DonusPower+1","hermit:WideOpen","champ:StanceDance+1","J.A.X.+1","expansioncontent:Collect+1","Stack+1","Skim+1","sneckomod:UnknownClassPURPLE+1"],"relics":["hermit:ClaspedLocket","CaptainsWheel","champ:DuelingGlove","Akabeko","Dead Branch","Pear","Pantograph","Bag of Preparation","Toolbox","Bottled Flame","sneckomod:SneckoTalon","Mummified Hand","Bag of Marbles","Sundial","White Beast Statue","Regal Pillow","Toxic Egg 2","Matryoshka","Lantern","MealTicket","Singing Bowl","Frozen Egg 2","TungstenRod","Peace Pipe","Mark of the Bloom","Centennial Puzzle","Oddly Smooth Stone","Ancient Tea Set","Tiny House","Golden Idol","Vajra","Question Card","Odd Mushroom","hermit:DentedPlate","Guardian:GemstoneGun","HandDrill","Meat on the Bone","PrismaticShard","Bottled Tornado","Blue Candle","hermit:Spyglass","PreservedInsect","champ:Barbells","Bottled Lightning","Strawberry","Busted Crown","Kunai","hexamod:BolsterEngine","Torii","Red Mask"],"acts_visited":["Exordium","TheCity","TheBeyond","Exordium","TheCity","TheBeyond"],"potions_floor_usage":[16,16,18,33,33,41,50,53,62],"damage_taken":[{"damage":0,"enemies":"Jaw Worm","floor":1,"turns":1},{"damage":4,"enemies":"2 Louse","floor":3,"turns":2},{"damage":0,"enemies":"Small Slimes","floor":5,"turns":1},{"damage":0,"enemies":"Looter","floor":8,"turns":1},{"damage":1,"enemies":"Lagavulin","floor":10,"turns":4},{"damage":5,"enemies":"3 Sentries","floor":12,"turns":4},{"damage":4,"enemies":"Slime Boss","floor":16,"turns":5},{"damage":0,"enemies":"Chosen","floor":18,"turns":1},{"damage":0,"enemies":"3 Byrds","floor":21,"turns":2},{"damage":5,"enemies":"Slavers","floor":23,"turns":2},{"damage":0,"enemies":"Book of Stabbing","floor":25,"turns":1},{"damage":0,"enemies":"Gremlin Leader","floor":27,"turns":2},{"damage":0,"enemies":"Snake Plant","floor":29,"turns":1},{"damage":0,"enemies":"Sentry and Sphere","floor":31,"turns":1},{"damage":19,"enemies":"Collector","floor":33,"turns":3},{"damage":0,"enemies":"Orb Walker","floor":35,"turns":1},{"damage":0,"enemies":"3 Darklings","floor":37,"turns":1},{"damage":0,"enemies":"Jaw Worm Horde","floor":39,"turns":1},{"damage":0,"enemies":"Giant Head","floor":41,"turns":7},{"damage":14,"enemies":"Nemesis","floor":44,"turns":3},{"damage":0,"enemies":"4 Shapes","floor":45,"turns":1},{"damage":0,"enemies":"Sphere and 2 Shapes","floor":48,"turns":1},{"damage":0,"enemies":"Donu and Deca","floor":50,"turns":4},{"damage":0,"enemies":"Small Slimes","floor":52,"turns":1},{"damage":0,"enemies":"Cultist","floor":53,"turns":1},{"damage":0,"enemies":"2 Louse","floor":54,"turns":1},{"damage":0,"enemies":"Gremlin Nob","floor":57,"turns":1},{"damage":0,"enemies":"Exordium Wildlife","floor":58,"turns":1},{"damage":0,"enemies":"3 Sentries","floor":61,"turns":2},{"damage":0,"enemies":"Large Slime","floor":62,"turns":1},{"damage":0,"enemies":"2 Fungi Beasts","floor":63,"turns":1},{"damage":0,"enemies":"The Mushroom Lair","floor":64,"turns":1},{"damage":2,"enemies":"The Guardian","floor":67,"turns":2},{"damage":0,"enemies":"Spheric Guardian","floor":69,"turns":2},{"damage":0,"enemies":"Shell Parasite","floor":71,"turns":1},{"damage":0,"enemies":"Cultist and Chosen","floor":73,"turns":2},{"damage":0,"enemies":"Slavers","floor":77,"turns":1},{"damage":0,"enemies":"Book of Stabbing","floor":79,"turns":1},{"damage":0,"enemies":"Centurion and Healer","floor":80,"turns":2},{"damage":0,"enemies":"Gremlin Leader","floor":82,"turns":2},{"damage":2,"enemies":"Collector","floor":84,"turns":1},{"damage":4,"enemies":"3 Shapes","floor":86,"turns":1},{"damage":0,"enemies":"3 Darklings","floor":87,"turns":2},{"damage":0,"enemies":"Writhing Mass","floor":89,"turns":1},{"damage":8,"enemies":"4 Shapes","floor":92,"turns":2},{"damage":0,"enemies":"Giant Head","floor":94,"turns":4},{"damage":13,"enemies":"Maw","floor":98,"turns":4},{"damage":117,"enemies":"Time Eater","floor":101,"turns":5}],"seed_played":"7826837111476427415","potions_obtained":[{"floor":3,"key":"Explosive Potion"},{"floor":8,"key":"Explosive Potion"},{"floor":16,"key":"Energy Potion"},{"floor":18,"key":"SkillPotion"},{"floor":25,"key":"LiquidBronze"},{"floor":33,"key":"SneckoOil"},{"floor":35,"key":"EssenceOfSteel"},{"floor":37,"key":"Dexterity Potion"},{"floor":41,"key":"AttackPotion"},{"floor":51,"key":"DuplicationPotion"},{"floor":53,"key":"Fruit Juice"},{"floor":54,"key":"DistilledChaos"},{"floor":62,"key":"AttackPotion"}],"is_trial":true,"path_per_floor":["M","$","M","?","M","?","R","M","T","E","T","E","R","$","R","B",null,"M","?","$","M","?","E","R","E","T","E","R","M","$","M","R","B",null,"M","$","M","$","M","R","E","?","T","E","M","?","R","M","R","B",null,"M","M","M","?","?","E","M","?","T","E","M","M","?","?","R","B",null,"M","$","M","$","M","R","?","R","E","?","E","M","$","E","R","B",null,"M","M","$","M","?","R","M","$","E","?","$","?","M","$","R","B"],"character_chosen":"HERMIT","items_purchased":["champ:DuelingGlove","Akabeko","Toolbox","Bottled Flame","hermit:Glare","Bag of Marbles","Sundial","hermit:BigShot","Lantern","hermit:TakeAim","MealTicket","Singing Bowl","Frozen Egg 2","TungstenRod","Guardian:GemstoneGun","HandDrill","Meat on the Bone","PrismaticShard","Bottled Tornado","Blue Candle","hermit:Spyglass","PreservedInsect","champ:Barbells","Bottled Lightning","Strawberry","Kunai","hexamod:BolsterEngine","Torii"],"campfire_rested":11,"item_purchase_floors":[2,2,14,14,14,20,20,20,30,30,30,36,36,38,70,70,70,70,70,70,72,72,72,81,81,88,88,88],"current_hp_per_floor":[75,75,71,71,71,60,75,75,75,84,84,79,85,85,85,81,85,85,85,85,85,69,64,90,90,90,90,90,90,90,90,90,71,90,90,90,92,92,92,92,92,92,92,78,78,78,78,78,78,78,78,78,78,78,78,78,78,78,78,78,78,78,78,78,78,78,76,76,76,76,76,76,76,76,76,76,76,76,76,76,76,76,76,74,74,70,70,70,70,70,70,62,62,62,62,62,62,49,49,49,0,0],"gold":39,"neow_bonus":"","is_daily":false,"chose_seed":false,"campfire_upgraded":0,"win_rate":0.0,"timestamp":1610255099,"path_taken":["M","$","M","?","M","?","R","M","T","E","?","E","R","?","R","BOSS","M","?","$","M","?","E","R","E","T","E","R","M","$","M","R","BOSS","M","$","M","$","M","R","E","?","T","E","M","?","R","?","R","BOSS","M","M","M","?","?","E","M","?","T","E","M","?","?","?","R","BOSS","M","$","M","$","M","R","?","R","E","?","E","M","$","E","R","BOSS","M","M","$","M","?","R","M","?","E","?","?","?","?","$","R","BOSS"],"items_purchased_type":["Relic","Relic","Relic","Relic","Card","Relic","Relic","Card","Relic","Card","Relic","Relic","Relic","Relic","Relic","Relic","Relic","Relic","Relic","Relic","Relic","Relic","Relic","Relic","Relic","Relic","Relic","Relic"],"build_version":"2020-12-22","purchased_purges":1,"victory":false,"max_hp_per_floor":[75,75,75,75,75,75,75,75,75,85,85,85,85,85,85,85,85,85,85,85,85,90,90,90,90,90,90,90,90,90,90,90,90,90,90,90,92,92,92,92,92,92,92,94,94,94,94,94,94,94,101,101,108,108,100,100,100,100,100,100,100,100,100,100,100,100,102,134,134,134,134,134,136,136,136,136,138,138,138,138,145,145,145,145,145,147,147,147,147,147,147,147,147,147,147,147,147,149,149,149,149,149],"card_choices":[{"not_picked":["hermit:Roulette","expansioncontent:DarkVoid"],"picked":"hermit:Glare","floor":0},{"not_picked":["hermit:WideOpen","hermit:Combo"],"picked":"hermit:Quickdraw","floor":0},{"not_picked":["expansioncontent:GuardianWhirl","hermit:Coalescence"],"picked":"hermit:Headshot","floor":0},{"not_picked":["hermit:Coalescence","hermit:Desperado"],"picked":"hermit:Dive","floor":0},{"not_picked":["hermit:EyeOfTheStorm","hermit:NoHoldsBarred"],"picked":"hermit:Dive","floor":0},{"not_picked":["hermit:Vantage","Discovery"],"picked":"hermit:Scavenge","floor":0},{"not_picked":["PanicButton","hermit:WideOpen"],"picked":"hermit:Glare","floor":0},{"not_picked":["hermit:Gestalt","hermit:HighCaliber"],"picked":"hermit:Snipe","floor":0},{"not_picked":["hermit:CalledShot","hermit:Roulette"],"picked":"hermit:Headshot","floor":0},{"not_picked":["hermit:ItchyTrigger","hermit:WideOpen"],"picked":"hermit:Headshot","floor":0},{"not_picked":["hermit:Misfire","hermit:HoleUp"],"picked":"hermit:TrackingShot","floor":0},{"not_picked":["hermit:LowProfile","hermit:BigShot"],"picked":"hermit:Glare","floor":0},{"not_picked":["hermit:HighCaliber","hermit:Feint"],"picked":"expansioncontent:BronzeBeam","floor":0},{"not_picked":["hermit:LowProfile","hermit:HoleUp"],"picked":"Swift Strike","floor":0},{"not_picked":["hermit:Snipe","hermit:Desperado"],"picked":"Flash of Steel","floor":0},{"not_picked":["hermit:Shortfuse","expansioncontent:SlimeTackle","hermit:Dive"],"picked":"SKIP","floor":1},{"not_picked":["hermit:Vantage","hermit:SprayPray","hermit:LuckOfTheDraw"],"picked":"SKIP","floor":3},{"not_picked":["hermit:NoHoldsBarred","hermit:Ricochet"],"picked":"hermit:ItchyTrigger","floor":5},{"not_picked":["hermit:Misfire","hermit:BodyArmor","hermit:Virtue"],"picked":"SKIP","floor":8},{"not_picked":["hermit:Dive","hermit:CursedWeapon"],"picked":"Flash of Steel","floor":10},{"not_picked":["hermit:Snipe","hermit:Maintenance"],"picked":"Panache","floor":12},{"not_picked":["hermit:FinalCanter","Magnetism"],"picked":"Violence","floor":16},{"not_picked":["hermit:Shortfuse","PanicButton"],"picked":"hermit:Headshot","floor":18},{"not_picked":["hermit:Spite+1","hermit:Headshot+1"],"picked":"Dramatic Entrance","floor":21},{"not_picked":["hermit:Manifest","hermit:Vantage","hermit:LowProfile"],"picked":"SKIP","floor":23},{"not_picked":["hermit:CursedWeapon","hermit:Coalescence+1"],"picked":"hermit:Headshot","floor":25},{"not_picked":["expansioncontent:AwakenDeath","hermit:Malice+1","hermit:Horror+1"],"picked":"SKIP","floor":27},{"not_picked":["Flash of Steel","hermit:HoleUp+1"],"picked":"hermit:Quickdraw","floor":29},{"not_picked":["expansioncontent:GuardianWhirl","hermit:Ricochet+1","hermit:Midnight+1"],"picked":"SKIP","floor":31},{"not_picked":["hermit:Feint+1","hermit:HighCaliber"],"picked":"hermit:Vantage+1","floor":35},{"not_picked":["hermit:Quickdraw","hermit:Snipe+1","hermit:Manifest+1"],"picked":"Singing Bowl","floor":37},{"not_picked":["hermit:Roulette+1","hermit:SprayPray+1"],"picked":"Swift Strike","floor":39},{"not_picked":["hermit:Ricochet+1","expansioncontent:Hexaburn+1"],"picked":"hermit:ItchyTrigger+1","floor":41},{"not_picked":["hermit:Gestalt+1","PanicButton+1","hermit:Reprieve+1"],"picked":"Singing Bowl","floor":44},{"not_picked":["hermit:Brawl+1","hermit:Vantage+1"],"picked":"hermit:Deadeye+1","floor":45},{"not_picked":["hermit:Dive+1","hermit:Vantage+1"],"picked":"hermit:Headshot+1","floor":48},{"not_picked":["expansioncontent:DashGenerateEvil","expansioncontent:QuickStudy+1"],"picked":"Violence+1","floor":50},{"not_picked":["hermit:BodyArmor+1","hermit:LowProfile+1","hermit:Cheat+1"],"picked":"Singing Bowl","floor":51},{"not_picked":["hermit:SprayPray","hermit:HighCaliber"],"picked":"expansioncontent:DefensiveStance+1","floor":52},{"not_picked":["hermit:Ricochet","expansioncontent:HyperBeam","hermit:LoneWolf+1"],"picked":"Singing Bowl","floor":53},{"not_picked":["expansioncontent:Corrupt+1","expansioncontent:GuardianWhirl"],"picked":"hermit:Quickdraw","floor":54},{"not_picked":["hermit:LowProfile+1","hermit:LuckOfTheDraw+1"],"picked":"hermit:Quickdraw","floor":57},{"not_picked":["hermit:SprayPray","hermit:TrackingShot","hermit:Misfire"],"picked":"SKIP","floor":58},{"not_picked":["hermit:Desperado","hermit:Virtue+1","hermit:Headshot"],"picked":"hermit:WideOpen","floor":61},{"not_picked":["hermit:Headshot","hermit:FatalDesire+1","hermit:Vantage+1"],"picked":"expansioncontent:DonusPower+1","floor":62},{"not_picked":["hermit:TrackingShot","hermit:Dive+1","hermit:Gestalt+1"],"picked":"hermit:CalledShot","floor":63},{"not_picked":["hermit:Vantage+1","hermit:TrackingShot","hermit:CalledShot"],"picked":"expansioncontent:DonusPower+1","floor":64},{"not_picked":["hermit:Purgatory","hermit:DeadOrAlive","hermit:Adapt+1","expansioncontent:QuickStudy+1"],"picked":"Singing Bowl","floor":67},{"not_picked":["hermit:Misfire","hermit:HighCaliber+1","Discovery+1"],"picked":"hermit:WideOpen","floor":69},{"not_picked":["Leap+1","hexamod:RecurringNightmare+1","sneckomod:UnknownBlock+1"],"picked":"champ:StanceDance+1","floor":71},{"not_picked":["Eviscerate","champ:BladeFlurry","champ:RapidStrikes","PanicButton+1"],"picked":"Singing Bowl","floor":73},{"not_picked":["sneckomod:QuickMove+1","champ:Balance+1","Slimebound:SpikyOuterGoop+1","Coolheaded+1"],"picked":"Singing Bowl","floor":77},{"not_picked":["CrushJoints","Slimebound:SlimeBrawl+1","The Bomb+1"],"picked":"expansioncontent:Collect+1","floor":79},{"not_picked":["Slimebound:LeechingTouch","CutThroughFate","Slimebound:DisruptingSlam","Wild Strike"],"picked":"SKIP","floor":80},{"not_picked":["Slimebound:SlimeSpikes+1","hermit:HighCaliber","Storm+1"],"picked":"Stack+1","floor":82},{"not_picked":["Dagger Spray","Guardian:SentryBeam"],"picked":"Singing Bowl","floor":86},{"not_picked":["Guardian:Gem_Cyan"],"picked":"Skim+1","floor":87},{"not_picked":["hexamod:PhantomCloak+1","Redo+1"],"picked":"SKIP","floor":89},{"not_picked":["Perfected Strike","Iron Wave+1"],"picked":"SKIP","floor":92},{"not_picked":["Pommel Strike"],"picked":"sneckomod:UnknownClassPURPLE+1","floor":94},{"not_picked":["champ:Backstep+1","Hemokinesis+1"],"picked":"Singing Bowl","floor":98}],"player_experience":27561,"relics_obtained":[{"floor":9,"key":"Dead Branch"},{"floor":10,"key":"Pear"},{"floor":11,"key":"Pantograph"},{"floor":12,"key":"Bag of Preparation"},{"floor":23,"key":"White Beast Statue"},{"floor":25,"key":"Regal Pillow"},{"floor":26,"key":"Toxic Egg 2"},{"floor":27,"key":"Matryoshka"},{"floor":41,"key":"Peace Pipe"},{"floor":43,"key":"Centennial Puzzle"},{"floor":43,"key":"Oddly Smooth Stone"},{"floor":44,"key":"Ancient Tea Set"},{"floor":60,"key":"Vajra"},{"floor":60,"key":"Question Card"},{"floor":64,"key":"Odd Mushroom"}],"event_choices":[{"damage_healed":0,"gold_gain":79,"player_choice":"Gained Gold","damage_taken":0,"max_hp_gain":0,"max_hp_loss":0,"event_name":"Golden Wing","floor":4,"gold_loss":0},{"damage_healed":0,"gold_gain":75,"player_choice":"Gather Gold","damage_taken":11,"max_hp_gain":0,"max_hp_loss":0,"event_name":"World of Goop","floor":6,"gold_loss":0},{"damage_healed":0,"gold_gain":0,"player_choice":"Opened","damage_taken":0,"relics_obtained":["Mummified Hand"],"max_hp_gain":0,"max_hp_loss":0,"event_name":"The Mausoleum","floor":19,"gold_loss":0},{"damage_healed":0,"gold_gain":0,"player_choice":"Shed Blood","damage_taken":21,"max_hp_gain":5,"max_hp_loss":0,"event_name":"Forgotten Altar","floor":22,"gold_loss":0},{"damage_healed":0,"gold_gain":0,"player_choice":"Upgrade","damage_taken":0,"relics_obtained":["Mark of the Bloom"],"max_hp_gain":0,"max_hp_loss":0,"event_name":"MindBloom","floor":42,"gold_loss":0,"cards_upgraded":["hermit:Glare","hermit:Quickdraw","hermit:Headshot","hermit:Dive","hermit:Dive","hermit:Scavenge","hermit:Glare","hermit:Snipe","hermit:Headshot","hermit:Headshot","hermit:TrackingShot","hermit:Glare","expansioncontent:BronzeBeam","Swift Strike","Flash of Steel","hermit:ItchyTrigger","Flash of Steel","Panache","hermit:Glare","Violence","hermit:Headshot","hermit:BigShot","Dramatic Entrance","hermit:Headshot","hermit:Quickdraw","hermit:TakeAim","Swift Strike"]},{"cards_removed":["hermit:Dive"],"damage_healed":0,"gold_gain":0,"player_choice":"Removed Skill","damage_taken":0,"max_hp_gain":0,"max_hp_loss":0,"event_name":"Falling","floor":46,"gold_loss":0},{"damage_healed":0,"gold_gain":0,"player_choice":"Lose Max HP","damage_taken":0,"relics_obtained":["Golden Idol"],"max_hp_gain":0,"max_hp_loss":8,"event_name":"Golden Idol","floor":55,"gold_loss":0},{"damage_healed":0,"gold_gain":175,"player_choice":"AGREE","damage_taken":0,"max_hp_gain":0,"max_hp_loss":0,"event_name":"Liars Game","floor":56,"gold_loss":0,"cards_obtained":["Doubt"]},{"damage_healed":0,"gold_gain":0,"player_choice":"Left Gold","damage_taken":0,"max_hp_gain":0,"max_hp_loss":0,"event_name":"World of Goop","floor":59,"gold_loss":34},{"damage_healed":0,"gold_gain":0,"player_choice":"Fought Mushrooms","damage_taken":0,"max_hp_gain":0,"max_hp_loss":0,"event_name":"Mushrooms","floor":64,"gold_loss":0},{"damage_healed":0,"gold_gain":0,"player_choice":"Ignored","damage_taken":0,"max_hp_gain":0,"max_hp_loss":0,"event_name":"Shining Light","floor":65,"gold_loss":0},{"damage_healed":0,"gold_gain":0,"player_choice":"Obtain J.A.X.","damage_taken":0,"max_hp_gain":0,"max_hp_loss":0,"event_name":"Drug Dealer","floor":75,"gold_loss":0,"cards_obtained":["J.A.X."]},{"damage_healed":0,"gold_gain":0,"player_choice":"Got Potions","damage_taken":0,"max_hp_gain":0,"max_hp_loss":0,"event_name":"Lab","floor":90,"gold_loss":0},{"damage_healed":0,"gold_gain":0,"player_choice":"Paid","damage_taken":0,"relics_obtained":["Red Mask"],"max_hp_gain":0,"max_hp_loss":0,"event_name":"Tomb of Lord Red Mask","floor":95,"gold_loss":198},{"cards_removed":["hermit:TrackingShot"],"damage_healed":5,"gold_gain":0,"player_choice":"Offered Common","damage_taken":0,"max_hp_gain":0,"max_hp_loss":0,"event_name":"Bonfire Elementals","floor":97,"gold_loss":0},{"cards_removed":["hermit:TrackingShot"],"damage_healed":5,"gold_gain":0,"player_choice":"Offered Special","damage_taken":0,"max_hp_gain":0,"max_hp_loss":0,"event_name":"Bonfire Elementals","floor":97,"gold_loss":0}],"is_beta":false,"boss_relics":[{"not_picked":["Sozu","SacredBark"],"picked":"sneckomod:SneckoTalon"},{"not_picked":["Velvet Choker","Cursed Key"],"picked":"hermit:ClaspedLocket"},{"not_picked":["Runic Dome","Philosopher\u0027s Stone"],"picked":"Tiny House"},{"not_picked":["Velvet Choker","Sozu"],"picked":"hermit:DentedPlate"},{"not_picked":["Runic Pyramid","hermit:BartenderGlass"],"picked":"Busted Crown"}],"items_purged_floors":[72],"is_endless":true,"potions_floor_spawned":[3,8,10,16,18,25,27,29,31,33,35,37,39,41,44,45,48,50,52,53,54,57,58,61,62,63,64,67,69,71,73,77,79,80,82,84,86,87,89,92,94,98],"killed_by":"Time Eater","ascension_level":0}}