{"host":"5yoj846f700ld8qy","time":1610311808,"event":{"mods":["AchievementEnabler","BaseMod","Better Altar","Better Match","Better Note","Better Sensory Stone","Better Skull","Better Third Choice","Colored Map","Colored Powertips","Minty Spire (QoL Compilation)","StSLib"],"gold_per_floor":[119,138,69,69,80,80,103,115,115,144,144,144,157,157,157,261,261,275,9,0,14,14,14,29,44,44,44,44,44,44,44],"floor_reached":30,"playtime":1132,"items_purged":["Strike_G"],"score":357,"play_id":"b4d6797a-b120-4d29-a66f-b4222f67e075","local_time":"20210110225008","is_ascension_mode":true,"campfire_choices":[{"floor":6,"key":"REST"},{"floor":12,"key":"REST"},{"floor":15,"key":"REST"},{"floor":23,"key":"REST"}],"circlet_count":0,"master_deck":["AscendersBane","Strike_G","Strike_G","Strike_G","Strike_G","Defend_G","Defend_G","Defend_G","Defend_G","Defend_G","Survivor","Neutralize","Bouncing Flask","Terror","Noxious Fumes+1","Leg Sweep","Skewer","Catalyst","Catalyst","Well Laid Plans","Doppelganger","Cloak And Dagger","Outmaneuver+1","Poisoned Stab+1","Skewer+1"],"relics":["Fusion Hammer","Odd Mushroom","Lantern","Gremlin Horn","Torii","WristBlade","Juzu Bracelet","Ornamental Fan","Paper Crane"],"acts_visited":["Exordium","TheCity"],"potions_floor_usage":[14,18,27],"damage_taken":[{"damage":0,"enemies":"Cultist","floor":1,"turns":4},{"damage":0,"enemies":"Small Slimes","floor":2,"turns":3},{"damage":0,"enemies":"2 Louse","floor":5,"turns":3},{"damage":15,"enemies":"The Mushroom Lair","floor":7,"turns":5},{"damage":12,"enemies":"2 Fungi Beasts","floor":8,"turns":3},{"damage":30,"enemies":"Lagavulin","floor":10,"turns":6},{"damage":0,"enemies":"Red Slaver","floor":13,"turns":3},{"damage":0,"enemies":"3 Louse","floor":14,"turns":1},{"damage":19,"enemies":"The Guardian","floor":16,"turns":7},{"damage":12,"enemies":"Spheric Guardian","floor":18,"turns":4},{"damage":13,"enemies":"2 Thieves","floor":21,"turns":4},{"damage":7,"enemies":"Snake Plant","floor":24,"turns":4},{"damage":10,"enemies":"Shelled Parasite and Fungi","floor":25,"turns":6},{"damage":8,"enemies":"Colosseum Slavers","floor":27,"turns":5},{"damage":37,"enemies":"Slavers","floor":30,"turns":2}],"seed_played":"-7410090041644900147","potions_obtained":[{"floor":5,"key":"FearPotion"},{"floor":7,"key":"SmokeBomb"},{"floor":10,"key":"Fire Potion"},{"floor":13,"key":"CunningPotion"},{"floor":24,"key":"FearPotion"}],"is_trial":false,"path_per_floor":["M","M","$","?","M","R","?","M","T","E","?","R","M","M","R","B",null,"M","$","?","M","$","R","M","M","T","?","?","T","E"],"character_chosen":"THE_SILENT","items_purchased":["Noxious Fumes","Juzu Bracelet","ColorlessPotion"],"campfire_rested":4,"item_purchase_floors":[3,19,19],"current_hp_per_floor":[63,63,63,63,63,70,55,43,43,13,13,34,34,34,55,36,62,50,50,50,37,37,58,51,41,41,33,33,33,0,0],"gold":44,"neow_bonus":"BOSS_RELIC","is_daily":false,"chose_seed":false,"campfire_upgraded":0,"win_rate":0.0,"timestamp":1610311808,"path_taken":["M","?","$","?","M","R","?","M","T","E","?","R","?","M","R","BOSS","M","$","?","M","$","R","M","M","T","?","?","?","E"],"items_purchased_type":["Card","Relic","Potion"],"build_version":"2020-12-22","purchased_purges":1,"victory":false,"max_hp_per_floor":[70,70,70,70,70,70,70,70,70,70,70,70,70,70,70,70,70,70,70,70,70,70,70,70,70,70,70,70,70,70,70],"card_choices":[{"not_picked":["Blade Dance","Leg Sweep"],"picked":"Bouncing Flask","floor":1},{"not_picked":["Deflect","Distraction"],"picked":"Terror","floor":2},{"not_picked":["Flying Knee","Concentrate"],"picked":"Leg Sweep","floor":5},{"not_picked":["PiercingWail","Bane"],"picked":"Skewer","floor":7},{"not_picked":["Slice","Cloak And Dagger"],"picked":"Catalyst","floor":8},{"not_picked":["Poisoned Stab","Underhanded Strike"],"picked":"Catalyst","floor":10},{"not_picked":["Predator","Caltrops"],"picked":"Well Laid Plans","floor":13},{"not_picked":["A Thousand Cuts","Grand Finale"],"picked":"Doppelganger","floor":16},{"not_picked":["Poisoned Stab","Skewer"],"picked":"Cloak And Dagger","floor":18},{"not_picked":["Prepared","Reflex"],"picked":"Outmaneuver+1","floor":21},{"not_picked":["Backflip","Outmaneuver"],"picked":"Poisoned Stab+1","floor":24},{"not_picked":["Dagger Spray","Expertise"],"picked":"Skewer+1","floor":25}],"player_experience":389378,"relics_obtained":[{"floor":7,"key":"Odd Mushroom"},{"floor":9,"key":"Lantern"},{"floor":10,"key":"Gremlin Horn"},{"floor":26,"key":"Ornamental Fan"},{"floor":29,"key":"Paper Crane"}],"event_choices":[{"damage_healed":0,"gold_gain":0,"player_choice":"Grow","damage_taken":0,"max_hp_gain":0,"max_hp_loss":0,"event_name":"Living Wall","floor":4,"gold_loss":0,"cards_upgraded":["Noxious Fumes"]},{"damage_healed":0,"gold_gain":0,"player_choice":"Fought Mushrooms","damage_taken":0,"max_hp_gain":0,"max_hp_loss":0,"event_name":"Mushrooms","floor":7,"gold_loss":0},{"damage_healed":0,"gold_gain":0,"player_choice":"Gave Potion","damage_taken":0,"relics_obtained":["Torii"],"max_hp_gain":0,"max_hp_loss":0,"event_name":"WeMeetAgain","floor":11,"gold_loss":0},{"damage_healed":0,"gold_gain":0,"player_choice":"Paid Fearfully","damage_taken":0,"max_hp_gain":0,"max_hp_loss":0,"event_name":"Masked Bandits","floor":20,"gold_loss":9},{"damage_healed":0,"gold_gain":0,"player_choice":"Fight","damage_taken":0,"max_hp_gain":0,"max_hp_loss":0,"event_name":"Colosseum","floor":27,"gold_loss":0},{"damage_healed":0,"gold_gain":0,"player_choice":"Fled From Nobs","damage_taken":0,"max_hp_gain":0,"max_hp_loss":0,"event_name":"Colosseum","floor":27,"gold_loss":0},{"damage_healed":0,"gold_gain":0,"player_choice":"Ignored","damage_taken":0,"max_hp_gain":0,"max_hp_loss":0,"event_name":"Ghosts","floor":28,"gold_loss":0}],"is_beta":false,"boss_relics":[{"not_picked":["Calling Bell","Runic Dome"],"picked":"WristBlade"}],"items_purged_floors":[19],"is_endless":false,"potions_floor_spawned":[5,7,10,13,14,24,27],"killed_by":"Slavers","ascension_level":11}}