{"host":"7mo9b2f9hhzb5x6f","time":1610241050,"event":{"mods":["2.2 Compatiblity","ATMod(阿瑾Mod)","Act Like it!","Arknights The Spire","BaseMod","Better-Laid Plans","LazyManMod","Library of Ruina","Library of Ruina Extra","Marked Mod","Minty Spire (QoL Compilation)","MostiFishMod","Relic Stats","Robot Space Explorer","Spicy Shops","StSLib","TestMod","The Alterego","The Dragon Tamer","The Hayseed","The Marked","UnlockEverythingMod","Yakumo Yukari mod","【功能Mod】混沌之环修复补丁","【功能Mod】精心准备"],"gold_per_floor":[115,125,136,136,173,173,173],"floor_reached":6,"playtime":1069,"items_purged":[],"score":82,"play_id":"14e91df8-3d18-45ab-83ca-df732fd54b99","local_time":"20210110091050","is_ascension_mode":true,"campfire_choices":[],"circlet_count":0,"master_deck":["AscendersBane","Dodge","LightDefense","LightAttack","LightAttack","LightDefense","LightDefense","LightDefense","ChargeAndCover","FocusedStrikes","AT_FamilyPortrait","SnakesPrey","Slice_lor","SnakeSlit","dwlrmod:BlackCat","InnerArdor"],"relics":["PageOfLibrarian","testmod-TestBox","DaveBox","AT_ATBox","testmod-AscensionHeart","SynthV:TestCard","dwlrmod:ProjectRecorder"],"acts_visited":["Exordium"],"potions_floor_usage":[6],"damage_taken":[{"damage":3,"enemies":"Small Slimes","floor":1,"turns":2},{"damage":5,"enemies":"Jaw Worm","floor":2,"turns":3},{"damage":6,"enemies":"Cultist","floor":3,"turns":3},{"damage":10,"enemies":"Looter","floor":5,"turns":3},{"damage":35,"enemies":"3 Sentries","floor":6,"turns":10}],"seed_played":"-7562219329465106580","potions_obtained":[{"floor":3,"key":"Fire Potion"}],"is_trial":false,"path_per_floor":["M","M","M","?","M","E"],"character_chosen":"Librarian","items_purchased":[],"campfire_rested":0,"item_purchase_floors":[],"current_hp_per_floor":[52,48,43,43,34,0,0],"gold":173,"neow_bonus":"REMOVE_CARD","is_daily":false,"chose_seed":false,"campfire_upgraded":0,"win_rate":0.0,"timestamp":1610241050,"path_taken":["M","M","M","?","M","E"],"items_purchased_type":[],"build_version":"2020-12-22","purchased_purges":0,"victory":false,"max_hp_per_floor":[70,70,70,70,78,78,78],"relic_stats":{"counters":[5,21],"obtain_stats":[{"PageOfLibrarian":0,"dwlrmod:ProjectRecorder":1,"testmod-TestBox":0,"AT_ATBox":0,"SynthV:TestCard":1,"DaveBox":0,"testmod-AscensionHeart":0},{"PageOfLibrarian":0,"dwlrmod:ProjectRecorder":1,"testmod-TestBox":0,"AT_ATBox":0,"SynthV:TestCard":1,"DaveBox":0,"testmod-AscensionHeart":0},{"PageOfLibrarian":0,"dwlrmod:ProjectRecorder":2,"testmod-TestBox":0,"AT_ATBox":0,"SynthV:TestCard":2,"DaveBox":0,"testmod-AscensionHeart":0}]},"card_choices":[{"not_picked":["Quickness","BurningFlash","DarkCloud","HiddenBlade","Eliminate","SuppressingShot","EnergyCycle","SilentMist"],"picked":"SnakesPrey","floor":1},{"not_picked":["DefenseOrder","TimeForALittleTest","SuppressingShot","WaitUp","GuardingStance","GuidanceOfTheGears","Track","HandleRequest","DestructiveImpact","QuickAttack"],"picked":"Slice_lor","floor":2},{"not_picked":["TasteMyFlamingBat","GrazeTheGrass","SpearedSweep","SmokingPipe","CutIn","UpbeatPerformance","GuidanceOfTheGears","RatsGuideToSurvival","Juggling","FrontalAssault"],"picked":"SnakeSlit","floor":3},{"not_picked":["dwlrmod:EnhancingPotionDurian","dwlrmod:HoldBreath"],"picked":"dwlrmod:BlackCat","floor":5},{"not_picked":["CombatPreparation","QuickAttack","SmokingPipe","Standoff","BiteOff","NightInTheBackstreets","GuardingStance","DimensionalRift","EnergyShield","SerpentSwordTechnique"],"picked":"InnerArdor","floor":5}],"player_experience":99025,"relics_obtained":[{"floor":1,"key":"SynthV:TestCard"},{"floor":1,"key":"dwlrmod:ProjectRecorder"}],"event_choices":[{"damage_healed":0,"gold_gain":0,"player_choice":"Ignored","damage_taken":0,"max_hp_gain":0,"max_hp_loss":0,"event_name":"Liars Game","floor":4,"gold_loss":0}],"is_beta":false,"boss_relics":[],"items_purged_floors":[],"is_endless":false,"potions_floor_spawned":[3],"killed_by":"3 Sentries","ascension_level":10}}