{"host":"yhgs8ag4i0fjf5cm","time":1610294782,"event":{"mods":["Aspiration","BaseMod","Beaked The Cultist","BetterRewards","Conspire","HornydragonMod","Hubris","Infinite Spire","Marisa????????","Minty Spire (QoL Compilation)","Quick Restart","Replay The Spire","Robot Space Explorer","Shop Mod","Spikes Relics","StSLib","The Animator","The Construct","The Necromancer","The Servant 0.9.4"],"gold_per_floor":[127,127,127,127,127,127,156,187,240,255,267,267,322,333,333,333,333],"floor_reached":16,"playtime":759,"items_purged":[],"score":100,"play_id":"f4f23810-a0c3-4116-a5c6-e75512cd27a8","local_time":"20210110170622","is_ascension_mode":false,"campfire_choices":[{"data":"animator:Mitsuba","floor":6,"key":"SMITH"},{"floor":12,"key":"REST"},{"floor":15,"key":"REST"}],"circlet_count":0,"master_deck":["animator:Strike_OwariNoSeraph","animator:Defend_OwariNoSeraph","animator:Defend","animator:Defend","animator:Shinoa","animator:Mikaela","animator:Mitsuba+1","aspiration:Lunge","Grand Finale","Eviscerate","Decay","animator:Biyorigo","animator:Shuna","Double Tap","animator:Cocytus","Clash"],"relics":["animator:LivingPicture","animator:TheMissingPiece","hubris:DisguiseKit","hubris:Towel","construct:BoolHorns","Pet Ghost"],"acts_visited":["Exordium"],"potions_floor_usage":[11],"damage_taken":[{"damage":1,"enemies":"Jaw Worm","floor":1,"turns":4},{"damage":58,"enemies":"3 Sentries","floor":7,"turns":9},{"damage":0,"enemies":"2 Louse","floor":8,"turns":2},{"damage":0,"enemies":"Small Slimes","floor":10,"turns":3},{"damage":6,"enemies":"Red Slaver","floor":11,"turns":4},{"damage":2,"enemies":"3 Louse","floor":14,"turns":3},{"damage":41,"enemies":"The Guardian","floor":16,"turns":6}],"seed_played":"-4255891777727128659","potions_obtained":[{"floor":7,"key":"Swift Potion"},{"floor":11,"key":"Block Potion"},{"floor":14,"key":"SteroidPotion"}],"is_trial":false,"path_per_floor":["M","?","?","?","?","R","E","M","T","M","M","R","?","M","R","B"],"character_chosen":"THE_ANIMATOR","items_purchased":[],"campfire_rested":2,"item_purchase_floors":[],"current_hp_per_floor":[65,65,65,65,65,65,7,7,7,7,1,20,20,18,37,0,0],"gold":333,"neow_bonus":"REMOVE_CARD","is_daily":false,"chose_seed":false,"campfire_upgraded":1,"win_rate":0.0,"timestamp":1610294782,"path_taken":["M","?","?","?","?","R","E","M","T","M","?","R","?","M","R","BOSS"],"items_purchased_type":[],"build_version":"2020-12-22","purchased_purges":0,"victory":false,"max_hp_per_floor":[66,66,66,66,66,66,66,66,66,66,66,66,66,66,66,66,66],"card_choices":[{"not_picked":["animator:HighElfArcher","animator:Mikaela"],"picked":"animator:Mitsuba","floor":1},{"not_picked":["animator:Vesta","animator:HiiragiShinya","ReplayTheSpireMod:Strike From Hell"],"picked":"animator:Biyorigo","floor":7},{"not_picked":["animator:Shichika","animator:Shion","Reckless Charge"],"picked":"animator:Shuna","floor":8},{"not_picked":["animator:Emonzaemon","animator:DolaRiku","animator:MumenRider"],"picked":"Double Tap","floor":10},{"not_picked":["animator:Boros","animator:Spearman","Heavy Blade"],"picked":"animator:Cocytus","floor":11},{"not_picked":["animator:Spearman","animator:Benimaru","animator:Rimuru"],"picked":"Clash","floor":14}],"player_experience":468698,"relics_obtained":[{"floor":7,"key":"construct:BoolHorns"},{"floor":9,"key":"Pet Ghost"}],"event_choices":[{"cards_removed":["hubris:Envy"],"damage_healed":0,"gold_gain":0,"player_choice":"Took Card","damage_taken":0,"max_hp_gain":0,"max_hp_loss":0,"event_name":"NoteForYourself","floor":5,"gold_loss":0,"cards_obtained":["Decay"]},{"damage_healed":0,"gold_gain":55,"player_choice":"Gained Gold","damage_taken":0,"max_hp_gain":0,"max_hp_loss":0,"event_name":"Golden Wing","floor":13,"gold_loss":0}],"is_beta":false,"boss_relics":[],"items_purged_floors":[],"is_endless":false,"potions_floor_spawned":[7,11,14],"killed_by":"The Guardian","ascension_level":0}}