{"host":"q9718omregw4er46","time":1610295469,"event":{"mods":["BaseMod","Bestiary","Colored Powertips","Minty Spire (QoL Compilation)","Quick Restart","Relic Stats"],"gold_per_floor":[119,132,152,77,77,77,108,8,8,33,76,76,109,129,129,220,220,241,280,298,173,198,198,239,260,260,303,303,317,338,9,9,105,105,128,128,202,220,241,274,274,312,312,333,333,367,380,414,414,414,414,414],"floor_reached":51,"playtime":2656,"items_purged":["Strike_P","Strike_P","Strike_P"],"score":1804,"play_id":"37cbf453-6e68-4030-add3-41078b1dbfdc","local_time":"20210110211749","is_ascension_mode":true,"campfire_choices":[{"data":"EmptyFist","floor":6,"key":"SMITH"},{"data":"WindmillStrike","floor":12,"key":"SMITH"},{"data":"TalkToTheHand","floor":15,"key":"SMITH"},{"data":"MentalFortress","floor":23,"key":"SMITH"},{"data":"BowlingBash","floor":28,"key":"SMITH"},{"data":"CutThroughFate","floor":32,"key":"SMITH"},{"floor":41,"key":"RECALL"},{"data":"LessonLearned","floor":45,"key":"SMITH"},{"floor":49,"key":"REST"}],"circlet_count":0,"master_deck":["AscendersBane","Strike_P","Defend_P+1","Defend_P+1","Defend_P+1","Defend_P","Eruption+1","Vigilance+1","BowlingBash+1","MentalFortress+1","EmptyFist+1","WindmillStrike+1","CutThroughFate+1","Scrawl","TalkToTheHand+1","Scrawl+1","CutThroughFate+1","EmptyMind+1","Protect+1","LessonLearned+1","DeceiveReality+1","LikeWater+1"],"relics":["Snecko Eye","Golden Idol","Meat on the Bone","Bag of Preparation","Toy Ornithopter","White Beast Statue","Black Star","Red Mask","Sundial","Bag of Marbles","Centennial Puzzle","Akabeko","War Paint","CloakClasp","Busted Crown","HornCleat","Matryoshka","Pear","Nunchaku","Ancient Tea Set","Mercury Hourglass","Blue Candle","Pantograph","Ornamental Fan","Bottled Flame"],"acts_visited":["Exordium","TheCity","TheBeyond"],"potions_floor_usage":[7,14,18,19,24,27,30,33,33,35,40,44,46,50],"damage_taken":[{"damage":11,"enemies":"Small Slimes","floor":1,"turns":5},{"damage":0,"enemies":"Jaw Worm","floor":2,"turns":3},{"damage":6,"enemies":"Cultist","floor":3,"turns":4},{"damage":20,"enemies":"3 Sentries","floor":7,"turns":6},{"damage":0,"enemies":"Looter","floor":10,"turns":1},{"damage":1,"enemies":"Gremlin Nob","floor":11,"turns":3},{"damage":15,"enemies":"3 Sentries","floor":13,"turns":4},{"damage":12,"enemies":"Exordium Thugs","floor":14,"turns":3},{"damage":0,"enemies":"Slime Boss","floor":16,"turns":7},{"damage":2,"enemies":"3 Byrds","floor":18,"turns":4},{"damage":0,"enemies":"Masked Bandits","floor":19,"turns":2},{"damage":0,"enemies":"Spheric Guardian","floor":20,"turns":3},{"damage":39,"enemies":"Snake Plant","floor":22,"turns":6},{"damage":18,"enemies":"Book of Stabbing","floor":24,"turns":5},{"damage":49,"enemies":"Sentry and Sphere","floor":25,"turns":6},{"damage":7,"enemies":"Slavers","floor":27,"turns":4},{"damage":19,"enemies":"Cultist and Chosen","floor":29,"turns":4},{"damage":7,"enemies":"Centurion and Healer","floor":30,"turns":3},{"damage":36,"enemies":"Automaton","floor":33,"turns":9},{"damage":7,"enemies":"3 Darklings","floor":35,"turns":4},{"damage":0,"enemies":"3 Shapes","floor":38,"turns":2},{"damage":0,"enemies":"Jaw Worm Horde","floor":39,"turns":4},{"damage":5,"enemies":"Giant Head","floor":40,"turns":9},{"damage":0,"enemies":"Reptomancer","floor":42,"turns":4},{"damage":0,"enemies":"Spire Growth","floor":44,"turns":2},{"damage":42,"enemies":"Nemesis","floor":46,"turns":11},{"damage":0,"enemies":"Sphere and 2 Shapes","floor":47,"turns":1},{"damage":16,"enemies":"Reptomancer","floor":48,"turns":6},{"damage":28,"enemies":"Time Eater","floor":50,"turns":12},{"damage":0,"enemies":"Donu and Deca","floor":51,"turns":1}],"seed_played":"3081030035796272955","potions_obtained":[{"floor":2,"key":"SkillPotion"},{"floor":7,"key":"Ancient Potion"},{"floor":13,"key":"Fruit Juice"},{"floor":14,"key":"Strength Potion"},{"floor":16,"key":"FairyPotion"},{"floor":18,"key":"DuplicationPotion"},{"floor":19,"key":"EssenceOfSteel"},{"floor":20,"key":"Fire Potion"},{"floor":24,"key":"FairyPotion"},{"floor":25,"key":"FearPotion"},{"floor":27,"key":"EntropicBrew"},{"floor":29,"key":"Strength Potion"},{"floor":30,"key":"AttackPotion"},{"floor":35,"key":"BottledMiracle"},{"floor":40,"key":"SteroidPotion"},{"floor":44,"key":"CultistPotion"},{"floor":46,"key":"PowerPotion"},{"floor":47,"key":"DuplicationPotion"}],"is_trial":true,"path_per_floor":["M","M","M","$","?","R","E","$","T","M","E","R","E","M","R","B",null,"M","?","M","$","M","R","E","M","T","E","R","M","M","$","R","B",null,"M","?","T","M","M","E","R","E","T","M","R","E","M","E","R","B","B"],"character_chosen":"WATCHER","items_purchased":["CloakClasp"],"campfire_rested":1,"item_purchase_floors":[31],"current_hp_per_floor":[50,50,44,44,44,44,24,24,24,36,35,35,32,42,42,42,61,64,67,67,67,40,40,39,32,32,42,42,35,45,45,45,31,58,56,56,56,56,56,66,66,66,66,71,71,46,46,42,65,49,74,74],"gold":414,"neow_bonus":"","is_daily":false,"chose_seed":false,"campfire_upgraded":7,"win_rate":0.0,"timestamp":1610295469,"path_taken":["M","M","M","$","?","R","E","$","T","M","E","R","E","M","R","BOSS","M","?","M","$","M","R","E","M","T","E","R","M","M","$","R","BOSS","M","?","?","?","M","E","R","E","T","M","R","E","M","E","R","BOSS","BOSS"],"items_purchased_type":["Relic"],"build_version":"2020-12-22","purchased_purges":3,"victory":false,"max_hp_per_floor":[68,68,68,68,62,62,62,62,62,62,62,62,62,67,67,67,67,67,67,67,67,67,67,67,67,67,67,67,67,67,67,67,67,67,67,67,67,67,67,77,77,77,77,77,77,77,77,77,77,77,77,77],"relic_stats":{"counters":[30,138],"Golden Idol":185,"Blue Candle":[0],"Bag of Preparation":[52],"CloakClasp":[369],"War Paint":["Sanctity","Defend_P"],"Mercury Hourglass":[125],"Centennial Puzzle":[27],"Nunchaku":[6],"Busted Crown":18,"Sundial":[28],"Ornamental Fan":[16],"Pantograph":37,"Snecko Eye":[294,286,272,298],"Black Star":6,"obtain_stats":[{"Bag of Preparation":9,"CloakClasp":31,"Ancient Tea Set":42,"Centennial Puzzle":26,"Nunchaku":42,"HornCleat":37,"Matryoshka":40,"Sundial":24,"Pantograph":46,"Red Mask":19,"Pear":40,"Golden Idol":5,"Blue Candle":46,"War Paint":27,"White Beast Statue":13,"Akabeko":27,"Mercury Hourglass":43,"Bottled Flame":48,"Busted Crown":34,"Ornamental Fan":48,"Snecko Eye":0,"Black Star":17,"Bag of Marbles":24,"Toy Ornithopter":11,"Meat on the Bone":7},{"Bag of Preparation":4,"CloakClasp":18,"Ancient Tea Set":24,"Centennial Puzzle":15,"Nunchaku":24,"HornCleat":20,"Matryoshka":23,"Sundial":14,"Pantograph":26,"Red Mask":11,"Pear":23,"Golden Idol":3,"Blue Candle":26,"War Paint":16,"White Beast Statue":7,"Akabeko":16,"Mercury Hourglass":24,"Bottled Flame":28,"Busted Crown":19,"Ornamental Fan":28,"Snecko Eye":0,"Black Star":9,"Bag of Marbles":14,"Toy Ornithopter":6,"Meat on the Bone":4},{"Bag of Preparation":18,"CloakClasp":73,"Ancient Tea Set":105,"Centennial Puzzle":62,"Nunchaku":105,"HornCleat":86,"Matryoshka":101,"Sundial":56,"Pantograph":118,"Red Mask":42,"Pear":101,"Golden Idol":12,"Blue Candle":118,"War Paint":66,"White Beast Statue":26,"Akabeko":66,"Mercury Hourglass":105,"Bottled Flame":125,"Busted Crown":82,"Ornamental Fan":125,"Snecko Eye":0,"Black Star":36,"Bag of Marbles":56,"Toy Ornithopter":22,"Meat on the Bone":18}],"Toy Ornithopter":58,"Meat on the Bone":144},"card_choices":[{"not_picked":["FlyingSleeves","Weave"],"picked":"BowlingBash","floor":1},{"not_picked":["Perseverance","CrushJoints"],"picked":"MentalFortress","floor":2},{"not_picked":["FollowUp","InnerPeace"],"picked":"EmptyFist","floor":3},{"not_picked":["Nirvana","SashWhip"],"picked":"WindmillStrike","floor":7},{"not_picked":["BattleHymn","FlurryOfBlows"],"picked":"CutThroughFate","floor":10},{"not_picked":["PathToVictory","Prostrate"],"picked":"Sanctity","floor":11},{"not_picked":["Meditate","Alpha"],"picked":"Scrawl","floor":13},{"not_picked":["ThirdEye","WreathOfFlame"],"picked":"TalkToTheHand","floor":14},{"not_picked":["Establishment","MasterReality"],"picked":"Scrawl","floor":16},{"not_picked":["Vengeance","FlurryOfBlows"],"picked":"CutThroughFate+1","floor":18},{"not_picked":["Evaluate","FlyingSleeves"],"picked":"EmptyMind+1","floor":19},{"not_picked":["LikeWater","ThirdEye","Prostrate"],"picked":"SKIP","floor":20},{"not_picked":["Evaluate","FlyingSleeves","CarveReality"],"picked":"SKIP","floor":22},{"not_picked":["Prostrate","DeusExMachina"],"picked":"Protect","floor":24},{"not_picked":["FollowUp","SashWhip","Perseverance"],"picked":"SKIP","floor":25},{"not_picked":["Nirvana","ThirdEye","BattleHymn"],"picked":"SKIP","floor":27},{"not_picked":["Protect","BowlingBash","FlyingSleeves"],"picked":"SKIP","floor":29},{"not_picked":["ClearTheMind","Crescendo","BowlingBash"],"picked":"SKIP","floor":30},{"not_picked":["Vault","Devotion"],"picked":"LessonLearned","floor":33},{"not_picked":["Consecrate"],"picked":"SKIP","floor":35},{"not_picked":[],"picked":"DeceiveReality+1","floor":38},{"not_picked":["Halt+1"],"picked":"SKIP","floor":39},{"not_picked":[],"picked":"LikeWater+1","floor":40},{"not_picked":["WaveOfTheHand"],"picked":"SKIP","floor":42},{"not_picked":["CrushJoints"],"picked":"SKIP","floor":44},{"not_picked":["SignatureMove+1"],"picked":"SKIP","floor":46},{"not_picked":["Weave"],"picked":"SKIP","floor":47},{"not_picked":["LessonLearned"],"picked":"SKIP","floor":48}],"player_experience":1200208,"relics_obtained":[{"floor":7,"key":"Meat on the Bone"},{"floor":9,"key":"Bag of Preparation"},{"floor":11,"key":"Toy Ornithopter"},{"floor":13,"key":"White Beast Statue"},{"floor":19,"key":"Red Mask"},{"floor":24,"key":"Sundial"},{"floor":24,"key":"Bag of Marbles"},{"floor":26,"key":"Centennial Puzzle"},{"floor":27,"key":"Akabeko"},{"floor":27,"key":"War Paint"},{"floor":37,"key":"HornCleat"},{"floor":40,"key":"Matryoshka"},{"floor":40,"key":"Pear"},{"floor":42,"key":"Nunchaku"},{"floor":42,"key":"Ancient Tea Set"},{"floor":43,"key":"Mercury Hourglass"},{"floor":46,"key":"Blue Candle"},{"floor":46,"key":"Pantograph"},{"floor":48,"key":"Ornamental Fan"},{"floor":48,"key":"Bottled Flame"}],"event_choices":[{"damage_healed":0,"gold_gain":0,"player_choice":"Lose Max HP","damage_taken":0,"relics_obtained":["Golden Idol"],"max_hp_gain":0,"max_hp_loss":6,"event_name":"Golden Idol","floor":5,"gold_loss":0},{"damage_healed":0,"gold_gain":0,"player_choice":"Fought Bandits","damage_taken":0,"max_hp_gain":0,"max_hp_loss":0,"event_name":"Masked Bandits","floor":19,"gold_loss":0},{"cards_removed":["Sanctity"],"damage_healed":0,"gold_gain":0,"player_choice":"Removed Skill","damage_taken":0,"max_hp_gain":0,"max_hp_loss":0,"event_name":"Falling","floor":36,"gold_loss":0}],"is_beta":false,"boss_relics":[{"not_picked":["Tiny House","Sozu"],"picked":"Black Star"},{"not_picked":["Runic Pyramid","Calling Bell"],"picked":"Busted Crown"}],"items_purged_floors":[4,8,21],"is_endless":false,"potions_floor_spawned":[2,7,13,14,16,18,19,20,22,24,25,27,29,30,33,35,38,39,40,42,44,46,47,48],"killed_by":"Donu and Deca","ascension_level":20}}