{"host":"wonp23fsqqcu31ie","time":1610261049,"event":{"mods":["2.2 Compatiblity","AchievementEnabler","Aspiration","BaseMod","Bestiary","Better Altar","Better Match","Better Sensory Stone","Better Skull","Better Third Choice","BetterRewards","Block Reminder","Colored Map","Colored Powertips","Conspire","Curses Come First","DeckTracker","Displayed Cursed Tome","Downfall","Evolution","Hermit","Highlight Path","Hubris","Marisa????????","Minty Spire (QoL Compilation)","Permanent Neow","Prisma Mod","Quick Restart","Rare Cards Sparkle","Relic Stats","Replay The Spire","Robot Space Explorer","Shade Mod","Shop Mod","StSLib","SuperFastMode","The Animator","The Bug Knight","The Construct","The Cursed","The Dragon Tamer","The Gatherer","The Marked","The Necromancer","The Runesmith","The Servant 0.9.4"],"gold_per_floor":[124,135,210,210,6,50,50,100,148,148,148,15,17,50,50,161,161,183,183,207,207,243,333,360,441,466,573,137,177,30,46,46,152,177,202,219,115,140,188,270,270,360,386,386,433,27,106,123,123,131,131,131,2,109,113,113],"floor_reached":55,"playtime":1962,"items_purged":[],"score":1282,"play_id":"4981114c-856b-438c-b695-f5da2a73bcfd","local_time":"20210110174409","is_ascension_mode":true,"campfire_choices":[{"floor":7,"key":"REST"},{"floor":11,"key":"REST"},{"data":"animator:RinTohsaka","floor":15,"key":"SMITH"},{"data":"animator:Shizu","floor":32,"key":"SMITH"},{"floor":49,"key":"RECALL"},{"data":"animator:Saitama","floor":52,"key":"SMITH"}],"circlet_count":0,"master_deck":["animator:Strike_Fate+1","animator:Defend_Fate+1","animator:Strike+1","animator:Strike+1","animator:Strike+1","animator:Defend+1","animator:Defend+1","animator:Defend+1","animator:Alexander","animator:Rider","animator:Darkness+1","animator:Ciel","animator:Ain","animator:Shuna","animator:Chris","animator:Lancer","Hallucinations","animator:Lancer","hubris:Wrath","animator:RoyMustang","animator:Archer","animator:RinTohsaka+1","animator:Saitama+1","animator:Megumin+5","animator:Gilgamesh+16","animator:ShinjiMatou","animator:Chung","animator:Rimuru","animator:SakuraMatou","animator:Shizu+1","animator:Illya+1","animator:Eve+1","animator:Aqua+1","animator:Verdia+1","animator:GazelDwargon+1","animator:Canti","animator:Canti","animator:Ara","animator:ElricEdward+1","animator:Kazuma+1"],"relics":["animator:LivingPicture","animator:TheMissingPiece","EVO:Axolotl","Champion Belt","Sling","MerchantsRug","Simple Rune","Replay:Wax Seal","Ring of Peace","Ring of Misfortune","Tiny Chest","ReplayTheSpireMod:CursedCoin","Garlic","Black Star","Ginger","MealTicket","Gremlin Horn","Omamori","conspire:DecoderRing","Iron Hammer","hubris:GlazedTorus","Blue Doll","aspiration:PoetsPen_weak","hubris:Towel","Replay:Rubber Ducky","Mirror","White Beast Statue","Toy Ornithopter","hubris:MedicalManual","aspiration:Nostalgia","m_RuneBlood","Bronze Scales","hubris:Reverence","Pear"],"acts_visited":["Exordium","TheCity","TheBeyond","TheEnding"],"potions_floor_usage":[16,18,23,23,23,50,50,50,54,55,55],"damage_taken":[{"damage":5,"enemies":"Jaw Worm","floor":1,"turns":5},{"damage":0,"enemies":"conspire:RoseBush","floor":2,"turns":4},{"damage":22,"enemies":"HollowMod:MossKnight","floor":6,"turns":12},{"damage":3,"enemies":"Replay:BlueRogue","floor":8,"turns":5},{"damage":1,"enemies":"Lagavulin","floor":14,"turns":6},{"damage":0,"enemies":"Slime Boss","floor":16,"turns":8},{"damage":29,"enemies":"conspire:FuzzyDice","floor":18,"turns":7},{"damage":0,"enemies":"Chosen and Byrds","floor":20,"turns":8},{"damage":0,"enemies":"Shelled Parasite and Fungi","floor":22,"turns":8},{"damage":0,"enemies":"animator:HornedBat","floor":23,"turns":6},{"damage":0,"enemies":"Snake Plant","floor":24,"turns":5},{"damage":0,"enemies":"conspire:Head Lice","floor":25,"turns":4},{"damage":0,"enemies":"Snecko","floor":29,"turns":4},{"damage":14,"enemies":"Shelled Parasite and Fungi","floor":31,"turns":5},{"damage":16,"enemies":"Pondfish","floor":33,"turns":9},{"damage":12,"enemies":"3 Darklings","floor":35,"turns":5},{"damage":0,"enemies":"3 Shapes","floor":36,"turns":3},{"damage":11,"enemies":"Giant Head","floor":40,"turns":6},{"damage":0,"enemies":"Nemesis","floor":42,"turns":8},{"damage":0,"enemies":"Transient","floor":45,"turns":5},{"damage":0,"enemies":"4 Shapes","floor":48,"turns":5},{"damage":13,"enemies":"hubris:GrandSnecko","floor":50,"turns":10},{"damage":10,"enemies":"Shield and Spear","floor":54,"turns":4},{"damage":113,"enemies":"The Heart","floor":55,"turns":8}],"seed_played":"-1522591161529551989","potions_obtained":[{"floor":2,"key":"sneckomod:MuddlingPotion"},{"floor":6,"key":"Block Potion"},{"floor":14,"key":"EssenceOfSteel"},{"floor":16,"key":"Dexterity Potion"},{"floor":18,"key":"SkillPotion"},{"floor":21,"key":"ColorlessPotion"},{"floor":21,"key":"EssenceOfSteel"},{"floor":24,"key":"Elixir"},{"floor":25,"key":"SpeedPotion"},{"floor":35,"key":"SteroidPotion"},{"floor":40,"key":"Dexterity Potion"},{"floor":42,"key":"EssenceOfSteel"},{"floor":54,"key":"Explosive Potion"}],"is_trial":false,"path_per_floor":["M","M","?","?","$","E","R","E","T","?","R","$","$","E","R","B",null,"M","?","M","?","M","E","M","E","T","T","$","M","$","M","R","B",null,"M","M","$","?","T","E","?","E","T","?","M","$","T","M","R","B",null,"R","$","E","B"],"character_chosen":"THE_ANIMATOR","items_purchased":["Mango","Sling","animator:Darkness","MerchantsRug","animator:Shuna","Tiny Chest","animator:Lancer","ReplayTheSpireMod:CursedCoin","animator:RoyMustang","animator:Archer","hubris:GlazedTorus","Blue Doll","animator:Shizu","animator:GazelDwargon+1","animator:Canti","hubris:MedicalManual","aspiration:Nostalgia","ColorlessPotion","animator:FalseLifePotion"],"campfire_rested":2,"item_purchase_floors":[0,0,0,5,5,12,12,13,13,13,28,28,30,37,37,46,46,53,53],"current_hp_per_floor":[50,51,40,40,40,18,42,46,46,46,72,72,72,72,72,72,89,61,61,61,61,61,62,62,62,62,62,77,77,91,79,79,69,94,82,83,95,95,95,84,84,87,87,87,91,95,95,95,95,89,95,95,95,98,0,0],"gold":113,"neow_bonus":"","is_daily":false,"chose_seed":false,"campfire_upgraded":3,"win_rate":0.0,"timestamp":1610261049,"path_taken":["M","M","?","?","$","E","R","E","T","?","R","?","$","E","R","BOSS","M","?","M","?","M","E","?","E","T","?","?","M","$","M","R","BOSS","M","?","$","?","?","E","?","E","T","?","M","?","?","M","R","BOSS","R","$","E","BOSS"],"items_purchased_type":["Relic","Relic","Card","Relic","Card","Relic","Card","Relic","Card","Card","Relic","Relic","Card","Card","Card","Relic","Relic","Potion","Potion"],"build_version":"2020-12-22","purchased_purges":0,"victory":false,"max_hp_per_floor":[80,81,81,81,81,81,81,88,88,88,88,88,88,89,89,89,89,90,90,90,90,90,91,91,91,91,91,91,91,91,93,93,94,94,94,95,95,95,95,95,95,95,95,95,95,95,95,95,95,95,95,95,95,105,105,105],"relic_stats":{"Gremlin Horn":[11,11],"counters":[65,350],"Bronze Scales":[142],"Tiny Chest":3,"MealTicket":45,"Black Star":5,"Champion Belt":[41],"Ginger":[50],"obtain_stats":[{"Golden Egg":3,"Gremlin Horn":25,"Vajra":43,"aspiration:PoetsPen_weak":34,"EVO:Axolotl":12,"Ginger":23,"Sling":0,"Replay:Ringing Soul":9,"Strawberry":8,"conspire:DecoderRing":26,"MealTicket":23,"Iron Hammer":27,"Replay:Wax Seal":9,"MerchantsRug":20,"Pear":54,"ReplayTheSpireMod:CursedCoin":13,"aspiration:Nostalgia":46,"aspiration:HiddenCompartment":42,"Replay:Baseball":42,"Bronze Scales":47,"aspiration:ServantSkillbook":17,"Simple Rune":6,"Mark of Pain":17,"Black Star":17,"CatCart":41,"Mirror":40,"hubris:Reverence":54,"ReplayFunnel":4,"Lantern":39,"animator:TheMissingPiece":0,"Mango":0,"Blue Doll":28,"hubris:SlimyHat":13,"Replay:Rubber Ducky":7,"hubris:Icosahedron":19,"Mummified Hand":9,"Ring of Peace":10,"Tiny Chest":12,"Chemical X":20,"animator:VividPicture":34,"hubris:GlazedTorus":28,"Potion Belt":27,"Lee\u0027s Waffle":39,"PreservedInsect":21,"hubris:MedicalManual":46,"Omamori":0,"hubris:Towel":38,"White Beast Statue":40,"Bloody Idol":29,"Ring of Misfortune":10,"animator:LivingPicture":0,"Bag of Marbles":10,"Garlic":14,"Champion Belt":0,"Toy Ornithopter":42,"m_RuneBlood":46},{"Golden Egg":17,"Gremlin Horn":53,"Vajra":36,"aspiration:PoetsPen_weak":56,"EVO:Axolotl":45,"Ginger":51,"Sling":41,"Replay:Ringing Soul":4,"Strawberry":45,"conspire:DecoderRing":53,"MealTicket":51,"Iron Hammer":53,"Replay:Wax Seal":45,"MerchantsRug":11,"Pear":64,"ReplayTheSpireMod:CursedCoin":45,"aspiration:Nostalgia":61,"aspiration:HiddenCompartment":36,"Replay:Baseball":60,"Bronze Scales":61,"aspiration:ServantSkillbook":25,"Simple Rune":44,"Mark of Pain":9,"Black Star":47,"CatCart":35,"Mirror":59,"hubris:Reverence":64,"ReplayFunnel":17,"Lantern":34,"animator:TheMissingPiece":0,"Mango":41,"Blue Doll":53,"hubris:SlimyHat":23,"Replay:Rubber Ducky":4,"hubris:Icosahedron":26,"Mummified Hand":20,"Ring of Peace":45,"Tiny Chest":45,"Chemical X":26,"animator:VividPicture":31,"hubris:GlazedTorus":53,"Potion Belt":28,"Lee\u0027s Waffle":34,"PreservedInsect":11,"hubris:MedicalManual":61,"Omamori":15,"hubris:Towel":58,"White Beast Statue":59,"Bloody Idol":13,"Ring of Misfortune":45,"animator:LivingPicture":0,"Bag of Marbles":5,"Garlic":46,"Champion Belt":41,"Toy Ornithopter":60,"m_RuneBlood":61},{"Golden Egg":85,"Gremlin Horn":278,"Vajra":176,"aspiration:PoetsPen_weak":296,"EVO:Axolotl":226,"Ginger":269,"Sling":200,"Replay:Ringing Soul":20,"Strawberry":226,"conspire:DecoderRing":278,"MealTicket":269,"Iron Hammer":278,"Replay:Wax Seal":226,"MerchantsRug":53,"Pear":342,"ReplayTheSpireMod:CursedCoin":226,"aspiration:Nostalgia":323,"aspiration:HiddenCompartment":176,"Replay:Baseball":318,"Bronze Scales":323,"aspiration:ServantSkillbook":123,"Simple Rune":221,"Mark of Pain":45,"Black Star":240,"CatCart":168,"Mirror":310,"hubris:Reverence":342,"ReplayFunnel":85,"Lantern":159,"animator:TheMissingPiece":0,"Mango":200,"Blue Doll":278,"hubris:SlimyHat":111,"Replay:Rubber Ducky":20,"hubris:Icosahedron":127,"Mummified Hand":96,"Ring of Peace":226,"Tiny Chest":226,"Chemical X":127,"animator:VividPicture":145,"hubris:GlazedTorus":278,"Potion Belt":134,"Lee\u0027s Waffle":159,"PreservedInsect":53,"hubris:MedicalManual":323,"Omamori":73,"hubris:Towel":304,"White Beast Statue":310,"Bloody Idol":61,"Ring of Misfortune":226,"animator:LivingPicture":0,"Bag of Marbles":25,"Garlic":232,"Champion Belt":200,"Toy Ornithopter":318,"m_RuneBlood":323}],"Toy Ornithopter":7},"card_choices":[{"not_picked":["animator:Shuna","animator:Genos"],"picked":"animator:Ciel","floor":1},{"not_picked":["animator:ElricEdward","animator:Kaijin"],"picked":"animator:Ain","floor":2},{"not_picked":["animator:Rider","animator:Ara"],"picked":"animator:Chris","floor":6},{"not_picked":["animator:Caster","animator:Illya"],"picked":"animator:Lancer","floor":8},{"not_picked":["animator:Rena","animator:Lancer"],"picked":"animator:RinTohsaka","floor":14},{"not_picked":["animator:Boros","animator:Father"],"picked":"animator:Saitama","floor":16},{"not_picked":["animator:Ain","animator:Lancer"],"picked":"animator:Megumin","floor":18},{"not_picked":["animator:Azekura+1","animator:Rider","animator:Melzalgald"],"picked":"SKIP","floor":20},{"not_picked":["animator:EmiyaShirou","animator:Rider"],"picked":"animator:Gilgamesh","floor":22},{"not_picked":["animator:Lancer","animator:Shion"],"picked":"animator:ShinjiMatou","floor":23},{"not_picked":["animator:Alexander+1","animator:ShinjiMatou"],"picked":"animator:Chung","floor":24},{"not_picked":["animator:Emonzaemon","animator:Kaijin"],"picked":"animator:Rimuru","floor":25},{"not_picked":["animator:Caster","animator:ShinjiMatou"],"picked":"animator:SakuraMatou","floor":29},{"not_picked":["animator:Boros","animator:Ain"],"picked":"animator:Illya+1","floor":31},{"not_picked":["animator:Rimuru","animator:Greed"],"picked":"animator:Eve","floor":33},{"not_picked":["animator:ElricEdward","animator:Rider"],"picked":"animator:Aqua+1","floor":35},{"not_picked":["animator:Ciel","animator:Genos"],"picked":"animator:Verdia+1","floor":36},{"not_picked":["animator:Hakurou+1","animator:WinryRockbell","animator:Chung"],"picked":"SKIP","floor":40},{"not_picked":["animator:TsurugaMeisai","animator:SakuraMatou","animator:Rider+1"],"picked":"SKIP","floor":42},{"not_picked":["animator:MaesHughes+1","animator:Genos+1"],"picked":"animator:Ara","floor":45},{"not_picked":["animator:Vesta+1","Runesmith:Grindstone"],"picked":"animator:ElricEdward+1","floor":48},{"not_picked":["animator:GazelDwargon","animator:Archer"],"picked":"animator:Kazuma+1","floor":54}],"player_experience":492297,"relics_obtained":[{"floor":6,"key":"Simple Rune"},{"floor":8,"key":"Strawberry"},{"floor":9,"key":"Replay:Wax Seal"},{"floor":10,"key":"Ring of Peace"},{"floor":10,"key":"Ring of Misfortune"},{"floor":14,"key":"Garlic"},{"floor":23,"key":"Ginger"},{"floor":23,"key":"MealTicket"},{"floor":25,"key":"Gremlin Horn"},{"floor":25,"key":"Omamori"},{"floor":26,"key":"conspire:DecoderRing"},{"floor":27,"key":"Iron Hammer"},{"floor":39,"key":"Replay:Rubber Ducky"},{"floor":40,"key":"Mirror"},{"floor":40,"key":"White Beast Statue"},{"floor":42,"key":"Toy Ornithopter"},{"floor":42,"key":"Replay:Baseball"},{"floor":47,"key":"Bronze Scales"},{"floor":54,"key":"hubris:Reverence"},{"floor":54,"key":"Pear"}],"event_choices":[{"damage_healed":0,"gold_gain":75,"player_choice":"Gold","damage_taken":11,"max_hp_gain":0,"max_hp_loss":0,"event_name":"betterThird:BetterGoop","floor":3,"gold_loss":0},{"damage_healed":0,"gold_gain":0,"player_choice":"Grow","damage_taken":0,"max_hp_gain":0,"max_hp_loss":0,"event_name":"Living Wall","floor":4,"gold_loss":0,"cards_upgraded":["animator:Darkness"]},{"damage_healed":0,"gold_gain":0,"player_choice":"Simplicity","damage_taken":0,"max_hp_gain":0,"max_hp_loss":6,"event_name":"betterThird:BetterWriting","floor":19,"gold_loss":0},{"damage_healed":0,"gold_gain":0,"player_choice":"Got Potions","damage_taken":0,"max_hp_gain":0,"max_hp_loss":0,"event_name":"Lab","floor":21,"gold_loss":0},{"damage_healed":0,"gold_gain":0,"player_choice":"Ignored","damage_taken":0,"max_hp_gain":0,"max_hp_loss":0,"event_name":"Tomb of Lord Red Mask","floor":44,"gold_loss":0}],"is_beta":false,"boss_relics":[{"not_picked":["Philosopher\u0027s Stone","hubris:Stopwatch"],"picked":"Black Star"},{"not_picked":["Kintsugi","Fusion Hammer"],"picked":"aspiration:PoetsPen_weak"}],"items_purged_floors":[],"is_endless":false,"potions_floor_spawned":[2,6,14,16,18,24,25,35,40,42,45,48,54],"killed_by":"The Heart","ascension_level":1}}