{"host":"yuoancq4cku3x8wq","time":1610264220,"event":{"mods":["AchievementEnabler","BaseMod","Minty Spire (QoL Compilation)","Quick Restart","StSLib","SuperFastMode"],"gold_per_floor":[114,39,39,54,54,84,84,99,124,124,139,147,162,192,192,292,292,307,307,406,421,436,436,466,481,506,506,506,521,551,301,301,401,401,416,431,431,446,461,491,491,366,366,396,396,36,36,51,51,51],"floor_reached":51,"playtime":1794,"items_purged":["Defend_P","Defend_P","Strike_P","Strike_P"],"score":855,"play_id":"e334fbda-7ef6-4515-99da-4993e7b53c8a","local_time":"20210110153700","daily_mods":["Specialized","Diverse","Night Terrors"],"is_ascension_mode":false,"campfire_choices":[{"data":"Eruption","floor":7.0,"key":"SMITH"},{"data":"SashWhip","floor":10.0,"key":"SMITH"},{"data":"ReachHeaven","floor":15.0,"key":"SMITH"},{"data":"Feed","floor":23.0,"key":"SMITH"},{"data":"Wraith Form v2","floor":27.0,"key":"SMITH"},{"data":"Sunder","floor":32.0,"key":"SMITH"},{"data":"Apotheosis","floor":41,"key":"SMITH"},{"data":"Buffer","floor":45,"key":"SMITH"},{"floor":49,"key":"REST"}],"circlet_count":0,"master_deck":["Strike_P","Strike_P","Defend_P","Defend_P","Eruption+1","Vigilance","Accuracy","Accuracy","Accuracy","Accuracy","SashWhip+1","ReachHeaven+1","Buffer+1","Feed+1","Sunder+1","Skim","Seeing Red","Wraith Form v2+1","Ghostly","Ghostly","Ghostly","Ghostly","Ghostly","DevaForm","Apotheosis+1","Battle Trance","Offering","Second Wind"],"relics":["PureWater","Mummified Hand","Pear","Strawberry","Odd Mushroom","Boot","Runic Pyramid","Bag of Marbles","Vajra","Omamori","Lantern","SacredBark","Anchor","Blood Vial","The Courier","MealTicket","Damaru","Centennial Puzzle"],"acts_visited":["Exordium","TheCity","TheBeyond"],"potions_floor_usage":[39],"damage_taken":[{"damage":0.0,"enemies":"2 Louse","floor":1.0,"turns":2.0},{"damage":12.0,"enemies":"Cultist","floor":4.0,"turns":3.0},{"damage":18.0,"enemies":"Lagavulin","floor":6.0,"turns":5.0},{"damage":0.0,"enemies":"Small Slimes","floor":8.0,"turns":3.0},{"damage":2.0,"enemies":"2 Fungi Beasts","floor":11.0,"turns":2.0},{"damage":14.0,"enemies":"The Mushroom Lair","floor":12.0,"turns":4.0},{"damage":6.0,"enemies":"3 Louse","floor":13.0,"turns":4.0},{"damage":9.0,"enemies":"Gremlin Nob","floor":14.0,"turns":3.0},{"damage":0.0,"enemies":"Slime Boss","floor":16.0,"turns":6.0},{"damage":15.0,"enemies":"2 Thieves","floor":18.0,"turns":3.0},{"damage":0.0,"enemies":"Chosen","floor":21.0,"turns":5.0},{"damage":14.0,"enemies":"Snake Plant","floor":22.0,"turns":2.0},{"damage":23.0,"enemies":"Slavers","floor":24.0,"turns":4.0},{"damage":0.0,"enemies":"Cultist and Chosen","floor":25.0,"turns":4.0},{"damage":3.0,"enemies":"Centurion and Healer","floor":29.0,"turns":4.0},{"damage":4.0,"enemies":"Book of Stabbing","floor":30.0,"turns":5.0},{"damage":3.0,"enemies":"Collector","floor":33.0,"turns":9.0},{"damage":1.0,"enemies":"3 Darklings","floor":35.0,"turns":5.0},{"damage":1.0,"enemies":"3 Shapes","floor":36.0,"turns":4.0},{"damage":2.0,"enemies":"Spire Growth","floor":38.0,"turns":5.0},{"damage":0,"enemies":"Sphere and 2 Shapes","floor":39,"turns":3},{"damage":4,"enemies":"Giant Head","floor":40,"turns":10},{"damage":9,"enemies":"Nemesis","floor":44,"turns":7},{"damage":0,"enemies":"3 Darklings","floor":48,"turns":4},{"damage":18,"enemies":"Awakened One","floor":50,"turns":10}],"seed_played":"-956745095108410897","potions_obtained":[{"floor":1.0,"key":"Fire Potion"},{"floor":8.0,"key":"SkillPotion"},{"floor":13.0,"key":"Dexterity Potion"},{"floor":14.0,"key":"Explosive Potion"},{"floor":16.0,"key":"Weak Potion"},{"floor":22.0,"key":"GamblersBrew"},{"floor":24.0,"key":"SneckoOil"},{"floor":25.0,"key":"ColorlessPotion"},{"floor":35.0,"key":"BottledMiracle"},{"floor":36.0,"key":"Energy Potion"},{"floor":39,"key":"StancePotion"}],"is_trial":false,"path_per_floor":["M","$","?","M","?","E","R","M","T","R","M","?","M","E","R","B",null,"M","?","?","M","M","R","E","M","T","R","?","M","E","$","R","B",null,"M","M","?","M","M","E","R","$","T","E","R","$","?","M","R","B",null],"character_chosen":"WATCHER","items_purchased":["Lantern","MealTicket","Damaru"],"campfire_rested":1,"item_purchase_floors":[31,46,46],"current_hp_per_floor":[72,72,72,60,53,45,45,45,52,52,50,36,30,21,21,21,89,77,77,77,80,66,66,47,51,51,51,51,52,52,52,52,53,63,62,65,55,57,61,61,61,61,61,58,58,58,58,64,82,68],"gold":51,"neow_bonus":"","is_daily":true,"chose_seed":false,"campfire_upgraded":8,"win_rate":0.0,"timestamp":1610264220,"path_taken":["M","$","?","?","?","E","R","M","T","R","M","?","M","E","R","BOSS","M","?","?","M","M","R","E","M","T","R","?","M","E","$","R","BOSS","M","M","?","M","M","E","R","$","T","E","R","$","?","?","R","BOSS"],"items_purchased_type":["Relic","Relic","Relic"],"build_version":"2020-12-22","purchased_purges":4,"victory":true,"max_hp_per_floor":[72,72,72,72,72,82,82,82,89,89,89,89,89,89,89,89,89,92,92,92,95,95,95,99,103,103,103,51,55,59,59,59,63,63,63,67,67,71,75,79,79,79,79,83,83,83,83,87,82,86],"card_choices":[{"not_picked":["Finisher","Flechettes","Clothesline"],"picked":"SKIP","floor":1.0},{"not_picked":["Bane","Footwork","Perfected Strike"],"picked":"SKIP","floor":4.0},{"not_picked":["Halt","Conserve Battery","Wild Strike"],"picked":"SKIP","floor":6.0},{"not_picked":["SashWhip","EmptyBody","Intimidate"],"picked":"SKIP","floor":8.0},{"not_picked":["EmptyBody","Intimidate"],"picked":"SashWhip","floor":8.0},{"not_picked":["Underhanded Strike","Noxious Fumes"],"picked":"ReachHeaven","floor":11.0},{"not_picked":["Worship","Doom and Gloom","Reckless Charge"],"picked":"SKIP","floor":13.0},{"not_picked":["Meditate","Storm"],"picked":"Buffer","floor":14.0},{"not_picked":["Double Tap","Reaper"],"picked":"Feed","floor":16.0},{"not_picked":["Dagger Throw","FlyingSleeves"],"picked":"Sunder","floor":18.0},{"not_picked":["EmptyMind","Leg Sweep","Iron Wave"],"picked":"SKIP","floor":21.0},{"not_picked":["FollowUp+1","Body Slam"],"picked":"Seeing Red","floor":22.0},{"not_picked":["PiercingWail","Catalyst+1"],"picked":"Wraith Form v2","floor":24.0},{"not_picked":["JustLucky","Turbo","CrushJoints"],"picked":"SKIP","floor":25.0},{"not_picked":["Cleave+1","Hemokinesis+1","Wild Strike+1"],"picked":"SKIP","floor":29.0},{"not_picked":["Swivel","SignatureMove+1","Distraction"],"picked":"SKIP","floor":30.0},{"not_picked":["Berserk","Core Surge"],"picked":"DevaForm","floor":33.0},{"not_picked":["BootSequence+1","Pommel Strike","Quick Slash"],"picked":"SKIP","floor":35.0},{"not_picked":["Tempest","Chill","FlurryOfBlows+1"],"picked":"SKIP","floor":36.0},{"not_picked":["Trip","Forethought"],"picked":"Apotheosis","floor":37.0},{"not_picked":["Outmaneuver","Setup+1","Conserve Battery"],"picked":"SKIP","floor":38.0},{"not_picked":["Deadly Poison","FlurryOfBlows"],"picked":"Battle Trance","floor":39},{"not_picked":["Swivel","Vault"],"picked":"Offering","floor":40},{"not_picked":["WindmillStrike","LikeWater+1"],"picked":"Second Wind","floor":44},{"not_picked":["Havoc+1","Evaluate+1","Outmaneuver"],"picked":"SKIP","floor":48}],"player_experience":257755,"relics_obtained":[{"floor":6.0,"key":"Pear"},{"floor":9.0,"key":"Strawberry"},{"floor":12.0,"key":"Odd Mushroom"},{"floor":14.0,"key":"Boot"},{"floor":24.0,"key":"Bag of Marbles"},{"floor":26.0,"key":"Vajra"},{"floor":30.0,"key":"Omamori"},{"floor":40,"key":"Anchor"},{"floor":43,"key":"Blood Vial"},{"floor":44,"key":"The Courier"}],"event_choices":[{"cards_removed":["Accuracy"],"damage_healed":0.0,"max_hp_gain":0.0,"max_hp_loss":0.0,"gold_gain":0.0,"event_name":"Bonfire Elementals","player_choice":"Offered Uncommon","floor":3.0,"gold_loss":0.0,"damage_taken":0.0},{"damage_healed":0.0,"max_hp_gain":0.0,"max_hp_loss":0.0,"gold_gain":0.0,"event_name":"Scrap Ooze","player_choice":"Success","floor":5.0,"gold_loss":0.0,"damage_taken":7.0,"relics_obtained":["Mummified Hand"]},{"damage_healed":0.0,"max_hp_gain":0.0,"max_hp_loss":0.0,"gold_gain":0.0,"event_name":"Mushrooms","player_choice":"Fought Mushrooms","floor":12.0,"gold_loss":0.0,"damage_taken":0.0},{"damage_healed":0.0,"max_hp_gain":0.0,"max_hp_loss":0.0,"gold_gain":0.0,"event_name":"The Library","player_choice":"Read","floor":19.0,"gold_loss":0.0,"damage_taken":0.0,"cards_obtained":["Skim"]},{"damage_healed":0.0,"max_hp_gain":0.0,"max_hp_loss":0.0,"gold_gain":99.0,"event_name":"Nest","player_choice":"Stole From Cult","floor":20.0,"gold_loss":0.0,"damage_taken":0.0},{"damage_healed":0.0,"max_hp_gain":0.0,"max_hp_loss":52.0,"gold_gain":0.0,"event_name":"Ghosts","player_choice":"Became a Ghost","floor":28.0,"gold_loss":0.0,"damage_taken":0.0,"cards_obtained":["Ghostly","Ghostly","Ghostly","Ghostly","Ghostly"]},{"damage_healed":0.0,"max_hp_gain":0.0,"max_hp_loss":0.0,"gold_gain":0.0,"event_name":"SensoryStone","player_choice":"Memory 3","floor":37.0,"gold_loss":0.0,"damage_taken":10.0},{"damage_healed":0,"gold_gain":0,"player_choice":"Gave Potion","damage_taken":0,"relics_obtained":["Centennial Puzzle"],"max_hp_gain":0,"max_hp_loss":0,"event_name":"WeMeetAgain","floor":47,"gold_loss":0}],"is_beta":false,"boss_relics":[{"not_picked":["Fusion Hammer","Velvet Choker"],"picked":"Runic Pyramid"},{"not_picked":["Snecko Eye","Pandora\u0027s Box"],"picked":"SacredBark"}],"items_purged_floors":[2,31,42,46],"is_endless":false,"potions_floor_spawned":[1,8,13,14,16,22,24,25,29,35,36,39,40],"ascension_level":0}}