{"host":"z9grmtg2w0nmz8n1","time":1610281578,"event":{"mods":["Aspiration","Bard","BaseMod","Beaked The Cultist","Better Altar","Better Match","Better Note","Better Sensory Stone","Better Skull","Better Third Choice","BetterRewards","CCEM","Colored Map","Conspire","Downfall","GifTheSpireLib","Googly Eyes","Halation","Hermit","Highlight Path","Hubris","Hunter ??","Jedi Mod","Jorbs\u0027s Wanderer Trilogy","Mad Scientist","Marisa????????","Minty Spire (QoL Compilation)","Permanent Neow","Replay The Spire","Shade Mod","Shop Mod","Spicy Shops","StSLib","Stuff the Spire","The Bug Knight","The Construct","The Necromancer","The Runesmith","The Witch"],"gold_per_floor":[117,117,117,1,1,36,36,36,63,63,81,121,142,292,292,421,421,435,435,335,360,88,228,247,272,322,322,496,496,164,297,297,428,428,450,450,450,450,58,221,57,57,57,57,218,245,108,130,130,148,148],"floor_reached":50,"playtime":2412,"items_purged":["Strike_B","Strike_B","Strike_B","Strike_B","Go for the Eyes","jedi:frostbite","CommonCold","Injury","CommonCold","Defend_B"],"score":779,"play_id":"6d96f294-4b44-441c-90b6-2d65ae9dfd61","local_time":"20210110102618","is_ascension_mode":true,"campfire_choices":[{"floor":7,"key":"RECALL"},{"data":"Zap","floor":15,"key":"SMITH"},{"data":"Static Discharge","floor":32,"key":"SMITH"},{"data":"Loop","floor":42,"key":"SMITH"},{"data":"Auto Shields","floor":44,"key":"SMITH"},{"data":"jedi:reiji","floor":49,"key":"SMITH"}],"circlet_count":0,"master_deck":["Defend_B","Defend_B","Defend_B","Zap+1","Dualcast","Static Discharge+1","StuffTheSpire:Plugnplay","jedi:reiji+1","FTL","Leap","Ball Lightning+1","Auto Shields+1","Loop+1","Ball Lightning+1","Leap","StuffTheSpire:Plugnplay+1","ReplayTheSpireMod:Splinters"],"relics":["Cracked Core","Juzu Bracelet","hubris:Towel","ReplayTheSpireMod:Ring of Collecting","halation:PinkSoulGem","Durian","ReplayTheSpireMod:Ring of Addiction","ReplayTheSpireMod:TigerMarble","White Beast Statue","Toy Ornithopter","Golden Idol","StuffTheSpire:TintedRock","aspiration:EmptySkull","hubris:CrackedHourglass","hubris:BallOfYels","Omamori","CCEMRelics:PorcelainBowl","Ring of Greed","Membership Card","Replay:Bandana","StuffTheSpire:CocoNut","aspiration:DSix","WarpedTongs","conspire:Dentures","Regal Pillow","jedi:paperlyon","halation:EternalFortune","DataDisk","ReplayTheSpireMod:Lightbulb","Replay:Baseball","ReplayTheSpireMod:Ring of Exchange","Smiling Mask","Orichalcum"],"acts_visited":["Exordium","TheCity","TheBeyond"],"potions_floor_usage":[6,12,12,14,14,16,23,28,31,33,40,50,50,50],"damage_taken":[{"damage":6,"enemies":"Jaw Worm","floor":1,"turns":4},{"damage":5,"enemies":"Lagavulin","floor":6,"turns":7},{"damage":5,"enemies":"2 Louse","floor":11,"turns":2},{"damage":23,"enemies":"Gremlin Nob","floor":12,"turns":4},{"damage":0,"enemies":"Small Slimes","floor":13,"turns":3},{"damage":10,"enemies":"3 Sentries","floor":14,"turns":5},{"damage":0,"enemies":"Hexaghost","floor":16,"turns":12},{"damage":1,"enemies":"conspire:FuzzyDice","floor":18,"turns":6},{"damage":6,"enemies":"3 Byrds","floor":21,"turns":4},{"damage":1,"enemies":"Book of Stabbing","floor":23,"turns":4},{"damage":0,"enemies":"Snake Plant","floor":24,"turns":2},{"damage":0,"enemies":"conspire:HollyBat","floor":25,"turns":5},{"damage":0,"enemies":"HollowMod:Nosk","floor":28,"turns":5},{"damage":15,"enemies":"Slavers","floor":31,"turns":3},{"damage":19,"enemies":"hubris:MusketHawk","floor":33,"turns":6},{"damage":0,"enemies":"3 Shapes","floor":35,"turns":1},{"damage":8,"enemies":"Giant Head","floor":40,"turns":6},{"damage":3,"enemies":"Nemesis","floor":45,"turns":3},{"damage":0,"enemies":"Orb Walker","floor":46,"turns":2},{"damage":0,"enemies":"Transient","floor":48,"turns":5},{"damage":88,"enemies":"conspire:OrnateMirror","floor":50,"turns":4}],"seed_played":"3881433330637234167","potions_obtained":[{"floor":1,"key":"BlessingOfTheForge"},{"floor":9,"key":"Death Potion"},{"floor":9,"key":"PowerPotion"},{"floor":9,"key":"BlessingOfTheForge"},{"floor":11,"key":"jedi:coolantleak"},{"floor":12,"key":"BlessingOfTheForge"},{"floor":13,"key":"FocusPotion"},{"floor":14,"key":"Weak Potion"},{"floor":16,"key":"Weak Potion"},{"floor":18,"key":"Swift Potion"},{"floor":23,"key":"SpeedPotion"},{"floor":24,"key":"Adrenaline Potion"},{"floor":25,"key":"jedi:StrikingPotion"},{"floor":28,"key":"jedi:wingpotion"},{"floor":31,"key":"Dexterity Potion"},{"floor":33,"key":"Fire Potion"},{"floor":35,"key":"Weak Potion"},{"floor":40,"key":"Regen Potion"},{"floor":46,"key":"AttackPotion"}],"is_trial":false,"path_per_floor":["M","?","?","$","?","E","R","$","T","?","M","E","M","E","R","B",null,"M","?","$","M","$","E","M","M","T","?","E","?","$","E","R","B",null,"M","?","?","?","$","E","$","R","T","R","E","M","$","M","R_BF","B"],"character_chosen":"DEFECT","items_purchased":["Static Discharge","Omamori","Loop","conspire:Dentures","DataDisk","ReplayTheSpireMod:Lightbulb","Leap","Orichalcum"],"campfire_rested":0,"item_purchase_floors":[4,22,30,30,39,39,41,47],"current_hp_per_floor":[69,69,69,69,69,69,69,69,69,69,64,51,51,51,51,56,74,73,58,58,52,52,56,56,56,63,63,68,68,68,58,58,44,75,75,78,76,72,72,62,62,62,62,62,59,59,59,59,59,0,0],"gold":148,"neow_bonus":"RANDOM_COMMON_RELIC","is_daily":false,"chose_seed":false,"campfire_upgraded":5,"win_rate":0.0,"timestamp":1610281578,"path_taken":["M","?","?","$","?","E","R","$","T","?","M","E","M","E","R","BOSS","M","?","$","M","$","E","M","M","T","?","E","?","$","E","R","BOSS","M","?","?","?","?","E","$","R","T","R","E","M","$","M","R_BF","BOSS"],"items_purchased_type":["Card","Relic","Card","Relic","Relic","Relic","Card","Relic"],"build_version":"2020-12-22","purchased_purges":10,"victory":false,"max_hp_per_floor":[75,75,75,75,75,80,80,80,80,74,74,74,74,74,74,74,74,74,74,72,72,72,70,70,70,77,75,75,75,75,75,75,75,75,75,78,76,72,72,70,70,70,70,68,68,68,66,66,66,64,64],"card_choices":[{"not_picked":["Reinforced Body","Turbo"],"picked":"Go for the Eyes","floor":1},{"not_picked":["Capacitor","Streamline"],"picked":"StuffTheSpire:Plugnplay","floor":6},{"not_picked":["Rebound","Stack"],"picked":"jedi:reiji","floor":11},{"not_picked":["ReplayTheSpireMod:Repulse","ReplayTheSpireMod:GoodbyeWorld"],"picked":"FTL","floor":12},{"not_picked":["Compile Driver","Rebound"],"picked":"Leap","floor":13},{"not_picked":["Fission","ReplayTheSpireMod:Omega Cannon","Hologram"],"picked":"SKIP","floor":14},{"not_picked":["StuffTheSpire:ForEach","All For One"],"picked":"Machine Learning","floor":16},{"not_picked":["Gash","Go for the Eyes"],"picked":"Ball Lightning+1","floor":18},{"not_picked":["Rebound","Stack"],"picked":"Auto Shields","floor":21},{"not_picked":["conspire:SharedLibrary","Doom and Gloom","jedi:BurstLightning"],"picked":"SKIP","floor":23},{"not_picked":["ReplayTheSpireMod:Dual Polarity+1","hubris:PowerSurge","jedi:BurstLightning+1"],"picked":"SKIP","floor":24},{"not_picked":["Coolheaded+1","Redo","StuffTheSpire:ShieldGenerator"],"picked":"SKIP","floor":25},{"not_picked":["Coolheaded+1","Compile Driver+1","Skim"],"picked":"SKIP","floor":28},{"not_picked":["Turbo","Coolheaded"],"picked":"Ball Lightning+1","floor":31},{"not_picked":["Go for the Eyes","Panic Button+1","ReplayTheSpireMod:System Scan"],"picked":"SKIP","floor":35},{"not_picked":["jedi:blockon","Barrage","Steam+1"],"picked":"SKIP","floor":40},{"not_picked":["Beam Cell","jedi:blockon","Sunder+1"],"picked":"SKIP","floor":45},{"not_picked":["BasicCrystalCard","Sunder+1","Steam"],"picked":"SKIP","floor":46},{"not_picked":["ReplayTheSpireMod:Reroute Power+1","StuffTheSpire:EventHorizon"],"picked":"StuffTheSpire:Plugnplay+1","floor":48}],"player_experience":830703,"relics_obtained":[{"floor":3,"key":"ReplayTheSpireMod:Ring of Collecting"},{"floor":6,"key":"Durian"},{"floor":9,"key":"ReplayTheSpireMod:Ring of Addiction"},{"floor":9,"key":"ReplayTheSpireMod:TigerMarble"},{"floor":9,"key":"White Beast Statue"},{"floor":9,"key":"Toy Ornithopter"},{"floor":12,"key":"StuffTheSpire:TintedRock"},{"floor":14,"key":"aspiration:EmptySkull"},{"floor":23,"key":"CCEMRelics:PorcelainBowl"},{"floor":26,"key":"Ring of Greed"},{"floor":26,"key":"Membership Card"},{"floor":26,"key":"Replay:Bandana"},{"floor":26,"key":"StuffTheSpire:CocoNut"},{"floor":28,"key":"aspiration:DSix"},{"floor":31,"key":"Regal Pillow"},{"floor":40,"key":"Replay:Baseball"},{"floor":43,"key":"ReplayTheSpireMod:Ring of Exchange"},{"floor":45,"key":"Smiling Mask"}],"event_choices":[{"damage_healed":0,"gold_gain":0,"player_choice":"Lose Max HP","damage_taken":0,"relics_obtained":["Golden Idol"],"max_hp_gain":0,"max_hp_loss":6,"event_name":"Golden Idol","floor":10,"gold_loss":0},{"damage_healed":0,"gold_gain":0,"player_choice":"Bought 0 Potions","damage_taken":0,"max_hp_gain":0,"max_hp_loss":0,"event_name":"The Woman in Blue","floor":27,"gold_loss":0},{"damage_healed":0,"gold_gain":0,"player_choice":"Rummage","damage_taken":0,"relics_obtained":["WarpedTongs"],"max_hp_gain":0,"max_hp_loss":0,"event_name":"Accursed Blacksmith","floor":29,"gold_loss":0,"cards_obtained":["Pain"]},{"cards_removed":["Machine Learning"],"damage_healed":0,"gold_gain":0,"player_choice":"Removed Power","damage_taken":0,"max_hp_gain":0,"max_hp_loss":0,"event_name":"Falling","floor":37,"gold_loss":0},{"damage_healed":0,"gold_gain":0,"player_choice":"Max HP","damage_taken":0,"max_hp_gain":0,"max_hp_loss":4,"event_name":"Winding Halls","floor":38,"gold_loss":0}],"is_beta":false,"boss_relics":[{"not_picked":["Runic Pyramid","Ectoplasm"],"picked":"hubris:CrackedHourglass"},{"not_picked":["Replay:Wanted Poster","aspiration:BardSkillbook"],"picked":"jedi:paperlyon"}],"items_purged_floors":[4,20,22,30,30,39,39,41,47,47],"is_endless":false,"potions_floor_spawned":[1,11,12,13,14,16,18,21,23,24,25,28,31,33,35,40,45,46,48],"killed_by":"conspire:OrnateMirror","ascension_level":1}}