{"host":"J","time":1610310223,"event":{"mods":["BaseMod","Better Third Choice","Minty Spire (QoL Compilation)","StSLib"],"gold_per_floor":[212,177,197,207,9,9,34,47,47,5,32,45,45,71,71,142,142,158,158,158],"floor_reached":19,"playtime":576,"items_purged":["Defend_P"],"score":374,"play_id":"b09b6cb1-cad7-4fe5-9328-33da3f1aedad","local_time":"20210110212343","is_ascension_mode":true,"campfire_choices":[{"data":"CrushJoints","floor":6.0,"key":"SMITH"},{"data":"WheelKick","floor":13.0,"key":"SMITH"},{"data":"WindmillStrike","floor":15.0,"key":"SMITH"}],"circlet_count":0,"master_deck":["AscendersBane","Strike_P","Strike_P","Strike_P","Strike_P","Defend_P","Defend_P","Defend_P","Eruption","Vigilance","CrushJoints+1","WheelKick+1","FearNoEvil","MentalFortress","Prostrate+1","Wallop","EmptyFist","Consecrate","WindmillStrike+1","LessonLearned"],"relics":["PureWater","Blue Candle","TeardropLocket","Bottled Flame","Orichalcum","Runic Pyramid"],"acts_visited":["Exordium","TheCity"],"potions_floor_usage":[],"damage_taken":[{"damage":8.0,"enemies":"Jaw Worm","floor":1.0,"turns":4.0},{"damage":0.0,"enemies":"2 Louse","floor":3.0,"turns":3.0},{"damage":0.0,"enemies":"Cultist","floor":4.0,"turns":2.0},{"damage":4.0,"enemies":"Gremlin Nob","floor":7.0,"turns":3.0},{"damage":9.0,"enemies":"Red Slaver","floor":8.0,"turns":4.0},{"damage":3.0,"enemies":"3 Sentries","floor":11.0,"turns":6.0},{"damage":0.0,"enemies":"Looter","floor":12.0,"turns":1.0},{"damage":4.0,"enemies":"Lagavulin","floor":14.0,"turns":4.0},{"damage":35.0,"enemies":"The Guardian","floor":16.0,"turns":12.0},{"damage":36,"enemies":"3 Byrds","floor":18,"turns":7},{"damage":24,"enemies":"Shell Parasite","floor":19,"turns":3}],"seed_played":"4551001757597358463","potions_obtained":[{"floor":3.0,"key":"DuplicationPotion"},{"floor":4.0,"key":"Explosive Potion"},{"floor":12.0,"key":"Regen Potion"},{"floor":14.0,"key":"SpeedPotion"}],"is_trial":false,"path_per_floor":["M","?","M","M","$","R","E","M","T","$","E","M","R","E","R","B",null,"M","M"],"character_chosen":"WATCHER","items_purchased":["FearNoEvil","MentalFortress","Wallop"],"campfire_rested":0,"item_purchase_floors":[5,5,10],"current_hp_per_floor":[53,68,68,68,68,68,64,55,55,55,52,52,52,57,57,22,57,21,0,0],"gold":158,"neow_bonus":"HUNDRED_GOLD","is_daily":false,"chose_seed":false,"campfire_upgraded":3,"win_rate":0.0,"timestamp":1610310223,"path_taken":["M","?","M","M","$","R","E","M","T","$","E","M","R","E","R","BOSS","M","M"],"items_purchased_type":["Card","Card","Card"],"build_version":"2020-12-18","purchased_purges":1,"victory":false,"max_hp_per_floor":[68,68,68,68,68,68,68,68,68,68,68,68,68,68,68,68,68,68,68,68],"card_choices":[{"not_picked":["Evaluate","EmptyBody"],"picked":"CrushJoints","floor":1.0},{"not_picked":["MentalFortress","Consecrate"],"picked":"WheelKick","floor":3.0},{"not_picked":["ClearTheMind","Crescendo","Perseverance"],"picked":"SKIP","floor":4.0},{"not_picked":["SandsOfTime","SignatureMove"],"picked":"Prostrate","floor":7.0},{"not_picked":["BattleHymn","Pray","SpiritShield"],"picked":"SKIP","floor":8.0},{"not_picked":["Perseverance","MentalFortress"],"picked":"EmptyFist","floor":11.0},{"not_picked":["Protect","WheelKick"],"picked":"Consecrate","floor":12.0},{"not_picked":["EmptyFist","CrushJoints"],"picked":"WindmillStrike","floor":14.0},{"not_picked":["DeusExMachina","DevaForm"],"picked":"LessonLearned","floor":16.0},{"not_picked":["Halt","Indignation+1","BowlingBash"],"picked":"SKIP","floor":18}],"player_experience":1086571,"relics_obtained":[{"floor":7.0,"key":"Blue Candle"},{"floor":9.0,"key":"TeardropLocket"},{"floor":11.0,"key":"Bottled Flame"},{"floor":14.0,"key":"Orichalcum"}],"event_choices":[{"damage_healed":17.0,"max_hp_gain":0.0,"max_hp_loss":0.0,"gold_gain":0.0,"event_name":"The Cleric","player_choice":"Healed","floor":2.0,"gold_loss":35.0,"damage_taken":0.0}],"is_beta":true,"boss_relics":[{"not_picked":["Busted Crown","Snecko Eye"],"picked":"Runic Pyramid"}],"items_purged_floors":[5],"is_endless":false,"potions_floor_spawned":[3,4,7,12,14,18],"killed_by":"Shell Parasite","ascension_level":20}}