{"host":"csp9nt53rootlkah","time":1610292366,"event":{"mods":["Act Like it!","BaseMod","Colored Powertips","Friendly Minions","Gensokyo","Highlight Path","Marisa£®ÏF”Í°°ƒß¿Ì…≥£©","Minty Spire (QoL Compilation)","Quick Restart","Replay The Spire","StSLib","TestMod","The Factory","The Jungle","°æ“≈ŒÔø®≈∆°øREMEMod"],"gold_per_floor":[116,135,9,9,9,9,9,40,40,75,123,139,157,179,279,293,293,403,403,422,422,422,439,460,497,513,513,513,513,513,513,513,550,430,461,461,577,577,608,3,23,41,62,62,103,103,103,133,133,191,40,61,61,65],"floor_reached":55,"playtime":2281,"items_purged":["Strike_MRS"],"score":915,"play_id":"5d7e5370-486b-4ae2-bced-bc1738412dc4","local_time":"20210110232606","is_ascension_mode":true,"campfire_choices":[{"data":"testmod-AssimilatedRune","floor":9.0,"key":"SMITH"},{"data":"PropBag","floor":17.0,"key":"SMITH"},{"data":"GasGiant","floor":27.0,"key":"SMITH"},{"data":"MachineGunSpark","floor":30.0,"key":"SMITH"},{"data":"WitchLeyline","floor":36.0,"key":"SMITH"},{"data":"CasketOfStar","floor":44.0,"key":"SMITH"},{"data":"Defend_MRS","floor":49.0,"key":"PURGE"},{"data":"ShootingEcho","floor":53,"key":"SMITH"}],"circlet_count":0,"master_deck":["Defend_MRS+1","MasterSpark","UpSweep","testmod-AssimilatedRune+1","PropBag+1","WitchLeyline+1","ShootingEcho+1","CasketOfStar+1","Writhe","MachineGunSpark+1","MagicAbsorber+1","GasGiant+1","FinalSpark","MeteoricShower+1","Pot Of Greed+1","Pot Of Greed","BlazeAway+1"],"relics":["MiniHakkero","testmod-TestBox","REME_ComplimentaryCards","testmod-ConstraintPeriapt","NeowsBlessing","Ring of Misfortune","Ring of Fangs","testmod-Acrobat","Nunchaku","Boot","testmod-CasingShield","testmod-HeartOfStrike","Sozu","Sundial","Strawberry","Gensokyo:MaskOfHope","CeramicFish","testmod-NegativeEmotionEnhancer","Snack Pack","SimpleLauncher","Peace Pipe","Mercury Hourglass","Replay:Accelerometer","Grinning Jar","War Paint"],"acts_visited":["Gensokyo:Gensokyo","Gensokyo:Gensokyoer","TheBeyond"],"potions_floor_usage":[54,54],"damage_taken":[{"damage":0.0,"enemies":"Gensokyo:2_Kodama","floor":1.0,"turns":1.0},{"damage":0.0,"enemies":"Gensokyo:Gryphon","floor":2.0,"turns":1.0},{"damage":0.0,"enemies":"Gensokyo:Aya","floor":8.0,"turns":1.0},{"damage":0.0,"enemies":"Gensokyo:Mamizou","floor":10.0,"turns":5.0},{"damage":0.0,"enemies":"Gensokyo:Python","floor":12.0,"turns":2.0},{"damage":12.0,"enemies":"Gensokyo:Kitsune","floor":13.0,"turns":3.0},{"damage":0.0,"enemies":"Gensokyo:3_Kodama","floor":14.0,"turns":2.0},{"damage":0.0,"enemies":"Gensokyo:Python_and_Kodama","floor":16.0,"turns":3.0},{"damage":31.0,"enemies":"Gensokyo:Yukari","floor":18.0,"turns":6.0},{"damage":16.0,"enemies":"Gensokyo:3_Dogs","floor":20.0,"turns":3.0},{"damage":11.0,"enemies":"Gensokyo:CosmicMonolith","floor":23.0,"turns":3.0},{"damage":16.0,"enemies":"Gensokyo:Chomper_and_Gloop","floor":24.0,"turns":5.0},{"damage":3.0,"enemies":"Gensokyo:Koishi","floor":25.0,"turns":4.0},{"damage":4.0,"enemies":"Gensokyo:Mirror_and_Dog","floor":26.0,"turns":4.0},{"damage":15.0,"enemies":"Gensokyo:Tenshi","floor":33.0,"turns":3.0},{"damage":0.0,"enemies":"Gensokyo:Reisen","floor":35.0,"turns":4.0},{"damage":3.0,"enemies":"Gensokyo:Eternal_Rivals","floor":37.0,"turns":5.0},{"damage":7.0,"enemies":"3 Shapes","floor":39.0,"turns":2.0},{"damage":0.0,"enemies":"Orb Walker","floor":41.0,"turns":2.0},{"damage":16.0,"enemies":"Sphere and 2 Shapes","floor":42.0,"turns":4.0},{"damage":13.0,"enemies":"Transient","floor":43.0,"turns":5.0},{"damage":12.0,"enemies":"Giant Head","floor":45.0,"turns":4.0},{"damage":9.0,"enemies":"R_Hoarder","floor":48.0,"turns":3.0},{"damage":0.0,"enemies":"Nemesis","floor":50.0,"turns":1.0},{"damage":0,"enemies":"Maw","floor":52,"turns":3},{"damage":6,"enemies":"Replay:Hell Engine","floor":54,"turns":2}],"seed_played":"-4538854404311301412","potions_obtained":[{"floor":10.0,"key":"Energy Potion"},{"floor":12.0,"key":"BottledSpark"},{"floor":13.0,"key":"Cursed Concoction"}],"is_trial":false,"path_per_floor":["M","M","COS","PTL","PTL","?","?","E","R","E","T","M","M","M","?","M","R","B",null,"M","?","?","M","M","E","M","R","T","?","R","PTL","PTL","E","?","E","R","B",null,"M","$","M","M","M","R","E","?","T","E","R","E","$","M","R","B",null],"character_chosen":"MARISA","items_purchased":["Snack Pack","SimpleLauncher","War Paint"],"campfire_rested":0,"item_purchase_floors":[40,40,51],"current_hp_per_floor":[75,75,75,75,75,75,45,45,45,51,51,52,42,43,43,44,44,19,75,61,61,61,54,44,44,46,46,46,46,46,46,46,42,42,46,46,53,82,83,83,84,75,72,72,66,87,87,83,83,85,85,90,90,89],"gold":65,"neow_bonus":"THREE_ENEMY_KILL","is_daily":false,"chose_seed":false,"campfire_upgraded":7,"win_rate":0.0,"timestamp":1610292366,"path_taken":["M","M","COS","PTL","PTL","?","?","E","R","E","T","?","?","M","?","M","R","BOSS","M","?","?","M","M","E","M","R","T","?","R","PTL","PTL","E","?","E","R","BOSS","M","?","M","?","M","R","E","?","T","E","R","E","?","?","R","BOSS"],"items_purchased_type":["Relic","Relic","Relic"],"build_version":"2020-12-22","purchased_purges":1,"victory":true,"max_hp_per_floor":[75,75,75,75,75,75,75,75,75,75,75,75,75,75,75,75,75,75,75,75,75,75,75,75,75,75,75,75,75,75,75,75,82,82,82,82,82,82,83,83,84,85,86,86,87,87,87,88,88,89,89,90,90,91],"card_choices":[{"not_picked":["AsteroidBelt","DoubleSpark"],"picked":"PropBag","floor":1.0},{"not_picked":["AsteroidBelt","SporeBomb"],"picked":"WitchLeyline","floor":2.0},{"not_picked":["WitchLeyline","DarkSpark","AsteroidBelt"],"picked":"SKIP","floor":8.0},{"not_picked":["StarlightTyphoon","EarthLightRay"],"picked":"ShootingEcho","floor":10.0},{"not_picked":["DoubleSpark","DarkMatter","AsteroidBelt"],"picked":"SKIP","floor":12.0},{"not_picked":["UnstableBomb","IllusionStar","SporeBomb"],"picked":"SKIP","floor":13.0},{"not_picked":["NonDirectionalLaser","ShootingEcho","ChargeUpSpray"],"picked":"SKIP","floor":14.0},{"not_picked":["ShootingEcho","WitchOfGreed","SprinkleStarSeal"],"picked":"SKIP","floor":16.0},{"not_picked":["BigCrunch","SatelliteIllusion"],"picked":"CasketOfStar","floor":18.0},{"not_picked":["MilkyWay+1","GrandCross","IllusionStar+1"],"picked":"SKIP","floor":20.0},{"not_picked":["SporeBomb+1","GalacticHalo+1"],"picked":"MagicAbsorber+1","floor":23.0},{"not_picked":["PowerUp","GravityBeat","WitchLeyline"],"picked":"SKIP","floor":24.0},{"not_picked":["SporeBomb","GrandCross+1","DC+1"],"picked":"SKIP","floor":25.0},{"not_picked":["Occultation","OortCloud+1"],"picked":"GasGiant","floor":26.0},{"not_picked":["Acceleration+1","Occultation+1","NonDirectionalLaser"],"picked":"SKIP","floor":33.0},{"not_picked":["WitchLeyline","IllusionStar","FairyDestructionRay"],"picked":"SKIP","floor":35.0},{"not_picked":["UltimateShortwave","MillisecondPulsars"],"picked":"FinalSpark","floor":37.0},{"not_picked":["WitchOfGreed","MysteriousBeam+1"],"picked":"MeteoricShower+1","floor":39.0},{"not_picked":["DeepEcoloBomb+1","WitchLeyline","OneTimeOff+1"],"picked":"SKIP","floor":41.0},{"not_picked":["EnergyRecoil+1","MeteoricShower","StarBarrage"],"picked":"SKIP","floor":42.0},{"not_picked":["MeteoricShower+1","AlicesGift+1","MagicChant"],"picked":"SKIP","floor":43.0},{"not_picked":["MilkyWay","GrandCross","DC+1"],"picked":"SKIP","floor":45.0},{"not_picked":["OrrerysSun+1","DoubleSpark+1","ShootingEcho+1"],"picked":"SKIP","floor":48.0},{"not_picked":["BigCrunch","EnergyFlow+1"],"picked":"BlazeAway+1","floor":50.0},{"not_picked":["Acceleration","WitchLeyline","6A"],"picked":"SKIP","floor":52}],"player_experience":121693,"relics_obtained":[{"floor":6.0,"key":"Ring of Misfortune"},{"floor":6.0,"key":"Ring of Fangs"},{"floor":8.0,"key":"testmod-Acrobat"},{"floor":10.0,"key":"Nunchaku"},{"floor":11.0,"key":"Boot"},{"floor":25.0,"key":"Sundial"},{"floor":33.0,"key":"Strawberry"},{"floor":35.0,"key":"CeramicFish"},{"floor":45.0,"key":"Peace Pipe"},{"floor":47.0,"key":"Mercury Hourglass"},{"floor":48.0,"key":"Replay:Accelerometer"},{"floor":50.0,"key":"Grinning Jar"}],"event_choices":[{"damage_healed":21.0,"max_hp_gain":0.0,"max_hp_loss":0.0,"gold_gain":0.0,"event_name":"Wheel of Change","player_choice":"Full Heal","floor":46.0,"gold_loss":0.0,"damage_taken":0.0}],"is_beta":false,"boss_relics":[{"not_picked":["testmod-SaigiyounoYou","testmod-PortableAltar"],"picked":"Sozu"},{"not_picked":["ChewingGum","Abe\u0027s Treasure"],"picked":"testmod-NegativeEmotionEnhancer"}],"items_purged_floors":[40],"is_endless":false,"potions_floor_spawned":[10,12,13,14,18,23,25,26,41,45,48,50,52],"ascension_level":2}}