{"host":"z9811rt50ti81n54","time":1610258129,"event":{"mods":["BaseMod","Better Match","Better Sensory Stone","Better Skull","Better Third Choice","Minty Spire (QoL Compilation)","StSLib","SuperFastMode"],"gold_per_floor":[366,316,22,36,36,51,51,51,51,51,3,15,25,44,44,146,146,156,2,2,2,2,2,15,25,25,42,61,61,78,95,95,198,198,211,211,211],"floor_reached":36,"playtime":1412,"items_purged":[],"score":358,"play_id":"4f1b29fa-2661-4745-8951-54cf8f78874c","local_time":"20210110145529","is_ascension_mode":false,"campfire_choices":[{"data":"Chill","floor":7,"key":"SMITH"},{"data":"Zap","floor":10,"key":"SMITH"},{"data":"Dualcast","floor":15,"key":"SMITH"},{"data":"Echo Form","floor":23,"key":"SMITH"},{"data":"Static Discharge","floor":29,"key":"SMITH"},{"floor":32,"key":"REST"}],"circlet_count":0,"master_deck":["Strike_B","Strike_B","Defend_B","Defend_B","Defend_B","Defend_B","Zap+1","Dualcast+1","Chill+1","Coolheaded+1","Leap+1","Reinforced Body+1","Fusion+1","Redo+1","Multi-Cast+1","Redo+1","Aggregate+1","Echo Form+1","BootSequence+1","Ball Lightning","Gash+1","Ball Lightning","Static Discharge+1","BootSequence+1","Creative AI","Consume+1"],"relics":["FrozenCore","Toxic Egg 2","Pen Nib","Gremlin Horn","Inserter","Chemical X","FossilizedHelix"],"acts_visited":["Exordium","TheCity","TheBeyond"],"potions_floor_usage":[25,33],"damage_taken":[{"damage":3,"enemies":"Jaw Worm","floor":1,"turns":4},{"damage":0,"enemies":"Small Slimes","floor":4,"turns":3},{"damage":0,"enemies":"2 Louse","floor":6,"turns":3},{"damage":0,"enemies":"Blue Slaver","floor":12,"turns":3},{"damage":0,"enemies":"Large Slime","floor":13,"turns":4},{"damage":0,"enemies":"Exordium Wildlife","floor":14,"turns":3},{"damage":1,"enemies":"The Guardian","floor":16,"turns":15},{"damage":0,"enemies":"3 Byrds","floor":18,"turns":9},{"damage":0,"enemies":"Shell Parasite","floor":24,"turns":7},{"damage":33,"enemies":"Cultist and Chosen","floor":25,"turns":6},{"damage":0,"enemies":"Snake Plant","floor":27,"turns":3},{"damage":0,"enemies":"Snecko","floor":28,"turns":6},{"damage":10,"enemies":"Centurion and Healer","floor":30,"turns":10},{"damage":0,"enemies":"Snake Plant","floor":31,"turns":4},{"damage":24,"enemies":"Champ","floor":33,"turns":12},{"damage":0,"enemies":"3 Darklings","floor":35,"turns":9}],"seed_played":"2701382769799158504","potions_obtained":[{"floor":4,"key":"Block Potion"},{"floor":12,"key":"EssenceOfSteel"},{"floor":28,"key":"AttackPotion"},{"floor":31,"key":"Energy Potion"},{"floor":33,"key":"SteroidPotion"}],"is_trial":false,"path_per_floor":["M","?","$","M","?","M","R","?","T","R","$","M","M","M","R","B",null,"M","$","?","?","?","R","M","M","T","M","M","R","M","M","R","B",null,"M","$"],"character_chosen":"DEFECT","items_purchased":["Toxic Egg 2","Coolheaded+1","Redo+1","Chemical X"],"campfire_rested":1,"item_purchase_floors":[3,3,11,19],"current_hp_per_floor":[51,51,51,51,51,51,51,44,44,44,44,44,44,44,44,43,75,75,75,75,75,75,75,75,42,42,42,42,42,32,32,54,30,75,75,75,75],"gold":211,"neow_bonus":"TWO_FIFTY_GOLD","is_daily":false,"chose_seed":false,"campfire_upgraded":5,"win_rate":0.0,"timestamp":1610258129,"path_taken":["M","?","$","M","?","M","R","?","T","R","?","M","?","M","R","BOSS","M","$","?","?","?","R","M","M","T","M","?","R","M","M","R","BOSS","M","$"],"items_purchased_type":["Relic","Card","Card","Relic"],"build_version":"2020-12-22","purchased_purges":0,"victory":false,"max_hp_per_floor":[75,75,75,75,75,75,75,75,75,75,75,75,75,75,75,75,75,75,75,75,75,75,75,75,75,75,75,75,75,75,75,75,75,75,75,75,75],"card_choices":[{"not_picked":["Stack","Hologram"],"picked":"Chill","floor":1},{"not_picked":["Compile Driver","Streamline"],"picked":"Leap+1","floor":4},{"not_picked":["Cold Snap","Stack+1"],"picked":"Fusion+1","floor":6},{"not_picked":["Barrage","Glacier+1"],"picked":"Multi-Cast+1","floor":12},{"not_picked":["Rebound","Cold Snap"],"picked":"Redo+1","floor":13},{"not_picked":["Steam+1","Coolheaded+1"],"picked":"Aggregate+1","floor":14},{"not_picked":["Multi-Cast+1","Buffer"],"picked":"Echo Form","floor":16},{"not_picked":["FTL","Rebound"],"picked":"BootSequence+1","floor":18},{"not_picked":["Leap+1","Lockon"],"picked":"Ball Lightning","floor":24},{"not_picked":["Blizzard+1","Ball Lightning"],"picked":"Gash+1","floor":25},{"not_picked":["Go for the Eyes","Leap+1"],"picked":"Ball Lightning","floor":27},{"not_picked":["Double Energy+1","Stack+1"],"picked":"Static Discharge","floor":28},{"not_picked":["Redo+1","Blizzard","Rebound+1"],"picked":"SKIP","floor":30},{"not_picked":["Beam Cell","Reprogram+1"],"picked":"BootSequence+1","floor":31},{"not_picked":["Meteor Strike","Core Surge"],"picked":"Creative AI","floor":33},{"not_picked":["Skim+1","Compile Driver+1"],"picked":"Consume+1","floor":35}],"player_experience":354136,"relics_obtained":[{"floor":9,"key":"Gremlin Horn"},{"floor":26,"key":"FossilizedHelix"}],"event_choices":[{"cards_removed":["Strike_B"],"damage_healed":0,"gold_gain":0,"player_choice":"Card Removal","damage_taken":0,"max_hp_gain":0,"max_hp_loss":0,"event_name":"The Cleric","floor":2,"gold_loss":50},{"damage_healed":0,"gold_gain":0,"cards_transformed":["Strike_B"],"player_choice":"Change","damage_taken":0,"max_hp_gain":0,"max_hp_loss":0,"event_name":"Living Wall","floor":5,"gold_loss":0,"cards_obtained":["Reinforced Body"]},{"damage_healed":0,"gold_gain":0,"player_choice":"Success","damage_taken":7,"relics_obtained":["Pen Nib"],"max_hp_gain":0,"max_hp_loss":0,"event_name":"Scrap Ooze","floor":8,"gold_loss":0},{"damage_healed":0,"gold_gain":0,"player_choice":"Ignored","damage_taken":0,"max_hp_gain":0,"max_hp_loss":0,"event_name":"Vampires","floor":20,"gold_loss":0},{"damage_healed":0,"gold_gain":0,"player_choice":"Ignored","damage_taken":0,"max_hp_gain":0,"max_hp_loss":0,"event_name":"The Mausoleum","floor":22,"gold_loss":0}],"is_beta":false,"boss_relics":[{"not_picked":["Coffee Dripper","Ectoplasm"],"picked":"Inserter"},{"not_picked":["Black Star","Tiny House"],"picked":"FrozenCore"}],"items_purged_floors":[],"is_endless":false,"potions_floor_spawned":[4,12,28,31,33],"ascension_level":0}}