{"host":"b995t17pt6d05w8c","time":1610280570,"event":{"mods":["AchievementEnabler","BaseMod","Colored Map","Minty Spire (QoL Compilation)","SuperFastMode"],"gold_per_floor":[110,122,72,90,90,90,104,118,189,219,263,263,279,204,204,323,323,339,429,453,251,266,266,304,304,304,304,22,38,56,81,81,209,209,228,228,153,63,81,116,136,136,136,45,45,45,58,82,82,82],"floor_reached":51,"playtime":1512,"items_purged":["Strike_P","Strike_P","Strike_P","Defend_P"],"score":1248,"play_id":"f5da0e5a-a1b3-44dc-9aee-ac6286be8ecc","local_time":"20210110210930","is_ascension_mode":true,"campfire_choices":[{"data":"Eruption","floor":6.0,"key":"SMITH"},{"data":"ConjureBlade","floor":12.0,"key":"SMITH"},{"data":"ClearTheMind","floor":15.0,"key":"SMITH"},{"data":"Scrawl","floor":23,"key":"SMITH"},{"floor":25,"key":"REST"},{"data":"TalkToTheHand","floor":27,"key":"SMITH"},{"floor":32,"key":"REST"},{"floor":42,"key":"REST"},{"data":"Adaptation","floor":49,"key":"SMITH"}],"circlet_count":0,"master_deck":["AscendersBane","Eruption+1","Vigilance","FollowUp","DeceiveReality","ConjureBlade+1","ClearTheMind+1","Scrawl+1","TalkToTheHand+1","Tantrum","Wallop","FearNoEvil","Purity+1","InnerPeace","Madness","Madness","Decay","Adaptation+1"],"relics":["Sozu","Golden Idol","Pantograph","Gambling Chip","Empty Cage","Membership Card","Boot","Bottled Lightning","Medical Kit","Shuriken","Philosopher\u0027s Stone","Potion Belt","Orichalcum","TheAbacus"],"acts_visited":["Exordium","TheCity","TheBeyond"],"potions_floor_usage":[],"damage_taken":[{"damage":1.0,"enemies":"Small Slimes","floor":1.0,"turns":4.0},{"damage":0.0,"enemies":"2 Louse","floor":2.0,"turns":3.0},{"damage":0.0,"enemies":"Jaw Worm","floor":4.0,"turns":1.0},{"damage":0.0,"enemies":"Blue Slaver","floor":7.0,"turns":5.0},{"damage":0.0,"enemies":"Large Slime","floor":8.0,"turns":4.0},{"damage":15.0,"enemies":"3 Sentries","floor":11.0,"turns":9.0},{"damage":7.0,"enemies":"Lots of Slimes","floor":13.0,"turns":5.0},{"damage":33.0,"enemies":"Hexaghost","floor":16.0,"turns":6.0},{"damage":9.0,"enemies":"3 Byrds","floor":18.0,"turns":4.0},{"damage":7,"enemies":"Shell Parasite","floor":20,"turns":4},{"damage":0,"enemies":"Chosen and Byrds","floor":22,"turns":5},{"damage":20,"enemies":"Book of Stabbing","floor":24,"turns":5},{"damage":0,"enemies":"Shelled Parasite and Fungi","floor":29,"turns":2},{"damage":0,"enemies":"Centurion and Healer","floor":30,"turns":2},{"damage":0,"enemies":"Cultist and Chosen","floor":31,"turns":2},{"damage":47,"enemies":"Automaton","floor":33,"turns":8},{"damage":0,"enemies":"Orb Walker","floor":35,"turns":1},{"damage":0,"enemies":"3 Darklings","floor":39,"turns":4},{"damage":0,"enemies":"Giant Head","floor":40,"turns":6},{"damage":16,"enemies":"Writhing Mass","floor":41,"turns":4},{"damage":0,"enemies":"Transient","floor":47,"turns":5},{"damage":0,"enemies":"3 Darklings","floor":48,"turns":3},{"damage":0,"enemies":"Awakened One","floor":50,"turns":3}],"seed_played":"-3923690281258138715","potions_obtained":[],"is_trial":false,"path_per_floor":["M","M","?","M","?","R","M","M","T","?","E","R","M","$","R","B",null,"M","?","M","$","M","R","E","R","T","R","$","M","M","M","R","B",null,"M","?","$","?","M","E","M","R","T","$","?","?","M","M","R","B",null],"character_chosen":"WATCHER","items_purchased":["Membership Card","FearNoEvil","Medical Kit","Shuriken","InnerPeace","TheAbacus"],"campfire_rested":3,"item_purchase_floors":[21,28,28,28,44,44],"current_hp_per_floor":[64,64,64,64,64,64,64,64,64,64,49,49,42,42,42,34,59,50,38,31,31,31,31,11,31,31,31,31,31,31,31,51,20,55,55,45,45,45,45,45,29,49,49,49,41,41,41,41,41,66],"gold":82,"neow_bonus":"BOSS_RELIC","is_daily":false,"chose_seed":false,"campfire_upgraded":6,"win_rate":0.0,"timestamp":1610280570,"path_taken":["M","M","?","M","?","R","M","M","T","?","E","R","M","?","R","BOSS","M","?","?","?","M","R","E","R","T","R","$","M","M","M","R","BOSS","M","?","$","?","M","E","?","R","T","$","?","?","M","M","R","BOSS"],"items_purchased_type":["Relic","Card","Relic","Relic","Card","Relic"],"build_version":"2020-12-22","purchased_purges":4,"victory":true,"max_hp_per_floor":[72,72,72,72,67,67,67,67,67,67,67,67,67,67,67,67,67,67,67,67,67,67,67,67,67,67,67,67,67,67,67,67,67,67,67,67,67,67,67,67,67,67,67,67,67,67,67,67,67,67],"card_choices":[{"not_picked":["Indignation","Protect"],"picked":"FollowUp","floor":1.0},{"not_picked":["PathToVictory","BowlingBash"],"picked":"DeceiveReality","floor":2.0},{"not_picked":["FlyingSleeves","SashWhip","WindmillStrike"],"picked":"SKIP","floor":4.0},{"not_picked":["Fasting2","Prostrate","EmptyBody"],"picked":"SKIP","floor":7.0},{"not_picked":["WreathOfFlame","PathToVictory","LikeWater"],"picked":"SKIP","floor":8.0},{"not_picked":["SignatureMove","Protect"],"picked":"ConjureBlade","floor":11.0},{"not_picked":["Evaluate","BowlingBash"],"picked":"ClearTheMind","floor":13.0},{"not_picked":["Blasphemy","Judgement"],"picked":"Scrawl","floor":16.0},{"not_picked":["Protect","BowlingBash"],"picked":"TalkToTheHand","floor":18.0},{"not_picked":["JustLucky","ForeignInfluence"],"picked":"Tantrum","floor":20},{"not_picked":["BowlingBash","FlurryOfBlows","Omniscience"],"picked":"SKIP","floor":22},{"not_picked":["SashWhip+1","ClearTheMind"],"picked":"Wallop","floor":24},{"not_picked":["Pray+1","DeceiveReality","Nirvana"],"picked":"SKIP","floor":29},{"not_picked":["Prostrate","FollowUp","Sanctity"],"picked":"SKIP","floor":30},{"not_picked":["CrushJoints","EmptyFist","FlurryOfBlows"],"picked":"SKIP","floor":31},{"not_picked":["ThirdEye+1","WheelKick","Prostrate"],"picked":"SKIP","floor":35},{"not_picked":["Madness","Dramatic Entrance"],"picked":"Purity","floor":36},{"not_picked":["Indignation","Wallop","BowlingBash"],"picked":"SKIP","floor":39},{"not_picked":["BattleHymn+1","Consecrate+1","EmptyFist"],"picked":"SKIP","floor":40},{"not_picked":["ClearTheMind","WheelKick+1","Fasting2"],"picked":"SKIP","floor":41},{"not_picked":["FlurryOfBlows","Evaluate","Swivel"],"picked":"SKIP","floor":47},{"not_picked":["SashWhip+1","FlurryOfBlows"],"picked":"Adaptation","floor":48}],"player_experience":92016,"relics_obtained":[{"floor":9.0,"key":"Pantograph"},{"floor":11.0,"key":"Gambling Chip"},{"floor":24,"key":"Boot"},{"floor":26,"key":"Bottled Lightning"},{"floor":40,"key":"Potion Belt"},{"floor":43,"key":"Orichalcum"}],"event_choices":[{"cards_removed":["Defend_P"],"damage_healed":0.0,"max_hp_gain":0.0,"max_hp_loss":0.0,"gold_gain":0.0,"event_name":"The Cleric","player_choice":"Card Removal","floor":3.0,"gold_loss":50.0,"damage_taken":0.0},{"damage_healed":0.0,"max_hp_gain":0.0,"max_hp_loss":5.0,"gold_gain":0.0,"event_name":"Golden Idol","player_choice":"Lose Max HP","floor":5.0,"gold_loss":0.0,"damage_taken":0.0,"relics_obtained":["Golden Idol"]},{"damage_healed":0.0,"max_hp_gain":0.0,"max_hp_loss":0.0,"gold_gain":30.0,"event_name":"Dead Adventurer","player_choice":"Searched \u00271\u0027 times","floor":10.0,"gold_loss":0.0,"damage_taken":0.0},{"damage_healed":0.0,"max_hp_gain":0.0,"max_hp_loss":0.0,"gold_gain":90.0,"event_name":"Knowing Skull","player_choice":"GOLD ","floor":19.0,"potions_obtained":[],"gold_loss":0.0,"damage_taken":12.0,"cards_obtained":[]},{"damage_healed":0,"gold_gain":0,"player_choice":"Memory 3","damage_taken":10,"max_hp_gain":0,"max_hp_loss":0,"event_name":"SensoryStone","floor":36,"gold_loss":0},{"cards_removed":["Defend_P"],"damage_healed":0,"gold_gain":0,"player_choice":"Upgrade and Remove","damage_taken":0,"max_hp_gain":0,"max_hp_loss":0,"event_name":"Designer","floor":38,"gold_loss":90,"cards_upgraded":["Purity"]},{"damage_healed":0,"gold_gain":0,"player_choice":"Embrace Madness","damage_taken":8,"max_hp_gain":0,"max_hp_loss":0,"event_name":"Winding Halls","floor":45,"gold_loss":0,"cards_obtained":["Madness","Madness"]},{"damage_healed":0,"gold_gain":0,"player_choice":"Cursed","damage_taken":0,"max_hp_gain":0,"max_hp_loss":0,"event_name":"Wheel of Change","floor":46,"gold_loss":0,"cards_obtained":["Decay"]}],"is_beta":false,"boss_relics":[{"not_picked":["Calling Bell","Astrolabe"],"picked":"Empty Cage"},{"not_picked":["Fusion Hammer","Black Star"],"picked":"Philosopher\u0027s Stone"}],"items_purged_floors":[14,21,28,37],"is_endless":false,"potions_floor_spawned":[1,7,13,16,20,24,29,31,47,48],"ascension_level":12}}