{"host":"ordk2y2ebcetabk6","time":1610307335,"event":{"mods":["AlwaysNeverKeys","Astrologer","Bard","BaseMod","Better Debug","Colored Map","Colored Powertips","Dark Map","Hermit","Highlight Path","Minty Spire (QoL Compilation)","Permanent Neow","Rare Cards Sparkle","StSLib","The Hydrologist","The Todo","TheBandit","TheLocksmith","TheVelvet","Wandering Minibosses","Wide Potions","thorton"],"gold_per_floor":[117,117,25,35,47,47,61,78,153,153,78,78,88,116,116,220,220,235,0,99,24,25,25,53,66,92,92,106,124,124,124,124,124,124],"floor_reached":33,"playtime":2392,"items_purged":["hydrologistmod:Strike_Hydrologist","hydrologistmod:Defend_Hydrologist"],"score":267,"play_id":"1faededc-ecde-4300-90f4-1b998f332873","local_time":"20210110123535","is_ascension_mode":false,"campfire_choices":[{"data":"hydrologistmod:ViscousShell","floor":6,"key":"SMITH"},{"data":"hydrologistmod:TidalWave","floor":10,"key":"SMITH"},{"data":"hydrologistmod:OccludingMist","floor":12,"key":"SMITH"},{"data":"hydrologistmod:Freeze","floor":15,"key":"SMITH"},{"data":"hydrologistmod:Reservoir","floor":23,"key":"SMITH"},{"floor":32,"key":"REST"}],"circlet_count":0,"master_deck":["hydrologistmod:Strike_Hydrologist","hydrologistmod:FrostWhip+1","hydrologistmod:Hydraulics","hydrologistmod:Defend_Hydrologist","hydrologistmod:Defend_Hydrologist+1","hydrologistmod:UnstableDefend","hydrologistmod:UnstableDefend+1","hydrologistmod:ViscousShell+1","hydrologistmod:Sublimation","hydrologistmod:OccludingMist+1","hydrologistmod:Solidification","hydrologistmod:Liquidation","hydrologistmod:TidalWave+1","hydrologistmod:Freeze+1","hydrologistmod:Reservoir+1","hydrologistmod:WaterWheel","hydrologistmod:ViscousShell+1","hydrologistmod:WaterWheel+1","hydrologistmod:PureSteam","hydrologistmod:PureSteam+1"],"relics":["hydrologistmod:WaterPouch","Pear","Incense Burner","Sozu","hydrologistmod:DiscardedSole","Toy Ornithopter","Pen Nib"],"acts_visited":["Exordium","TheCity"],"potions_floor_usage":[8,8,24],"damage_taken":[{"damage":0,"enemies":"2 Louse","floor":1,"turns":2},{"damage":0,"enemies":"Cultist","floor":4,"turns":3},{"damage":4,"enemies":"Jaw Worm","floor":5,"turns":4},{"damage":1,"enemies":"2 Fungi Beasts","floor":7,"turns":3},{"damage":6,"enemies":"Gremlin Gang","floor":8,"turns":4},{"damage":0,"enemies":"Blue Slaver","floor":13,"turns":4},{"damage":16,"enemies":"Lagavulin","floor":14,"turns":5},{"damage":17,"enemies":"Slime Boss","floor":16,"turns":11},{"damage":11,"enemies":"Spheric Guardian","floor":18,"turns":4},{"damage":5,"enemies":"2 Thieves","floor":22,"turns":4},{"damage":44,"enemies":"Gremlin Leader","floor":24,"turns":11},{"damage":8,"enemies":"Centurion and Healer","floor":25,"turns":7},{"damage":4,"enemies":"3 Cultists","floor":28,"turns":6},{"damage":5,"enemies":"Cultist and Chosen","floor":29,"turns":8},{"damage":36,"enemies":"Collector","floor":33,"turns":13}],"seed_played":"-3526816692634807934","potions_obtained":[{"floor":2,"key":"DistilledChaos"},{"floor":2,"key":"BlessingOfTheForge"},{"floor":2,"key":"Energy Potion"}],"is_trial":false,"path_per_floor":["M","?","$","M","M","R","M","M","T","R","$","R","M","E","R","B",null,"M","$","?","?","M","R","E","M","T","?","M","M","?","$","R","B"],"character_chosen":"HYDROLOGIST_CLASS","items_purchased":["hydrologistmod:Sublimation","hydrologistmod:OccludingMist","hydrologistmod:DiscardedSole"],"campfire_rested":1,"item_purchase_floors":[3,3,19],"current_hp_per_floor":[77,77,77,77,73,73,72,66,76,76,76,76,76,60,60,43,87,76,76,76,76,71,71,27,19,19,19,15,10,10,10,36,0,0],"gold":124,"neow_bonus":"UPGRADE_CARD","is_daily":false,"chose_seed":false,"campfire_upgraded":5,"win_rate":0.0,"timestamp":1610307335,"path_taken":["M","?","$","M","M","R","M","?","T","R","$","R","M","E","R","BOSS","M","$","?","?","M","R","E","M","T","?","M","?","?","$","R","BOSS"],"items_purchased_type":["Card","Card","Relic"],"build_version":"2020-12-22","purchased_purges":2,"victory":false,"max_hp_per_floor":[77,77,77,77,77,77,77,77,87,87,87,87,87,87,87,87,87,87,87,87,87,87,87,87,87,87,87,87,87,87,87,87,87,87],"card_choices":[{"not_picked":["hydrologistmod:GlacialSynthesis","hydrologistmod:Liquidation"],"picked":"hydrologistmod:ViscousShell","floor":1},{"not_picked":["hydrologistmod:YawningAbyss","hydrologistmod:FrozenDomain"],"picked":"hydrologistmod:Solidification","floor":4},{"not_picked":["hydrologistmod:Debilitate","hydrologistmod:Dehydrate"],"picked":"hydrologistmod:Liquidation","floor":5},{"not_picked":["hydrologistmod:GhostlyMist","hydrologistmod:Crystallization"],"picked":"hydrologistmod:TidalWave","floor":7},{"not_picked":["hydrologistmod:HotSprings","hydrologistmod:Hail","hydrologistmod:GlacialSynthesis"],"picked":"SKIP","floor":8},{"not_picked":["hydrologistmod:JetPropulsion","hydrologistmod:Hail"],"picked":"hydrologistmod:Freeze","floor":13},{"not_picked":["hydrologistmod:Drench","hydrologistmod:SteamEngine","hydrologistmod:TidalWave"],"picked":"SKIP","floor":14},{"not_picked":["hydrologistmod:PackedSnow","hydrologistmod:IcyFloe"],"picked":"hydrologistmod:Reservoir","floor":16},{"not_picked":["hydrologistmod:GhostlyMist","hydrologistmod:Sauna"],"picked":"hydrologistmod:WaterWheel","floor":18},{"not_picked":["hydrologistmod:OccludingMist","hydrologistmod:SearingSynthesis+1"],"picked":"hydrologistmod:ViscousShell+1","floor":22},{"not_picked":["hydrologistmod:PureWater+1","hydrologistmod:PressureBuildup+1"],"picked":"hydrologistmod:WaterWheel+1","floor":24},{"not_picked":["hydrologistmod:ReleaseValve","hydrologistmod:SteamEngine+1","hydrologistmod:Debilitate"],"picked":"SKIP","floor":25},{"not_picked":["hydrologistmod:SoggySynthesis","hydrologistmod:GlacialSynthesis"],"picked":"hydrologistmod:PureSteam","floor":28},{"not_picked":["hydrologistmod:Hail+1","hydrologistmod:GlacialStrike+1"],"picked":"hydrologistmod:PureSteam+1","floor":29}],"player_experience":1145782,"relics_obtained":[{"floor":9,"key":"Pear"},{"floor":14,"key":"Incense Burner"},{"floor":24,"key":"Toy Ornithopter"},{"floor":26,"key":"Pen Nib"}],"event_choices":[{"damage_healed":0,"gold_gain":0,"player_choice":"Got Potions","damage_taken":0,"max_hp_gain":0,"max_hp_loss":0,"event_name":"Lab","floor":2,"gold_loss":0},{"damage_healed":0,"gold_gain":99,"player_choice":"Stole From Cult","damage_taken":0,"max_hp_gain":0,"max_hp_loss":0,"event_name":"Nest","floor":20,"gold_loss":0},{"cards_removed":["hydrologistmod:Strike_Hydrologist"],"damage_healed":0,"gold_gain":0,"player_choice":"Gave Gold","damage_taken":0,"max_hp_gain":0,"max_hp_loss":0,"event_name":"Beggar","floor":21,"gold_loss":75},{"damage_healed":0,"gold_gain":0,"player_choice":"Ignored","damage_taken":0,"max_hp_gain":0,"max_hp_loss":0,"event_name":"N\u0027loth","floor":27,"gold_loss":0},{"damage_healed":0,"gold_gain":0,"player_choice":"Ignored","damage_taken":0,"max_hp_gain":0,"max_hp_loss":0,"event_name":"Cursed Tome","floor":30,"gold_loss":0}],"is_beta":false,"boss_relics":[{"not_picked":["Cursed Key","Calling Bell"],"picked":"Sozu"}],"items_purged_floors":[11,19],"is_endless":false,"potions_floor_spawned":[4,5,7,25,29],"killed_by":"Collector","ascension_level":0}}