{"host":"n605f8gctjc87d7h","time":1610317179,"event":{"mods":["Aspiration","Bard","BaseMod","Better Match","Better Note","Better Skull","Better Third Choice","Conspire","Downfall","Halation","Infinite Spire","Minty Spire (QoL Compilation)","Replay The Spire","Retaliation","Shade Mod","Spicy Shops","StSLib","The IronCluck"],"gold_per_floor":[112,187,197,197,197,227,227,258,285,305,305,305,323,342,342,439,439,454,454,434,434,452,452,469,469,520,520,520,536,536,536,536,641,641,651,662,675,675,686,686,686],"floor_reached":40,"playtime":2940,"items_purged":["Shame"],"score":647,"play_id":"baaa8338-c224-43f2-9286-cd715eb5b5df","local_time":"20210110141939","is_ascension_mode":true,"campfire_choices":[{"data":"Crystallizer","floor":7,"key":"SMITH"},{"floor":11,"key":"REST"},{"data":"Gash","floor":15,"key":"SMITH"},{"floor":23,"key":"REST"},{"floor":30,"key":"REST"},{"data":"Capacitor","floor":32,"key":"SMITH"}],"circlet_count":0,"master_deck":["AscendersBane","Defend_B","Defend_B","Defend_B","Zap","Dualcast","Crystallizer+1","Steam","Gash","Cold Snap","Auto Shields","Gash+1","Machine Learning","All For One","CurseOfTheBell","Capacitor+1","White Noise","Gash","Leap","Bite","Bite","Bite","Bite","Gash+1","Cold Snap+1","infinitespire:Oblivion","Fission","Skim+1","Stack","Chaos+1"],"relics":["Cracked Core","Replay:Baseball","Darkstone Periapt","halation:LettersToHer","Calling Bell","DataDisk","Chameleon Ring","Prayer Wheel","MutagenicStrength","Juzu Bracelet","Mirror","ReplayFunnel","Nuclear Battery"],"acts_visited":["Exordium","TheCity","TheBeyond"],"potions_floor_usage":[6,13,16,18,20,40],"damage_taken":[{"damage":10,"enemies":"2 Louse","floor":1,"turns":3},{"damage":2,"enemies":"Jaw Worm","floor":3,"turns":3},{"damage":19,"enemies":"Replay:BlueRogue","floor":6,"turns":7},{"damage":35,"enemies":"3 Sentries","floor":8,"turns":7},{"damage":1,"enemies":"Small Slimes","floor":10,"turns":3},{"damage":3,"enemies":"Red Slaver","floor":13,"turns":2},{"damage":0,"enemies":"2 Fungi Beasts","floor":14,"turns":4},{"damage":27,"enemies":"The Guardian","floor":16,"turns":10},{"damage":9,"enemies":"3 Byrds","floor":18,"turns":4},{"damage":30,"enemies":"2 Thieves","floor":20,"turns":4},{"damage":34,"enemies":"Centurion and Healer","floor":22,"turns":7},{"damage":19,"enemies":"conspire:HollyBat","floor":24,"turns":7},{"damage":9,"enemies":"Snake Plant","floor":29,"turns":5},{"damage":21,"enemies":"Collector","floor":33,"turns":9},{"damage":0,"enemies":"3 Shapes","floor":35,"turns":4},{"damage":36,"enemies":"3 Darklings","floor":36,"turns":5},{"damage":47,"enemies":"Spire Growth","floor":37,"turns":6},{"damage":6,"enemies":"Maw","floor":39,"turns":8},{"damage":56,"enemies":"Giant Head","floor":40,"turns":6}],"seed_played":"4081217316882826568","potions_obtained":[{"floor":3,"key":"SpeedPotion"},{"floor":8,"key":"Cursed Concoction"},{"floor":14,"key":"LiquidBronze"},{"floor":16,"key":"GamblersBrew"},{"floor":18,"key":"Regen Potion"},{"floor":29,"key":"sneckomod:MuddlingPotion"},{"floor":39,"key":"Strength Potion"}],"is_trial":false,"path_per_floor":["M","?","M","?","?","E","R","E","T","M","R","?","M","M","R","B",null,"M","?","M","?","M","R","M","?","T","T","?","M","R","AVR","R","B",null,"M","M","M","?","M","E"],"character_chosen":"DEFECT","items_purchased":[],"campfire_rested":3,"item_purchase_floors":[],"current_hp_per_floor":[58,47,45,45,67,50,50,17,17,18,40,40,39,41,41,16,66,59,59,53,53,21,45,28,34,34,34,34,33,59,59,59,52,78,84,57,20,20,26,0,0],"gold":686,"neow_bonus":"THREE_CARDS","is_daily":false,"chose_seed":false,"campfire_upgraded":3,"win_rate":0.0,"timestamp":1610317179,"path_taken":["M","?","M","?","?","E","R","E","T","M","R","?","?","M","R","BOSS","M","?","M","?","M","R","M","?","T","?","?","M","R","AVR","R","BOSS","M","M","M","?","M","E"],"items_purchased_type":[],"build_version":"2020-12-22","purchased_purges":1,"victory":false,"max_hp_per_floor":[75,75,75,75,75,75,75,75,75,75,75,75,75,75,75,75,81,81,81,81,81,81,81,81,87,87,87,87,87,87,87,87,87,87,87,87,87,87,87,87,87],"card_choices":[{"not_picked":["Redo","Gash"],"picked":"Crystallizer","floor":0},{"not_picked":["Go for the Eyes","Panic Button"],"picked":"Steam","floor":1},{"not_picked":["Reinforced Body","Conserve Battery"],"picked":"Gash","floor":3},{"not_picked":["Steam","aspiration:Polymerization","Stack"],"picked":"SKIP","floor":6},{"not_picked":["Ball Lightning","Stack"],"picked":"Cold Snap","floor":8},{"not_picked":["ReplaySort","Glacier"],"picked":"Auto Shields","floor":10},{"not_picked":["Cold Snap","Go for the Eyes"],"picked":"Gash","floor":13},{"not_picked":["Redo","ReplayGash"],"picked":"Machine Learning","floor":14},{"not_picked":["Meteor Strike","ReplayTheSpireMod:Fabricate Wheel"],"picked":"All For One","floor":16},{"not_picked":["Hologram","Steam"],"picked":"Capacitor","floor":18},{"not_picked":["Panic Button","Cold Snap","Hello World+1"],"picked":"SKIP","floor":18},{"not_picked":["Panic Button","Cold Snap","Hello World+1"],"picked":"SKIP","floor":18},{"not_picked":["Compile Driver+1","ReplaySort"],"picked":"White Noise","floor":20},{"not_picked":["Crystallizer+1","Barrage"],"picked":"Gash","floor":20},{"not_picked":["Machine Learning","Turbo+1","Compile Driver+1"],"picked":"SKIP","floor":22},{"not_picked":["BasicCrystalCard","Redo","Rebound"],"picked":"SKIP","floor":22},{"not_picked":["Rebound","Go for the Eyes+1"],"picked":"Leap","floor":24},{"not_picked":["Reinforced Body","Go for the Eyes","Storm"],"picked":"SKIP","floor":24},{"not_picked":["Streamline","Steam+1"],"picked":"Gash+1","floor":29},{"not_picked":["Streamline","Sweeping Beam"],"picked":"Cold Snap+1","floor":29},{"not_picked":["Thunder Strike","Creative AI"],"picked":"Fission","floor":33},{"not_picked":["ReplayTheSpireMod:Repulse","Panic Button+1","conspire:SharedLibrary"],"picked":"SKIP","floor":35},{"not_picked":["Beam Cell","Turbo","Panic Button+1"],"picked":"SKIP","floor":35},{"not_picked":["Leap","Hyperbeam"],"picked":"Skim+1","floor":36},{"not_picked":["Go for the Eyes","Hello World","Rebound"],"picked":"SKIP","floor":36},{"not_picked":["Undo+1","Go for the Eyes+1"],"picked":"Stack","floor":37},{"not_picked":["Hologram+1","Ball Lightning+1","Sweeping Beam+1"],"picked":"SKIP","floor":37},{"not_picked":["Static Discharge","BasicCrystalCard"],"picked":"Chaos+1","floor":39},{"not_picked":["Cold Snap","Turbo+1","Chill"],"picked":"SKIP","floor":39}],"player_experience":644469,"relics_obtained":[{"floor":6,"key":"Replay:Baseball"},{"floor":8,"key":"Darkstone Periapt"},{"floor":9,"key":"halation:LettersToHer"},{"floor":17,"key":"DataDisk"},{"floor":17,"key":"Chameleon Ring"},{"floor":17,"key":"Prayer Wheel"},{"floor":26,"key":"halation:LettersToHer"},{"floor":26,"key":"Juzu Bracelet"},{"floor":27,"key":"halation:LettersToHer"},{"floor":27,"key":"Mirror"}],"event_choices":[{"damage_healed":0,"gold_gain":75,"player_choice":"Gold","damage_taken":11,"max_hp_gain":0,"max_hp_loss":0,"event_name":"betterThird:BetterGoop","floor":2,"gold_loss":0},{"cards_removed":["Defend_B"],"damage_healed":0,"gold_gain":0,"player_choice":"Purged","damage_taken":0,"max_hp_gain":0,"max_hp_loss":0,"event_name":"Purifier","floor":12,"gold_loss":0},{"damage_healed":0,"gold_gain":0,"player_choice":"Leave","damage_taken":0,"max_hp_gain":0,"max_hp_loss":0,"event_name":"conspire:Investor","floor":19,"gold_loss":0},{"damage_healed":0,"gold_gain":0,"player_choice":"Inject Mutagens","damage_taken":0,"relics_obtained":["MutagenicStrength"],"max_hp_gain":0,"max_hp_loss":0,"event_name":"Drug Dealer","floor":21,"gold_loss":0},{"damage_healed":0,"gold_gain":0,"player_choice":"Became a vampire (Vial)","damage_taken":0,"max_hp_gain":0,"max_hp_loss":0,"event_name":"Vampires","floor":28,"relics_lost":["Blood Vial"],"gold_loss":0,"cards_obtained":["Bite","Bite","Bite","Bite","Bite"]},{"cards_removed":["Bite"],"damage_healed":0,"gold_gain":0,"player_choice":"Removed Attack","damage_taken":0,"max_hp_gain":0,"max_hp_loss":0,"event_name":"Falling","floor":38,"gold_loss":0}],"is_beta":false,"boss_relics":[{"not_picked":["infinitespire:Cupcake","Runic Pyramid"],"picked":"Calling Bell"},{"not_picked":["Velvet Choker","Painkiller Herb"],"picked":"Nuclear Battery"}],"items_purged_floors":[31],"is_endless":false,"potions_floor_spawned":[3,8,14,16,18,29,39],"killed_by":"Giant Head","ascension_level":10}}