{"host":"crjmoxe2wwb87pm5","time":1610257066,"event":{"mods":["BaseMod","Colored Map","GifTheSpireLib","Infinite Spire","Minty Spire (QoL Compilation)","Replay The Spire","StSLib"],"gold_per_floor":[110,110,130,142,160,160,194,194,194,212,231,231,10,26,26,122,122,136,150,150,34,48,48,48,48,48,58,58,73,87,87,87,186,186,204,221,16,66,135,163,177,177,200,250,300,333,383,401,401,401],"floor_reached":51,"playtime":2986,"items_purged":["Atom Bomb","Sucker Punch"],"score":736,"play_id":"b566639a-6028-4909-bf32-c83a12b2517b","local_time":"20210110003746","is_ascension_mode":false,"campfire_choices":[{"data":"Burst","floor":6,"key":"SMITH"},{"data":"Cloak And Dagger","floor":8,"key":"SMITH"},{"floor":15,"key":"REST"},{"data":"After Image","floor":24,"key":"SMITH"},{"floor":28,"key":"REST"},{"floor":32,"key":"REST"},{"floor":42,"key":"REST"},{"floor":49,"key":"REST"}],"circlet_count":0,"master_deck":["Survivor","Neutralize+1","Endless Agony+1","Burst+1","Wraith Form v2+1","Masterful Stab","Accuracy+1","Die Die Die","Masterful Stab","Backflip+1","Cloak And Dagger+1","Dagger Throw","Leg Sweep","Choke","Hidden Blade","A Thousand Cuts","Hidden Blade+1","After Image+1","Blade Dance","Finisher+1","Envenom","CurseOfTheBell","Cloak And Dagger","Blade Dance+1","Finisher","Catalyst","Dodge and Roll+1"],"relics":["Pandora\u0027s Box","Letter Opener","HornCleat","Membership Card","Gremlin Food","WristBlade","Bag of Marbles","SsserpentHead","infinitespire:CheckeredPen","Empty Cage","Calling Bell","Blue Doll","Shuriken","Durian","infinitespire:Beetle Shell","OrangePellets","The Courier","Toy Ornithopter","Replay:Bottled Snecko","Du-Vu Doll"],"acts_visited":["Exordium","TheCity","TheBeyond"],"potions_floor_usage":[16,33,50,50,50],"damage_taken":[{"damage":0,"enemies":"2 Louse","floor":1,"turns":1},{"damage":0,"enemies":"Cultist","floor":3,"turns":3},{"damage":3,"enemies":"Jaw Worm","floor":4,"turns":2},{"damage":0,"enemies":"2 Fungi Beasts","floor":5,"turns":2},{"damage":7,"enemies":"Lagavulin","floor":7,"turns":6},{"damage":4,"enemies":"Exordium Thugs","floor":10,"turns":2},{"damage":7,"enemies":"Red Slaver","floor":11,"turns":2},{"damage":0,"enemies":"3 Louse","floor":14,"turns":1},{"damage":27,"enemies":"Fading Forest","floor":16,"turns":11},{"damage":4,"enemies":"Shell Parasite","floor":18,"turns":4},{"damage":12,"enemies":"2 Thieves","floor":19,"turns":3},{"damage":6,"enemies":"Centurion and Healer","floor":22,"turns":6},{"damage":0,"enemies":"3 Cultists","floor":27,"turns":3},{"damage":0,"enemies":"Snake Plant","floor":29,"turns":2},{"damage":6,"enemies":"Centurion and Healer","floor":30,"turns":2},{"damage":44,"enemies":"Collector","floor":33,"turns":6},{"damage":19,"enemies":"3 Darklings","floor":35,"turns":5},{"damage":14,"enemies":"3 Shapes","floor":36,"turns":3},{"damage":0,"enemies":"Maw","floor":39,"turns":5},{"damage":0,"enemies":"Giant Head","floor":40,"turns":5},{"damage":12,"enemies":"Sphere and 2 Shapes","floor":41,"turns":4},{"damage":1,"enemies":"infinitespire:Three Voidlings","floor":44,"turns":2},{"damage":0,"enemies":"Reptomancer","floor":46,"turns":5},{"damage":0,"enemies":"Writhing Mass","floor":48,"turns":3},{"damage":44,"enemies":"Donu and Deca","floor":50,"turns":7}],"seed_played":"-6493964912195197038","potions_obtained":[{"floor":3,"key":"DuplicationPotion"},{"floor":10,"key":"ColorlessPotion"},{"floor":11,"key":"Swift Potion"},{"floor":29,"key":"Languid Potion"},{"floor":30,"key":"Doom Potion"},{"floor":39,"key":"FearPotion"}],"is_trial":false,"path_per_floor":["M","?","M","M","M","R","E","R","T","M","M","?","$","M","R","B",null,"M","M","?","$","M","?","R","?","T","M","R","M","M","AVR","R","B",null,"M","M","$","?","M","E","M","R","T","?","T","E","?","M","R","B",null],"character_chosen":"THE_SILENT","items_purchased":["Membership Card","Gremlin Food","Bag of Marbles","infinitespire:Beetle Shell","Blade Dance","OrangePellets"],"campfire_rested":5,"item_purchase_floors":[13,13,21,37,37,37],"current_hp_per_floor":[70,70,70,67,67,67,60,60,60,56,49,49,49,49,70,51,70,66,54,54,54,48,48,48,48,48,48,69,69,63,63,70,26,75,56,42,42,42,42,42,30,52,52,51,51,51,51,51,73,36],"gold":401,"neow_bonus":"BOSS_RELIC","is_daily":false,"chose_seed":false,"campfire_upgraded":3,"win_rate":0.0,"timestamp":1610257066,"path_taken":["M","?","M","M","M","R","E","R","T","M","M","?","$","?","R","BOSS","M","M","?","$","M","?","R","?","T","M","R","M","M","AVR","R","BOSS","M","M","$","?","?","E","M","R","T","?","?","E","?","M","R","BOSS"],"items_purchased_type":["Relic","Relic","Relic","Relic","Card","Relic"],"build_version":"2020-12-22","purchased_purges":2,"victory":true,"max_hp_per_floor":[70,70,70,70,70,70,70,70,70,70,70,70,70,70,70,70,70,70,70,70,70,70,70,70,70,70,70,70,70,70,70,70,70,75,75,75,75,75,75,75,75,75,75,75,75,75,75,75,75,75],"card_choices":[{"not_picked":["Predator","Quick Slash"],"picked":"Backflip","floor":1},{"not_picked":["Bane","Slice","Escape Plan"],"picked":"SKIP","floor":3},{"not_picked":["Flying Knee","Dagger Throw"],"picked":"Cloak And Dagger","floor":4},{"not_picked":["Bane","ReplayTheSpireMod:The Works"],"picked":"Distraction","floor":5},{"not_picked":["Outmaneuver","Malaise"],"picked":"Dagger Throw","floor":7},{"not_picked":["Distraction","Reflex"],"picked":"Leg Sweep","floor":10},{"not_picked":["Dagger Throw","Cloak And Dagger"],"picked":"Choke","floor":11},{"not_picked":["Distraction","Predator"],"picked":"Hidden Blade","floor":14},{"not_picked":["Atom Bomb","Night Terror"],"picked":"A Thousand Cuts","floor":16},{"not_picked":["Flying Knee","Prepared+1"],"picked":"Hidden Blade","floor":18},{"not_picked":["Dagger Spray+1","Expertise","Backflip+1"],"picked":"SKIP","floor":19},{"not_picked":["Quick Slash+1","Dagger Spray+1"],"picked":"After Image","floor":22},{"not_picked":["Terror","Sucker Punch","Sneak Up"],"picked":"SKIP","floor":27},{"not_picked":["Toxin Wave","Noxious Fumes+1","Deadly Poison"],"picked":"SKIP","floor":29},{"not_picked":["Underhanded Strike","Dagger Spray"],"picked":"Finisher+1","floor":30},{"not_picked":["Grand Finale","Poison Darts"],"picked":"Envenom","floor":33},{"not_picked":["Sucker Punch+1","Acrobatics"],"picked":"Cloak And Dagger","floor":35},{"not_picked":["Slice","Hidden Blade","Adrenaline"],"picked":"SKIP","floor":36},{"not_picked":["Slice","Flying Knee+1"],"picked":"Finisher","floor":39},{"not_picked":["Escape Plan","Caltrops","Predator+1"],"picked":"SKIP","floor":40},{"not_picked":["ReplayTheSpireMod:Necrosis","PiercingWail","Poisoned Stab"],"picked":"SKIP","floor":41},{"not_picked":["Noxious Fumes","Replay:Poison Smokescreen+1"],"picked":"Catalyst","floor":46},{"not_picked":["Crippling Poison","Dagger Throw+1"],"picked":"Dodge and Roll+1","floor":48}],"player_experience":131264,"relics_obtained":[{"floor":7,"key":"Letter Opener"},{"floor":9,"key":"HornCleat"},{"floor":26,"key":"infinitespire:CheckeredPen"},{"floor":34,"key":"Blue Doll"},{"floor":34,"key":"Shuriken"},{"floor":34,"key":"Durian"},{"floor":40,"key":"The Courier"},{"floor":43,"key":"Toy Ornithopter"},{"floor":45,"key":"Replay:Bottled Snecko"},{"floor":46,"key":"Du-Vu Doll"}],"event_choices":[{"damage_healed":0,"gold_gain":0,"player_choice":"Grow","damage_taken":0,"max_hp_gain":0,"max_hp_loss":0,"event_name":"Living Wall","floor":2,"gold_loss":0,"cards_upgraded":["Accuracy"]},{"damage_healed":0,"gold_gain":0,"player_choice":"Ignored","damage_taken":0,"max_hp_gain":0,"max_hp_loss":0,"event_name":"NoteForYourself","floor":12,"gold_loss":0},{"damage_healed":0,"gold_gain":0,"player_choice":"Read","damage_taken":0,"max_hp_gain":0,"max_hp_loss":0,"event_name":"The Library","floor":23,"gold_loss":0,"cards_obtained":["Blade Dance"]},{"damage_healed":0,"gold_gain":0,"player_choice":"Trade","damage_taken":0,"relics_obtained":["SsserpentHead"],"max_hp_gain":0,"max_hp_loss":0,"event_name":"FaceTrader","floor":25,"gold_loss":0},{"damage_healed":0,"gold_gain":0,"player_choice":"Ignored","damage_taken":0,"max_hp_gain":0,"max_hp_loss":0,"event_name":"SecretPortal","floor":38,"gold_loss":0},{"damage_healed":0,"gold_gain":0,"player_choice":"Upgraded","damage_taken":0,"max_hp_gain":0,"max_hp_loss":0,"event_name":"Upgrade Shrine","floor":47,"gold_loss":0,"cards_upgraded":["Blade Dance"]}],"is_beta":false,"boss_relics":[{"not_picked":["Honey Jar","Cursed Key"],"picked":"WristBlade"},{"not_picked":["Replay:Ancient Bell","ChewingGum"],"picked":"Calling Bell"}],"items_purged_floors":[21,37],"is_endless":false,"potions_floor_spawned":[3,10,11,14,29,30,39,41,48],"ascension_level":0}}