{"host":"e8rlfedn69rz2s07","time":1610294337,"event":{"mods":["Act Like it!","BaseMod","Conspire","Hubris","Infinite Spire","Minty Spire (QoL Compilation)","Permanent Neow","Relic Stats","Replay The Spire","Shop Mod","StSLib","The Jungle"],"gold_per_floor":[109,159,177,188,52,52,78,89,115,135,146,146,162,174,174,174,174],"floor_reached":16,"playtime":760,"items_purged":[],"score":212,"play_id":"af10cdee-6715-46fa-9b00-a47ff95ba6db","local_time":"20210110175857","is_ascension_mode":true,"campfire_choices":[{"data":"FIFO Queue","floor":6.0,"key":"SMITH"},{"data":"Loop","floor":12.0,"key":"SMITH"},{"data":"Darkness","floor":15.0,"key":"SMITH"}],"circlet_count":0,"master_deck":["AscendersBane","Strike_B","Strike_B","Strike_B","Strike_B","Defend_B","Defend_B","Defend_B","Defend_B","Zap","Dualcast","Glacier","FIFO Queue+1","Barrage","Loop+1","Panic Button","Sweeping Beam","White Noise","Barrage","Reinforced Body","Darkness+1","Seek"],"relics":["Coffee Dripper","hubris:ToyBattleship","infinitespire:Beetle Shell"],"acts_visited":["Exordium"],"potions_floor_usage":[],"damage_taken":[{"damage":0.0,"enemies":"2 Louse","floor":1.0,"turns":4.0},{"damage":5.0,"enemies":"infinitespire:Voidling","floor":3.0,"turns":5.0},{"damage":0.0,"enemies":"Jaw Worm","floor":4.0,"turns":5.0},{"damage":10.0,"enemies":"Replay:BlueRogue","floor":7.0,"turns":11.0},{"damage":0.0,"enemies":"Exordium Thugs","floor":8.0,"turns":5.0},{"damage":20.0,"enemies":"Red Slaver","floor":10.0,"turns":5.0},{"damage":1.0,"enemies":"Looter","floor":11.0,"turns":3.0},{"damage":6.0,"enemies":"conspire:2 RoseBushes","floor":13.0,"turns":4.0},{"damage":12.0,"enemies":"Large Slime","floor":14.0,"turns":7.0},{"damage":28,"enemies":"Slime Boss","floor":16,"turns":3}],"seed_played":"-9080291523395510520","potions_obtained":[{"floor":7.0,"key":"Adrenaline Potion"},{"floor":8.0,"key":"Venom Potion"},{"floor":13.0,"key":"FearPotion"}],"is_trial":false,"path_per_floor":["M","?","M","M","$","R","E","M","T","M","M","R","M","M","R","B"],"character_chosen":"DEFECT","items_purchased":["Loop","Panic Button"],"campfire_rested":0,"item_purchase_floors":[5,5],"current_hp_per_floor":[64,57,57,57,57,57,47,47,47,27,26,26,20,8,8,0,0],"gold":174,"neow_bonus":"BOSS_RELIC","is_daily":false,"chose_seed":false,"campfire_upgraded":3,"win_rate":0.0,"timestamp":1610294337,"path_taken":["M","?","M","M","$","R","E","M","T","M","M","R","?","M","R","BOSS"],"items_purchased_type":["Card","Card"],"build_version":"2020-12-22","purchased_purges":0,"victory":false,"max_hp_per_floor":[71,71,71,71,71,71,71,71,71,71,71,71,71,71,71,71,71],"relic_stats":{"counters":[10,52],"obtain_stats":[{"infinitespire:Beetle Shell":9,"Coffee Dripper":0,"hubris:ToyBattleship":7,"Cracked Core":0},{"infinitespire:Beetle Shell":5,"Coffee Dripper":0,"hubris:ToyBattleship":4,"Cracked Core":0},{"infinitespire:Beetle Shell":30,"Coffee Dripper":0,"hubris:ToyBattleship":25,"Cracked Core":0}]},"card_choices":[{"not_picked":["Ball Lightning","Time Bomb"],"picked":"Glacier","floor":1.0},{"not_picked":["Leap","FTL"],"picked":"FIFO Queue","floor":3.0},{"not_picked":["Beam Cell","Cold Snap"],"picked":"Barrage","floor":4.0},{"not_picked":["Stack","Time Bomb"],"picked":"Sweeping Beam","floor":7.0},{"not_picked":["Sunder","Panic Button"],"picked":"White Noise","floor":8.0},{"not_picked":["Redo","Turbo"],"picked":"Barrage","floor":10.0},{"not_picked":["Aggregate","Stack"],"picked":"Reinforced Body","floor":11.0},{"not_picked":["Compile Driver","FIFO Queue"],"picked":"Darkness","floor":13.0},{"not_picked":["Cold Snap","Static Discharge"],"picked":"Seek","floor":14.0}],"player_experience":956899,"relics_obtained":[{"floor":7.0,"key":"hubris:ToyBattleship"},{"floor":9.0,"key":"infinitespire:Beetle Shell"}],"event_choices":[{"damage_healed":0.0,"max_hp_gain":0.0,"max_hp_loss":0.0,"gold_gain":50.0,"event_name":"FaceTrader","player_choice":"Touch","floor":2.0,"gold_loss":0.0,"damage_taken":7.0}],"is_beta":false,"boss_relics":[],"items_purged_floors":[],"is_endless":false,"potions_floor_spawned":[7,8,10,13],"killed_by":"Slime Boss","ascension_level":20}}