{"host":"on8kfoejf6vp3cg3","time":1610320456,"event":{"mods":["AchievementEnabler","BaseMod","Better Match","Better Third Choice","Block Reminder","Colored Map","Colored Powertips","Disable Question Mark Monsters","Googly Eyes","Hermit","Highlight Path","Minty Spire (QoL Compilation)","Permanent Neow","Rare Cards Sparkle","Replay The Spire","StSLib","The Blackbeard","The Bladedancer","The Cursed"],"gold_per_floor":[112,112,96,114,129,129,147,147,171,210,210,224,68,85,85,193,193,206,131,150,160,160,160,196,206,256,256,327,327,173,129,129,283,342,412,478,544,556,568,580,705,717,809,821,842,854,2,28,28,133],"floor_reached":51,"playtime":3984,"items_purged":["blademaster:Quickstep"],"score":1061,"play_id":"ae9f5bc8-ba8e-4cb5-b0a0-e8b5d1b02c30","local_time":"20210110181416","daily_mods":["Insanity","Vintage","Heirloom","Time Dilation","Flight"],"is_ascension_mode":true,"campfire_choices":[{"floor":6.0,"key":"REST"},{"floor":8.0,"key":"REST"},{"floor":11.0,"key":"REST"},{"floor":15.0,"key":"REST"},{"floor":23.0,"key":"REST"},{"floor":29.0,"key":"REST"},{"floor":32.0,"key":"REST"},{"floor":40.0,"key":"REST"},{"floor":42.0,"key":"REST"},{"data":"blademaster:Cut","floor":44.0,"key":"SMITH"},{"data":"blademaster:Cut","floor":46.0,"key":"SMITH"},{"data":"1","floor":49.0,"key":"LIFT"}],"circlet_count":0,"master_deck":["blademaster:DragonStrike","blademaster:SharpBlades","blademaster:Thrust","blademaster:ParryingStrike","blademaster:Bloodbath","blademaster:BladeMastery","blademaster:IcyWind","blademaster:Sunder","blademaster:DeadlyDance","blademaster:Safeguard","blademaster:AwakeningDefend","blademaster:Frontflip","blademaster:Breeze","blademaster:Flurry","blademaster:Safeguard","blademaster:Vortex","blademaster:Stability","blademaster:Breeze","blademaster:Thrust","blademaster:ChargingUp","blademaster:Stability","blademaster:DragonStrike","blademaster:AirSlash","blademaster:EyeOfTheTornado","blademaster:Havoc","blademaster:DeadlyDance","blademaster:Slice","blademaster:Stability","blademaster:AirSlash","blademaster:BloodyBlow","blademaster:AwakeningDefend","blademaster:Sunder","blademaster:Slice","blademaster:Cut+1","blademaster:Stability","blademaster:AirSlash","blademaster:EyeOfTheTornado","blademaster:Slice","blademaster:Discharge","blademaster:Quickness","blademaster:Breeze","blademaster:Slice","blademaster:Stability","blademaster:BloodyBlow","blademaster:Frontflip","blademaster:Blockade","blademaster:BladeCross","blademaster:AspectOfWind","blademaster:SlyStabs","blademaster:AspectOfLightning","blademaster:AspectOfLightning","blademaster:ChargingUp+1","blademaster:EnchantedCuirass","blademaster:Momentum","blademaster:Discharge","blademaster:Sharpen","blademaster:ThreePointStrike","blademaster:DancingEdge","Doubt","The Bomb","blademaster:Stability","blademaster:Sunder","blademaster:HighVoltage","blademaster:HighVoltage"],"relics":["Unceasing Top","Turnip","CeramicFish","Potion Belt","StrikeDummy","MealTicket","Ancient Tea Set","StoneCalendar","Ginger","Anchor","White Beast Statue","CaptainsWheel","Shuriken","Simple Rune","Replay:Bandana","Dead Branch","Pen Nib","Tiny House","MawBank","Iron Hammer","Replay:PocketPolymizer","ReplayTheSpireMod:Shallot","Replay:WaspNest","Girya","Oddly Smooth Stone"],"acts_visited":["Exordium","TheCity","TheBeyond"],"potions_floor_usage":[50,50,50,50,50],"damage_taken":[{"damage":15.0,"enemies":"2 Louse","floor":1.0,"turns":3.0},{"damage":12.0,"enemies":"Jaw Worm","floor":4.0,"turns":3.0},{"damage":4.0,"enemies":"Cultist","floor":5.0,"turns":4.0},{"damage":13.0,"enemies":"Blue Slaver","floor":7.0,"turns":5.0},{"damage":27.0,"enemies":"Replay:BlueRogue","floor":10.0,"turns":7.0},{"damage":17.0,"enemies":"Looter","floor":12.0,"turns":4.0},{"damage":19.0,"enemies":"Lots of Slimes","floor":14.0,"turns":4.0},{"damage":52.0,"enemies":"The Guardian","floor":16.0,"turns":10.0},{"damage":11.0,"enemies":"Spheric Guardian","floor":18.0,"turns":6.0},{"damage":0.0,"enemies":"3 Byrds","floor":20.0,"turns":5.0},{"damage":27.0,"enemies":"Snake Plant","floor":21.0,"turns":7.0},{"damage":24.0,"enemies":"Slavers","floor":24.0,"turns":5.0},{"damage":5.0,"enemies":"Cultist and Chosen","floor":25.0,"turns":5.0},{"damage":55.0,"enemies":"Book of Stabbing","floor":28.0,"turns":8.0},{"damage":34.0,"enemies":"Champ","floor":33.0,"turns":8.0},{"damage":5.0,"enemies":"3 Shapes","floor":35.0,"turns":5.0},{"damage":7.0,"enemies":"Orb Walker","floor":36.0,"turns":4.0},{"damage":42.0,"enemies":"Maw","floor":37.0,"turns":7.0},{"damage":35.0,"enemies":"3 Darklings","floor":41.0,"turns":5.0},{"damage":57,"enemies":"Donu and Deca","floor":50,"turns":8}],"seed_played":"652879815814095829","potions_obtained":[{"floor":12.0,"key":"SpeedPotion"},{"floor":16.0,"key":"Dexterity Potion"},{"floor":20.0,"key":"BlessingOfTheForge"},{"floor":21.0,"key":"Dexterity Potion"},{"floor":24.0,"key":"AttackPotion"},{"floor":25.0,"key":"Swift Potion"},{"floor":28.0,"key":"AttackPotion"},{"floor":33.0,"key":"SpeedPotion"},{"floor":35.0,"key":"AttackPotion"},{"floor":36.0,"key":"Doom Potion"},{"floor":41.0,"key":"LifebloodPotion"}],"is_trial":true,"path_per_floor":["M","$","$","M","M","R","M","R","T","E","R","M","$","M","R","B",null,"M","$","M","M","?","R","E","M","T","?","E","R","$","$","R","B",null,"M","M","M","?","$","R","M","R","T","R","?","R","$","T","R","B",null],"character_chosen":"THE_BLADEMASTER","items_purchased":["blademaster:AspectOfLightning","Anchor","Pen Nib","blademaster:Sharpen","Replay:WaspNest","The Bomb","blademaster:Stability","blademaster:Sunder","blademaster:HighVoltage","Girya"],"campfire_rested":9,"item_purchase_floors":[3,13,30,31,47,47,47,47,47,47],"current_hp_per_floor":[53,53,53,41,37,59,46,68,68,41,63,46,61,42,64,18,61,56,71,75,54,54,75,57,58,58,75,26,48,63,75,75,47,73,74,73,37,37,52,74,62,76,76,76,76,76,76,76,76,25],"gold":133,"neow_bonus":"","is_daily":false,"chose_seed":false,"campfire_upgraded":2,"win_rate":0.0,"timestamp":1610320456,"path_taken":["M","$","$","M","M","R","M","R","T","E","R","M","$","M","R","BOSS","M","$","M","M","?","R","E","M","T","?","E","R","$","$","R","BOSS","M","M","M","?","$","R","M","R","T","R","?","R","$","?","R","BOSS"],"items_purchased_type":["Card","Relic","Relic","Card","Relic","Card","Card","Card","Card","Relic"],"build_version":"2020-12-22","purchased_purges":1,"victory":true,"max_hp_per_floor":[75,75,75,75,75,75,75,75,75,75,75,75,75,75,75,75,75,75,75,75,75,75,75,75,75,75,75,75,75,75,75,75,75,80,80,80,80,76,76,76,76,76,76,76,76,76,76,76,76,76],"card_choices":[{"not_picked":["blademaster:ParryingStrike","blademaster:BladeMastery"],"picked":"blademaster:ChargingUp","floor":10.0},{"not_picked":["blademaster:RagingBlow","blademaster:UnrelentingWind"],"picked":"blademaster:EnchantedCuirass","floor":16.0},{"not_picked":["blademaster:DeadlyDance","blademaster:Quickstep"],"picked":"blademaster:Momentum","floor":24.0},{"not_picked":["blademaster:Sunder+1","blademaster:FlockOfBlades"],"picked":"blademaster:Discharge","floor":28.0},{"not_picked":["blademaster:Empower","blademaster:FuryOfTheElements"],"picked":"blademaster:ThreePointStrike","floor":33.0},{"not_picked":["blademaster:Stability","blademaster:ThunderingOpener"],"picked":"blademaster:DancingEdge","floor":34.0}],"player_experience":435240,"relics_obtained":[{"floor":1.0,"key":"CeramicFish"},{"floor":1.0,"key":"blademaster:BonusFuryPerk"},{"floor":4.0,"key":"Potion Belt"},{"floor":4.0,"key":"blademaster:OnAttackedChargePerk"},{"floor":5.0,"key":"StrikeDummy"},{"floor":5.0,"key":"blademaster:RandomBladePerk"},{"floor":7.0,"key":"MealTicket"},{"floor":7.0,"key":"blademaster:RandomStancePerk"},{"floor":9.0,"key":"Ancient Tea Set"},{"floor":10.0,"key":"StoneCalendar"},{"floor":10.0,"key":"blademaster:FuryEveryTurnPerk"},{"floor":12.0,"key":"Ginger"},{"floor":12.0,"key":"blademaster:StrongPerk"},{"floor":14.0,"key":"blademaster:StanceHealPerk"},{"floor":18.0,"key":"White Beast Statue"},{"floor":18.0,"key":"blademaster:BleedingLaceratePerk"},{"floor":20.0,"key":"blademaster:DextrousPerk"},{"floor":21.0,"key":"CaptainsWheel"},{"floor":21.0,"key":"blademaster:WindChargePerk"},{"floor":24.0,"key":"Shuriken"},{"floor":24.0,"key":"blademaster:LightningChargePerk"},{"floor":25.0,"key":"Simple Rune"},{"floor":25.0,"key":"blademaster:BleedingMoreDamagePerk"},{"floor":26.0,"key":"Replay:Bandana"},{"floor":28.0,"key":"Dead Branch"},{"floor":28.0,"key":"blademaster:ComboEveryTurnPerk"},{"floor":35.0,"key":"MawBank"},{"floor":35.0,"key":"blademaster:BonusComboPerk"},{"floor":36.0,"key":"blademaster:FinisherDrawCardPerk"},{"floor":37.0,"key":"Iron Hammer"},{"floor":41.0,"key":"Replay:PocketPolymizer"},{"floor":43.0,"key":"ReplayTheSpireMod:Shallot"},{"floor":48.0,"key":"Oddly Smooth Stone"}],"event_choices":[{"damage_healed":0.0,"max_hp_gain":0.0,"max_hp_loss":0.0,"gold_gain":0.0,"event_name":"Ghosts","player_choice":"Ignored","floor":22.0,"gold_loss":0.0,"damage_taken":0.0},{"damage_healed":25.0,"max_hp_gain":0.0,"max_hp_loss":0.0,"gold_gain":0.0,"event_name":"The Library","player_choice":"Heal","floor":27.0,"gold_loss":0.0,"damage_taken":0.0},{"damage_healed":0.0,"max_hp_gain":0.0,"max_hp_loss":4.0,"gold_gain":0.0,"event_name":"Winding Halls","player_choice":"Max HP","floor":38.0,"gold_loss":0.0,"damage_taken":0.0},{"damage_healed":0.0,"max_hp_gain":0.0,"max_hp_loss":0.0,"gold_gain":0.0,"event_name":"MindBloom","player_choice":"Heal","floor":45.0,"gold_loss":0.0,"damage_taken":0.0,"cards_obtained":["Doubt"]}],"is_beta":false,"boss_relics":[{"not_picked":["Velvet Choker","Honey Jar","Painkiller Herb"]},{"not_picked":["Cursed Key","Replay:Drink Me"],"picked":"Tiny House"}],"items_purged_floors":[19],"is_endless":false,"potions_floor_spawned":[12,16,20,21,24,25,28,33,35,36,37,41],"ascension_level":8}}