{"host":"pyffc2h733o4rm8a","time":1610262549,"event":{"mods":["Act Like it!","BaseMod","Block Reminder","Minty Spire (QoL Compilation)","Shop Mod","StSLib","[IsaacMod]以撒尖塔","[YSDMod]压实度","【功能Mod】混沌之环修复补丁","【遗物卡牌】REMEMod","篝火指南"],"gold_per_floor":[109,109,122,133,208,208,221,250,273,273,290,290,290],"floor_reached":12,"playtime":343,"items_purged":[],"score":112,"play_id":"e7b45863-ca6b-40b7-aa31-6bf688f904aa","local_time":"20210110150909","is_ascension_mode":true,"campfire_choices":[{"data":"Eruption","floor":6.0,"key":"SMITH"},{"data":"Well Laid Plans","floor":10,"key":"SMITH"}],"circlet_count":0,"master_deck":["Strike_P","Strike_P+1","Strike_P","Strike_P+1","Defend_P","Defend_P","Defend_P","Eruption+1","Vigilance","Well Laid Plans+1","MasterReality","WheelKick"],"relics":["REME_ComplimentaryCards","HushsDoor","YSD","SteamSale","Coffee Dripper","Whetstone"],"acts_visited":["Exordium"],"potions_floor_usage":[12],"damage_taken":[{"damage":0.0,"enemies":"2 Louse","floor":1.0,"turns":1.0},{"damage":5.0,"enemies":"Small Slimes","floor":3.0,"turns":3.0},{"damage":0.0,"enemies":"Cultist","floor":4.0,"turns":2.0},{"damage":5.0,"enemies":"2 Fungi Beasts","floor":7.0,"turns":3.0},{"damage":30.0,"enemies":"Lagavulin","floor":8.0,"turns":5.0},{"damage":0,"enemies":"Large Slime","floor":11,"turns":5},{"damage":7,"enemies":"3 Sentries","floor":12,"turns":2}],"seed_played":"2557421040642788567","potions_obtained":[{"floor":1.0,"key":"Fire Potion"},{"floor":3.0,"key":"Energy Potion"},{"floor":4.0,"key":"StancePotion"}],"is_trial":false,"path_per_floor":["M","?","M","M","?","R","M","E","T","R","M","E"],"character_chosen":"WATCHER","items_purchased":[],"campfire_rested":0,"item_purchase_floors":[],"current_hp_per_floor":[65,58,53,53,42,42,37,7,7,7,7,0,0],"gold":290,"neow_bonus":"BOSS_RELIC","is_daily":false,"chose_seed":false,"campfire_upgraded":2,"win_rate":0.0,"timestamp":1610262549,"path_taken":["M","?","M","?","?","R","M","E","T","R","?","E"],"items_purchased_type":[],"build_version":"2020-12-22","purchased_purges":0,"victory":false,"max_hp_per_floor":[72,72,72,72,72,72,72,72,72,72,72,72,72],"card_choices":[{"not_picked":["DeceiveReality","ThirdEye","Worship"],"picked":"SKIP","floor":1.0},{"not_picked":["Evaluate","Swivel","FollowUp"],"picked":"SKIP","floor":3.0},{"not_picked":["JustLucky","Swivel","FollowUp"],"picked":"SKIP","floor":4.0},{"not_picked":["Collect","JustLucky","FlyingSleeves"],"picked":"SKIP","floor":7.0},{"not_picked":["Collect","JustLucky","FlyingSleeves"],"picked":"SKIP","floor":7.0},{"not_picked":["REME_Repentance","Evaluate"],"picked":"MasterReality","floor":8.0},{"not_picked":["CarveReality","Halt"],"picked":"WheelKick","floor":11}],"player_experience":764092,"relics_obtained":[{"floor":8.0,"key":"Whetstone"}],"event_choices":[{"cards_removed":["Defend_P"],"damage_healed":0.0,"max_hp_gain":0.0,"max_hp_loss":0.0,"gold_gain":0.0,"event_name":"Golden Wing","player_choice":"Card Removal","floor":2.0,"gold_loss":0.0,"damage_taken":7.0},{"damage_healed":0.0,"max_hp_gain":0.0,"max_hp_loss":0.0,"gold_gain":75.0,"event_name":"World of Goop","player_choice":"Gather Gold","floor":5.0,"gold_loss":0.0,"damage_taken":11.0}],"is_beta":false,"boss_relics":[],"items_purged_floors":[],"is_endless":false,"potions_floor_spawned":[1,3,4],"killed_by":"3 Sentries","ascension_level":8}}