{"host":"3l94tha3a4jgu0q4","time":1610316408,"event":{"mods":["2.2 Compatiblity","AchievementEnabler","BaseMod","Colored Map","Colored Powertips","Highlight Path","Minty Spire (QoL Compilation)","Permanent Neow","StSLib","SuperFastMode","The IronCluck","slay the spire mod where everything is the same but ironclad has a cowboy hat"],"gold_per_floor":[118,118,132,151,170,204,204,204,204,217,217,250,94,122,122,122,122],"floor_reached":16,"playtime":337,"items_purged":["Defend_P"],"score":187,"play_id":"fa18ffb6-341f-4312-b3ff-cd4f6dd9c6b4","local_time":"20210110140648","is_ascension_mode":true,"campfire_choices":[{"data":"Eruption","floor":8,"key":"SMITH"},{"data":"Wallop","floor":15,"key":"SMITH"}],"circlet_count":0,"master_deck":["AscendersBane","Strike_P","Strike_P","Strike_P","Defend_P","Defend_P","Defend_P","Eruption+1","Vigilance","CurseOfTheBell","Prostrate","Wallop+1","FlurryOfBlows","EmptyBody","EmptyBody","Weave","Consecrate","TalkToTheHand","EmptyFist","Halt"],"relics":["Calling Bell","Oddly Smooth Stone","TeardropLocket","StoneCalendar","Nunchaku","Pear","Art of War","Darkstone Periapt","Gambling Chip","Odd Mushroom"],"acts_visited":["Exordium"],"potions_floor_usage":[6,6],"damage_taken":[{"damage":10,"enemies":"Jaw Worm","floor":1,"turns":4},{"damage":0,"enemies":"Cultist","floor":3,"turns":2},{"damage":0,"enemies":"2 Louse","floor":4,"turns":2},{"damage":0,"enemies":"Looter","floor":5,"turns":3},{"damage":10,"enemies":"3 Sentries","floor":6,"turns":6},{"damage":9,"enemies":"3 Louse","floor":10,"turns":3},{"damage":24,"enemies":"Lagavulin","floor":12,"turns":7},{"damage":0,"enemies":"The Mushroom Lair","floor":14,"turns":3},{"damage":16,"enemies":"The Guardian","floor":16,"turns":10}],"seed_played":"-8208858329967493718","potions_obtained":[{"floor":3,"key":"Swift Potion"},{"floor":4,"key":"Strength Potion"},{"floor":10,"key":"Weak Potion"}],"is_trial":false,"path_per_floor":["M","?","M","M","M","E","?","R","T","M","?","E","$","?","R","B"],"character_chosen":"WATCHER","items_purchased":["TalkToTheHand","EmptyFist"],"campfire_rested":0,"item_purchase_floors":[13,13],"current_hp_per_floor":[51,51,51,51,51,51,48,48,48,39,39,15,15,15,15,0,0],"gold":122,"neow_bonus":"BOSS_RELIC","is_daily":false,"chose_seed":false,"campfire_upgraded":2,"win_rate":0.0,"timestamp":1610316408,"path_taken":["M","?","M","?","M","E","?","R","T","M","?","E","$","?","R","BOSS"],"items_purchased_type":["Card","Card"],"build_version":"2020-12-22","purchased_purges":1,"victory":false,"max_hp_per_floor":[68,68,68,68,68,78,78,78,78,78,78,78,78,78,78,78,78],"card_choices":[{"not_picked":["Wireheading","Sanctity"],"picked":"LikeWater","floor":1},{"not_picked":["Collect","WreathOfFlame"],"picked":"Prostrate","floor":3},{"not_picked":["FollowUp","Weave"],"picked":"Wallop","floor":4},{"not_picked":["EmptyBody","Prostrate"],"picked":"FlurryOfBlows","floor":5},{"not_picked":["BattleHymn","Evaluate"],"picked":"EmptyBody","floor":6},{"not_picked":["SashWhip","CrushJoints"],"picked":"EmptyBody","floor":10},{"not_picked":["Vengeance","LikeWater"],"picked":"Consecrate","floor":12},{"not_picked":["EmptyFist","Worship"],"picked":"Halt","floor":14}],"player_experience":1918231,"relics_obtained":[{"floor":0,"key":"Oddly Smooth Stone"},{"floor":0,"key":"TeardropLocket"},{"floor":0,"key":"StoneCalendar"},{"floor":6,"key":"Pear"},{"floor":9,"key":"Darkstone Periapt"},{"floor":12,"key":"Gambling Chip"},{"floor":14,"key":"Odd Mushroom"}],"event_choices":[{"cards_removed":["LikeWater"],"damage_healed":0,"gold_gain":0,"player_choice":"Gave Card","damage_taken":0,"relics_obtained":["Nunchaku"],"max_hp_gain":0,"max_hp_loss":0,"event_name":"WeMeetAgain","floor":2,"gold_loss":0},{"damage_healed":0,"gold_gain":0,"player_choice":"Success","damage_taken":3,"relics_obtained":["Art of War"],"max_hp_gain":0,"max_hp_loss":0,"event_name":"Scrap Ooze","floor":7,"gold_loss":0},{"damage_healed":0,"gold_gain":0,"cards_transformed":["Strike_P"],"player_choice":"Change","damage_taken":0,"max_hp_gain":0,"max_hp_loss":0,"event_name":"Living Wall","floor":11,"gold_loss":0,"cards_obtained":["Weave"]},{"damage_healed":0,"gold_gain":0,"player_choice":"Fought Mushrooms","damage_taken":0,"max_hp_gain":0,"max_hp_loss":0,"event_name":"Mushrooms","floor":14,"gold_loss":0}],"is_beta":false,"boss_relics":[],"items_purged_floors":[13],"is_endless":false,"potions_floor_spawned":[3,4,5,10],"killed_by":"The Guardian","ascension_level":14}}