{"host":"minbhrtlkaoly5f0","time":1610249350,"event":{"mods":["Act Like it!","BaseMod","Colored Map","Colored Powertips","Lobotomy","LobotomyExtend","Minty Spire (QoL Compilation)","Quick Restart","StSLib"],"gold_per_floor":[118,131,151,161,177,177,200,213,213,213,242,242,242,255,255,360,360,372,372,387,387,387,387,387,403,403,403,374,299,310,320,320,363,363,363,363],"floor_reached":35,"playtime":1925,"items_purged":["SpecialBullet"],"score":411,"play_id":"4e7540ca-321d-4359-8f46-44ceaeb2def4","local_time":"20210110112910","is_ascension_mode":false,"campfire_choices":[{"floor":15,"key":"REST"},{"floor":27,"key":"REST"}],"circlet_count":0,"master_deck":["ControlCode","InformationCode","SecurityCode","RedShoes","OldLady","Moonlight+1","OSAHOGD","Beak+1","DisciplinaryCode","BlackSwan","SwordSharpenedByTears","ParadiseLost","J.A.X.","Freischutz","Amita","TT2Protocol","Rudolta","SpiderBud","QueenOfHatred","WelfareCode","Pinks","BlueScar+1","Adoration+1","Lantern+1"],"relics":["CogitoBucket","Ginger","RabbitCall","RedMistMask","LetterFromLob","Toy Ornithopter","SkinProphecy","Matryoshka","MealTicket","Empty Cage","PreservedInsect","Bronze Scales","Whetstone","Letter Opener","Astrolabe"],"acts_visited":["TheCity","TheBeyond"],"potions_floor_usage":[8,8,11,20,31,35,35],"damage_taken":[{"damage":0,"enemies":"Cultist","floor":1,"turns":2},{"damage":5,"enemies":"2 Louse","floor":2,"turns":2},{"damage":13,"enemies":"Jaw Worm","floor":3,"turns":2},{"damage":26,"enemies":"Exordium Wildlife","floor":4,"turns":3},{"damage":8,"enemies":"Large Slime","floor":5,"turns":4},{"damage":25,"enemies":"Looter","floor":8,"turns":4},{"damage":21,"enemies":"Lagavulin","floor":11,"turns":3},{"damage":18,"enemies":"Lots of Slimes","floor":14,"turns":3},{"damage":27,"enemies":"Slime Boss","floor":16,"turns":5},{"damage":10,"enemies":"Spheric Guardian","floor":18,"turns":3},{"damage":28,"enemies":"Chosen","floor":20,"turns":5},{"damage":21,"enemies":"Snake Plant","floor":25,"turns":2},{"damage":18,"enemies":"Shelled Parasite and Fungi","floor":28,"turns":2},{"damage":0,"enemies":"Sentry and Sphere","floor":30,"turns":2},{"damage":18,"enemies":"Snake Plant","floor":31,"turns":3},{"damage":96,"enemies":"Collector","floor":33,"turns":9},{"damage":113,"enemies":"3 Darklings","floor":35,"turns":4}],"seed_played":"-6437847743678020037","potions_obtained":[{"floor":3,"key":"LiquidMemories"},{"floor":4,"key":"Energy Potion"},{"floor":5,"key":"AttackPotion"},{"floor":16,"key":"Explosive Potion"},{"floor":25,"key":"EssenceOfSteel"},{"floor":30,"key":"FearPotion"},{"floor":31,"key":"FairyPotion"},{"floor":33,"key":"LiquidBronze"}],"is_trial":false,"path_per_floor":["M","M","M","M","M","R","T","M","T","R","E","?","R","M","R","B",null,"M","?","M","?","?","T","R","M","T","R","M","$","M","M","R","B",null,"M"],"character_chosen":"Angela","items_purchased":[],"campfire_rested":2,"item_purchase_floors":[],"current_hp_per_floor":[70,70,65,47,51,51,51,47,47,47,39,32,32,22,44,24,73,70,56,36,36,36,36,36,27,27,52,48,63,77,80,80,46,94,0,0],"gold":363,"neow_bonus":"ONE_RARE_RELIC","is_daily":false,"chose_seed":false,"campfire_upgraded":0,"win_rate":0.0,"timestamp":1610249350,"path_taken":["M","M","M","M","?","R","?","M","T","R","E","?","R","M","R","BOSS","M","?","M","?","?","?","R","?","T","R","M","?","M","M","R","BOSS","M"],"items_purchased_type":[],"build_version":"2020-12-22","purchased_purges":1,"victory":false,"max_hp_per_floor":[70,70,70,70,70,70,70,70,70,70,72,72,72,74,74,76,73,75,80,84,84,84,84,84,86,86,86,88,88,90,92,92,94,94,98,98],"card_choices":[{"not_picked":["Loneliness"],"picked":"FrostShard","floor":1},{"not_picked":["MHz","CrumblingArmor"],"picked":"RedShoes","floor":1},{"not_picked":["Galaxy","SomewhereSpear"],"picked":"SKIP","floor":2},{"not_picked":["Scorched","UniverseFragment"],"picked":"OldLady","floor":3},{"not_picked":["Pleasure"],"picked":"Moonlight","floor":3},{"not_picked":["PunishingBird","BeautyBeast"],"picked":"OSAHOGD","floor":4},{"not_picked":["TodaysExpression"],"picked":"Beak","floor":4},{"not_picked":["Beak","SolemnVow"],"picked":"SKIP","floor":5},{"not_picked":["RedEyes","Spore"],"picked":"SKIP","floor":8},{"not_picked":["MagicBullet","RedEyes"],"picked":"SKIP","floor":11},{"not_picked":["CherryBlossoms","Bloodbath"],"picked":"BlackSwan","floor":14},{"not_picked":["Spore"],"picked":"SwordSharpenedByTears","floor":14},{"not_picked":["Adoration"],"picked":"ParadiseLost","floor":16},{"not_picked":["Moonlight","Diffraction+1"],"picked":"SKIP","floor":18},{"not_picked":["Lamp","FeatherOfHonor+1"],"picked":"SKIP","floor":20},{"not_picked":["PunishingBird","WallGazer"],"picked":"Freischutz","floor":25},{"not_picked":["SomewhereSpear"],"picked":"Amita","floor":25},{"not_picked":["Laetitia","BigBird"],"picked":"Rudolta","floor":28},{"not_picked":["Adoration","TodaysExpression"],"picked":"SKIP","floor":28},{"not_picked":["NakedNest","HappyTeddy"],"picked":"SpiderBud","floor":30},{"not_picked":["GreenStem","Noise"],"picked":"SKIP","floor":30},{"not_picked":["Murderer","NakedNest"],"picked":"QueenOfHatred","floor":31},{"not_picked":["CherryBlossom","Discord+1"],"picked":"SKIP","floor":31},{"not_picked":["GoldRush"],"picked":"Pinks","floor":33}],"player_experience":39182,"relics_obtained":[{"floor":1,"key":"RedMistMask"},{"floor":1,"key":"LetterFromLob"},{"floor":7,"key":"Toy Ornithopter"},{"floor":9,"key":"Matryoshka"},{"floor":11,"key":"MealTicket"},{"floor":23,"key":"PreservedInsect"},{"floor":23,"key":"Bronze Scales"},{"floor":26,"key":"Whetstone"},{"floor":26,"key":"Letter Opener"}],"event_choices":[{"cards_removed":["SpecialBullet"],"damage_healed":0,"gold_gain":0,"player_choice":"Card Removal","damage_taken":7,"max_hp_gain":0,"max_hp_loss":0,"event_name":"Golden Wing","floor":12,"gold_loss":0},{"damage_healed":0,"gold_gain":0,"player_choice":"Shed Blood","damage_taken":19,"max_hp_gain":5,"max_hp_loss":0,"event_name":"Forgotten Altar","floor":19,"gold_loss":0},{"damage_healed":0,"gold_gain":0,"player_choice":"Obtain J.A.X.","damage_taken":0,"max_hp_gain":0,"max_hp_loss":0,"event_name":"Drug Dealer","floor":21,"gold_loss":0,"cards_obtained":["J.A.X."]},{"damage_healed":0,"gold_gain":0,"player_choice":"Ignored","damage_taken":0,"max_hp_gain":0,"max_hp_loss":0,"event_name":"The Mausoleum","floor":22,"gold_loss":0}],"is_beta":false,"boss_relics":[{"not_picked":["Tiny House","Busted Crown"],"picked":"Empty Cage"},{"not_picked":["Cursed Key","Velvet Choker"],"picked":"Astrolabe"}],"items_purged_floors":[29],"is_endless":false,"potions_floor_spawned":[3,4,5,16,25,30,31,33],"killed_by":"3 Darklings","ascension_level":0}}