{"host":"t6qtrm0p3vt4mocc","time":1610299292,"event":{"mods":["BaseMod","Become a monster ???","Better Skull","Colored Map","Colored Powertips","Defuse TimeMaze Blight","FoggyMod","Force Act Four","Fox Events","Friendly Minions","Grow up Mod","Highlight Path","Minty Spire (QoL Compilation)","Rare Cards Sparkle","Slay-I","StSLib","Waifu the Spire"],"gold_per_floor":[110,110,185,185,135,160,82,82,135,135,135,135,149,149,149,248,248,262,262,115,115,126,158,158,158,158,73,73,0,0,32,32,135,135,149,169,180,180,230,230,155,155,155,183,183,213,228,276,276,276,276,276,44,74,74],"floor_reached":56,"playtime":1791,"items_purged":["Armaments"],"score":1281,"play_id":"9dbb78b4-a801-41b4-b05c-f9ba22b57fb4","local_time":"20210110202132","is_ascension_mode":false,"campfire_choices":[{"data":"Inflame","floor":8,"key":"SMITH"},{"data":"Bash","floor":10,"key":"SMITH"},{"data":"Flex","floor":12,"key":"SMITH"},{"data":"Inflame","floor":15,"key":"SMITH"},{"data":"Demon Form","floor":25,"key":"SMITH"},{"floor":28,"key":"RECALL"},{"data":"Clash","floor":32,"key":"SMITH"},{"data":"Searing Blow","floor":40,"key":"SMITH"},{"data":"Searing Blow+1","floor":42,"key":"SMITH"},{"floor":49,"key":"REST"},{"data":"Searing Blow+2","floor":52,"key":"SMITH"}],"circlet_count":0,"master_deck":["Strike_R+1","Strike_R+1","Strike_R+1","Strike_R+1","Defend_R+1","Defend_R+1","Defend_R+1","Defend_R+1","Bash+1","Clash+1","Flex+1","Inflame+1","Inflame+1","Demon Form+1","Metallicize+1","Sword Boomerang+1","Searing Blow+3","Thunderclap+1","Pommel Strike","Limit Break"],"relics":["Burning Blood","Centennial Puzzle","White Beast Statue","Shuriken","Bag of Marbles","Busted Crown","PreservedInsect","InkBottle","Question Card","Meat on the Bone","Letter Opener","Mark of Pain","Ice Cream","Omamori","Bottled Tornado","Charon\u0027s Ashes","Happy Flower"],"acts_visited":["Exordium","TheCity","TheBeyond","TheEnding"],"potions_floor_usage":[50,50,50,55,55,55,55],"damage_taken":[{"damage":6,"enemies":"2 Louse","floor":1,"turns":2},{"damage":20,"enemies":"Lagavulin","floor":6,"turns":6},{"damage":1,"enemies":"Jaw Worm","floor":13,"turns":3},{"damage":25,"enemies":"The Guardian","floor":16,"turns":6},{"damage":31,"enemies":"2 Thieves","floor":18,"turns":4},{"damage":10,"enemies":"Chosen","floor":22,"turns":4},{"damage":44,"enemies":"Slavers","floor":23,"turns":5},{"damage":29,"enemies":"Gremlin Leader","floor":31,"turns":5},{"damage":58,"enemies":"Collector","floor":33,"turns":7},{"damage":4,"enemies":"3 Shapes","floor":35,"turns":7},{"damage":15,"enemies":"3 Darklings","floor":36,"turns":4},{"damage":32,"enemies":"4 Shapes","floor":37,"turns":5},{"damage":180,"enemies":"Mind Bloom Boss Battle","floor":39,"turns":5},{"damage":50,"enemies":"Reptomancer","floor":44,"turns":5},{"damage":10,"enemies":"Giant Head","floor":46,"turns":5},{"damage":22,"enemies":"Jaw Worm Horde","floor":47,"turns":3},{"damage":72,"enemies":"2 Orb Walkers","floor":48,"turns":5},{"damage":82,"enemies":"Donu and Deca","floor":50,"turns":6},{"damage":103,"enemies":"Shield and Spear","floor":54,"turns":5},{"damage":135,"enemies":"The Heart","floor":55,"turns":8}],"seed_played":"8162140870242750355","potions_obtained":[{"floor":1,"key":"ColorlessPotion"},{"floor":6,"key":"Fire Potion"},{"floor":13,"key":"PowerPotion"},{"floor":35,"key":"PowerPotion"},{"floor":48,"key":"DuplicationPotion"}],"is_trial":false,"path_per_floor":["M","?","?","?","?","E","$","R","T","R","?","R","M","$","R","B",null,"M","?","$","?","M","E","?","R","T","?","R","$","?","E","R","B",null,"M","M","M","?","?","R","$","R","T","E","?","E","M","?","R","B",null,"R","$","E","B",null],"character_chosen":"IRONCLAD","items_purchased":["Inflame","PreservedInsect","Metallicize","EntropicBrew","Pommel Strike","Weak Potion","Energy Potion"],"campfire_rested":1,"item_purchase_floors":[7,20,29,53,53,53,53],"current_hp_per_floor":[100,110,109,101,111,107,117,127,137,147,157,167,182,192,202,193,260,245,239,249,259,265,237,247,257,267,277,287,297,307,294,304,262,389,399,400,384,394,242,252,262,272,282,260,392,398,392,336,504,438,559,569,579,492,373],"gold":74,"neow_bonus":"THREE_CARDS","is_daily":false,"chose_seed":false,"campfire_upgraded":9,"win_rate":0.0,"timestamp":1610299292,"path_taken":["M","?","?","?","?","E","$","R","T","R","?","R","?","?","R","BOSS","M","?","$","?","?","E","?","R","T","?","R","?","?","E","R","BOSS","M","?","?","?","?","R","?","R","T","E","?","E","?","?","R","BOSS","R","$","E","BOSS"],"items_purchased_type":["Card","Relic","Card","Potion","Card","Potion","Potion"],"build_version":"2020-12-22","purchased_purges":1,"victory":true,"max_hp_per_floor":[100,110,120,130,140,150,160,170,180,190,200,210,220,230,240,250,260,270,239,249,259,269,279,289,299,309,319,329,339,349,359,369,379,389,399,409,419,429,439,449,459,469,479,489,499,509,519,529,539,549,559,569,579,589,599],"card_choices":[{"not_picked":["Hemokinesis","Feel No Pain"],"picked":"Clash","floor":0},{"not_picked":["Power Through","Fire Breathing"],"picked":"Flex","floor":1},{"not_picked":["Sword Boomerang","Entrench","Infernal Blade"],"picked":"SKIP","floor":6},{"not_picked":["Blood for Blood","Shrug It Off"],"picked":"Inflame","floor":13},{"not_picked":["Fiend Fire","Feed"],"picked":"Demon Form","floor":16},{"not_picked":["Uppercut"],"picked":"SKIP","floor":18},{"not_picked":[],"picked":"Armaments","floor":22},{"not_picked":["Combust"],"picked":"SKIP","floor":23},{"not_picked":["Fire Breathing"],"picked":"Sword Boomerang+1","floor":31},{"not_picked":["Headbutt","Body Slam"],"picked":"SKIP","floor":35},{"not_picked":["Body Slam"],"picked":"Searing Blow","floor":36},{"not_picked":["Flex","Ghostly Armor"],"picked":"SKIP","floor":37},{"not_picked":["Reckless Charge","Whirlwind+1"],"picked":"SKIP","floor":44},{"not_picked":["Headbutt"],"picked":"Thunderclap+1","floor":46},{"not_picked":["Twin Strike","Armaments+1"],"picked":"SKIP","floor":47},{"not_picked":["Dropkick"],"picked":"Limit Break","floor":54}],"player_experience":26706,"relics_obtained":[{"floor":6,"key":"Shuriken"},{"floor":9,"key":"Bag of Marbles"},{"floor":23,"key":"InkBottle"},{"floor":26,"key":"Question Card"},{"floor":31,"key":"Letter Opener"},{"floor":39,"key":"Ice Cream"},{"floor":44,"key":"Omamori"},{"floor":46,"key":"Bottled Tornado"},{"floor":48,"key":"Charon\u0027s Ashes"},{"floor":54,"key":"Happy Flower"}],"event_choices":[{"damage_healed":0,"gold_gain":0,"player_choice":"Box","damage_taken":0,"relics_obtained":["Centennial Puzzle"],"max_hp_gain":0,"max_hp_loss":0,"event_name":"Big Fish","floor":2,"gold_loss":0,"cards_obtained":["Regret"]},{"damage_healed":0,"gold_gain":75,"player_choice":"Gather Gold","damage_taken":11,"max_hp_gain":0,"max_hp_loss":0,"event_name":"World of Goop","floor":3,"gold_loss":0},{"damage_healed":0,"gold_gain":0,"player_choice":"Success","damage_taken":18,"relics_obtained":["White Beast Statue"],"max_hp_gain":0,"max_hp_loss":0,"event_name":"Scrap Ooze","floor":4,"gold_loss":0},{"cards_removed":["Regret"],"damage_healed":0,"gold_gain":0,"player_choice":"Card Removal","damage_taken":0,"max_hp_gain":0,"max_hp_loss":0,"event_name":"The Cleric","floor":5,"gold_loss":50},{"cards_removed":["Strike_R"],"damage_healed":0,"gold_gain":0,"player_choice":"Offered Basic","damage_taken":0,"max_hp_gain":0,"max_hp_loss":0,"event_name":"Bonfire Elementals","floor":11,"gold_loss":0},{"damage_healed":0,"gold_gain":0,"player_choice":"Ignored","damage_taken":0,"max_hp_gain":0,"max_hp_loss":0,"event_name":"Purifier","floor":21,"gold_loss":0},{"damage_healed":0,"gold_gain":0,"player_choice":"Simplicity","damage_taken":0,"max_hp_gain":0,"max_hp_loss":0,"event_name":"Back to Basics","floor":24,"gold_loss":0,"cards_upgraded":["Strike_R","Strike_R","Strike_R","Strike_R","Defend_R","Defend_R","Defend_R","Defend_R"]},{"damage_healed":0,"gold_gain":0,"player_choice":"Obtained Relic","damage_taken":0,"relics_obtained":["Meat on the Bone"],"max_hp_gain":0,"max_hp_loss":0,"event_name":"Addict","floor":27,"gold_loss":85},{"damage_healed":0,"gold_gain":0,"player_choice":"Forge","damage_taken":0,"max_hp_gain":0,"max_hp_loss":0,"event_name":"Accursed Blacksmith","floor":30,"gold_loss":0,"cards_upgraded":["Metallicize"]},{"damage_healed":0,"gold_gain":0,"player_choice":"Ignored","damage_taken":0,"max_hp_gain":0,"max_hp_loss":0,"event_name":"Tomb of Lord Red Mask","floor":38,"gold_loss":0},{"damage_healed":0,"gold_gain":0,"player_choice":"Fight","damage_taken":0,"max_hp_gain":0,"max_hp_loss":0,"event_name":"MindBloom","floor":39,"gold_loss":0},{"damage_healed":122,"gold_gain":0,"player_choice":"Writhe","damage_taken":0,"max_hp_gain":0,"max_hp_loss":0,"event_name":"Winding Halls","floor":45,"gold_loss":0,"cards_obtained":["Writhe"]},{"damage_healed":0,"gold_gain":0,"player_choice":"Fight","damage_taken":0,"max_hp_gain":0,"max_hp_loss":0,"event_name":"Mysterious Sphere","floor":48,"gold_loss":0}],"is_beta":false,"boss_relics":[{"not_picked":["Astrolabe","Runic Pyramid"],"picked":"Busted Crown"},{"not_picked":["Velvet Choker","Philosopher\u0027s Stone"],"picked":"Mark of Pain"}],"items_purged_floors":[41],"is_endless":false,"potions_floor_spawned":[1,6,13,16,18,22,23,31,33,35,36,37,39,44,46,47,48,54],"ascension_level":0}}