{"host":"gafwejejal4v72m6","time":1610290789,"event":{"mods":["Aspiration","BaseMod","BetterRewards","Clockwork Mod","Conspire","Googly Eyes","Hermit","Hubris","Minty Spire (QoL Compilation)","Rare Cards Sparkle","Shop Mod","StSLib","The Necromancer"],"gold_per_floor":[118,142,217,228,247,283,283,283,309,138,170,170,192,192,192,307,307,299,314,314,229,151,151,184,210,210,236,186,216,234,234,234,349,349,380,401,401,421,116,151,151,199,199,239,257,257,285,0,0,12],"floor_reached":51,"playtime":3379,"items_purged":["hermit:Defend_Hermit","hermit:Defend_Hermit"],"score":1183,"play_id":"38ba726e-41f4-4a52-82ac-94a664f1ac48","local_time":"20210110215949","is_ascension_mode":true,"campfire_choices":[{"data":"hermit:EternalForm","floor":7,"key":"SMITH"},{"data":"hermit:Determination","floor":12,"key":"SMITH"},{"data":"hermit:Quickdraw","floor":15,"key":"SMITH"},{"data":"Omniscience","floor":23,"key":"SMITH"},{"floor":32,"key":"REST"},{"data":"hermit:GhostlyPresence","floor":41,"key":"SMITH"},{"data":"Panache","floor":49,"key":"SMITH"}],"circlet_count":0,"master_deck":["hermit:Strike_Hermit","hermit:Strike_Hermit+1","hermit:Strike_Hermit+1","hermit:Defend_Hermit+1","hermit:Defend_Hermit","hermit:Snapshot+1","hermit:Covet+1","hermit:EyeOfTheStorm","hermit:Dive","hermit:Scavenge","hermit:Determination","hermit:Gestalt","hermit:EyeOfTheStorm","hermit:Combo","hermit:Enervate","Finesse","hermit:EternalForm+1","Panache+1","hermit:Determination","hermit:Virtue","hermit:Quickdraw+1","hermit:Deadeye","Apotheosis+1","hermit:GhostlyPresence+1","hermit:Coalescence+1","hermit:Adapt","hermit:Scavenge","hermit:Determination+1","Omniscience+1","hermit:Coalescence+1","hermit:Dissolve","DevaForm","hermit:Gestalt+1","Clockwork:SmithsMallet+1","Well Laid Plans+1"],"relics":["hermit:Momento","CaptainsWheel","hubris:PeanutButter","OrangePellets","hubris:DisguiseKit","Potion Belt","Lantern","Chemical X","Membership Card","Strange Spoon","Ice Cream","Vajra","Bronze Scales","Regal Pillow","PreservedInsect","Blood Vial","PrismaticShard","Orichalcum","Frozen Eye","Matryoshka","hubris:MysteriousPyramids","Whetstone","hubris:Towel","hermit:BartenderGlass","aspiration:Nostalgia","Burning Blood","hubris:SlimyHat","hubris:64BitClover","MealTicket","War Paint","aspiration:Lifesprig","aspiration:HummingbirdHeart","Dream Catcher","Red Mask"],"acts_visited":["TheCity","TheBeyond"],"potions_floor_usage":[4,25,33,33,33,40,40,42],"damage_taken":[{"damage":0,"enemies":"Jaw Worm","floor":1,"turns":3},{"damage":0,"enemies":"Cultist","floor":2,"turns":4},{"damage":0,"enemies":"Small Slimes","floor":4,"turns":2},{"damage":1,"enemies":"Blue Slaver","floor":5,"turns":4},{"damage":4,"enemies":"Lagavulin","floor":6,"turns":6},{"damage":2,"enemies":"3 Sentries","floor":11,"turns":5},{"damage":0,"enemies":"3 Louse","floor":13,"turns":3},{"damage":1,"enemies":"Hexaghost","floor":16,"turns":6},{"damage":9,"enemies":"2 Thieves","floor":18,"turns":4},{"damage":2,"enemies":"Shell Parasite","floor":19,"turns":3},{"damage":31,"enemies":"Gremlin Leader","floor":24,"turns":6},{"damage":2,"enemies":"Snake Plant","floor":25,"turns":4},{"damage":0,"enemies":"Centurion and Healer","floor":27,"turns":6},{"damage":0,"enemies":"Chosen and Byrds","floor":29,"turns":5},{"damage":0,"enemies":"Cultist and Chosen","floor":30,"turns":3},{"damage":4,"enemies":"Collector","floor":33,"turns":7},{"damage":0,"enemies":"3 Shapes","floor":35,"turns":4},{"damage":0,"enemies":"Orb Walker","floor":36,"turns":4},{"damage":0,"enemies":"Sphere and 2 Shapes","floor":38,"turns":2},{"damage":36,"enemies":"Reptomancer","floor":40,"turns":3},{"damage":16,"enemies":"Nemesis","floor":42,"turns":8},{"damage":11,"enemies":"Reptomancer","floor":44,"turns":6},{"damage":0,"enemies":"3 Darklings","floor":45,"turns":3},{"damage":2,"enemies":"Maw","floor":47,"turns":6},{"damage":8,"enemies":"conspire:OrnateMirror","floor":50,"turns":6}],"seed_played":"-5581395250754182414","potions_obtained":[{"floor":4,"key":"Fruit Juice"},{"floor":6,"key":"Dexterity Potion"},{"floor":18,"key":"ColorlessPotion"},{"floor":29,"key":"LiquidBronze"},{"floor":30,"key":"EntropicBrew"}],"is_trial":false,"path_per_floor":["M","M","?","M","M","E","R","?","T","$","E","R","M","?","R","B",null,"M","M","?","?","$","R","E","M","T","M","?","M","M","?","R","B",null,"M","M","?","M","$","E","R","E","T","E","M","?","M","?","R","B",null],"character_chosen":"HERMIT","items_purchased":["hermit:EyeOfTheStorm","hermit:Dive","hermit:Scavenge","CaptainsWheel","hubris:PeanutButter","OrangePellets","hermit:Determination","hermit:Gestalt","hermit:EyeOfTheStorm","hubris:DisguiseKit","Potion Belt","hermit:Combo","hermit:Enervate","Finesse","Lantern","Chemical X","hermit:EternalForm","Panache","hermit:Determination","hermit:Virtue","hermit:Quickdraw","Membership Card","Strange Spoon","hermit:Deadeye","Apotheosis","hermit:GhostlyPresence","hermit:Coalescence","Ice Cream","hermit:Determination","Regal Pillow","PreservedInsect","Frozen Eye","aspiration:Nostalgia","hubris:SlimyHat","hubris:64BitClover"],"campfire_rested":1,"item_purchase_floors":[0,0,0,0,0,0,0,0,0,0,0,0,0,0,0,0,0,0,0,0,0,0,0,0,0,0,0,0,10,10,10,22,39,39,39],"current_hp_per_floor":[64,64,57,62,61,57,57,57,57,57,55,55,57,57,57,58,80,71,71,63,63,63,63,34,34,34,36,36,38,40,40,79,76,80,80,80,80,80,80,50,50,42,42,39,47,55,61,61,61,61],"gold":12,"neow_bonus":"","is_daily":false,"chose_seed":false,"campfire_upgraded":6,"win_rate":0.0,"timestamp":1610290789,"path_taken":["M","M","?","?","M","E","R","?","T","$","E","R","?","?","R","BOSS","M","M","?","?","$","R","E","M","T","M","?","?","M","?","R","BOSS","M","M","?","M","$","E","R","E","T","E","M","?","M","?","R","BOSS"],"items_purchased_type":["Card","Card","Card","Relic","Relic","Relic","Card","Card","Card","Relic","Relic","Card","Card","Card","Relic","Relic","Card","Card","Card","Card","Card","Relic","Relic","Card","Card","Card","Card","Relic","Card","Relic","Relic","Relic","Relic","Relic","Relic"],"build_version":"2020-12-22","purchased_purges":2,"victory":true,"max_hp_per_floor":[75,75,75,80,80,80,80,80,80,80,80,80,80,80,80,80,80,80,80,80,80,80,80,80,80,80,80,80,80,80,80,80,80,80,80,80,80,80,80,80,80,80,80,80,80,80,80,80,80,80],"card_choices":[{"not_picked":["hermit:Vantage","hermit:Showdown","hermit:BodyArmor","FlurryOfBlows"],"picked":"SKIP","floor":1},{"not_picked":["hermit:EyeOfTheStorm","hermit:HoleUp","hermit:Feint","FollowUp"],"picked":"SKIP","floor":2},{"not_picked":["hermit:Snipe","hermit:Combo","hermit:HighCaliber","Protect"],"picked":"SKIP","floor":4},{"not_picked":["hermit:Headshot","hermit:Vantage","WindmillStrike"],"picked":"hermit:Adapt","floor":5},{"not_picked":["hermit:TrackingShot","hermit:ItchyTrigger","Halt"],"picked":"hermit:Scavenge","floor":6},{"not_picked":["hermit:TakeAim","hermit:ShadowCloak","hermit:Cheat","EmptyMind"],"picked":"SKIP","floor":11},{"not_picked":["hermit:Grudge","hermit:TakeAim","hermit:WideOpen","CutThroughFate"],"picked":"SKIP","floor":13},{"not_picked":["hermit:FatalDesire","hermit:Roughhouse","hermit:Gambit"],"picked":"Omniscience","floor":16},{"not_picked":["hermit:ShadowCloak","hermit:EyeOfTheStorm+1","hermit:Quickdraw","Adaptation"],"picked":"SKIP","floor":18},{"not_picked":["hermit:Feint","hermit:Misfire","Weave"],"picked":"hermit:Coalescence+1","floor":19},{"not_picked":["Bane","hubris:Sniper","Jack Of All Trades","JustLucky"],"picked":"SKIP","floor":24},{"not_picked":["hermit:Vantage","Anger","CrushJoints","Crescendo"],"picked":"SKIP","floor":25},{"not_picked":["Escape Plan+1","JustLucky","Flying Knee","Meditate"],"picked":"SKIP","floor":27},{"not_picked":["Beam Cell","hermit:TrackingShot+1","Swivel"],"picked":"hermit:Dissolve","floor":29},{"not_picked":["Second Wind","hermit:TakeCover","Dodge and Roll","JustLucky"],"picked":"SKIP","floor":30},{"not_picked":["Judgement","Clockwork:CraftMomentumEngine","Brilliance"],"picked":"DevaForm","floor":33},{"not_picked":["Armaments","Clockwork:CogShield","Clockwork:RitualDaggerMk0","PathToVictory"],"picked":"SKIP","floor":35},{"not_picked":["BowlingBash+1","Clockwork:Selectivity+1","Underhanded Strike","Wallop"],"picked":"SKIP","floor":36},{"not_picked":["Second Wind","HandOfGreed","FlyingSleeves"],"picked":"hermit:Gestalt+1","floor":38},{"not_picked":["Steam Power","Scare+1","Shrug It Off","Collect"],"picked":"SKIP","floor":40},{"not_picked":["hermit:Malice","Shade_Step","Negative_Energy_Shield+1","InnerPeace"],"picked":"SKIP","floor":42},{"not_picked":["hermit:BodyArmor","Infernal Blade","HandOfGreed","FlurryOfBlows"],"picked":"SKIP","floor":44},{"not_picked":["hermit:Roulette","hubris:ReadiedAction+1","CarveReality"],"picked":"Clockwork:SmithsMallet+1","floor":45},{"not_picked":["Whirlwind+1","FearNoEvil","Weave"],"picked":"Well Laid Plans+1","floor":47}],"player_experience":70521,"relics_obtained":[{"floor":6,"key":"Vajra"},{"floor":9,"key":"Bronze Scales"},{"floor":11,"key":"Blood Vial"},{"floor":20,"key":"PrismaticShard"},{"floor":24,"key":"Matryoshka"},{"floor":26,"key":"hubris:MysteriousPyramids"},{"floor":26,"key":"Whetstone"},{"floor":40,"key":"MealTicket"},{"floor":42,"key":"War Paint"},{"floor":43,"key":"aspiration:Lifesprig"},{"floor":43,"key":"aspiration:HummingbirdHeart"},{"floor":44,"key":"Dream Catcher"}],"event_choices":[{"damage_healed":0,"gold_gain":75,"player_choice":"Touch","damage_taken":7,"max_hp_gain":0,"max_hp_loss":0,"event_name":"FaceTrader","floor":3,"gold_loss":0},{"damage_healed":0,"gold_gain":0,"player_choice":"Upgraded","damage_taken":0,"max_hp_gain":0,"max_hp_loss":0,"event_name":"Upgrade Shrine","floor":8,"gold_loss":0,"cards_upgraded":["hermit:Coalescence"]},{"damage_healed":0,"gold_gain":0,"player_choice":"Obtained Relic","damage_taken":0,"relics_obtained":["Orichalcum"],"max_hp_gain":0,"max_hp_loss":0,"event_name":"Addict","floor":21,"gold_loss":85},{"damage_healed":0,"gold_gain":0,"player_choice":"Bet on Murderer","damage_taken":0,"max_hp_gain":0,"max_hp_loss":0,"event_name":"The Joust","floor":28,"gold_loss":50},{"cards_removed":["hermit:Strike_Hermit"],"damage_healed":0,"gold_gain":0,"player_choice":"Removed Attack","damage_taken":0,"max_hp_gain":0,"max_hp_loss":0,"event_name":"Falling","floor":37,"gold_loss":0},{"damage_healed":0,"gold_gain":0,"player_choice":"Paid","damage_taken":0,"relics_obtained":["Red Mask"],"max_hp_gain":0,"max_hp_loss":0,"event_name":"Tomb of Lord Red Mask","floor":48,"gold_loss":285}],"is_beta":false,"boss_relics":[{"not_picked":["Ectoplasm","Calling Bell","aspiration:DefectSkillbook"]},{"not_picked":["Runic Dome","Cursed Key"],"picked":"hermit:BartenderGlass"}],"items_purged_floors":[0,0],"is_endless":false,"potions_floor_spawned":[4,6,18,29,30,33,35,38,40],"ascension_level":3}}