{"host":"c97twqu0op5dg8i4","time":1610313170,"event":{"mods":["BaseMod","Minty Spire (QoL Compilation)","Permanent Neow"],"gold_per_floor":[119,133,133,150,150,180,193,193,193,268,278,308,308,328,328,423,423,423,423],"floor_reached":18,"playtime":471,"items_purged":[],"score":240,"play_id":"64eb319e-2eab-4df7-9385-f7bd921baefe","local_time":"20210110161250","is_ascension_mode":true,"campfire_choices":[{"floor":8.0,"key":"REST"},{"data":"Sucker Punch","floor":15.0,"key":"SMITH"}],"circlet_count":0,"master_deck":["Strike_G","Strike_G","Strike_G","Strike_G","Defend_G","Defend_G","Defend_G","Defend_G","Defend_G","Survivor","Neutralize","Poisoned Stab+1","Bane","Predator","Sucker Punch+1","Bane","Dagger Spray","Backflip","Catalyst","Bane","Venomology"],"relics":["Velvet Choker","Strawberry","Incense Burner","Mummified Hand","Mango","Philosopher\u0027s Stone"],"acts_visited":["Exordium","TheCity"],"potions_floor_usage":[],"damage_taken":[{"damage":7.0,"enemies":"2 Louse","floor":1.0,"turns":2.0},{"damage":0.0,"enemies":"Cultist","floor":2.0,"turns":3.0},{"damage":3.0,"enemies":"Small Slimes","floor":4.0,"turns":3.0},{"damage":28.0,"enemies":"Lagavulin","floor":6.0,"turns":6.0},{"damage":0.0,"enemies":"Gremlin Gang","floor":7.0,"turns":6.0},{"damage":3.0,"enemies":"Large Slime","floor":11.0,"turns":5.0},{"damage":12.0,"enemies":"Gremlin Nob","floor":12.0,"turns":3.0},{"damage":9.0,"enemies":"Exordium Thugs","floor":14.0,"turns":5.0},{"damage":32.0,"enemies":"The Guardian","floor":16.0,"turns":10.0},{"damage":0,"enemies":"Spheric Guardian","floor":18,"turns":1}],"seed_played":"-3744620610149597336","potions_obtained":[{"floor":2.0,"key":"PowerPotion"},{"floor":11.0,"key":"GamblersBrew"},{"floor":12.0,"key":"Ancient Potion"}],"is_trial":false,"path_per_floor":["M","M","?","M","T","E","M","R","T","?","M","E","?","M","R","B",null,"M"],"character_chosen":"THE_SILENT","items_purchased":[],"campfire_rested":1,"item_purchase_floors":[],"current_hp_per_floor":[63,63,63,60,67,39,39,62,62,51,48,50,50,41,41,9,71,71,71],"gold":423,"neow_bonus":"BOSS_RELIC","is_daily":false,"chose_seed":false,"campfire_upgraded":1,"win_rate":0.0,"timestamp":1610313170,"path_taken":["M","M","?","?","?","E","M","R","T","?","M","E","?","M","R","BOSS","M"],"items_purchased_type":[],"build_version":"2020-12-22","purchased_purges":0,"victory":false,"max_hp_per_floor":[70,70,70,70,77,77,77,77,77,77,77,91,91,91,91,91,91,91,91],"card_choices":[{"not_picked":["Bane","Finisher"],"picked":"Poisoned Stab","floor":1.0},{"not_picked":["Backflip","Underhanded Strike"],"picked":"Bane","floor":2.0},{"not_picked":["Flying Knee","Finisher"],"picked":"Sucker Punch","floor":4.0},{"not_picked":["Backstab","Blade Dance"],"picked":"Bane","floor":6.0},{"not_picked":["Blade Dance","Terror"],"picked":"Dagger Spray","floor":7.0},{"not_picked":["Endless Agony","Die Die Die"],"picked":"Backflip","floor":11.0},{"not_picked":["Sucker Punch","Masterful Stab"],"picked":"Catalyst","floor":12.0},{"not_picked":["Terror","Slice"],"picked":"Bane","floor":14.0},{"not_picked":["Night Terror","Wraith Form v2"],"picked":"Venomology","floor":16.0}],"player_experience":290646,"relics_obtained":[{"floor":5.0,"key":"Strawberry"},{"floor":6.0,"key":"Incense Burner"},{"floor":9.0,"key":"Mummified Hand"},{"floor":12.0,"key":"Mango"}],"event_choices":[{"damage_healed":0.0,"max_hp_gain":0.0,"max_hp_loss":0.0,"gold_gain":0.0,"cards_transformed":["Strike_G"],"event_name":"Transmorgrifier","player_choice":"Transformed","floor":3.0,"gold_loss":0.0,"damage_taken":0.0,"cards_obtained":["Predator"]},{"damage_healed":0.0,"max_hp_gain":0.0,"max_hp_loss":0.0,"gold_gain":75.0,"event_name":"World of Goop","player_choice":"Gather Gold","floor":10.0,"gold_loss":0.0,"damage_taken":11.0},{"damage_healed":0.0,"max_hp_gain":0.0,"max_hp_loss":0.0,"gold_gain":0.0,"event_name":"Upgrade Shrine","player_choice":"Upgraded","floor":13.0,"gold_loss":0.0,"damage_taken":0.0,"cards_upgraded":["Poisoned Stab"]}],"is_beta":false,"boss_relics":[{"not_picked":["Ectoplasm","Cursed Key"],"picked":"Philosopher\u0027s Stone"}],"items_purged_floors":[],"is_endless":false,"potions_floor_spawned":[2,11,12,14],"killed_by":"Spheric Guardian","ascension_level":5}}