{"host":"zjc1tzo4ovig5lll","time":1610292901,"event":{"mods":["AchievementEnabler","Aspiration","BaseMod","Beaked The Cultist","Better Altar","Better Match","Better Note","Better Sensory Stone","Colored Map","Colored Powertips","Conspire","Energized Spire","Friendly Minions","GifTheSpireLib","Halation","Hermit","Hubris","Minty Spire (QoL Compilation)","Rare Cards Sparkle","Replay The Spire","StSLib","The Blue Laboratory","The Bug Knight","The Construct","The Jungle","everything is the same but u backflip on backflip","vexMod"],"gold_per_floor":[114,114,114,134,151,183,195,237,275,287,309,331,353,365,377,490,502,529,558,399,399,347,347,372,372,372,372,390,409,424,469,469,469,469],"floor_reached":33,"playtime":2038,"items_purged":[],"score":319,"play_id":"36941d2a-d859-44fa-979b-9b5d2a4eaa9e","local_time":"20210110173501","is_ascension_mode":true,"campfire_choices":[{"floor":7.0,"key":"REST"},{"floor":15.0,"key":"REST"},{"data":"hermit:Maintenance","floor":23,"key":"SMITH"},{"floor":25,"key":"REST"},{"floor":27,"key":"RECALL"},{"floor":32,"key":"REST"}],"circlet_count":0,"master_deck":["hermit:Strike_Hermit","hermit:Strike_Hermit","hermit:Strike_Hermit","hermit:Strike_Hermit","hermit:Defend_Hermit","hermit:Defend_Hermit","hermit:Defend_Hermit","hermit:Defend_Hermit","hermit:Snapshot","hermit:Maintenance+1","hermit:Dive","hermit:LoneWolf","hermit:Determination","hermit:Maintenance+1","Sadistic Nature","hermit:Brawl+1","hermit:TakeAim+1","hermit:Vantage+1","hermit:Quickdraw+1"],"relics":["hermit:Momento","aspiration:Nostalgia","construct:Cogwheel","MawBank","Bottled Lightning","Sundial","hubris:VirtuousBlindfold","vexMod:RetaliationKit","Blue Candle","Bronze Scales"],"acts_visited":["Exordium","TheCity"],"potions_floor_usage":[],"damage_taken":[{"damage":6.0,"enemies":"Cultist","floor":1.0,"turns":4.0},{"damage":0.0,"enemies":"2 Louse","floor":4.0,"turns":2.0},{"damage":9.0,"enemies":"Jaw Worm","floor":5.0,"turns":4.0},{"damage":27.0,"enemies":"Gremlin Nob","floor":6.0,"turns":5.0},{"damage":31.0,"enemies":"3 Sentries","floor":8.0,"turns":15.0},{"damage":5.0,"enemies":"Blue Slaver","floor":11.0,"turns":5.0},{"damage":6.0,"enemies":"3 Louse","floor":12.0,"turns":6.0},{"damage":3.0,"enemies":"Exordium Thugs","floor":13.0,"turns":6.0},{"damage":18,"enemies":"Slime Boss","floor":16,"turns":14},{"damage":5,"enemies":"Spheric Guardian","floor":18,"turns":6},{"damage":0,"enemies":"Chosen","floor":19,"turns":6},{"damage":34,"enemies":"conspire:SneckoGhost","floor":24,"turns":7},{"damage":17,"enemies":"conspire:HollyBat","floor":28,"turns":7},{"damage":8,"enemies":"Shelled Parasite and Fungi","floor":29,"turns":5},{"damage":9,"enemies":"Centurion and Healer","floor":30,"turns":7},{"damage":46,"enemies":"conspire:MysteriousRune","floor":33,"turns":8}],"seed_played":"-6529592156074348908","potions_obtained":[{"floor":11.0,"key":"Venom Potion"}],"is_trial":false,"path_per_floor":["M","?","?","M","M","E","R","E","T","?","M","M","M","T","R","B",null,"M","M","$","?","$","R","E","R","T","R","M","M","M","T","R","B"],"character_chosen":"HERMIT","items_purchased":["Sadistic Nature","hermit:Brawl+1"],"campfire_rested":4,"item_purchase_floors":[20,22],"current_hp_per_floor":[69,69,69,69,60,33,55,24,24,24,19,13,10,10,32,14,75,70,70,70,70,70,70,36,58,58,58,41,33,24,24,46,0,0],"gold":469,"neow_bonus":"NOSTALGIA","is_daily":false,"chose_seed":false,"campfire_upgraded":1,"win_rate":0.0,"timestamp":1610292901,"path_taken":["M","?","?","?","M","E","R","E","T","?","M","M","M","?","R","BOSS","M","M","$","?","$","R","E","R","T","R","M","M","M","?","R","BOSS"],"items_purchased_type":["Card","Card"],"build_version":"2020-12-22","purchased_purges":0,"victory":false,"max_hp_per_floor":[75,75,75,75,75,75,75,75,75,75,75,75,75,75,75,75,75,75,75,75,75,75,75,75,75,75,75,75,75,75,75,75,75,75],"card_choices":[{"not_picked":["hermit:Feint","hermit:Quickdraw"],"picked":"hermit:Maintenance","floor":1.0},{"not_picked":["hermit:CalledShot","hermit:Snipe"],"picked":"hermit:Dive","floor":4.0},{"not_picked":["hermit:Feint","hermit:Magnum"],"picked":"hermit:LoneWolf","floor":5.0},{"not_picked":["hermit:Feint","hermit:Deadeye","hermit:GhostlyPresence"],"picked":"SKIP","floor":6.0},{"not_picked":["hermit:ShadowCloak","hermit:Spite"],"picked":"hermit:Determination","floor":8.0},{"not_picked":["hermit:Manifest","hermit:Roulette","hermit:Misfire"],"picked":"SKIP","floor":11.0},{"not_picked":["hermit:LoneWolf","hermit:Glare","hermit:HoleUp"],"picked":"SKIP","floor":12.0},{"not_picked":["hermit:Roulette","hermit:Snipe","hermit:Cheat"],"picked":"SKIP","floor":13.0},{"not_picked":["hermit:DeadMansHand","hermit:Deadeye","hermit:CursedWeapon"],"picked":"SKIP","floor":18},{"not_picked":["hermit:Coalescence+1","hermit:Grudge"],"picked":"hermit:Maintenance","floor":19},{"not_picked":["hermit:Desperado","hermit:CalledShot+1"],"picked":"hermit:TakeAim+1","floor":24},{"not_picked":["hermit:Determination","hermit:Combo","hermit:Gestalt"],"picked":"SKIP","floor":28},{"not_picked":["hermit:NoHoldsBarred","hermit:Feint"],"picked":"hermit:Vantage+1","floor":29},{"not_picked":["hermit:Misfire","hermit:LowProfile"],"picked":"hermit:Quickdraw+1","floor":30}],"player_experience":647668,"relics_obtained":[{"floor":6.0,"key":"MawBank"},{"floor":8.0,"key":"Bottled Lightning"},{"floor":14.0,"key":"Sundial"},{"floor":24,"key":"vexMod:RetaliationKit"},{"floor":26,"key":"Blue Candle"},{"floor":31,"key":"Bronze Scales"}],"event_choices":[{"cards_removed":["hermit:Covet"],"damage_healed":0.0,"max_hp_gain":0.0,"max_hp_loss":0.0,"gold_gain":0.0,"event_name":"Bonfire Elementals","player_choice":"Offered Basic","floor":3.0,"gold_loss":0.0,"damage_taken":0.0},{"damage_healed":0,"gold_gain":0,"player_choice":"Ignored","damage_taken":0,"max_hp_gain":0,"max_hp_loss":0,"event_name":"Beggar","floor":21,"gold_loss":0}],"is_beta":false,"boss_relics":[{"not_picked":["hubris:BlackHole","conspire:SpecialSausage"],"picked":"hubris:VirtuousBlindfold"}],"items_purged_floors":[],"is_endless":false,"potions_floor_spawned":[1,6,11,24,30],"killed_by":"conspire:MysteriousRune","ascension_level":3}}