{"host":"vrsxkkch9ccrec7k","time":1610321295,"event":{"mods":["Act Like it!","BaseMod","Bestiary","Better Third Choice","Better Vampires","Downfall","Minty Spire (QoL Compilation)","Permanent Neow","Relic Stats","Spicy Shops","StSLib"],"gold_per_floor":[99,110,210,268,4,34,81,106,138,164,164,164],"floor_reached":10,"playtime":980,"items_purged":[],"score":149,"play_id":"49b954c8-d897-4a08-974c-79f0cc2fec7e","local_time":"20210110182815","daily_mods":["SealedDeck","Red Cards","Time Dilation","Flight","Elite Swarm"],"is_ascension_mode":true,"campfire_choices":[{"data":"Pommel Strike","floor":1,"key":"SMITH"}],"circlet_count":0,"master_deck":["Pommel Strike+1","Evolve","hexamod:CatchUp","hexamod:FastForward","hexamod:AdvancingGuard","hexamod:NightmareGuise","Armaments","Disarm","Rampage","hexamod:FirstSeal","Shrug It Off","Inflame","Impervious","hexamod:GhostflameInferno"],"relics":["hexamod:SpiritBrand","Sundial","Frozen Egg 2","The Courier","hexamod:MatchstickCase","Bottled Flame","Girya"],"acts_visited":["Exordium"],"potions_floor_usage":[10],"damage_taken":[{"damage":0,"enemies":"Jaw Worm","floor":2,"turns":2},{"damage":23,"enemies":"Gremlin Nob","floor":4,"turns":5},{"damage":0,"enemies":"downfall:FleeingMerchant","floor":5,"turns":4},{"damage":9,"enemies":"Gremlin Nob","floor":6,"turns":4},{"damage":0,"enemies":"3 Sentries","floor":8,"turns":6},{"damage":0,"enemies":"Lagavulin","floor":9,"turns":7},{"damage":4,"enemies":"Gremlin Nob","floor":10,"turns":4}],"seed_played":"-4623185618046848475","potions_obtained":[{"floor":2,"key":"SteroidPotion"},{"floor":4,"key":"DuplicationPotion"}],"is_trial":true,"path_per_floor":["R","M","?","?","$","E","T","E","E","E"],"character_chosen":"THE_SPIRIT","items_purchased":["Frozen Egg 2"],"campfire_rested":0,"item_purchase_floors":[5],"current_hp_per_floor":[70,70,70,54,61,52,52,59,66,62,62,62],"gold":164,"neow_bonus":"","is_daily":false,"chose_seed":false,"campfire_upgraded":1,"win_rate":0.0,"timestamp":1610321295,"path_taken":["R","M","?","?","?","E","T","E","E","E"],"items_purchased_type":["Relic"],"build_version":"2020-12-22","purchased_purges":0,"victory":false,"max_hp_per_floor":[70,70,70,70,70,70,70,70,70,70,70,70],"relic_stats":{"counters":[7,32],"Sundial":[12],"obtain_stats":[{"Girya":9,"Bottled Flame":8,"Sundial":4,"The Courier":6,"Frozen Egg 2":5,"hexamod:SpiritBrand":0,"hexamod:MatchstickCase":7},{"Girya":6,"Bottled Flame":5,"Sundial":2,"The Courier":4,"Frozen Egg 2":3,"hexamod:SpiritBrand":0,"hexamod:MatchstickCase":4},{"Girya":28,"Bottled Flame":21,"Sundial":7,"The Courier":15,"Frozen Egg 2":11,"hexamod:SpiritBrand":0,"hexamod:MatchstickCase":15}]},"card_choices":[{"not_picked":["hexamod:GhostOfSpireFuture","hexamod:HeatCrush","Flex"],"picked":"SKIP","floor":2},{"not_picked":["hexamod:RainOfEmbers","hexamod:InspiringFlames"],"picked":"Shrug It Off","floor":4},{"not_picked":["Perfected Strike","Flex"],"picked":"Inflame","floor":5},{"not_picked":["Demon Form+1","Brutality+1","hexamod:Toasty"],"picked":"SKIP","floor":6},{"not_picked":["Exhume","hexamod:GhostflameInferno"],"picked":"Impervious","floor":8},{"not_picked":["Reaper","hexamod:Toasty"],"picked":"hexamod:GhostflameInferno","floor":9}],"player_experience":1463284,"relics_obtained":[{"floor":4,"key":"Sundial"},{"floor":6,"key":"The Courier"},{"floor":7,"key":"hexamod:MatchstickCase"},{"floor":8,"key":"Bottled Flame"},{"floor":9,"key":"Girya"}],"event_choices":[],"is_beta":false,"boss_relics":[],"items_purged_floors":[],"is_endless":false,"potions_floor_spawned":[2,4],"killed_by":"Gremlin Nob","ascension_level":1}}