{"host":"684z1xpuwaoqmmh1","time":1610279409,"event":{"mods":["Bard","BaseMod","Downfall","Hermit","Jorbs\u0027s Wanderer Trilogy","Marisa????????","Minty Spire (QoL Compilation)","Robot Space Explorer","Shade Mod","StSLib","The Hierophant","The Marked","The Mystic"],"gold_per_floor":[119,130,147,158,173,173,206,206,206,221,221,221,238,265,265,265,265],"floor_reached":16,"playtime":830,"items_purged":[],"score":139,"play_id":"88cdbd73-73cb-45d4-9de9-e0569cf69fd2","local_time":"20210110135009","is_ascension_mode":false,"campfire_choices":[{"data":"theMarked:ComboAttacks","floor":6,"key":"SMITH"},{"data":"theMarked:MaelstromOfLightning","floor":8,"key":"SMITH"},{"data":"theMarked:SoldierOfQuellstein","floor":12,"key":"SMITH"},{"data":"theMarked:UnarmedFury","floor":15,"key":"SMITH"}],"circlet_count":0,"master_deck":["theMarked:Strike","theMarked:Strike","theMarked:Strike","theMarked:Strike","theMarked:Strike","theMarked:Defend","theMarked:Defend","theMarked:Defend","theMarked:Defend","theMarked:SoldierOfQuellstein+1","theMarked:MaelstromOfLightning+1","theMarked:EmpowerWeapon","theMarked:ComboAttacks+1","theMarked:RepellingDischarge","theMarked:WardOff","theMarked:Snap+1","theMarked:TwofoldDefense","theMarked:AttractMetal","theMarked:UnarmedFury+1"],"relics":["theMarked:ArtifactOfAir","Pear","Orichalcum","sneckomod:BlankCard"],"acts_visited":["Exordium"],"potions_floor_usage":[7,14,16],"damage_taken":[{"damage":5.0,"enemies":"2 Louse","floor":1.0,"turns":3.0},{"damage":6.0,"enemies":"Jaw Worm","floor":2.0,"turns":4.0},{"damage":1.0,"enemies":"Cultist","floor":3.0,"turns":3.0},{"damage":10.0,"enemies":"Red Slaver","floor":4.0,"turns":7.0},{"damage":0,"enemies":"Exordium Wildlife","floor":5,"turns":3},{"damage":22,"enemies":"3 Sentries","floor":7,"turns":9},{"damage":0,"enemies":"Exordium Thugs","floor":10,"turns":3},{"damage":3,"enemies":"2 Fungi Beasts","floor":13,"turns":4},{"damage":8,"enemies":"Gremlin Nob","floor":14,"turns":3},{"damage":0,"enemies":"Hexaghost","floor":16,"turns":6}],"seed_played":"1778740338969585332","potions_obtained":[{"floor":3.0,"key":"Dexterity Potion"},{"floor":5,"key":"sneckomod:MuddlingPotion"},{"floor":7,"key":"BlessingOfTheForge"},{"floor":10,"key":"Strength Potion"},{"floor":14,"key":"FearPotion"}],"is_trial":false,"path_per_floor":["M","M","M","M","M","R","E","R","T","M","?","R","M","E","R","B"],"character_chosen":"THE_DEFAULT","items_purchased":[],"campfire_rested":0,"item_purchase_floors":[],"current_hp_per_floor":[72,66,65,55,55,55,43,43,43,43,43,43,40,32,32,32,32],"gold":265,"neow_bonus":"TEN_PERCENT_HP_BONUS","is_daily":false,"chose_seed":false,"campfire_upgraded":4,"win_rate":0.0,"timestamp":1610279409,"path_taken":["M","M","M","M","M","R","E","R","T","M","?","R","M","E","R","BOSS"],"items_purchased_type":[],"build_version":"2020-12-22","purchased_purges":0,"victory":false,"max_hp_per_floor":[77,77,77,77,77,77,87,87,87,87,87,87,87,87,87,87,87],"card_choices":[{"not_picked":["theMarked:Static","theMarked:Improvise"],"picked":"theMarked:MaelstromOfLightning","floor":1.0},{"not_picked":["theMarked:WardOff","theMarked:Aftermath"],"picked":"theMarked:EmpowerWeapon","floor":2.0},{"not_picked":["theMarked:DeterminationOfTheMarked","theMarked:Static"],"picked":"theMarked:ComboAttacks","floor":3.0},{"not_picked":["theMarked:Improvise","theMarked:HeightenedSenses"],"picked":"theMarked:RepellingDischarge","floor":4.0},{"not_picked":["theMarked:BanishingStrike","theMarked:EmpowerWeapon"],"picked":"theMarked:WardOff","floor":5},{"not_picked":["theMarked:ElectricStrings","theMarked:ChainLightning"],"picked":"theMarked:Snap","floor":7},{"not_picked":["theMarked:SwordAndMagic","theMarked:Frustration"],"picked":"theMarked:TwofoldDefense","floor":10},{"not_picked":["theMarked:ResourceFulStrike","theMarked:ContemptForTheProud"],"picked":"theMarked:AttractMetal","floor":13},{"not_picked":["theMarked:Opportunist","theMarked:Standoff"],"picked":"theMarked:UnarmedFury","floor":14}],"player_experience":2457983,"relics_obtained":[{"floor":7,"key":"Pear"},{"floor":9,"key":"Orichalcum"},{"floor":14,"key":"sneckomod:BlankCard"}],"event_choices":[{"damage_healed":0,"gold_gain":0,"player_choice":"Grow","damage_taken":0,"max_hp_gain":0,"max_hp_loss":0,"event_name":"Living Wall","floor":11,"gold_loss":0,"cards_upgraded":["theMarked:Snap"]}],"is_beta":false,"boss_relics":[],"items_purged_floors":[],"is_endless":false,"potions_floor_spawned":[3,5,7,10,14],"killed_by":"Hexaghost","ascension_level":0}}