{"host":"z9811rt50ti81n54","time":1610247837,"event":{"mods":["BaseMod","Better Match","Better Sensory Stone","Better Skull","Better Third Choice","Minty Spire (QoL Compilation)","StSLib","SuperFastMode"],"gold_per_floor":[111,111,14,14,26,26,43,43,43,53,53,65,83,143,143,248,248,265,265,41,53,67,67,83,96,148,1,11,11,11,11,11,11,11],"floor_reached":33,"playtime":1081,"items_purged":["Strike_R"],"score":239,"play_id":"0d69e40d-154f-42e2-8929-c7658fe9f5c4","local_time":"20210110120357","is_ascension_mode":false,"campfire_choices":[{"data":"1","floor":6.0,"key":"LIFT"},{"data":"2","floor":8.0,"key":"LIFT"},{"data":"3","floor":15.0,"key":"LIFT"},{"data":"Evolve","floor":23.0,"key":"SMITH"},{"data":"Demon Form","floor":29,"key":"SMITH"},{"floor":32,"key":"REST"}],"circlet_count":0,"master_deck":["Strike_R","Strike_R","Strike_R","Strike_R","Defend_R","Defend_R","Defend_R","Defend_R","Bash","Cleave","Discovery","Hemokinesis","Warcry","Shrug It Off+1","Uppercut","Iron Wave","Reckless Charge","Impervious+1","Bloodletting+1","Demon Form+1","Havoc+1","Impervious+1","Evolve+1","Bludgeon","Feel No Pain","Havoc+1","Madness+1","Ghostly Armor+1"],"relics":["Burning Blood","Girya","Toxic Egg 2","Meat on the Bone","Anchor","Philosopher\u0027s Stone","Tiny Chest","Nunchaku","Bag of Preparation","DollysMirror","Omamori"],"acts_visited":["Exordium","TheCity"],"potions_floor_usage":[31,33,33],"damage_taken":[{"damage":10.0,"enemies":"Jaw Worm","floor":1.0,"turns":6.0},{"damage":2.0,"enemies":"Small Slimes","floor":5.0,"turns":3.0},{"damage":2.0,"enemies":"Cultist","floor":7.0,"turns":2.0},{"damage":0.0,"enemies":"Exordium Wildlife","floor":10.0,"turns":2.0},{"damage":0.0,"enemies":"Large Slime","floor":12.0,"turns":4.0},{"damage":4.0,"enemies":"Exordium Thugs","floor":13.0,"turns":3.0},{"damage":0.0,"enemies":"3 Sentries","floor":14.0,"turns":5.0},{"damage":18.0,"enemies":"Hexaghost","floor":16.0,"turns":8.0},{"damage":2.0,"enemies":"Shell Parasite","floor":18.0,"turns":1.0},{"damage":2.0,"enemies":"Spheric Guardian","floor":21.0,"turns":4.0},{"damage":0.0,"enemies":"Snecko","floor":22.0,"turns":3.0},{"damage":14.0,"enemies":"Centurion and Healer","floor":24.0,"turns":5.0},{"damage":31,"enemies":"3 Cultists","floor":25,"turns":4},{"damage":30,"enemies":"Shelled Parasite and Fungi","floor":28,"turns":5},{"damage":73,"enemies":"Collector","floor":33,"turns":7}],"seed_played":"6836268041494129485","potions_obtained":[{"floor":5.0,"key":"DistilledChaos"},{"floor":10.0,"key":"SpeedPotion"},{"floor":14.0,"key":"CultistPotion"},{"floor":21.0,"key":"LiquidBronze"},{"floor":31,"key":"Fruit Juice"},{"floor":31,"key":"HeartOfIron"},{"floor":31,"key":"Ancient Potion"}],"is_trial":false,"path_per_floor":["M","?","$","T","M","R","M","R","T","M","?","M","M","?","R","B",null,"M","?","$","M","M","R","M","M","T","$","M","R","?","?","R","B"],"character_chosen":"IRONCLAD","items_purchased":["Hemokinesis","Warcry","DollysMirror","Havoc+1","Madness+1"],"campfire_rested":1,"item_purchase_floors":[3,3,20,27,27],"current_hp_per_floor":[52,52,52,52,56,56,60,60,60,66,66,72,74,80,80,68,80,80,28,28,44,50,50,54,41,41,41,29,29,29,34,59,0,0],"gold":11,"neow_bonus":"ONE_RARE_RELIC","is_daily":false,"chose_seed":false,"campfire_upgraded":2,"win_rate":0.0,"timestamp":1610247837,"path_taken":["M","?","?","?","M","R","M","R","T","M","?","?","M","?","R","BOSS","M","?","$","?","M","R","M","M","T","$","M","R","?","?","R","BOSS"],"items_purchased_type":["Card","Card","Relic","Card","Card"],"build_version":"2020-12-22","purchased_purges":1,"victory":false,"max_hp_per_floor":[80,80,80,80,80,80,80,80,80,80,80,80,80,80,80,80,80,80,80,80,80,80,80,80,80,80,80,80,80,80,85,85,85,85],"card_choices":[{"not_picked":["Pommel Strike","Flex"],"picked":"Cleave","floor":1.0},{"not_picked":["Magnetism","Madness"],"picked":"Discovery","floor":2.0},{"not_picked":["Clothesline","Sever Soul"],"picked":"Warcry+1","floor":5.0},{"not_picked":["Sword Boomerang","Cleave"],"picked":"Shrug It Off+1","floor":7.0},{"not_picked":["Body Slam","Feel No Pain"],"picked":"Uppercut","floor":10.0},{"not_picked":["Wild Strike","Twin Strike"],"picked":"Reckless Charge","floor":12.0},{"not_picked":["Warcry+1","Clothesline"],"picked":"Impervious+1","floor":13.0},{"not_picked":["Armaments+1","Rage+1"],"picked":"Bloodletting+1","floor":14.0},{"not_picked":["Brutality","Bludgeon"],"picked":"Demon Form","floor":16.0},{"not_picked":["Armaments+1","Perfected Strike"],"picked":"Havoc+1","floor":18.0},{"not_picked":["Twin Strike","Flex+1","Clash"],"picked":"SKIP","floor":21.0},{"not_picked":["Second Wind+1","Sword Boomerang"],"picked":"Evolve","floor":22.0},{"not_picked":["Ghostly Armor+1","Warcry+1"],"picked":"Bludgeon","floor":24},{"not_picked":["Flex+1","Twin Strike+1"],"picked":"Feel No Pain","floor":25},{"not_picked":["Combust","Wild Strike+1"],"picked":"Ghostly Armor+1","floor":28}],"player_experience":349682,"relics_obtained":[{"floor":4.0,"key":"Toxic Egg 2"},{"floor":9.0,"key":"Meat on the Bone"},{"floor":14.0,"key":"Anchor"},{"floor":26,"key":"Omamori"}],"event_choices":[{"damage_healed":0.0,"max_hp_gain":0.0,"max_hp_loss":0.0,"gold_gain":1.0,"event_name":"betterStone:BetterStone","player_choice":"1","floor":2.0,"gold_loss":0.0,"damage_taken":0.0},{"cards_removed":["Warcry"],"damage_healed":0.0,"max_hp_gain":0.0,"max_hp_loss":0.0,"gold_gain":0.0,"event_name":"NoteForYourself","player_choice":"Took Card","floor":11.0,"gold_loss":0.0,"damage_taken":0.0,"cards_obtained":["Iron Wave"]},{"damage_healed":0.0,"max_hp_gain":0.0,"max_hp_loss":0.0,"gold_gain":30.0,"event_name":"Dead Adventurer","player_choice":"Searched \u00273\u0027 times","floor":14.0,"gold_loss":0.0,"damage_taken":0.0},{"damage_healed":0.0,"max_hp_gain":0.0,"max_hp_loss":0.0,"gold_gain":0.0,"event_name":"betterSkull:BetterSkull","player_choice":"RE RE RE ","floor":19.0,"gold_loss":0.0,"damage_taken":58.0,"cards_upgraded":[],"relics_obtained":["Tiny Chest","Nunchaku","Bag of Preparation"]},{"damage_healed":0,"gold_gain":0,"player_choice":"Ignored","damage_taken":0,"max_hp_gain":0,"max_hp_loss":0,"event_name":"Ghosts","floor":30,"gold_loss":0},{"damage_healed":0,"gold_gain":0,"player_choice":"Got Potions","damage_taken":0,"max_hp_gain":0,"max_hp_loss":0,"event_name":"Lab","floor":31,"gold_loss":0}],"is_beta":false,"boss_relics":[{"not_picked":["Coffee Dripper","Empty Cage"],"picked":"Philosopher\u0027s Stone"}],"items_purged_floors":[20],"is_endless":false,"potions_floor_spawned":[5,10,14,21,24,25],"killed_by":"Collector","ascension_level":0}}