{"host":"058erotkld4bsq33","time":1610281299,"event":{"mods":["BaseMod","Better Third Choice","Colored Powertips","Curses Come First","Dark Map","Minty Spire (QoL Compilation)","Quick Restart","Rare Cards Sparkle","Relic Stats","StSLib","UnlockEverythingMod"],"gold_per_floor":[117,133,133,133,145,145,173,187,187,199,218,218,236,246,246,343,393,411,411,411,427,446,446,446,446,495,506,506,520,530,563,563,664,664,684,703,716,242,260,260,260,260,260,44,61,72,72,72,72,72,72],"floor_reached":50,"playtime":3112,"items_purged":[],"score":520,"play_id":"14c5dcd0-cce6-4096-b535-05c708dbb781","local_time":"20210110042139","is_ascension_mode":false,"campfire_choices":[{"data":"Crippling Poison","floor":6.0,"key":"SMITH"},{"data":"Catalyst","floor":12.0,"key":"SMITH"},{"floor":15.0,"key":"REST"},{"data":"Burst","floor":23.0,"key":"SMITH"},{"data":"Crippling Poison","floor":28.0,"key":"SMITH"},{"data":"Backflip","floor":32.0,"key":"SMITH"},{"floor":40.0,"key":"REST"},{"data":"Wraith Form v2","floor":42.0,"key":"SMITH"},{"floor":47.0,"key":"REST"},{"data":"The Bomb","floor":49.0,"key":"SMITH"}],"circlet_count":0,"master_deck":["Defend_G","Defend_G","Defend_G","Defend_G","Defend_G","Survivor","Neutralize","Crippling Poison+1","Poisoned Stab","Crippling Poison+1","Deadly Poison","Dagger Spray+1","Catalyst+1","PiercingWail","Burst+1","Masterful Stab","Bullet Time","Choke","Poisoned Stab+1","Bite","Bite","Bite","Bite","Bite","Deadly Poison+1","Escape Plan","Slice+1","Noxious Fumes","Backflip+1","Wraith Form v2+1","PiercingWail+1","Deflect","Poisoned Stab+1","The Bomb+1","Dagger Spray+1","Master of Strategy","Prepared"],"relics":["Ring of the Snake","Question Card","Letter Opener","Tiny House","Enchiridion","Toy Ornithopter","Potion Belt","MealTicket","Nunchaku","Pantograph"],"acts_visited":["Exordium","TheCity","TheBeyond"],"potions_floor_usage":[50,50],"damage_taken":[{"damage":1.0,"enemies":"Cultist","floor":1.0,"turns":4.0},{"damage":5.0,"enemies":"Jaw Worm","floor":2.0,"turns":5.0},{"damage":2.0,"enemies":"Small Slimes","floor":5.0,"turns":3.0},{"damage":22.0,"enemies":"Lagavulin","floor":7.0,"turns":8.0},{"damage":4.0,"enemies":"Blue Slaver","floor":8.0,"turns":4.0},{"damage":2.0,"enemies":"2 Fungi Beasts","floor":10.0,"turns":3.0},{"damage":0.0,"enemies":"Large Slime","floor":11.0,"turns":5.0},{"damage":8.0,"enemies":"Exordium Thugs","floor":13.0,"turns":3.0},{"damage":0.0,"enemies":"Lots of Slimes","floor":14.0,"turns":3.0},{"damage":37.0,"enemies":"Hexaghost","floor":16.0,"turns":5.0},{"damage":0.0,"enemies":"Chosen","floor":18.0,"turns":3.0},{"damage":13.0,"enemies":"Spheric Guardian","floor":21.0,"turns":4.0},{"damage":2.0,"enemies":"Snecko","floor":22.0,"turns":4.0},{"damage":10.0,"enemies":"Snake Plant","floor":27.0,"turns":4.0},{"damage":2.0,"enemies":"Centurion and Healer","floor":29.0,"turns":4.0},{"damage":7.0,"enemies":"Shelled Parasite and Fungi","floor":30.0,"turns":4.0},{"damage":3.0,"enemies":"Gremlin Leader","floor":31.0,"turns":4.0},{"damage":12.0,"enemies":"Collector","floor":33.0,"turns":7.0},{"damage":0.0,"enemies":"Orb Walker","floor":35.0,"turns":3.0},{"damage":18.0,"enemies":"3 Darklings","floor":36.0,"turns":4.0},{"damage":10.0,"enemies":"Transient","floor":37.0,"turns":5.0},{"damage":8.0,"enemies":"Sphere and 2 Shapes","floor":39.0,"turns":4.0},{"damage":3.0,"enemies":"4 Shapes","floor":45.0,"turns":5.0},{"damage":19.0,"enemies":"3 Darklings","floor":46.0,"turns":4.0},{"damage":87,"enemies":"Donu and Deca","floor":50,"turns":8}],"seed_played":"-8895133940403033908","potions_obtained":[{"floor":5.0,"key":"Poison Potion"},{"floor":7.0,"key":"Swift Potion"},{"floor":8.0,"key":"SpeedPotion"},{"floor":13.0,"key":"EssenceOfSteel"},{"floor":14.0,"key":"PowerPotion"},{"floor":17.0,"key":"GhostInAJar"},{"floor":21.0,"key":"AttackPotion"},{"floor":27.0,"key":"LiquidBronze"},{"floor":33.0,"key":"SneckoOil"},{"floor":37.0,"key":"Poison Potion"},{"floor":39.0,"key":"ColorlessPotion"},{"floor":46.0,"key":"SkillPotion"}],"is_trial":false,"path_per_floor":["M","M","?","?","M","R","E","M","T","M","M","R","M","M","R","B",null,"M","?","?","M","M","R","?","?","T","M","R","M","M","E","R","B",null,"M","M","M","$","M","R","?","R","T","$","M","M","R","?","R","B"],"character_chosen":"THE_SILENT","items_purchased":["MealTicket","Nunchaku","The Bomb","Master of Strategy","Poison Potion"],"campfire_rested":3,"item_purchase_floors":[38,38,38,44,44],"current_hp_per_floor":[76,71,76,76,74,74,52,48,48,46,46,46,38,38,62,25,87,87,71,60,49,55,55,55,55,55,55,55,57,50,49,49,48,60,60,44,42,42,39,57,57,57,57,60,57,40,58,52,52,0,0],"gold":72,"neow_bonus":"TEN_PERCENT_HP_BONUS","is_daily":false,"chose_seed":false,"campfire_upgraded":7,"win_rate":0.0,"timestamp":1610281299,"path_taken":["M","M","?","?","M","R","E","?","T","M","M","R","M","M","R","BOSS","M","?","?","M","M","R","?","?","T","?","R","M","M","E","R","BOSS","M","M","M","$","M","R","?","R","T","$","M","?","R","?","R","BOSS"],"items_purchased_type":["Relic","Relic","Card","Card","Potion"],"build_version":"2020-12-22","purchased_purges":0,"victory":false,"max_hp_per_floor":[77,77,82,82,82,82,82,82,82,82,82,82,82,82,82,82,87,87,87,60,60,60,60,60,60,60,60,60,60,60,60,60,60,60,60,60,60,60,60,60,60,60,60,60,60,60,60,60,60,60,60],"relic_stats":{"Nunchaku":[1],"counters":[25,110],"Pantograph":8,"MealTicket":3,"Letter Opener":[241],"Question Card":21,"obtain_stats":[{"Potion Belt":31,"Nunchaku":38,"Tiny House":17,"Pantograph":43,"Enchiridion":19,"MealTicket":38,"Letter Opener":9,"Question Card":7,"Toy Ornithopter":26,"Ring of the Snake":0},{"Potion Belt":17,"Nunchaku":21,"Tiny House":10,"Pantograph":22,"Enchiridion":11,"MealTicket":21,"Letter Opener":5,"Question Card":4,"Toy Ornithopter":13,"Ring of the Snake":0},{"Potion Belt":70,"Nunchaku":89,"Tiny House":43,"Pantograph":93,"Enchiridion":46,"MealTicket":89,"Letter Opener":24,"Question Card":20,"Toy Ornithopter":54,"Ring of the Snake":0}],"Toy Ornithopter":10,"Ring of the Snake":[50]},"card_choices":[{"not_picked":["Quick Slash","Concentrate"],"picked":"Crippling Poison","floor":1.0},{"not_picked":["Quick Slash","Flying Knee"],"picked":"Poisoned Stab","floor":2.0},{"not_picked":["Quick Slash","Finisher"],"picked":"Crippling Poison","floor":5.0},{"not_picked":["Calculated Gamble","Deflect"],"picked":"Deadly Poison","floor":7.0},{"not_picked":["Cloak And Dagger","Flying Knee","Bane"],"picked":"Dagger Spray","floor":8.0},{"not_picked":["Deadly Poison","Dagger Spray","Poisoned Stab"],"picked":"Catalyst","floor":10.0},{"not_picked":["Crippling Poison","Sucker Punch","Outmaneuver"],"picked":"PiercingWail","floor":11.0},{"not_picked":["Prepared","Masterful Stab","Dodge and Roll"],"picked":"Burst","floor":13.0},{"not_picked":["Expertise","Deadly Poison","Predator"],"picked":"Masterful Stab","floor":14.0},{"not_picked":["After Image","A Thousand Cuts","Malaise"],"picked":"Bullet Time","floor":16.0},{"not_picked":["Cloak And Dagger","Underhanded Strike","Well Laid Plans"],"picked":"Choke","floor":17.0},{"not_picked":["Underhanded Strike","Flying Knee","Backflip"],"picked":"Poisoned Stab+1","floor":18.0},{"not_picked":["Backstab","Dodge and Roll","Bane+1"],"picked":"Deadly Poison+1","floor":21.0},{"not_picked":["Cloak And Dagger","Prepared","Deadly Poison+1"],"picked":"Escape Plan","floor":22.0},{"not_picked":["Concentrate","Underhanded Strike+1","Cloak And Dagger"],"picked":"Slice+1","floor":27.0},{"not_picked":["Quick Slash+1","Leg Sweep","Blade Dance","Underhanded Strike+1"],"picked":"SKIP","floor":29.0},{"not_picked":["Grand Finale","Dagger Throw","Bane"],"picked":"Noxious Fumes","floor":30.0},{"not_picked":["Bane+1","Blade Dance+1","Dash"],"picked":"Backflip","floor":31.0},{"not_picked":["Doppelganger","Malaise","Night Terror"],"picked":"Wraith Form v2","floor":33.0},{"not_picked":["Tactician","Concentrate","Well Laid Plans+1"],"picked":"PiercingWail+1","floor":35.0},{"not_picked":["Dagger Spray","Bane+1","Choke"],"picked":"Deflect","floor":36.0},{"not_picked":["Endless Agony+1","Dagger Throw","Deflect+1"],"picked":"Poisoned Stab+1","floor":37.0},{"not_picked":["Dodge and Roll","Cloak And Dagger+1","Concentrate+1"],"picked":"Dagger Spray+1","floor":39.0},{"not_picked":["Flying Knee+1","Distraction","Slice+1"],"picked":"Prepared","floor":45.0},{"not_picked":["Backstab","Dagger Spray","Footwork","Storm of Steel"],"picked":"SKIP","floor":46.0}],"player_experience":110338,"relics_obtained":[{"floor":7.0,"key":"Question Card"},{"floor":9.0,"key":"Letter Opener"},{"floor":19.0,"key":"Enchiridion"},{"floor":26.0,"key":"Toy Ornithopter"},{"floor":31.0,"key":"Potion Belt"},{"floor":43.0,"key":"Pantograph"}],"event_choices":[{"damage_healed":0.0,"max_hp_gain":5.0,"max_hp_loss":0.0,"gold_gain":0.0,"event_name":"Big Fish","player_choice":"Donut","floor":3.0,"gold_loss":0.0,"damage_taken":0.0},{"damage_healed":0.0,"max_hp_gain":0.0,"max_hp_loss":0.0,"gold_gain":0.0,"event_name":"Golden Shrine","player_choice":"Ignored","floor":4.0,"gold_loss":0.0,"damage_taken":0.0},{"damage_healed":0.0,"max_hp_gain":0.0,"max_hp_loss":0.0,"gold_gain":0.0,"event_name":"Cursed Tome","player_choice":"Obtained Book","floor":19.0,"gold_loss":0.0,"damage_taken":16.0},{"damage_healed":0.0,"max_hp_gain":0.0,"max_hp_loss":27.0,"gold_gain":0.0,"event_name":"Vampires","player_choice":"Became a vampire","floor":20.0,"gold_loss":0.0,"damage_taken":0.0,"cards_obtained":["Bite","Bite","Bite","Bite","Bite"]},{"damage_healed":0.0,"max_hp_gain":0.0,"max_hp_loss":0.0,"gold_gain":0.0,"event_name":"Beggar","player_choice":"Ignored","floor":24.0,"gold_loss":0.0,"damage_taken":0.0},{"damage_healed":0.0,"max_hp_gain":0.0,"max_hp_loss":0.0,"gold_gain":0.0,"event_name":"Transmorgrifier","player_choice":"Ignored","floor":25.0,"gold_loss":0.0,"damage_taken":0.0},{"damage_healed":0.0,"max_hp_gain":0.0,"max_hp_loss":0.0,"gold_gain":0.0,"event_name":"Upgrade Shrine","player_choice":"Ignored","floor":41.0,"gold_loss":0.0,"damage_taken":0.0},{"damage_healed":0.0,"max_hp_gain":0.0,"max_hp_loss":0.0,"gold_gain":0.0,"event_name":"Wheel of Change","player_choice":"Damaged","floor":48.0,"gold_loss":0.0,"damage_taken":6.0}],"is_beta":false,"boss_relics":[{"not_picked":["Runic Dome","Empty Cage"],"picked":"Tiny House"},{"not_picked":["Philosopher\u0027s Stone","Fusion Hammer","Busted Crown"]}],"items_purged_floors":[],"is_endless":false,"potions_floor_spawned":[5,7,8,13,14,21,27,33,37,39,46],"killed_by":"Donu and Deca","ascension_level":0}}