{"host":"6ko66ogg91i6g7xq","time":1610322234,"event":{"mods":["AchievementEnabler","Act Like it!","BaseMod","Colored Map","Colored Powertips","Downfall","Hermit","Minty Spire (QoL Compilation)","Quick Restart","Relic Stats","StSLib","The Jungle","everything is the same but u backflip on backflip"],"gold_per_floor":[111,111,186,186,206,232,232,252,323,352,352,376,376,417,417,538,538,552,467,467,102,118,149,149,185,209,249,299,299,318,338,338,459,459,484,484,547,573,573,606,606,639,663,684,684,698,698,329,329,329,329,329,34,70,70,70],"floor_reached":55,"playtime":3698,"items_purged":[],"score":937,"play_id":"cc47dae4-8f86-4cbb-b467-db789d5cfd14","local_time":"20210110184354","is_ascension_mode":true,"campfire_choices":[{"floor":7,"key":"RECALL"},{"floor":13,"key":"REST"},{"data":"Crippling Poison","floor":15,"key":"SMITH"},{"data":"Phantasmal Killer","floor":24,"key":"SMITH"},{"floor":29,"key":"REST"},{"data":"Terror","floor":32,"key":"SMITH"},{"data":"Catalyst","floor":41,"key":"SMITH"},{"data":"Adrenaline","floor":45,"key":"SMITH"},{"data":"Cloak And Dagger","floor":47,"key":"SMITH"},{"data":"Panache","floor":49,"key":"SMITH"},{"data":"After Image","floor":52,"key":"SMITH"}],"circlet_count":0,"master_deck":["Strike_G","Strike_G","Strike_G+1","Defend_G","Defend_G+1","Defend_G","Defend_G+1","Defend_G","Survivor","Neutralize","Dodge and Roll","Backflip","Dagger Spray","Dash+1","Blade Dance","Crippling Poison+1","Crippling Poison","Corpse Explosion","Poisoned Stab+1","Phantasmal Killer+1","Infinite Blades+1","Dagger Spray","Cloak And Dagger+1","Adrenaline+1","Terror+1","After Image+1","Catalyst+1","Blade Dance","Panache+1","Backflip","Footwork"],"relics":["Ring of the Snake","NeowsBlessing","Matryoshka","Happy Flower","Toy Ornithopter","Pantograph","Ancient Tea Set","Golden Idol","Smiling Mask","SlaversCollar","The Courier","Tiny Chest","Lantern","Turnip","Shuriken","War Paint","Singing Bowl","Bag of Preparation","Empty Cage","Peace Pipe","Akabeko","Darkstone Periapt","White Beast Statue","Whetstone","Mango","Pen Nib","Art of War"],"acts_visited":["Exordium","TheCity","TheBeyond","TheEnding"],"potions_floor_usage":[14,14,16,25,30,31,40,40,40,40,42,42,46,50,54,55,55,55,55,55,55],"damage_taken":[{"damage":0,"enemies":"Small Slimes","floor":1,"turns":1},{"damage":0,"enemies":"Jaw Worm","floor":5,"turns":1},{"damage":0,"enemies":"Gremlin Nob","floor":6,"turns":1},{"damage":1,"enemies":"2 Louse","floor":8,"turns":2},{"damage":5,"enemies":"3 Sentries","floor":10,"turns":10},{"damage":0,"enemies":"Blue Slaver","floor":12,"turns":4},{"damage":3,"enemies":"Lagavulin","floor":14,"turns":5},{"damage":20,"enemies":"The Guardian","floor":16,"turns":14},{"damage":11,"enemies":"Spheric Guardian","floor":18,"turns":4},{"damage":0,"enemies":"Chosen","floor":22,"turns":5},{"damage":6,"enemies":"Gremlin Leader","floor":23,"turns":4},{"damage":24,"enemies":"Book of Stabbing","floor":25,"turns":5},{"damage":13,"enemies":"Gremlin Leader","floor":27,"turns":5},{"damage":0,"enemies":"Shelled Parasite and Fungi","floor":30,"turns":3},{"damage":6,"enemies":"Centurion and Healer","floor":31,"turns":2},{"damage":5,"enemies":"Collector","floor":33,"turns":5},{"damage":0,"enemies":"3 Shapes","floor":35,"turns":1},{"damage":0,"enemies":"Mind Bloom Boss Battle","floor":37,"turns":6},{"damage":2,"enemies":"Giant Head","floor":40,"turns":6},{"damage":19,"enemies":"Nemesis","floor":42,"turns":5},{"damage":0,"enemies":"Orb Walker","floor":44,"turns":3},{"damage":0,"enemies":"Transient","floor":46,"turns":5},{"damage":36,"enemies":"Awakened One","floor":50,"turns":8},{"damage":13,"enemies":"Shield and Spear","floor":54,"turns":3},{"damage":124,"enemies":"The Heart","floor":55,"turns":8}],"seed_played":"-8755930301928258244","potions_obtained":[{"floor":10,"key":"FearPotion"},{"floor":12,"key":"champ:CounterPotion"},{"floor":14,"key":"SneckoOil"},{"floor":18,"key":"CultistPotion"},{"floor":22,"key":"SteroidPotion"},{"floor":27,"key":"Explosive Potion"},{"floor":39,"key":"Guardian:BlockOnCardUsePotion"},{"floor":39,"key":"EntropicBrew"},{"floor":39,"key":"Explosive Potion"},{"floor":40,"key":"SpeedPotion"},{"floor":42,"key":"sneckomod:MuddlingPotion"},{"floor":44,"key":"LiquidMemories"},{"floor":46,"key":"EssenceOfSteel"},{"floor":54,"key":"Ancient Potion"}],"is_trial":false,"path_per_floor":["M","?","?","T","M","E","R","M","T","E","?","M","R","E","R","B",null,"M","?","?","$","M","E","R","E","T","E","T","R","M","M","R","B",null,"M","?","?","T","?","E","R","E","T","M","R","M","R","$","R","B",null,"R","$","E","B"],"character_chosen":"THE_SILENT","items_purchased":["Phantasmal Killer","Tiny Chest","Lantern","Mango","Panache","Pen Nib","EntropicBrew","SteroidPotion","Backflip","Footwork"],"campfire_rested":2,"item_purchase_floors":[21,21,21,48,48,53,53,53,53,53],"current_hp_per_floor":[70,70,59,59,59,59,59,58,58,53,36,36,57,64,64,50,70,59,59,59,59,59,53,53,34,34,21,21,42,49,48,48,67,72,72,72,74,74,74,76,76,59,59,61,61,66,66,80,80,63,94,94,94,83,0,0],"gold":70,"neow_bonus":"THREE_ENEMY_KILL","is_daily":false,"chose_seed":false,"campfire_upgraded":8,"win_rate":0.0,"timestamp":1610322234,"path_taken":["M","?","?","?","M","E","R","M","T","E","?","?","R","E","R","BOSS","M","?","?","$","M","E","R","E","T","E","?","R","M","M","R","BOSS","M","?","?","?","?","E","R","E","T","M","R","?","R","$","R","BOSS","R","$","E","BOSS"],"items_purchased_type":["Card","Relic","Relic","Relic","Card","Relic","Potion","Potion","Card","Card"],"build_version":"2020-12-22","purchased_purges":0,"victory":false,"max_hp_per_floor":[70,70,70,70,70,70,70,70,70,70,70,70,70,70,70,70,70,70,70,70,70,70,70,70,70,70,70,70,70,72,72,72,72,72,72,72,74,74,74,76,76,78,78,80,80,80,80,94,94,94,94,94,94,96,96,96],"relic_stats":{"Darkstone Periapt":0,"Happy Flower":[37],"Singing Bowl":12,"counters":[25,116],"Golden Idol":167,"Pen Nib":[4],"Bag of Preparation":[24],"Whetstone":["Dash","Strike_G"],"War Paint":["Defend_G","Defend_G"],"Smiling Mask":0,"Peace Pipe":0,"Shuriken":[55],"Pantograph":57,"Tiny Chest":1,"Turnip":[7],"Art of War":[0],"obtain_stats":[{"Darkstone Periapt":40,"Lantern":21,"Singing Bowl":27,"Mango":48,"Bag of Preparation":28,"Whetstone":43,"Ancient Tea Set":10,"Smiling Mask":14,"Empty Cage":34,"Matryoshka":4,"Pantograph":9,"Tiny Chest":21,"Ring of the Snake":0,"NeowsBlessing":0,"Happy Flower":6,"Golden Idol":11,"The Courier":19,"Pen Nib":53,"War Paint":26,"Akabeko":38,"White Beast Statue":42,"Peace Pipe":37,"SlaversCollar":17,"Shuriken":25,"Turnip":23,"Art of War":54,"Toy Ornithopter":9},{"Darkstone Periapt":19,"Lantern":9,"Singing Bowl":13,"Mango":22,"Bag of Preparation":13,"Whetstone":20,"Ancient Tea Set":5,"Smiling Mask":7,"Empty Cage":16,"Matryoshka":1,"Pantograph":4,"Tiny Chest":9,"Ring of the Snake":0,"NeowsBlessing":0,"Happy Flower":3,"Golden Idol":5,"The Courier":9,"Pen Nib":23,"War Paint":12,"Akabeko":18,"White Beast Statue":20,"Peace Pipe":18,"SlaversCollar":8,"Shuriken":12,"Turnip":11,"Art of War":24,"Toy Ornithopter":4},{"Darkstone Periapt":84,"Lantern":42,"Singing Bowl":61,"Mango":97,"Bag of Preparation":61,"Whetstone":89,"Ancient Tea Set":15,"Smiling Mask":24,"Empty Cage":71,"Matryoshka":1,"Pantograph":5,"Tiny Chest":42,"Ring of the Snake":0,"NeowsBlessing":0,"Happy Flower":3,"Golden Idol":15,"The Courier":42,"Pen Nib":105,"War Paint":56,"Akabeko":78,"White Beast Statue":89,"Peace Pipe":78,"SlaversCollar":38,"Shuriken":56,"Turnip":51,"Art of War":108,"Toy Ornithopter":5}],"Toy Ornithopter":53,"Ring of the Snake":[50]},"card_choices":[{"not_picked":["Underhanded Strike","Deflect"],"picked":"Dodge and Roll","floor":1},{"not_picked":["Dagger Throw","Dodge and Roll"],"picked":"Backflip","floor":5},{"not_picked":["Bouncing Flask","Outmaneuver"],"picked":"Dagger Spray","floor":6},{"not_picked":["Flying Knee","Eviscerate"],"picked":"Dash","floor":8},{"not_picked":["Bullet Time","Escape Plan"],"picked":"Blade Dance","floor":10},{"not_picked":["Deadly Poison","Quick Slash"],"picked":"Crippling Poison","floor":12},{"not_picked":["Prepared","Distraction"],"picked":"Crippling Poison","floor":14},{"not_picked":["Bullet Time","A Thousand Cuts"],"picked":"Corpse Explosion","floor":16},{"not_picked":["Heel Hook","Well Laid Plans+1"],"picked":"Poisoned Stab+1","floor":18},{"not_picked":["Prepared","Deadly Poison+1"],"picked":"Infinite Blades+1","floor":22},{"not_picked":["Tactician","Concentrate"],"picked":"Dagger Spray","floor":23},{"not_picked":["Infinite Blades+1","Choke"],"picked":"Cloak And Dagger","floor":25},{"not_picked":["PiercingWail","Prepared"],"picked":"Adrenaline","floor":27},{"not_picked":["Prepared","Deadly Poison+1","Bane"],"picked":"Singing Bowl","floor":30},{"not_picked":["Cloak And Dagger","Outmaneuver"],"picked":"Terror","floor":31},{"not_picked":["Unload","Malaise"],"picked":"After Image","floor":33},{"not_picked":["Footwork","Dagger Spray+1"],"picked":"Catalyst","floor":35},{"not_picked":["Sucker Punch","PiercingWail","Slice+1"],"picked":"Singing Bowl","floor":37},{"not_picked":["Bullet Time","Predator","Flying Knee"],"picked":"Singing Bowl","floor":40},{"not_picked":["Setup+1","Dagger Throw","Terror"],"picked":"Singing Bowl","floor":42},{"not_picked":["All Out Attack+1","Tactician+1","Choke+1"],"picked":"Singing Bowl","floor":44},{"not_picked":["Backflip+1","Underhanded Strike"],"picked":"Blade Dance","floor":46},{"not_picked":["Backstab+1","Outmaneuver+1","Backflip"],"picked":"Singing Bowl","floor":54}],"player_experience":253542,"relics_obtained":[{"floor":4,"key":"Matryoshka"},{"floor":6,"key":"Happy Flower"},{"floor":9,"key":"Toy Ornithopter"},{"floor":9,"key":"Pantograph"},{"floor":10,"key":"Ancient Tea Set"},{"floor":14,"key":"Smiling Mask"},{"floor":23,"key":"Turnip"},{"floor":25,"key":"Shuriken"},{"floor":26,"key":"War Paint"},{"floor":27,"key":"Singing Bowl"},{"floor":28,"key":"Bag of Preparation"},{"floor":37,"key":"Peace Pipe"},{"floor":38,"key":"Akabeko"},{"floor":40,"key":"Darkstone Periapt"},{"floor":42,"key":"White Beast Statue"},{"floor":43,"key":"Whetstone"},{"floor":54,"key":"Art of War"}],"event_choices":[{"damage_healed":0,"gold_gain":0,"player_choice":"Ignored","damage_taken":0,"max_hp_gain":0,"max_hp_loss":0,"event_name":"Golden Wing","floor":2,"gold_loss":0},{"damage_healed":0,"gold_gain":75,"player_choice":"Gather Gold","damage_taken":11,"max_hp_gain":0,"max_hp_loss":0,"event_name":"World of Goop","floor":3,"gold_loss":0},{"damage_healed":0,"gold_gain":0,"player_choice":"Take Damage","damage_taken":17,"relics_obtained":["Golden Idol"],"max_hp_gain":0,"max_hp_loss":0,"event_name":"Golden Idol","floor":11,"gold_loss":0},{"damage_healed":0,"gold_gain":0,"player_choice":"Obtained Relic","damage_taken":0,"relics_obtained":["The Courier"],"max_hp_gain":0,"max_hp_loss":0,"event_name":"Addict","floor":19,"gold_loss":85},{"damage_healed":0,"gold_gain":0,"player_choice":"Ignored","damage_taken":0,"max_hp_gain":0,"max_hp_loss":0,"event_name":"Tomb of Lord Red Mask","floor":36,"gold_loss":0},{"damage_healed":0,"gold_gain":0,"player_choice":"Fight","damage_taken":0,"max_hp_gain":0,"max_hp_loss":0,"event_name":"MindBloom","floor":37,"gold_loss":0},{"damage_healed":0,"gold_gain":0,"player_choice":"Got Potions","damage_taken":0,"max_hp_gain":0,"max_hp_loss":0,"event_name":"Lab","floor":39,"gold_loss":0}],"is_beta":false,"boss_relics":[{"not_picked":["Busted Crown","Sozu"],"picked":"SlaversCollar"},{"not_picked":["Velvet Choker","Astrolabe"],"picked":"Empty Cage"}],"items_purged_floors":[],"is_endless":false,"potions_floor_spawned":[10,12,14,18,22,27,40,42,44,46,54],"killed_by":"The Heart","ascension_level":1}}