{"host":"nlowmoq7gy18n72d","time":1610268984,"event":{"mods":["BaseMod","Colored Powertips","Conspire","Downfall","Hermit","Highlight Path","Infinite Spire","Jorbs\u0027s Wanderer Trilogy","Minty Spire (QoL Compilation)","Replay The Spire","StSLib","The Cursed"],"gold_per_floor":[0,16,16,30,305,6,6,24,24,40,40,68,133,164,180,277,277,202,221,231,251,270,270,270,304,316,316,316,316],"floor_reached":27,"playtime":2029,"items_purged":["Regret"],"score":282,"play_id":"cba90e25-ae5f-428f-aa0c-4b443af2efbf","local_time":"20210110115624","is_ascension_mode":true,"campfire_choices":[{"floor":1,"key":"RECALL"},{"floor":9,"key":"REST"},{"floor":11,"key":"REST"},{"data":"hexamod:EmpoweredFlame","floor":18,"key":"SMITH"},{"floor":23,"key":"REST"}],"circlet_count":0,"master_deck":["hexamod:Strike+1","hexamod:Strike+1","hexamod:Strike","hexamod:Defend+1","hexamod:Defend","hexamod:Defend+1","hexamod:Defend+1","hexamod:Sear+1","hexamod:Float+1","hexamod:SixthSeal","hexamod:ThirdSeal","hexamod:NightmareStrike","hexamod:BurningTouch","hexamod:NightmareGuise+1","hexamod:CatchUp","hexamod:EmpoweredFlame+1","hexamod:RainOfEmbers+1","hexamod:GhostOfSpireFuture+1","hexamod:PowerFromBeyond+1","hexamod:AdvancingGuard","hexamod:HexaLevel","hexamod:SoulSteal","hexamod:SkipABeat+1","hexamod:FlamesFromBeyond","hexamod:FirstSeal","hexamod:FifthSeal","hexamod:SearingWound+1","hexamod:FourthSeal","hexamod:SuperheatedStrike+1","hexamod:ThermalTransfer+1","hexamod:FastForward+1","hexamod:SpectersWail","hexamod:HeatCrush","hexamod:GhostShield+1","hexamod:SecondSeal","hexamod:ShieldOfDarkness"],"relics":["hexamod:SpiritBrand","Replay:Wax Seal","Replay:WaspNest","Lantern","MealTicket","Pen Nib","Painkiller Herb","downfall:HeartBlessingRed","Iron Hammer"],"acts_visited":["Exordium","TheCity"],"potions_floor_usage":[8,14,16,19,25,25,25],"damage_taken":[{"damage":0,"enemies":"conspire:RoseBush","floor":2,"turns":4},{"damage":20,"enemies":"infinitespire:Voidling","floor":4,"turns":5},{"damage":9,"enemies":"downfall:FleeingMerchant","floor":6,"turns":4},{"damage":0,"enemies":"2 Louse","floor":8,"turns":4},{"damage":17,"enemies":"Lots of Slimes","floor":10,"turns":4},{"damage":6,"enemies":"3 Sentries","floor":12,"turns":7},{"damage":32,"enemies":"Gremlin Nob","floor":14,"turns":5},{"damage":2,"enemies":"Blue Slaver","floor":15,"turns":3},{"damage":15,"enemies":"downfall:Ironclad","floor":16,"turns":6},{"damage":8,"enemies":"3 Byrds","floor":19,"turns":4},{"damage":9,"enemies":"Centurion and Healer","floor":20,"turns":6},{"damage":19,"enemies":"Shelled Parasite and Fungi","floor":21,"turns":5},{"damage":5,"enemies":"Chosen and Byrds","floor":22,"turns":6},{"damage":42,"enemies":"Slavers","floor":25,"turns":6},{"damage":15,"enemies":"conspire:HollyBat","floor":26,"turns":8},{"damage":28,"enemies":"Cultist and Chosen","floor":27,"turns":4}],"seed_played":"564729688141137489","potions_obtained":[{"floor":10,"key":"hexamod:DoubleChargePotion"},{"floor":12,"key":"SkillPotion"},{"floor":13,"key":"Dexterity Potion"},{"floor":14,"key":"Energy Potion"},{"floor":16,"key":"FearPotion"},{"floor":19,"key":"PowerPotion"},{"floor":25,"key":"LifebloodPotion"},{"floor":25,"key":"Toxic Potion"},{"floor":26,"key":"Death Potion"}],"is_trial":false,"path_per_floor":["R","M","?","M","?","$","T","M","R","M","R","E","?","E","M","B",null,"T","?","?","?","?","T","T","E","?","?"],"character_chosen":"THE_SPIRIT","items_purchased":["Replay:Wax Seal","hexamod:EmpoweredFlame","Fire Potion"],"campfire_rested":3,"item_purchase_floors":[6,6,6],"current_hp_per_floor":[70,70,70,57,57,48,48,48,69,52,70,64,64,32,30,15,70,70,69,67,48,50,70,70,35,27,0,0,0],"gold":316,"neow_bonus":"THREE_RARE_CARDS","is_daily":false,"chose_seed":false,"campfire_upgraded":1,"win_rate":0.0,"timestamp":1610268984,"path_taken":["R","M","?","?","?","$","T","?","R","M","R","E","?","E","M","BOSS","T","?","?","?","?","T","T","E","?","?"],"items_purchased_type":["Relic","Card","Potion"],"build_version":"2020-12-22","purchased_purges":1,"victory":false,"max_hp_per_floor":[70,70,70,70,70,70,70,70,70,70,70,70,70,70,70,70,70,70,70,70,70,70,70,70,70,70,70,70,70],"card_choices":[{"not_picked":["hexamod:EmpoweringStance","hexamod:VolcanoVisage"],"picked":"hexamod:SixthSeal","floor":0},{"not_picked":["hexamod:BacktrackSmack","hexamod:SpectralSpark"],"picked":"hexamod:ThirdSeal","floor":2},{"not_picked":["hexamod:RainOfEmbers","hexamod:SkipABeat"],"picked":"hexamod:NightmareStrike","floor":4},{"not_picked":["hexamod:RetreatToShadows","hexamod:Firestarter"],"picked":"hexamod:BurningTouch","floor":4},{"not_picked":["hexamod:NecessarySacrifice","hexamod:GhostLash"],"picked":"hexamod:NightmareGuise","floor":6},{"not_picked":["hexamod:PhantomCloak","hexamod:Hexaguard"],"picked":"hexamod:CatchUp","floor":6},{"not_picked":["hexamod:NightmareGuise","hexamod:ThermalTransfer"],"picked":"hexamod:RainOfEmbers","floor":8},{"not_picked":["hexamod:Firestarter","hexamod:RainOfEmbers"],"picked":"hexamod:GhostOfSpireFuture","floor":8},{"not_picked":["hexamod:NightmareGuise","hexamod:RainOfEmbers"],"picked":"hexamod:PowerFromBeyond","floor":10},{"not_picked":["hexamod:ThermalTransfer","hexamod:BacktrackSmack"],"picked":"hexamod:AdvancingGuard","floor":10},{"not_picked":["hexamod:FastForward","hexamod:StepThrough"],"picked":"hexamod:HexaLevel","floor":12},{"not_picked":["hexamod:Hexaguard","hexamod:GhostShield"],"picked":"hexamod:SoulSteal","floor":13},{"not_picked":["hexamod:HauntingEcho","hexamod:ShieldOfDarkness"],"picked":"hexamod:SkipABeat","floor":13},{"not_picked":["hexamod:RetreatToShadows","hexamod:GhostOfSpirePresent"],"picked":"hexamod:FlamesFromBeyond","floor":14},{"not_picked":["hexamod:NightmareGuise","hexamod:EmpoweredFlame","hexamod:BacktrackSmack"],"picked":"SKIP","floor":14},{"not_picked":["hexamod:EmpoweringStance","hexamod:NightmareStrike"],"picked":"hexamod:FirstSeal","floor":15},{"not_picked":["hexamod:SixthSeal","hexamod:ApocalypticArmor"],"picked":"hexamod:FifthSeal","floor":16},{"not_picked":["hexamod:ApocalypseNow","hexamod:UnlimitedPower"],"picked":"hexamod:SearingWound","floor":16},{"not_picked":["hexamod:ThirdSeal","hexamod:SixthSeal"],"picked":"hexamod:FourthSeal","floor":19},{"not_picked":["hexamod:GhostOfSpirePresent+1","hexamod:NightmareGuise"],"picked":"hexamod:SuperheatedStrike+1","floor":19},{"not_picked":["hexamod:BacktrackSmack+1","hexamod:InspiringFlames+1"],"picked":"hexamod:ThermalTransfer+1","floor":19},{"not_picked":["hexamod:ThermalTransfer","hexamod:ShieldOfDarkness+1"],"picked":"hexamod:FastForward","floor":20},{"not_picked":["hexamod:RainOfEmbers+1","hexamod:Hexaguard","hexamod:FifthSeal"],"picked":"SKIP","floor":20},{"not_picked":["hexamod:BacktrackSmack","hexamod:BurningTouch"],"picked":"hexamod:SpectersWail","floor":21},{"not_picked":["hexamod:PhantomCloak+1","hexamod:SwordOfDarkness+1"],"picked":"hexamod:HeatCrush","floor":21},{"not_picked":["hexamod:FlamesFromBeyond","hexamod:StepThrough"],"picked":"hexamod:GhostShield","floor":22},{"not_picked":["hexamod:SwordOfDarkness","hexamod:HauntingEcho","hexamod:GhostShield"],"picked":"SKIP","floor":22},{"not_picked":["hexamod:FirstSeal","hexamod:SixthSeal"],"picked":"hexamod:SecondSeal","floor":25},{"not_picked":["hexamod:NightmareGuise+1","hexamod:SoulSteal+1","hexamod:SpectersWail"],"picked":"SKIP","floor":25},{"not_picked":["hexamod:NightmareStrike","hexamod:FastForward+1","hexamod:NecessarySacrifice"],"picked":"SKIP","floor":25},{"not_picked":["hexamod:SwordOfDarkness","hexamod:HauntingEcho"],"picked":"hexamod:ShieldOfDarkness","floor":26},{"not_picked":["hexamod:FourthSeal","hexamod:SecondSeal","hexamod:SixthSeal"],"picked":"SKIP","floor":26},{"not_picked":["hexamod:EmpoweredFlame","hexamod:FastForward+1","hexamod:InspiringFlames"],"picked":"SKIP","floor":26}],"player_experience":641590,"relics_obtained":[{"floor":7,"key":"Replay:WaspNest"},{"floor":12,"key":"Lantern"},{"floor":13,"key":"MealTicket"},{"floor":14,"key":"Pen Nib"},{"floor":25,"key":"Iron Hammer"}],"event_choices":[{"cards_removed":["hexamod:Strike"],"damage_healed":0,"gold_gain":0,"player_choice":"Purged","damage_taken":0,"max_hp_gain":0,"max_hp_loss":0,"event_name":"Purifier","floor":3,"gold_loss":0}],"is_beta":false,"boss_relics":[{"not_picked":["Velvet Choker","expansioncontent:StudyCardRelic"],"picked":"Painkiller Herb"}],"items_purged_floors":[6],"is_endless":false,"potions_floor_spawned":[10,12,14,15,16,19,25,26],"killed_by":"Cultist and Chosen","ascension_level":1}}