{"host":"sdjng9zhqonqi3uc","time":1610285635,"event":{"mods":["2.2 Compatiblity","AchievementEnabler","BaseMod","BetterRewards","Colored Powertips","Hero for Fun","Minty Spire (QoL Compilation)","Shop Mod","StSLib","Td1madao Mod","The Animator","The Cursed","The Servant 0.9.4"],"gold_per_floor":[109,28,43,43,62,91,91,125,125,140,150,150,150,164,164,164,164],"floor_reached":16,"playtime":831,"items_purged":[],"score":112,"play_id":"dbb00627-7f76-4acb-bb0d-49b95e653059","local_time":"20210110143355","is_ascension_mode":false,"campfire_choices":[{"floor":13,"key":"RECALL"},{"data":"Footwork","floor":15,"key":"SMITH"}],"circlet_count":0,"master_deck":["Strike_G","Strike_G","Strike_G","Strike_G","Strike_G","Defend_G","Defend_G","Defend_G","Defend_G","Defend_G","Survivor","Neutralize","animator:Curse_Nutcracker","Venomology","Noxious Fumes","Footwork+1","Noxious Fumes","Regret","Infinite Blades","Accuracy","All Out Attack","Accuracy","Poisoned Stab+1","Outmaneuver","Finisher+1","Parasite","Blade Dance"],"relics":["Ring of the Snake","PreservedInsect","Prayer Wheel","Molten Egg 2"],"acts_visited":["Exordium"],"potions_floor_usage":[3,5,5,6,6,8,8,11,11,11,14,16],"damage_taken":[{"damage":1,"enemies":"Cultist","floor":1,"turns":5},{"damage":0,"enemies":"Small Slimes","floor":3,"turns":4},{"damage":0,"enemies":"2 Louse","floor":5,"turns":2},{"damage":8,"enemies":"Lagavulin","floor":6,"turns":6},{"damage":31,"enemies":"Gremlin Nob","floor":8,"turns":6},{"damage":11,"enemies":"Red Slaver","floor":10,"turns":6},{"damage":13,"enemies":"Exordium Thugs","floor":11,"turns":5},{"damage":0,"enemies":"Looter","floor":14,"turns":2},{"damage":27,"enemies":"The Guardian","floor":16,"turns":2}],"seed_played":"9086008698400692730","potions_obtained":[{"floor":1,"key":"SteroidPotion"},{"floor":5,"key":"Poison Potion"},{"floor":10,"key":"Swift Potion"},{"floor":11,"key":"CunningPotion"}],"is_trial":false,"path_per_floor":["M","$","M","?","M","E","?","E","T","M","M","?","R","M","R","B"],"character_chosen":"THE_SILENT","items_purchased":["Footwork"],"campfire_rested":0,"item_purchase_floors":[2],"current_hp_per_floor":[69,69,69,69,69,61,61,30,30,19,6,23,23,23,23,0,0],"gold":164,"neow_bonus":"THREE_RARE_CARDS","is_daily":false,"chose_seed":false,"campfire_upgraded":1,"win_rate":0.0,"timestamp":1610285635,"path_taken":["M","$","M","?","M","E","?","E","T","M","?","?","R","M","R","BOSS"],"items_purchased_type":["Card"],"build_version":"2020-12-22","purchased_purges":0,"victory":false,"max_hp_per_floor":[70,70,70,70,70,70,70,70,70,70,70,70,70,70,70,70,70],"card_choices":[{"not_picked":["Bullet Time","Malaise"],"picked":"Venomology","floor":0},{"not_picked":["Accuracy","PiercingWail"],"picked":"Noxious Fumes","floor":1},{"not_picked":["Prepared","Deadly Poison"],"picked":"Noxious Fumes","floor":3},{"not_picked":["Sucker Punch","Flying Knee"],"picked":"Infinite Blades","floor":5},{"not_picked":["Prepared","Concentrate"],"picked":"Accuracy","floor":6},{"not_picked":["Outmaneuver","Distraction"],"picked":"Accuracy","floor":8},{"not_picked":["Crippling Poison","Underhanded Strike+1"],"picked":"Poisoned Stab+1","floor":10},{"not_picked":["Bane+1","Backflip"],"picked":"Outmaneuver","floor":10},{"not_picked":["PiercingWail","Deadly Poison"],"picked":"Finisher+1","floor":11},{"not_picked":["Sucker Punch+1","Backflip","Tactician"],"picked":"SKIP","floor":11},{"not_picked":["Choke+1","Setup"],"picked":"Blade Dance","floor":14},{"not_picked":["All Out Attack+1","Masterful Stab+1","Prepared"],"picked":"SKIP","floor":14}],"player_experience":293320,"relics_obtained":[{"floor":6,"key":"Prayer Wheel"},{"floor":8,"key":"Molten Egg 2"}],"event_choices":[{"damage_healed":0,"gold_gain":0,"player_choice":"Box","damage_taken":0,"relics_obtained":["PreservedInsect"],"max_hp_gain":0,"max_hp_loss":0,"event_name":"Big Fish","floor":4,"gold_loss":0,"cards_obtained":["Regret"]},{"damage_healed":0,"gold_gain":0,"player_choice":"1 cards matched","damage_taken":0,"max_hp_gain":0,"max_hp_loss":0,"event_name":"Match and Keep!","floor":7,"gold_loss":0,"cards_obtained":["All Out Attack"]},{"damage_healed":17,"gold_gain":0,"player_choice":"Healed and dodged fight","damage_taken":0,"max_hp_gain":0,"max_hp_loss":0,"event_name":"Mushrooms","floor":12,"gold_loss":0,"cards_obtained":["Parasite"]}],"is_beta":false,"boss_relics":[],"items_purged_floors":[],"is_endless":false,"potions_floor_spawned":[1,5,10,11],"killed_by":"The Guardian","ascension_level":0}}