{"host":"z9811rt50ti81n54","time":1610276932,"event":{"mods":["BaseMod","Better Match","Better Sensory Stone","Better Skull","Better Third Choice","Minty Spire (QoL Compilation)","StSLib","SuperFastMode"],"gold_per_floor":[110,110,127,127,25,37,37,47,72,72,91,101,116,129,129,129,129],"floor_reached":16,"playtime":313,"items_purged":[],"score":96,"play_id":"476ce03e-740b-4048-a7d6-2ffbdd7c6a80","local_time":"20210110200852","is_ascension_mode":false,"campfire_choices":[{"data":"Carnage","floor":7,"key":"SMITH"},{"floor":15,"key":"REST"}],"circlet_count":0,"master_deck":["Strike_R","Strike_R","Strike_R","Strike_R","Strike_R","Defend_R","Defend_R","Defend_R","Defend_R","Bash+1","Reaper","Pummel","Reaper","Carnage+1","Metallicize","Sever Soul","Iron Wave","Evolve","Feel No Pain","Feel No Pain"],"relics":["Burning Blood","NlothsMask"],"acts_visited":["Exordium"],"potions_floor_usage":[13],"damage_taken":[{"damage":10,"enemies":"Cultist","floor":1,"turns":4},{"damage":1,"enemies":"Jaw Worm","floor":3,"turns":4},{"damage":3,"enemies":"2 Louse","floor":6,"turns":4},{"damage":11,"enemies":"Red Slaver","floor":8,"turns":4},{"damage":27,"enemies":"Large Slime","floor":11,"turns":6},{"damage":37,"enemies":"Exordium Thugs","floor":12,"turns":4},{"damage":6,"enemies":"3 Louse","floor":13,"turns":4},{"damage":41,"enemies":"Gremlin Gang","floor":14,"turns":5},{"damage":0,"enemies":"The Guardian","floor":16,"turns":1}],"seed_played":"2111856206172261997","potions_obtained":[{"floor":3,"key":"GamblersBrew"},{"floor":6,"key":"BloodPotion"},{"floor":11,"key":"BloodPotion"},{"floor":13,"key":"EntropicBrew"}],"is_trial":false,"path_per_floor":["M","?","M","?","$","M","R","M","T","$","M","M","M","M","R","B"],"character_chosen":"IRONCLAD","items_purchased":["Carnage","Metallicize"],"campfire_rested":1,"item_purchase_floors":[5,5],"current_hp_per_floor":[58,58,63,63,63,80,80,79,79,79,73,57,80,53,77,77,77],"gold":129,"neow_bonus":"THREE_RARE_CARDS","is_daily":false,"chose_seed":false,"campfire_upgraded":1,"win_rate":0.0,"timestamp":1610276932,"path_taken":["M","?","?","?","$","M","R","M","T","?","?","M","M","M","R","BOSS"],"items_purchased_type":["Card","Card"],"build_version":"2020-12-22","purchased_purges":0,"victory":false,"max_hp_per_floor":[80,80,80,80,80,80,80,80,80,80,80,80,80,80,80,80,80],"card_choices":[{"not_picked":["Exhume","Limit Break"],"picked":"Reaper","floor":0},{"not_picked":["Warcry","Heavy Blade"],"picked":"Pummel","floor":1},{"not_picked":["Second Wind","Iron Wave"],"picked":"Reaper","floor":3},{"not_picked":["Iron Wave","Armaments"],"picked":"Sever Soul","floor":6},{"not_picked":["Sever Soul","Body Slam"],"picked":"Iron Wave","floor":8},{"not_picked":["Body Slam","Dual Wield"],"picked":"Evolve","floor":11},{"not_picked":["Sword Boomerang","Rupture"],"picked":"Feel No Pain","floor":12},{"not_picked":["Bloodletting","Warcry"],"picked":"Feel No Pain","floor":13},{"not_picked":["Entrench","Cleave","Thunderclap"],"picked":"SKIP","floor":14}],"player_experience":358410,"relics_obtained":[],"event_choices":[{"damage_healed":0,"gold_gain":0,"player_choice":"Upgraded","damage_taken":0,"max_hp_gain":0,"max_hp_loss":0,"event_name":"Upgrade Shrine","floor":2,"gold_loss":0,"cards_upgraded":["Bash"]},{"damage_healed":0,"gold_gain":0,"player_choice":"Trade","damage_taken":0,"relics_obtained":["NlothsMask"],"max_hp_gain":0,"max_hp_loss":0,"event_name":"FaceTrader","floor":4,"gold_loss":0}],"is_beta":false,"boss_relics":[],"items_purged_floors":[],"is_endless":false,"potions_floor_spawned":[3,6,11,12,13],"killed_by":"The Guardian","ascension_level":0}}