{"host":"15dd7v8o90xso62x","time":1610322341,"event":{"mods":["BaseMod","Minty Spire (QoL Compilation)","Quick Restart","StSLib","SuperFastMode"],"gold_per_floor":[114,189,36,36,36,68,68,93,93,124,140,156,56,67,67,67,67],"floor_reached":16,"playtime":373,"items_purged":["Strike_R","Strike_R"],"score":336,"play_id":"c58cfa7d-2460-434d-9dcb-6096fec54a62","local_time":"20210111084541","is_ascension_mode":true,"campfire_choices":[{"data":"Uppercut","floor":7.0,"key":"SMITH"},{"data":"Second Wind","floor":15,"key":"SMITH"}],"circlet_count":0,"master_deck":["AscendersBane","Strike_R","Strike_R","Strike_R","Defend_R","Defend_R","Defend_R","Defend_R+1","Bash","Dropkick+1","Uppercut+1","Disarm","Second Wind+1","Rage"],"relics":["Burning Blood","NeowsBlessing","Omamori","Strawberry","Paper Frog","Ornamental Fan"],"acts_visited":["Exordium"],"potions_floor_usage":[],"damage_taken":[{"damage":0.0,"enemies":"Jaw Worm","floor":1.0,"turns":1.0},{"damage":0.0,"enemies":"Lagavulin","floor":6.0,"turns":1.0},{"damage":0.0,"enemies":"3 Sentries","floor":8.0,"turns":2.0},{"damage":5.0,"enemies":"Lagavulin","floor":10.0,"turns":4.0},{"damage":2.0,"enemies":"2 Louse","floor":11.0,"turns":3.0},{"damage":3.0,"enemies":"Cultist","floor":12.0,"turns":3.0},{"damage":10,"enemies":"Large Slime","floor":14,"turns":3},{"damage":63,"enemies":"Hexaghost","floor":16,"turns":11}],"seed_played":"-8866008283408468546","potions_obtained":[{"floor":1.0,"key":"SkillPotion"},{"floor":6.0,"key":"Swift Potion"},{"floor":14,"key":"Ancient Potion"}],"is_trial":false,"path_per_floor":["M","?","$","?","$","E","R","E","T","E","M","M","$","M","R","B"],"character_chosen":"IRONCLAD","items_purchased":["Uppercut"],"campfire_rested":0,"item_purchase_floors":[3],"current_hp_per_floor":[74,63,63,40,40,46,46,59,59,60,64,67,67,63,63,0,0],"gold":67,"neow_bonus":"THREE_ENEMY_KILL","is_daily":false,"chose_seed":false,"campfire_upgraded":2,"win_rate":0.0,"timestamp":1610322341,"path_taken":["M","?","$","?","?","E","R","E","T","E","M","M","$","?","R","BOSS"],"items_purchased_type":["Card"],"build_version":"2020-12-22","purchased_purges":2,"victory":false,"max_hp_per_floor":[75,75,75,75,75,75,75,82,82,82,82,82,82,82,82,82,82],"card_choices":[{"not_picked":["Dark Embrace","Iron Wave"],"picked":"Dropkick","floor":1.0},{"not_picked":["Inflame","Rampage","Sword Boomerang"],"picked":"SKIP","floor":6.0},{"not_picked":["Clothesline","Body Slam"],"picked":"Disarm","floor":8.0},{"not_picked":["Uppercut","Seeing Red"],"picked":"Second Wind","floor":10.0},{"not_picked":["Intimidate","Combust"],"picked":"Rage","floor":11.0},{"not_picked":["Clothesline","Warcry","Flex"],"picked":"SKIP","floor":12.0},{"not_picked":["Clothesline","Warcry","Flex"],"picked":"SKIP","floor":12.0},{"not_picked":["Brutality","Searing Blow","Warcry"],"picked":"SKIP","floor":14}],"player_experience":1022050,"relics_obtained":[{"floor":6.0,"key":"Omamori"},{"floor":8.0,"key":"Strawberry"},{"floor":9.0,"key":"Paper Frog"},{"floor":10.0,"key":"Ornamental Fan"}],"event_choices":[{"damage_healed":0.0,"max_hp_gain":0.0,"max_hp_loss":0.0,"gold_gain":75.0,"event_name":"World of Goop","player_choice":"Gather Gold","floor":2.0,"gold_loss":0.0,"damage_taken":11.0},{"damage_healed":0.0,"max_hp_gain":0.0,"max_hp_loss":0.0,"gold_gain":0.0,"event_name":"Shining Light","player_choice":"Entered Light","floor":4.0,"gold_loss":0.0,"damage_taken":23.0,"cards_upgraded":["Defend_R","Dropkick"]}],"is_beta":false,"boss_relics":[],"items_purged_floors":[3,13],"is_endless":false,"potions_floor_spawned":[1,6,14],"killed_by":"Hexaghost","ascension_level":20}}