{"host":"wlby5h16dhl6c8vf","time":1610282447,"event":{"mods":["AchievementEnabler","Act Like it!","Astrologer","BaseMod","Bestiary","Better Third Choice","BetterRewards","Card Forge","Chen","DeckTracker","Downfall","Duelist Mod","Evolution","Friendly Minions","Hermit","Hubris","Koishi","Marisa????????","Minty Spire (QoL Compilation)","Prisma Mod","Quick Restart","Relic Stats","Remilia??????","Replay The Spire","Shop Mod","StSLib","SuperFastMode","The Animator","The Exalted","The Marked","The Necromancer","The Problem Sleuth","The Runesmith","The Wild Card"],"gold_per_floor":[119,136,150,150,168,207,207,231,231,1535,1551,1567,1591,1627,1627,1751,1751,1766,1787,1803,1803,1823,1823,1857,1877,1954,1437,1453,1453,904,925,925,1054,1054,1089,1151,1163,1197,847,847,897,897,967,967,986,1004,1041,1058,1058,1064,1064,1064,341,386,390],"floor_reached":56,"playtime":4072,"items_purged":[],"score":1195,"play_id":"80534052-f842-40c9-9af9-a5e2e14b631a","local_time":"20210110134047","is_ascension_mode":false,"campfire_choices":[{"floor":7,"key":"RECALL"},{"floor":15,"key":"REST"},{"floor":23,"key":"REST"},{"floor":29,"key":"REST"},{"floor":32,"key":"REST"},{"floor":40,"key":"DIG"},{"floor":42,"key":"REST"},{"floor":44,"key":"DIG"},{"floor":49,"key":"DIG"},{"floor":52,"key":"DIG"}],"circlet_count":0,"master_deck":["Runesmith:Strike_RS+1","Runesmith:Strike_RS+1","Runesmith:Strike_RS+1","Runesmith:Strike_RS+1","Runesmith:Defend_RS+1","Runesmith:Defend_RS+1","Runesmith:Defend_RS+1","Runesmith:Defend_RS+1","Runesmith:CraftFirestone+1","Runesmith:Fortify+1","Runesmith:ChiselStab+1","Runesmith:Repurpose+1","Runesmith:EnergizedChisel+1","Injury","Runesmith:HammerAndChisel+1","Runesmith:CraftSpiculum+1","Runesmith:CraftPrismatica+1","Runesmith:Permafrost+1","Runesmith:HammerTime+1","Runesmith:FieryHammer+38","Runesmith:LithiumIon+1","Runesmith:CraftIncendium+1","Runesmith:GoWithTheFlow+1","Runesmith:Firewall+1","Runesmith:ReplicatingBarrier+1","Runesmith:Empowerment+1","Runesmith:BackupBattery+4","Runesmith:CraftMagma+1","Runesmith:BackupBattery+4","Runesmith:BackupBattery+4","Runesmith:PoweredAnvil+1","Runesmith:ArcReactor+1","Runesmith:Duplicate+1","CurseOfTheBell","Runesmith:LithiumIon+1","Runesmith:EarthShield+1","Runesmith:CreatorForm+1","Runesmith:RunicBlueprint+1","Runesmith:EarthShield+1","Delirium","Runesmith:HeatedChisel+1","Runesmith:LithiumIon+1","Runesmith:Terraform+1"],"relics":["Runesmith:BrokenRuby","Hammer of Thor","Seething Fire","Anvil of the Gods","EVO:Axolotl","NeowsBlessing","Golden Idol","Bromod:ArcaneTempo","hubris:Zylophone","Bromod:ArcaneVictory","TheAbacus","MerchantsRug","hubris:ScarierMask","CultistMask","Shovel","Meat on the Bone","Ancient Tea Set","Gremlin Horn","Letter Opener","Guide Book","Calling Bell","MawBank","Quantum Egg","Replay:Kaleidoscope","ReplayTheSpireMod:Ring of Exchange","Ring of Greed","Membership Card","Replay:Bandana","Replay:Ringing Soul","Pear","Happy Flower","Boot","hubris:PeanutButter","Bottled Tornado","hubris:BottledRain","Bag of Preparation","Iron Hammer","Bronze Scales","Snack Pack","hubris:Backtick","Bottled Flame","ReplayTheSpireMod:Ninjato"],"acts_visited":["Exordium","TheCity","TheBeyond","TheEnding"],"potions_floor_usage":[2,33,33,55,55],"damage_taken":[{"damage":0,"enemies":"Cultist","floor":1,"turns":1},{"damage":0,"enemies":"2 Louse","floor":2,"turns":1},{"damage":0,"enemies":"Jaw Worm","floor":3,"turns":1},{"damage":0,"enemies":"3 Louse","floor":5,"turns":4},{"damage":14,"enemies":"Lagavulin","floor":6,"turns":5},{"damage":0,"enemies":"Exordium Wildlife","floor":8,"turns":3},{"damage":0,"enemies":"Gremlin Gang","floor":11,"turns":2},{"damage":0,"enemies":"Blue Slaver","floor":12,"turns":2},{"damage":0,"enemies":"3 Louse","floor":13,"turns":3},{"damage":22,"enemies":"Gremlin Nob","floor":14,"turns":3},{"damage":18,"enemies":"Hexaghost","floor":16,"turns":8},{"damage":24,"enemies":"Shell Parasite","floor":18,"turns":7},{"damage":14,"enemies":"3 Byrds","floor":19,"turns":4},{"damage":7,"enemies":"3 Cultists","floor":20,"turns":5},{"damage":10,"enemies":"Cultist and Chosen","floor":22,"turns":4},{"damage":12,"enemies":"Replay:Snechameleon","floor":24,"turns":6},{"damage":16,"enemies":"Snake Plant","floor":25,"turns":4},{"damage":0,"enemies":"3 Cultists","floor":28,"turns":4},{"damage":0,"enemies":"Sentry and Sphere","floor":31,"turns":2},{"damage":18,"enemies":"hubris:MusketHawk","floor":33,"turns":3},{"damage":9,"enemies":"3 Darklings","floor":35,"turns":3},{"damage":0,"enemies":"Orb Walker","floor":38,"turns":1},{"damage":8,"enemies":"Giant Head","floor":41,"turns":6},{"damage":0,"enemies":"Jaw Worm Horde","floor":45,"turns":4},{"damage":0,"enemies":"Writhing Mass","floor":46,"turns":1},{"damage":0,"enemies":"R_Hoarder","floor":47,"turns":1},{"damage":28,"enemies":"4 Shapes","floor":48,"turns":5},{"damage":33,"enemies":"Replay:Hell Engine","floor":50,"turns":6},{"damage":0,"enemies":"Shield and Spear","floor":54,"turns":1},{"damage":96,"enemies":"The Heart","floor":55,"turns":5}],"seed_played":"-4026528707886898110","potions_obtained":[{"floor":1,"key":"Milkshake"},{"floor":2,"key":"Fruit Juice"},{"floor":6,"key":"Slimebound:ThreeZeroPotion"},{"floor":11,"key":"Fire Potion"},{"floor":33,"key":"hexamod:EctoCoolerPotion"}],"is_trial":false,"path_per_floor":["M","M","M","?","M","E","R","M","T","$","M","M","M","E","R","B",null,"M","M","M","?","M","R","E","M","T","$","M","R","$","M","R","B",null,"M","?","?","M","$","R","E","R","T","R","M","M","E","M","R","B",null,"R","$","E","B",null],"character_chosen":"RUNESMITH_CLASS","items_purchased":["Runesmith:Permafrost","hubris:Zylophone","Bromod:ArcaneVictory","TheAbacus","MerchantsRug","Runesmith:HammerTime","Runesmith:FieryHammer","Runesmith:BackupBattery","Runesmith:PoweredAnvil","Ancient Tea Set","Gremlin Horn","Runesmith:ArcReactor","Letter Opener","Guide Book","Runesmith:CreatorForm","Replay:Ringing Soul","Pear","Runesmith:RunicBlueprint","Bronze Scales","Snack Pack","hubris:Backtick","Runesmith:LithiumIon"],"campfire_rested":5,"item_purchase_floors":[10,10,10,10,10,10,10,27,27,27,27,30,30,30,39,39,39,39,53,53,53,53],"current_hp_per_floor":[70,75,75,75,75,61,61,61,61,61,65,66,69,48,70,53,75,52,40,35,35,26,48,37,22,22,22,36,58,58,59,75,58,75,69,69,69,70,83,83,79,91,91,91,91,91,94,72,72,54,97,97,100,103,22],"gold":390,"neow_bonus":"THREE_ENEMY_KILL","is_daily":false,"chose_seed":false,"campfire_upgraded":0,"win_rate":0.0,"timestamp":1610282447,"path_taken":["M","?","M","?","M","E","R","M","T","$","M","M","M","E","R","BOSS","M","M","M","?","M","R","E","?","T","$","M","R","$","M","R","BOSS","M","?","?","M","$","R","E","R","T","R","M","M","E","M","R","BOSS","R","$","E","BOSS"],"items_purchased_type":["Card","Relic","Relic","Relic","Relic","Card","Card","Card","Card","Relic","Relic","Card","Relic","Relic","Card","Relic","Relic","Card","Relic","Relic","Relic","Card"],"build_version":"2020-12-22","purchased_purges":0,"victory":true,"max_hp_per_floor":[70,75,75,75,75,75,75,75,75,75,75,75,75,75,75,75,75,75,75,75,75,75,75,75,75,75,75,75,75,75,75,75,75,75,75,75,75,75,88,88,91,91,91,91,91,91,94,97,97,97,97,97,100,103,103],"relic_stats":{"Gremlin Horn":[5,5],"Happy Flower":[9],"counters":[30,105],"Golden Idol":209,"Bag of Preparation":[6],"Letter Opener":[62],"MawBank":60,"Boot":[3],"TheAbacus":[18],"Shovel":4,"Bronze Scales":[72],"obtain_stats":[{"ReplayTheSpireMod:Ring of Exchange":36,"Gremlin Horn":27,"Bromod:ArcaneVictory":10,"Hammer of Thor":0,"Bag of Preparation":49,"EVO:Axolotl":0,"Bottled Tornado":44,"Ancient Tea Set":27,"Boot":41,"Replay:Ringing Soul":39,"Replay:Bandana":36,"TheAbacus":10,"Shovel":24,"hubris:Backtick":53,"Bromod:ArcaneTempo":6,"hubris:ScarierMask":17,"Iron Hammer":52,"MerchantsRug":10,"Runesmith:BrokenRuby":0,"Pear":39,"ReplayTheSpireMod:Ninjato":54,"NeowsBlessing":0,"Happy Flower":40,"Golden Idol":4,"Guide Book":30,"Quantum Egg":34,"Seething Fire":0,"Letter Opener":30,"Replay:Kaleidoscope":34,"Ring of Greed":36,"MawBank":34,"hubris:Zylophone":10,"Calling Bell":34,"Bottled Flame":53,"Anvil of the Gods":0,"Bronze Scales":53,"hubris:PeanutButter":43,"CultistMask":21,"Snack Pack":53,"Membership Card":36,"Meat on the Bone":26,"hubris:BottledRain":47},{"ReplayTheSpireMod:Ring of Exchange":21,"Gremlin Horn":17,"Bromod:ArcaneVictory":6,"Hammer of Thor":0,"Bag of Preparation":27,"EVO:Axolotl":0,"Bottled Tornado":23,"Ancient Tea Set":17,"Boot":23,"Replay:Ringing Soul":22,"Replay:Bandana":21,"TheAbacus":6,"Shovel":16,"hubris:Backtick":28,"Bromod:ArcaneTempo":5,"hubris:ScarierMask":11,"Iron Hammer":28,"MerchantsRug":6,"Runesmith:BrokenRuby":0,"Pear":22,"ReplayTheSpireMod:Ninjato":29,"NeowsBlessing":0,"Happy Flower":22,"Golden Idol":3,"Guide Book":18,"Quantum Egg":20,"Seething Fire":0,"Letter Opener":18,"Replay:Kaleidoscope":20,"Ring of Greed":21,"MawBank":20,"hubris:Zylophone":6,"Calling Bell":20,"Bottled Flame":28,"Anvil of the Gods":0,"Bronze Scales":28,"hubris:PeanutButter":23,"CultistMask":14,"Snack Pack":28,"Membership Card":21,"Meat on the Bone":17,"hubris:BottledRain":26},{"ReplayTheSpireMod:Ring of Exchange":75,"Gremlin Horn":63,"Bromod:ArcaneVictory":15,"Hammer of Thor":0,"Bag of Preparation":93,"EVO:Axolotl":0,"Bottled Tornado":82,"Ancient Tea Set":63,"Boot":82,"Replay:Ringing Soul":76,"Replay:Bandana":75,"TheAbacus":15,"Shovel":59,"hubris:Backtick":99,"Bromod:ArcaneTempo":12,"hubris:ScarierMask":33,"Iron Hammer":99,"MerchantsRug":15,"Runesmith:BrokenRuby":0,"Pear":76,"ReplayTheSpireMod:Ninjato":100,"NeowsBlessing":0,"Happy Flower":76,"Golden Idol":3,"Guide Book":67,"Quantum Egg":72,"Seething Fire":0,"Letter Opener":67,"Replay:Kaleidoscope":72,"Ring of Greed":75,"MawBank":72,"hubris:Zylophone":15,"Calling Bell":72,"Bottled Flame":99,"Anvil of the Gods":0,"Bronze Scales":99,"hubris:PeanutButter":82,"CultistMask":49,"Snack Pack":99,"Membership Card":75,"Meat on the Bone":63,"hubris:BottledRain":88}],"Meat on the Bone":36},"card_choices":[{"not_picked":["Runesmith:FieryHammer","Runesmith:ShiftingStrike"],"picked":"Runesmith:ChiselStab","floor":1},{"not_picked":["Runesmith:Overpower","Runesmith:RuneHurl"],"picked":"Runesmith:Repurpose","floor":2},{"not_picked":["Runesmith:DoubleUp","Runesmith:HeatExchange"],"picked":"Runesmith:EnergizedChisel","floor":3},{"not_picked":["Runesmith:Augment","Runesmith:ChiselStab"],"picked":"Runesmith:HammerAndChisel","floor":5},{"not_picked":["Runesmith:OneForEveryone","Runesmith:CraftIncendium"],"picked":"Runesmith:CraftSpiculum","floor":6},{"not_picked":["Runesmith:FrozenChisel","Runesmith:FieryHammer"],"picked":"Runesmith:CraftPrismatica","floor":8},{"not_picked":["Runesmith:HammerThrow","Runesmith:MakeshiftArmor"],"picked":"Runesmith:LithiumIon","floor":11},{"not_picked":["Runesmith:EnergizedChisel","Runesmith:ChaoticBlast"],"picked":"Runesmith:CraftIncendium","floor":12},{"not_picked":["Runesmith:StaticCage","Runesmith:RuneHurl"],"picked":"Runesmith:GoWithTheFlow","floor":13},{"not_picked":["Runesmith:StaticCage","Runesmith:Repurpose"],"picked":"Runesmith:Firewall","floor":14},{"not_picked":["Runesmith:DuctTape","Runesmith:Duplicate"],"picked":"Runesmith:ReplicatingBarrier","floor":16},{"not_picked":["Runesmith:Terraform","Runesmith:CraftObretio"],"picked":"Runesmith:Empowerment","floor":18},{"not_picked":["Runesmith:Repurpose","Runesmith:HammerThrow"],"picked":"Runesmith:BackupBattery","floor":19},{"not_picked":["Runesmith:Overpower+1","Runesmith:StaticCage"],"picked":"Runesmith:CraftVitae+1","floor":20},{"not_picked":["Runesmith:HeatExchange","Runesmith:CraftVitae+1"],"picked":"Runesmith:CraftMagma","floor":22},{"not_picked":["Runesmith:CraftPrismatica","Runesmith:StaticCage+1"],"picked":"Runesmith:BackupBattery","floor":24},{"not_picked":["Runesmith:StaticCage","Runesmith:MakeshiftArmor","Runesmith:RuneHurl"],"picked":"SKIP","floor":25},{"not_picked":["Runesmith:CraftReservo+1","Runesmith:HammerTime","Runesmith:WhiteBalance"],"picked":"SKIP","floor":28},{"not_picked":["Runesmith:UnstableHammer","Runesmith:CraftIncendium","Runesmith:RuneHurl"],"picked":"SKIP","floor":31},{"not_picked":["Runesmith:GenerateForcefield","Runesmith:ReplicatingBarrier"],"picked":"Runesmith:Duplicate","floor":33},{"not_picked":["Runesmith:FissionHammer","Runesmith:HammerThrow+1","Runesmith:CraftMagma"],"picked":"SKIP","floor":35},{"not_picked":["Runesmith:BackupBattery","Runesmith:ChiselStab+1"],"picked":"Runesmith:EarthShield","floor":38},{"not_picked":["Runesmith:GenerateForcefield","Runesmith:HammerTime+1"],"picked":"Runesmith:EarthShield","floor":41},{"not_picked":["Runesmith:Empowerment","Runesmith:CraftProtectio","Runesmith:RuneHurl+1"],"picked":"SKIP","floor":45},{"not_picked":["Runesmith:Grindstone+1","Runesmith:HeatExchange","Runesmith:BackupBattery"],"picked":"SKIP","floor":46},{"not_picked":["Runesmith:ReplicatingBarrier","Runesmith:NanitesCloud","Runesmith:CraftProtectio+1"],"picked":"SKIP","floor":47},{"not_picked":["Runesmith:HammerThrow+1","Runesmith:BackupBattery+1"],"picked":"Runesmith:HeatedChisel","floor":48},{"not_picked":["Runesmith:Reinforce+1","Runesmith:EarthShield+1"],"picked":"Runesmith:Terraform+1","floor":54}],"player_experience":241429,"relics_obtained":[{"floor":6,"key":"Bromod:ArcaneTempo"},{"floor":24,"key":"Shovel"},{"floor":26,"key":"Meat on the Bone"},{"floor":34,"key":"MawBank"},{"floor":34,"key":"Quantum Egg"},{"floor":34,"key":"Replay:Kaleidoscope"},{"floor":36,"key":"ReplayTheSpireMod:Ring of Exchange"},{"floor":36,"key":"Ring of Greed"},{"floor":36,"key":"Membership Card"},{"floor":36,"key":"Replay:Bandana"},{"floor":40,"key":"Happy Flower"},{"floor":41,"key":"Boot"},{"floor":43,"key":"hubris:PeanutButter"},{"floor":44,"key":"Bottled Tornado"},{"floor":47,"key":"hubris:BottledRain"},{"floor":49,"key":"Bag of Preparation"},{"floor":52,"key":"Iron Hammer"},{"floor":54,"key":"ReplayTheSpireMod:Ninjato"}],"event_choices":[{"damage_healed":0,"gold_gain":0,"player_choice":"Take Wound","damage_taken":0,"relics_obtained":["Golden Idol"],"max_hp_gain":0,"max_hp_loss":0,"event_name":"Golden Idol","floor":4,"gold_loss":0,"cards_obtained":["Injury"]},{"damage_healed":0,"gold_gain":0,"player_choice":"Trade","damage_taken":0,"relics_obtained":["CultistMask"],"max_hp_gain":0,"max_hp_loss":0,"event_name":"FaceTrader","floor":21,"gold_loss":0},{"damage_healed":0,"gold_gain":0,"player_choice":"Copied","damage_taken":0,"max_hp_gain":0,"max_hp_loss":0,"event_name":"Duplicator","floor":37,"gold_loss":0,"cards_obtained":["Runesmith:LithiumIon"]}],"is_beta":false,"boss_relics":[{"not_picked":["Snecko Eye","hubris:GrandSneckoEye"],"picked":"hubris:ScarierMask"},{"not_picked":["Replay:Ancient Bell","hubris:Stopwatch"],"picked":"Calling Bell"}],"items_purged_floors":[],"is_endless":false,"potions_floor_spawned":[1,2,6,11,12,19,20,24,25,31,33,35,41,47,54],"ascension_level":0}}