{"host":"87fdiiwflhrwsj8a","time":1610318132,"event":{"mods":["Aspiration","BaseMod","Better Match","Better Third Choice","BetterRewards","Colored Map","Conspire","GifTheSpireLib","Infinite Spire","Minty Spire (QoL Compilation)","Quick Restart","Relic Sorter","Replay The Spire","Robot Space Explorer","StSLib","Stuff the Spire","The Alterego","The Cursed","The Jungle"],"gold_per_floor":[283,117,134,134,134,146,146,161,161,161,281,320,440,515,186,186,259,259,270,140,140,154,168,268,268,408,408,528,540,559,679,679,679,758,758,777,792,462,562,562,562,670,670,670,794,832,881,881,938,938,1072,1183,1183,1198,1222,1297,1297,1319,1319,1319,908,932,964,964,1117,1117,1117,1117,1223,1223,1261,1211,1751,1764,1480,1480,1492,1492],"floor_reached":76,"playtime":4195,"items_purged":["Decay","Regret"],"score":3747,"play_id":"d51f8247-a89b-4a0c-a91f-0cf4b30ab8e6","local_time":"20210110173532","is_ascension_mode":true,"campfire_choices":[{"data":"RobotSpaceExplorer:StarDust","floor":6.0,"key":"SMITH"},{"data":"RobotSpaceExplorer:Fix","floor":6.0,"key":"SMITH"},{"data":"RobotSpaceExplorer:Fix","floor":8.0,"key":"SMITH"},{"data":"RobotSpaceExplorer:MiniLasers","floor":8.0,"key":"SMITH"},{"floor":15.0,"key":"REST"},{"data":"RobotSpaceExplorer:StarDust","floor":32.0,"key":"SMITH"},{"data":"RobotSpaceExplorer:Fix","floor":32.0,"key":"SMITH"},{"data":"Madness","floor":40.0,"key":"SMITH"},{"data":"Madness","floor":40.0,"key":"SMITH"},{"floor":49.0,"key":"DIG"},{"data":"infinitespire:UltimateForm","floor":58.0,"key":"SMITH"},{"data":"RobotSpaceExplorer:FranticSearch","floor":58.0,"key":"SMITH"},{"data":"RobotSpaceExplorer:ExhaustFan","floor":65.0,"key":"SMITH"},{"data":"RobotSpaceExplorer:LaserBurst","floor":65.0,"key":"SMITH"},{"data":"infinitespire:UltimateForm","floor":67.0,"key":"SMITH"},{"data":"RobotSpaceExplorer:Blaster","floor":67.0,"key":"SMITH"},{"floor":75,"key":"REST"}],"circlet_count":0,"master_deck":["AscendersBane","RobotSpaceExplorer:Strike+1","RobotSpaceExplorer:Strike+1","RobotSpaceExplorer:Strike+1","RobotSpaceExplorer:Strike+1","RobotSpaceExplorer:Defend+1","RobotSpaceExplorer:Defend+1","RobotSpaceExplorer:Defend+1","RobotSpaceExplorer:Defend+1","RobotSpaceExplorer:Scan","RobotSpaceExplorer:MiniLasers+1","RobotSpaceExplorer:FranticSearch","RobotSpaceExplorer:ShovelStrike","RobotSpaceExplorer:Fix+1","RobotSpaceExplorer:ScrapShield","RobotSpaceExplorer:MiniDrones","RobotSpaceExplorer:SurgingStrike","RobotSpaceExplorer:StarDust+1","RobotSpaceExplorer:Probe","RobotSpaceExplorer:Fix+1","ReplayUltimateDefense+1","Violence+1","Secret Weapon+1","RobotSpaceExplorer:MiniDrones","RobotSpaceExplorer:Probe","infinitespire:Execution+1","RobotSpaceExplorer:Fix+1","RobotSpaceExplorer:Blaster+1","RobotSpaceExplorer:StarDust+1","RobotSpaceExplorer:Counterblock+1","RobotSpaceExplorer:FranticSearch+1","RobotSpaceExplorer:JunkDive","RobotSpaceExplorer:MiniDrones","RobotSpaceExplorer:Counterblock+1","RobotSpaceExplorer:Fix+1","infinitespire:Collect+1","Madness+1","Madness+1","RobotSpaceExplorer:Accelerator","RobotSpaceExplorer:ScrapMissile","RobotSpaceExplorer:Probe","Sickly","RobotSpaceExplorer:FranticSearch+1","RobotSpaceExplorer:LaserBurst+1","infinitespire:UltimateForm+1","RobotSpaceExplorer:GlueShot+1","RobotSpaceExplorer:ShovelStrike+1","Replay:Fractal Strike","RobotSpaceExplorer:ExhaustFan+1","infinitespire:UltimateForm+1","JustLucky"],"relics":["RobotSpaceExplorer:RoboCore","Replay:Arrowhead","RobotSpaceExplorer:ClockworkSextant","StuffTheSpire:MayFlowers","Shuriken","StuffTheSpire:TintedRock","Bird Faced Urn","Torii","conspire:Flyswatter","Smiling Mask","Toy Ornithopter","StuffTheSpire:BottledEssence","Replay:Baseball","conspire:RunicOctahedron","Onion Ring","MutagenicStrength","RobotSpaceExplorer:BottledGravity","StuffTheSpire:Gunfinga","Juzu Bracelet","Ice Cream","RobotSpaceExplorer:Reprocessor","Frozen Eye","Vajra","Shovel","StrikeDummy","aspiration:FrozenJewel","Replay:WaspNest","Ginger","Replay:Bandana","infinitespire:PuzzleCube","Chemical X","Bronze Scales","Replay:Ancient Bell","Juzu Bracelet","Replay:Bottled Snecko","StuffTheSpire:DarkSteelAnvil","StoneCalendar","StuffTheSpire:RedRose","Omamori","aspiration:Nostalgia","Replay:M_StaffOfTheSnake","War Paint","Golden Idol","aspiration:DSix","conspire:RoyalGoblet","Bottled Flame"],"acts_visited":["Exordium","TheCity","TheBeyond","Exordium","TheCity"],"potions_floor_usage":[],"damage_taken":[{"damage":1.0,"enemies":"Small Slimes","floor":1.0,"turns":5.0},{"damage":0.0,"enemies":"Jaw Worm","floor":2.0,"turns":3.0},{"damage":0.0,"enemies":"Cultist","floor":5.0,"turns":2.0},{"damage":22.0,"enemies":"Exordium Thugs","floor":7.0,"turns":4.0},{"damage":17.0,"enemies":"Gremlin Nob","floor":10.0,"turns":4.0},{"damage":10.0,"enemies":"conspire:MimicChest","floor":11.0,"turns":7.0},{"damage":2.0,"enemies":"Nightmare","floor":12.0,"turns":6.0},{"damage":26.0,"enemies":"Slime Boss","floor":16.0,"turns":7.0},{"damage":24.0,"enemies":"Spheric Guardian","floor":18.0,"turns":5.0},{"damage":6.0,"enemies":"Chosen","floor":21.0,"turns":4.0},{"damage":7.0,"enemies":"Snake Plant","floor":22.0,"turns":5.0},{"damage":54.0,"enemies":"Gremlin Leader","floor":23.0,"turns":8.0},{"damage":7.0,"enemies":"Slavers","floor":25.0,"turns":3.0},{"damage":0.0,"enemies":"Gremlin Leader","floor":27.0,"turns":2.0},{"damage":0.0,"enemies":"Centurion and Healer","floor":28.0,"turns":1.0},{"damage":0.0,"enemies":"Cultist and Chosen","floor":29.0,"turns":2.0},{"damage":0.0,"enemies":"Book of Stabbing","floor":30.0,"turns":1.0},{"damage":17.0,"enemies":"Champ","floor":33.0,"turns":6.0},{"damage":0.0,"enemies":"Orb Walker","floor":35.0,"turns":1.0},{"damage":22.0,"enemies":"3 Shapes","floor":36.0,"turns":6.0},{"damage":29.0,"enemies":"infinitespire:Three Voidlings","floor":38.0,"turns":2.0},{"damage":9.0,"enemies":"Nightmare_Alpha","floor":38.0,"turns":9.0},{"damage":2.0,"enemies":"Nemesis","floor":41.0,"turns":3.0},{"damage":1.0,"enemies":"Reptomancer","floor":44.0,"turns":3.0},{"damage":0.0,"enemies":"Maw","floor":48.0,"turns":2.0},{"damage":18.0,"enemies":"infinitespire:MassOfShapes","floor":50.0,"turns":5.0},{"damage":43.0,"enemies":"Awakened One","floor":51.0,"turns":5.0},{"damage":3.0,"enemies":"conspire:RoseBush","floor":53.0,"turns":1.0},{"damage":0.0,"enemies":"2 Louse","floor":54.0,"turns":1.0},{"damage":0.0,"enemies":"Jaw Worm","floor":57.0,"turns":1.0},{"damage":0.0,"enemies":"Gremlin Gang","floor":62.0,"turns":1.0},{"damage":0.0,"enemies":"Lagavulin","floor":64.0,"turns":2.0},{"damage":37.0,"enemies":"Hexaghost","floor":68.0,"turns":3.0},{"damage":0,"enemies":"3 Byrds","floor":70,"turns":1},{"damage":0,"enemies":"Spheric Guardian","floor":73,"turns":1},{"damage":35,"enemies":"Nightmare_Alpha","floor":76,"turns":1}],"seed_played":"1680169934208441090","potions_obtained":[{"floor":2.0,"key":"Swift Potion"},{"floor":10.0,"key":"Weak Potion"},{"floor":16.0,"key":"DuplicationPotion"},{"floor":18.0,"key":"SkillPotion"},{"floor":23.0,"key":"ColorlessPotion"},{"floor":25.0,"key":"Elixir"},{"floor":38.0,"key":"Adrenaline Potion"},{"floor":45.0,"key":"Weak Potion"},{"floor":45.0,"key":"RobotSpaceExplorer:LiquidFusion"},{"floor":50.0,"key":"Elixir"},{"floor":54.0,"key":"BlessingOfTheForge"}],"is_trial":false,"path_per_floor":["M","M","?","?","M","R","M","R","T","E","?","NM","?","$","R","B",null,"M","$","?","M","M","E","?","E","T","E","M","M","E","?","R","B",null,"M","M","$","?","?","R","E","?","T","E","?","T","AVR","M","R","B","B",null,"M","M","?","AVR","M","R","?","$","T","M","?","E","R","?","R","B",null,"M","?","?","M","$","R","NM"],"character_chosen":"RobotSpaceExplorer","items_purchased":["Replay:Arrowhead","RobotSpaceExplorer:ClockworkSextant","Shuriken","StuffTheSpire:TintedRock","RobotSpaceExplorer:FranticSearch","RobotSpaceExplorer:ShovelStrike","Explosive Potion","StuffTheSpire:BottledEssence","Replay:Baseball","RobotSpaceExplorer:StarDust","RobotSpaceExplorer:Counterblock+1","Frozen Eye","Vajra","Omamori","aspiration:Nostalgia","RobotSpaceExplorer:GlueShot+1","Bottled Flame"],"campfire_rested":2,"item_purchase_floors":[0,0,0,0,0,0,0,14,14,19,19,37,37,60,60,60,74],"current_hp_per_floor":[42,21,25,25,25,25,25,15,15,15,12,16,31,20,20,41,44,64,59,59,59,65,70,40,40,44,44,44,44,44,44,44,44,58,68,68,71,71,71,58,58,71,71,71,71,48,48,48,48,48,56,55,67,64,64,53,53,55,55,55,55,55,55,55,65,65,49,49,32,61,63,63,6,8,8,29,0,0],"gold":1492,"neow_bonus":"","is_daily":false,"chose_seed":false,"campfire_upgraded":14,"win_rate":0.0,"timestamp":1610318132,"path_taken":["M","M","?","?","?","R","M","R","T","E","?","NM","?","$","R","BOSS","M","$","?","M","M","E","?","E","T","E","M","M","E","?","R","BOSS","M","M","$","?","?","R","E","?","T","E","?","?","AVR","M","R","BOSS","BOSS","M","M","?","AVR","M","R","?","?","T","M","?","E","R","?","R","BOSS","M","?","?","M","$","R","NM"],"items_purchased_type":["Relic","Relic","Relic","Relic","Card","Card","Potion","Relic","Relic","Card","Card","Relic","Relic","Relic","Relic","Card","Relic"],"build_version":"2020-12-22","purchased_purges":2,"victory":false,"max_hp_per_floor":[71,71,71,71,71,71,71,71,71,71,71,71,71,71,71,71,71,71,71,71,71,71,71,71,71,71,71,71,71,71,71,71,71,71,71,71,71,71,71,71,71,71,71,71,71,71,71,71,71,71,71,71,71,71,71,71,71,71,71,71,71,71,71,71,71,71,71,71,71,71,71,71,71,71,71,71,71,71],"card_choices":[{"not_picked":["RobotSpaceExplorer:SlimeMissile","RobotSpaceExplorer:FrostMissile"],"picked":"RobotSpaceExplorer:Fix","floor":1.0},{"not_picked":["RobotSpaceExplorer:ExhaustFan","RobotSpaceExplorer:GearShield"],"picked":"RobotSpaceExplorer:ScrapShield","floor":2.0},{"not_picked":["Midas Touch+1","Crow Ritual+1"],"picked":"ReplayUltimateDefense+1","floor":4.0},{"not_picked":["ReplayUltimateDefense+1","StuffTheSpire:Recharge+1"],"picked":"Violence+1","floor":4.0},{"not_picked":["ReplayTheSpireMod:Brewmster+1","ReplayUltimateDefense+1"],"picked":"Secret Weapon+1","floor":4.0},{"not_picked":["RobotSpaceExplorer:Smokescreen","RobotSpaceExplorer:SlimeMissile","RobotSpaceExplorer:Counterblock"],"picked":"SKIP","floor":5.0},{"not_picked":["RobotSpaceExplorer:FranticSearch","RobotSpaceExplorer:TurboDodge"],"picked":"RobotSpaceExplorer:MiniDrones","floor":7.0},{"not_picked":["RobotSpaceExplorer:SurgingShield","RobotSpaceExplorer:FrostMissile","RobotSpaceExplorer:MakeshiftVolley"],"picked":"SKIP","floor":10.0},{"not_picked":["RobotSpaceExplorer:DoubleFind","RobotSpaceExplorer:GlueShot"],"picked":"RobotSpaceExplorer:Probe","floor":11.0},{"not_picked":["infinitespire:SealOfDarkness+","ReplayTheSpireMod:Echoes of Time"],"picked":"infinitespire:Execution","floor":12.0},{"not_picked":["RobotSpaceExplorer:TurboDodge","RobotSpaceExplorer:ScrapMissile"],"picked":"RobotSpaceExplorer:Fix","floor":12.0},{"not_picked":["RobotSpaceExplorer:Explosion","RobotSpaceExplorer:HighVoltage"],"picked":"RobotSpaceExplorer:Blaster","floor":16.0},{"not_picked":["RobotSpaceExplorer:Counterblock","RobotSpaceExplorer:StunGrenade+1","RobotSpaceExplorer:MetalStrike+1"],"picked":"SKIP","floor":18.0},{"not_picked":["RobotSpaceExplorer:Electropulse","RobotSpaceExplorer:Reload","RobotSpaceExplorer:MakeshiftVolley"],"picked":"SKIP","floor":21.0},{"not_picked":["RobotSpaceExplorer:IronShell","RobotSpaceExplorer:SelfCleaning"],"picked":"RobotSpaceExplorer:FranticSearch","floor":22.0},{"not_picked":["RobotSpaceExplorer:Electropulse","RobotSpaceExplorer:PowerCollector"],"picked":"RobotSpaceExplorer:JunkDive","floor":23.0},{"not_picked":["RobotSpaceExplorer:SwiftStep","RobotSpaceExplorer:Counterblock"],"picked":"RobotSpaceExplorer:MiniDrones","floor":25.0},{"not_picked":["RobotSpaceExplorer:MetalStrike","RobotSpaceExplorer:SwiftStep","RobotSpaceExplorer:FrostMissile+1"],"picked":"SKIP","floor":27.0},{"not_picked":["RobotSpaceExplorer:Electropulse","RobotSpaceExplorer:DroneSwarm","RobotSpaceExplorer:SurgingShield"],"picked":"SKIP","floor":28.0},{"not_picked":["RobotSpaceExplorer:ShockKick","RobotSpaceExplorer:Discharger","RobotSpaceExplorer:RigExplosive"],"picked":"SKIP","floor":29.0},{"not_picked":["RobotSpaceExplorer:StunGrenade","RobotSpaceExplorer:ShockKick"],"picked":"RobotSpaceExplorer:Counterblock+1","floor":30.0},{"not_picked":["RobotSpaceExplorer:Asteroid","RobotSpaceExplorer:Arsenal"],"picked":"RobotSpaceExplorer:Exploration","floor":33.0},{"not_picked":["RobotSpaceExplorer:Discharger","RobotSpaceExplorer:GlueSpray+1","RobotSpaceExplorer:ShockKick"],"picked":"SKIP","floor":35.0},{"not_picked":["RobotSpaceExplorer:ImprovisedAttack","RobotSpaceExplorer:SurgingStrike+1"],"picked":"RobotSpaceExplorer:Fix","floor":36.0},{"not_picked":["ReplayTheSpireMod:Haul","ReplayTheSpireMod:Black Plague"],"picked":"infinitespire:Collect","floor":38.0},{"not_picked":["RobotSpaceExplorer:GlueSpray+1","RobotSpaceExplorer:Calculate"],"picked":"RobotSpaceExplorer:Accelerator","floor":41.0},{"not_picked":["RobotSpaceExplorer:Explosion","RobotSpaceExplorer:Reload+1","RobotSpaceExplorer:ShovelStrike"],"picked":"SKIP","floor":44.0},{"not_picked":["RobotSpaceExplorer:Calculate+1","RobotSpaceExplorer:PowerGlove"],"picked":"RobotSpaceExplorer:ScrapMissile","floor":45.0},{"not_picked":["RobotSpaceExplorer:MakeshiftVolley","RobotSpaceExplorer:FreezeRay+1"],"picked":"RobotSpaceExplorer:Probe","floor":48.0},{"not_picked":["Delirium","conspire:NecroticWound"],"picked":"Sickly","floor":52.0},{"not_picked":["Sickly","StuffTheSpire:GnomedCurse"],"picked":"StuffTheSpire:WarCurse","floor":52.0},{"not_picked":["Shame","infinitespire:Pacifist"],"picked":"Decay","floor":52.0},{"not_picked":["RobotSpaceExplorer:MiniDrones","RobotSpaceExplorer:Counterblock","RobotSpaceExplorer:FranticSearch"],"picked":"SKIP","floor":53.0},{"not_picked":["RobotSpaceExplorer:MiniDrones","RobotSpaceExplorer:Counterblock"],"picked":"RobotSpaceExplorer:FranticSearch","floor":53.0},{"not_picked":["RobotSpaceExplorer:TurboDodge","RobotSpaceExplorer:GearShield"],"picked":"RobotSpaceExplorer:LaserBurst","floor":54.0},{"not_picked":["RobotSpaceExplorer:Probe","RobotSpaceExplorer:Explosion","RobotSpaceExplorer:GlueShot"],"picked":"SKIP","floor":57.0},{"not_picked":["RobotSpaceExplorer:ScrapToss","EmptyMind"],"picked":"RobotSpaceExplorer:ShovelStrike","floor":62.0},{"not_picked":["ReplayTheSpireMod:Echoes of Time","infinitespire:Collect"],"picked":"Replay:Fractal Strike","floor":64.0},{"not_picked":["RobotSpaceExplorer:MetalStrike","RobotSpaceExplorer:Probe"],"picked":"RobotSpaceExplorer:ExhaustFan","floor":64.0},{"not_picked":["infinitespire:Starlight","ReplayTheSpireMod:Black Plague"],"picked":"infinitespire:UltimateForm","floor":66.0},{"not_picked":["Dagger Throw","ClearTheMind","Outmaneuver"],"picked":"SKIP","floor":70},{"not_picked":["Escape Plan","ThirdEye"],"picked":"JustLucky","floor":73}],"player_experience":2646015,"relics_obtained":[{"floor":9.0,"key":"Torii"},{"floor":10.0,"key":"conspire:Flyswatter"},{"floor":11.0,"key":"Smiling Mask"},{"floor":12.0,"key":"Toy Ornithopter"},{"floor":23.0,"key":"Onion Ring"},{"floor":25.0,"key":"RobotSpaceExplorer:BottledGravity"},{"floor":26.0,"key":"StuffTheSpire:Gunfinga"},{"floor":27.0,"key":"Juzu Bracelet"},{"floor":30.0,"key":"Ice Cream"},{"floor":38.0,"key":"Shovel"},{"floor":41.0,"key":"StrikeDummy"},{"floor":41.0,"key":"aspiration:FrozenJewel"},{"floor":43.0,"key":"Replay:WaspNest"},{"floor":44.0,"key":"Ginger"},{"floor":45.0,"key":"Replay:Bandana"},{"floor":46.0,"key":"infinitespire:PuzzleCube"},{"floor":49.0,"key":"Bronze Scales"},{"floor":61.0,"key":"War Paint"},{"floor":64.0,"key":"aspiration:DSix"}],"event_choices":[{"damage_healed":0.0,"max_hp_gain":0.0,"max_hp_loss":0.0,"gold_gain":0.0,"event_name":"betterMatch:BetterMatch","player_choice":"3","floor":4.0,"gold_loss":0.0,"damage_taken":0.0,"cards_obtained":["betterMatch:ColorlessRareCard"]},{"damage_healed":0.0,"max_hp_gain":0.0,"max_hp_loss":0.0,"gold_gain":75.0,"event_name":"betterThird:BetterGoop","player_choice":"Gold","floor":13.0,"gold_loss":0.0,"damage_taken":11.0},{"damage_healed":0.0,"max_hp_gain":0.0,"max_hp_loss":8.0,"gold_gain":0.0,"event_name":"betterThird:BetterWriting","player_choice":"Simplicity","floor":20.0,"gold_loss":0.0,"damage_taken":0.0},{"damage_healed":0.0,"max_hp_gain":0.0,"max_hp_loss":0.0,"gold_gain":0.0,"event_name":"Drug Dealer","player_choice":"Inject Mutagens","floor":24.0,"gold_loss":0.0,"damage_taken":0.0,"relics_obtained":["MutagenicStrength"]},{"damage_healed":0.0,"max_hp_gain":0.0,"max_hp_loss":0.0,"gold_gain":0.0,"event_name":"Accursed Blacksmith","player_choice":"Forge","floor":31.0,"gold_loss":0.0,"damage_taken":0.0,"cards_upgraded":["infinitespire:Execution"]},{"damage_healed":0.0,"max_hp_gain":0.0,"max_hp_loss":0.0,"gold_gain":0.0,"event_name":"Accursed Blacksmith","player_choice":"Forge","floor":38.0,"gold_loss":0.0,"damage_taken":0.0,"cards_upgraded":["infinitespire:Collect"]},{"damage_healed":0.0,"max_hp_gain":0.0,"max_hp_loss":0.0,"gold_gain":0.0,"event_name":"Winding Halls","player_choice":"Embrace Madness","floor":39.0,"gold_loss":0.0,"damage_taken":13.0,"cards_obtained":["Madness","Madness"]},{"damage_healed":0.0,"max_hp_gain":0.0,"max_hp_loss":0.0,"gold_gain":75.0,"event_name":"betterThird:BetterGoop","player_choice":"Gold","floor":55.0,"gold_loss":0.0,"damage_taken":11.0},{"damage_healed":0.0,"max_hp_gain":0.0,"max_hp_loss":0.0,"gold_gain":0.0,"event_name":"Golden Idol","player_choice":"Take Wound","floor":63.0,"gold_loss":0.0,"damage_taken":0.0,"relics_obtained":["Golden Idol"],"cards_obtained":["Injury"]},{"damage_healed":0,"gold_gain":0,"player_choice":"Upgrade","damage_taken":0,"max_hp_gain":0,"max_hp_loss":0,"event_name":"Designer","floor":71,"gold_loss":50,"cards_upgraded":["RobotSpaceExplorer:ShovelStrike"]},{"damage_healed":0,"gold_gain":540,"player_choice":"GOLD GOLD GOLD GOLD GOLD GOLD ","damage_taken":57,"max_hp_gain":0,"max_hp_loss":0,"event_name":"Knowing Skull","floor":72,"potions_obtained":[],"gold_loss":0,"cards_obtained":[]}],"is_beta":false,"boss_relics":[{"not_picked":["aspiration:SilentSkillbook","aspiration:IroncladSkillbook"],"picked":"conspire:RunicOctahedron"},{"not_picked":["Kintsugi","Painkiller Herb"],"picked":"RobotSpaceExplorer:Reprocessor"},{"not_picked":["Astrolabe","Empty Cage"],"picked":"Replay:Ancient Bell"},{"not_picked":["War Paint","Bag of Marbles"],"picked":"Juzu Bracelet"},{"not_picked":["HornCleat","Question Card"],"picked":"Replay:Bottled Snecko"},{"not_picked":["infinitespire:Magic Flask","conspire:Boomerang"],"picked":"StuffTheSpire:DarkSteelAnvil"},{"not_picked":["StuffTheSpire:ModemDavis","aspiration:FutureDiary"],"picked":"conspire:RoyalGoblet"}],"items_purged_floors":[56,60],"is_endless":true,"potions_floor_spawned":[2,5,7,10,16,18,23,25,28,29,33,35,38,41,50,54,57,62,64],"killed_by":"Nightmare_Alpha","ascension_level":20}}