{"host":"k67zwea37tbl4jhz","time":1610242861,"event":{"mods":["AchievementEnabler","Act Like it!","Aspiration","Bard","BaseMod","Beaked The Cultist","Better Altar","Better Match","Better Note","Better Sensory Stone","Better Skull","Better Third Choice","BetterRewards","CCEM","Clawfect","Colored Map","Conspire","Downfall","GifTheSpireLib","Googly Eyes","Halation","Hermit","Highlight Path","Hubris","Hunter ??","Jedi Mod","Jorbs\u0027s Wanderer Trilogy","Mad Scientist","Marisa????????","Mimic Mod","Minty Spire (QoL Compilation)","Permanent Neow","Replay The Spire","Shade Mod","Shop Mod","Spicy Shops","StSLib","Stuff the Spire","The Administrix","The Blackbeard","The Construct","The Cursed","The Disciple","The Gatherer","The Hierophant","The IronCluck","The Jungle","The Mystic","The Necromancer","The Problem Sleuth","The Runesmith","The Servant 0.9.4","The Spell Scribe","The Witch","Unceasing Turn Reminder","everything is the same but u backflip on backflip","slay the spire mod where everything is the same but ironclad has a cowboy hat"],"gold_per_floor":[99,117,129,139,153,153,153,153,185,185,198,215,65,76,91,91,91,91],"floor_reached":16,"playtime":851,"items_purged":[],"score":106,"play_id":"2aa87e24-b4eb-4857-91c5-44403f4a45db","local_time":"20210109204101","is_ascension_mode":false,"campfire_choices":[{"floor":1,"key":"RECALL"},{"data":"Slimebound:RollThrough","floor":13,"key":"SMITH"}],"circlet_count":0,"master_deck":["Slimebound:Strike_Slimebound","Slimebound:Strike_Slimebound","Slimebound:Tackle","Slimebound:Defend_Slimebound","Slimebound:Defend_Slimebound","Slimebound:Defend_Slimebound","Slimebound:Defend_Slimebound","Slimebound:Split+1","Slimebound:CorrosiveSpit","Slimebound:FinishingTackle","Slimebound:Chomp","Slimebound:SplitLeeching","Slimebound:ComboTackle","Slimebound:RollThrough+1","Slimebound:LeadByExample"],"relics":["Slimebound:AbsorbEndCombat","Thread and Needle","Slimebound:AggressiveSlimeRelic","StuffTheSpire:OldFever","downfall:HeartBlessingRed","downfall:HeartBlessingBlue"],"acts_visited":["Exordium"],"potions_floor_usage":[],"damage_taken":[{"damage":4,"enemies":"Cultist","floor":2,"turns":3},{"damage":6,"enemies":"Jaw Worm","floor":3,"turns":3},{"damage":5,"enemies":"2 Louse","floor":4,"turns":3},{"damage":4,"enemies":"2 Fungi Beasts","floor":5,"turns":4},{"damage":18,"enemies":"Gremlin Nob","floor":9,"turns":4},{"damage":16,"enemies":"Gremlin Gang","floor":11,"turns":4},{"damage":23,"enemies":"Blue Slaver","floor":12,"turns":2},{"damage":8,"enemies":"Lots of Slimes","floor":14,"turns":2},{"damage":13,"enemies":"Blue Slaver","floor":15,"turns":3},{"damage":75,"enemies":"downfall:Defect","floor":16,"turns":6}],"seed_played":"2172919346361983242","potions_obtained":[{"floor":3,"key":"champ:CounterPotion"},{"floor":5,"key":"EssenceOfSteel"},{"floor":9,"key":"Elixir"},{"floor":14,"key":"Ancient Potion"}],"is_trial":false,"path_per_floor":["R","M","M","M","M","?","T","?","E","?","M","M","R","M","M","B"],"character_chosen":"SLIMEBOUND","items_purchased":[],"campfire_rested":0,"item_purchase_floors":[],"current_hp_per_floor":[54,54,54,54,54,36,36,36,42,42,50,51,61,64,64,0,0,0],"gold":91,"neow_bonus":"ONE_RARE_RELIC","is_daily":false,"chose_seed":false,"campfire_upgraded":1,"win_rate":0.0,"timestamp":1610242861,"path_taken":["R","M","M","M","?","?","T","?","E","?","M","?","R","M","M","BOSS"],"items_purchased_type":[],"build_version":"2020-12-22","purchased_purges":0,"victory":false,"max_hp_per_floor":[54,54,54,54,54,54,54,54,54,54,54,54,64,64,64,64,64,64],"card_choices":[{"not_picked":["Slimebound:DisruptingSlam","Slimebound:PressTheAttack"],"picked":"Slimebound:FinishingTackle","floor":2},{"not_picked":["Slimebound:Repurpose","Slimebound:SplitAcid","Slimebound:Dissolve"],"picked":"SKIP","floor":3},{"not_picked":["Slimebound:PressTheAttack","Slimebound:ServeAndProtect"],"picked":"Slimebound:Chomp","floor":4},{"not_picked":["Slimebound:WasteNot","Slimebound:LeechEnergy","Slimebound:DivideAndConquer"],"picked":"SKIP","floor":5},{"not_picked":["Slimebound:TongueLash","Slimebound:GoopSpray"],"picked":"Slimebound:SplitLeeching","floor":9},{"not_picked":["Slimebound:SlimeSpikes","Slimebound:ProtectTheBoss"],"picked":"Slimebound:ComboTackle","floor":11},{"not_picked":["Slimebound:PressTheAttack","Slimebound:SplitMire"],"picked":"Slimebound:RollThrough","floor":12},{"not_picked":["Slimebound:LevelUp","Slimebound:AcidTongue"],"picked":"Slimebound:LeadByExample","floor":14},{"not_picked":["Slimebound:ServeAndProtect","Slimebound:RejuvenatingLick","Slimebound:LeechLife"],"picked":"SKIP","floor":15}],"player_experience":159154,"relics_obtained":[{"floor":9,"key":"StuffTheSpire:OldFever"}],"event_choices":[{"damage_healed":0,"gold_gain":0,"player_choice":"Success","damage_taken":18,"relics_obtained":["Slimebound:AggressiveSlimeRelic"],"max_hp_gain":0,"max_hp_loss":0,"event_name":"Scrap Ooze","floor":6,"gold_loss":0},{"cards_removed":["Slimebound:Strike_Slimebound"],"damage_healed":0,"gold_gain":0,"player_choice":"Card Removal","damage_taken":0,"max_hp_gain":0,"max_hp_loss":0,"event_name":"The Cleric","floor":8,"gold_loss":0},{"damage_healed":0,"gold_gain":0,"player_choice":"Upgraded","damage_taken":0,"max_hp_gain":0,"max_hp_loss":0,"event_name":"Upgrade Shrine","floor":10,"gold_loss":0,"cards_upgraded":["Slimebound:Split"]}],"is_beta":false,"boss_relics":[],"items_purged_floors":[],"is_endless":false,"potions_floor_spawned":[3,5,9,14,15],"killed_by":"downfall:Defect","ascension_level":0}}