{"host":"tnsigirk6wurdark","time":1610270209,"event":{"mods":["BaseMod","Colored Map","Colored Powertips","DeckTracker","Highlight Path","Minty Spire (QoL Compilation)","Quick Restart","Relic Sorter","StSLib","SuperFastMode","Synergy Search"],"gold_per_floor":[113,42,61,61,78,111,111,146,146,146,166,201,201,215,215,288,288,299,26,41,41,2,2,2],"floor_reached":23,"playtime":968,"items_purged":["Strike_G"],"score":440,"play_id":"59eddffd-11b5-4a91-9605-913bfd8c1086","local_time":"20210110091649","is_ascension_mode":true,"campfire_choices":[{"data":"Terror","floor":7,"key":"SMITH"},{"data":"Deadly Poison","floor":10,"key":"SMITH"},{"data":"Cloak And Dagger","floor":13,"key":"SMITH"},{"floor":15,"key":"REST"}],"circlet_count":0,"master_deck":["AscendersBane","Strike_G","Strike_G","Strike_G","Strike_G","Defend_G","Defend_G","Defend_G","Defend_G","Defend_G","Survivor","Neutralize","Terror+1","Leg Sweep","Deadly Poison+1","Quick Slash","After Image","Backflip","Cloak And Dagger+1","Deadly Poison","Phantasmal Killer","Calculated Gamble+1","Sucker Punch"],"relics":["Ring of the Snake","The Courier","Juzu Bracelet","Shuriken","Sundial","Black Star","Happy Flower"],"acts_visited":["Exordium","TheCity"],"potions_floor_usage":[6,6,8,16,16,20,20,23],"damage_taken":[{"damage":0,"enemies":"Cultist","floor":1,"turns":4},{"damage":1,"enemies":"Small Slimes","floor":3,"turns":5},{"damage":0,"enemies":"Jaw Worm","floor":5,"turns":4},{"damage":2,"enemies":"Gremlin Nob","floor":6,"turns":3},{"damage":11,"enemies":"Lagavulin","floor":8,"turns":10},{"damage":12,"enemies":"3 Louse","floor":11,"turns":7},{"damage":33,"enemies":"Gremlin Nob","floor":12,"turns":4},{"damage":2,"enemies":"2 Fungi Beasts","floor":14,"turns":4},{"damage":0,"enemies":"Hexaghost","floor":16,"turns":8},{"damage":29,"enemies":"Spheric Guardian","floor":18,"turns":6},{"damage":27,"enemies":"3 Byrds","floor":20,"turns":7},{"damage":29,"enemies":"Slavers","floor":23,"turns":4}],"seed_played":"6247661636750632176","potions_obtained":[{"floor":1,"key":"SteroidPotion"},{"floor":3,"key":"LiquidMemories"},{"floor":6,"key":"DuplicationPotion"},{"floor":12,"key":"SpeedPotion"},{"floor":14,"key":"LiquidMemories"}],"is_trial":false,"path_per_floor":["M","$","M","?","M","E","R","E","T","R","M","E","R","M","R","B",null,"M","$","M","?","$","E"],"character_chosen":"THE_SILENT","items_purchased":["Leg Sweep","Happy Flower","Regen Potion","PowerPotion","Energy Potion"],"campfire_rested":1,"item_purchase_floors":[2,19,19,19,22],"current_hp_per_floor":[65,65,64,69,69,67,67,56,56,56,44,11,11,9,32,32,66,37,37,25,25,25,0,0],"gold":2,"neow_bonus":"TEN_PERCENT_HP_BONUS","is_daily":false,"chose_seed":false,"campfire_upgraded":3,"win_rate":0.0,"timestamp":1610270209,"path_taken":["M","$","?","?","M","E","R","E","T","R","M","E","R","M","R","BOSS","M","$","M","?","$","E"],"items_purchased_type":["Card","Relic","Potion","Potion","Potion"],"build_version":"2020-12-22","purchased_purges":1,"victory":false,"max_hp_per_floor":[72,72,72,77,77,77,77,77,77,77,77,77,77,77,77,77,77,77,77,77,77,77,77,77],"card_choices":[{"not_picked":["Reflex","Acrobatics"],"picked":"Terror","floor":1},{"not_picked":["Dagger Spray","Acrobatics"],"picked":"Deadly Poison","floor":3},{"not_picked":["Dodge and Roll","Infinite Blades"],"picked":"Quick Slash","floor":5},{"not_picked":["All Out Attack","Riddle With Holes"],"picked":"After Image","floor":6},{"not_picked":["Poisoned Stab","Quick Slash"],"picked":"Backflip","floor":8},{"not_picked":["Dagger Throw","Reflex"],"picked":"Cloak And Dagger","floor":11},{"not_picked":["Footwork","Slice"],"picked":"Deadly Poison","floor":12},{"not_picked":["PiercingWail","Dodge and Roll","Acrobatics"],"picked":"SKIP","floor":14},{"not_picked":["Doppelganger","Burst"],"picked":"Phantasmal Killer","floor":16},{"not_picked":["Deflect","Deadly Poison"],"picked":"Calculated Gamble+1","floor":18},{"not_picked":["Reflex","Heel Hook"],"picked":"Sucker Punch","floor":20}],"player_experience":656194,"relics_obtained":[{"floor":6,"key":"The Courier"},{"floor":8,"key":"Juzu Bracelet"},{"floor":9,"key":"Shuriken"},{"floor":12,"key":"Sundial"}],"event_choices":[{"damage_healed":0,"gold_gain":0,"player_choice":"Donut","damage_taken":0,"max_hp_gain":5,"max_hp_loss":0,"event_name":"Big Fish","floor":4,"gold_loss":0},{"damage_healed":0,"gold_gain":0,"player_choice":"Ignored","damage_taken":0,"max_hp_gain":0,"max_hp_loss":0,"event_name":"Vampires","floor":21,"gold_loss":0}],"is_beta":false,"boss_relics":[{"not_picked":["Fusion Hammer","Runic Pyramid"],"picked":"Black Star"}],"items_purged_floors":[19],"is_endless":false,"potions_floor_spawned":[1,3,6,12,14],"killed_by":"Slavers","ascension_level":14}}