{"host":"o5jvvi5yapo90aia","time":1610250112,"event":{"mods":["BaseMod","CapriCore","Minty Spire (QoL Compilation)","MostiFishMod","Prisma Mod","Spicy Shops","StSLib","TestMod","The Immortal","Yakumo Yukari mod","【人物mod】游戏王New YuGiOh mod","【功能Mod】Neow奖励"],"gold_per_floor":[127,52,52,72,88,125,125,162,162,211,211,247,264,291,291,416,416,440,440,365,387,387,424,440,456,480,593,620,659,682,730,730,817,817,846,354,385,785,807,854,911,940,940,970,970,1014,1048,1048,1048,1065,1091,1091,1091,93,136,153],"floor_reached":57,"playtime":2767,"items_purged":["Defend_R","Defend_R"],"score":3758,"play_id":"cab5f364-fdf4-4a4c-b409-c7f8d7ec8553","local_time":"20210110114152","is_ascension_mode":true,"campfire_choices":[{"data":"Bash","floor":7.0,"key":"PURGE"},{"data":"Dark Embrace","floor":15.0,"key":"SMITH"},{"data":"Defend_R","floor":32.0,"key":"PURGE"},{"floor":49,"key":"RECALL"},{"data":"Strike_R","floor":53,"key":"PURGE"}],"circlet_count":0,"master_deck":["AscendersBane","Strike_R","Strike_R","Shockwave+1","Burning Pact","Entrench+1","MostiFishMod:RainCloud","Dark Embrace+1","MostiFishMod:404NotFound","MostiFishMod:RacingGame+1","Impervious+1","testmod-Dream+1","MostiFishMod:PerfectForm","testmod-Wormhole+1"],"relics":["testmod-TestBox","testmod-HarvestTotem","SynthV","testmod-TheFather","SynthV:TestCard","War Paint","Ornamental Fan","Toxic Egg 2","Regal Pillow","PatriotShield","Mummified Hand","testmod-Alchemist","Dream Catcher","testmod-RealStoneCalender","Darkstone Periapt","Juzu Bracelet","Nunchaku","RhineSuit","Ice Cream","Sundial","testmod-ObsoleteBoomerang","CaptainsWheel","DaCapo","testmod-Nyarlathotep","Centennial Puzzle","testmod-IndustrialRevolution","Chemical X","Calipers"],"acts_visited":["Exordium","TheCity","TheBeyond","TheEnding"],"potions_floor_usage":[54,56,56],"damage_taken":[{"damage":0.0,"enemies":"2 Louse","floor":1.0,"turns":3.0},{"damage":7.0,"enemies":"Jaw Worm","floor":4.0,"turns":4.0},{"damage":4.0,"enemies":"Cultist","floor":5.0,"turns":3.0},{"damage":38.0,"enemies":"Lagavulin","floor":6.0,"turns":11.0},{"damage":54.0,"enemies":"Gremlin Nob","floor":8.0,"turns":5.0},{"damage":29.0,"enemies":"3 Sentries","floor":10.0,"turns":7.0},{"damage":2.0,"enemies":"Lagavulin","floor":12.0,"turns":4.0},{"damage":4.0,"enemies":"Exordium Wildlife","floor":13.0,"turns":3.0},{"damage":0.0,"enemies":"2 Fungi Beasts","floor":14.0,"turns":3.0},{"damage":54.0,"enemies":"Slime Boss","floor":16.0,"turns":18.0},{"damage":0.0,"enemies":"Spheric Guardian","floor":18.0,"turns":2.0},{"damage":0.0,"enemies":"3 Byrds","floor":21.0,"turns":2.0},{"damage":0.0,"enemies":"Slavers","floor":23.0,"turns":2.0},{"damage":0.0,"enemies":"Shelled Parasite and Fungi","floor":24.0,"turns":2.0},{"damage":0.0,"enemies":"Sentry and Sphere","floor":25.0,"turns":2.0},{"damage":0.0,"enemies":"Colosseum Slavers","floor":27.0,"turns":1.0},{"damage":0.0,"enemies":"Colosseum Nobs","floor":27.0,"turns":1.0},{"damage":0.0,"enemies":"Centurion and Healer","floor":28.0,"turns":1.0},{"damage":0.0,"enemies":"Book of Stabbing","floor":29.0,"turns":1.0},{"damage":0.0,"enemies":"Snake Plant","floor":30.0,"turns":2.0},{"damage":0.0,"enemies":"Slavers","floor":31.0,"turns":1.0},{"damage":0.0,"enemies":"Collector","floor":33.0,"turns":3.0},{"damage":0.0,"enemies":"3 Darklings","floor":35.0,"turns":1.0},{"damage":0,"enemies":"Orb Walker","floor":37,"turns":2},{"damage":0,"enemies":"Writhing Mass","floor":39,"turns":2},{"damage":0,"enemies":"Reptomancer","floor":40,"turns":2},{"damage":0,"enemies":"2 Orb Walkers","floor":41,"turns":1},{"damage":0,"enemies":"4 Shapes","floor":42,"turns":1},{"damage":0,"enemies":"Jaw Worm Horde","floor":44,"turns":1},{"damage":0,"enemies":"Nemesis","floor":46,"turns":2},{"damage":0,"enemies":"3 Darklings","floor":47,"turns":1},{"damage":0,"enemies":"Time Eater","floor":50,"turns":3},{"damage":0,"enemies":"Awakened One","floor":51,"turns":3},{"damage":0,"enemies":"Shield and Spear","floor":55,"turns":1},{"damage":0,"enemies":"The Heart","floor":56,"turns":8}],"seed_played":"-1812107348849512495","potions_obtained":[{"floor":6.0,"key":"ColorlessPotion"},{"floor":12.0,"key":"Strength Potion"},{"floor":16.0,"key":"FearPotion"},{"floor":23.0,"key":"SteroidPotion"},{"floor":24.0,"key":"testmod-TimePotion"},{"floor":25.0,"key":"LiquidMemories"},{"floor":28.0,"key":"Fruit Juice"}],"is_trial":false,"path_per_floor":["M","?","?","M","M","E","R","E","T","E","?","E","M","M","R","B",null,"M","?","?","M","?","E","M","M","T","?","M","E","M","E","R","B",null,"M","$","M","?","M","E","?","M","T","M","?","E","M","?","R","B","B",null,"R","$","E","B",null],"character_chosen":"IRONCLAD","items_purchased":["Ice Cream","testmod-Nyarlathotep","testmod-TestPotion","testmod-TestPotion","Centennial Puzzle","testmod-IndustrialRevolution","Chemical X"],"campfire_rested":0,"item_purchase_floors":[36,54,54,54,54,54,54],"current_hp_per_floor":[147,147,147,143,143,109,109,55,55,30,30,28,58,62,62,28,150,150,150,150,150,107,111,115,119,119,127,131,155,179,180,180,190,190,190,190,200,200,210,220,230,230,230,240,230,234,250,250,250,250,250,250,250,260,260,260],"gold":153,"neow_bonus":"BOSS_RELIC","is_daily":false,"chose_seed":false,"campfire_upgraded":1,"win_rate":0.0,"timestamp":1610250112,"path_taken":["M","?","?","?","M","E","R","E","T","E","?","E","M","M","R","BOSS","M","?","?","M","?","E","M","M","T","?","M","E","M","E","R","BOSS","M","$","M","?","M","E","?","M","T","M","?","E","M","?","R","BOSS","BOSS","R","$","E","BOSS"],"items_purchased_type":["Relic","Relic","Potion","Potion","Relic","Relic","Relic"],"build_version":"2020-12-22","purchased_purges":2,"victory":true,"max_hp_per_floor":[150,150,150,150,150,150,150,150,150,150,150,150,150,150,150,150,150,150,150,150,150,160,160,160,160,160,160,160,170,180,180,180,190,190,190,190,200,200,210,220,230,230,230,240,240,240,250,250,250,250,250,250,250,260,260,260],"card_choices":[{"not_picked":["Rage","Combust","Pommel Strike"],"picked":"SKIP","floor":1.0},{"not_picked":["Body Slam","Uppercut","Headbutt","Anger","Sever Soul"],"picked":"SKIP","floor":4.0},{"not_picked":["Body Slam","Wild Strike","Perfected Strike","Havoc","Carnage"],"picked":"SKIP","floor":5.0},{"not_picked":["Flex","Sentinel","Ghostly Armor","Spot Weakness"],"picked":"Shockwave","floor":6.0},{"not_picked":["Perfected Strike","Havoc","Iron Wave","Rupture"],"picked":"Burning Pact","floor":8.0},{"not_picked":["Havoc+1","Disarm+1","Flex+1","Shrug It Off+1"],"picked":"Entrench+1","floor":10.0},{"not_picked":["Burning Pact+1","True Grit+1","Thunderclap","Infernal Blade+1"],"picked":"MostiFishMod:RainCloud","floor":12.0},{"not_picked":["Wild Strike","Body Slam","Shrug It Off+1","Twin Strike","Berserk"],"picked":"SKIP","floor":13.0},{"not_picked":["Wild Strike","Seeing Red+1","Anger","Clash"],"picked":"Dark Embrace","floor":14.0},{"not_picked":["Barricade","MostiFishMod:UltimateDefense+1","MostiFishMod:PerfectStrikeMKII","MostiFishMod:FlyOverUtopia+1"],"picked":"MostiFishMod:404NotFound","floor":16.0},{"not_picked":["Twin Strike","Uppercut","Cleave","Sword Boomerang","Dropkick+1"],"picked":"SKIP","floor":18.0},{"not_picked":["Dual Wield+1","Warcry+1","Power Through+1","Wild Strike+1","Flame Barrier+1"],"picked":"SKIP","floor":21.0},{"not_picked":["Infernal Blade+1","Spot Weakness+1","Heavy Blade","Dropkick","Evolve"],"picked":"SKIP","floor":23.0},{"not_picked":["Flame Barrier+1","Rage+1","MostiFishMod:#F4004+1","Armaments+1","Inflame"],"picked":"SKIP","floor":24.0},{"not_picked":["Sever Soul","Armaments+1","Warcry+1","Clothesline"],"picked":"MostiFishMod:RacingGame+1","floor":25.0},{"not_picked":["Armaments+1","Wild Strike","Clash","Feel No Pain","Anger"],"picked":"SKIP","floor":28.0},{"not_picked":["Entrench+1","Second Wind+1","Sever Soul","Sword Boomerang","MostiFishMod:UltimateDefense+1"],"picked":"SKIP","floor":29.0},{"not_picked":["Body Slam","Thunderclap","Warcry+1","Iron Wave","Hemokinesis"],"picked":"SKIP","floor":30.0},{"not_picked":["Rupture","Carnage","Dropkick","MostiFishMod:RacingGame+1","Cleave"],"picked":"SKIP","floor":31.0},{"not_picked":["MostiFishMod:DarkDeal+1","Demon Form","MostiFishMod:OrdinaryWorld","MostiFishMod:FireWorks+1"],"picked":"Impervious+1","floor":33.0},{"not_picked":["Sword Boomerang","Anger","Clothesline+1","Bloodletting+1","Clash"],"picked":"SKIP","floor":35.0},{"not_picked":["Reckless Charge","Intimidate+1","Carnage","Metallicize","Battle Trance+1"],"picked":"SKIP","floor":37},{"not_picked":["Pommel Strike","Heavy Blade","Spot Weakness+1","Wild Strike","Demon Form"],"picked":"SKIP","floor":39},{"not_picked":["Dark Embrace","Headbutt+1","True Grit+1","Combust+1","Pommel Strike"],"picked":"SKIP","floor":40},{"not_picked":["Flame Barrier+1","Rampage","Twin Strike","Thunderclap","Entrench+1"],"picked":"SKIP","floor":42},{"not_picked":["Shrug It Off+1","Armaments+1","Flame Barrier+1","Shockwave+1","MostiFishMod:HellRitual+1"],"picked":"SKIP","floor":44},{"not_picked":["Finesse+1","testmod-Mystery","testmod-LifeRuler+1","testmod-TreasureHunter"],"picked":"testmod-Dream+1","floor":45},{"not_picked":["Bandage Up+1","testmod-HeadAttack+1","testmod-PulseDistributor","testmod-BackupPower+1"],"picked":"MostiFishMod:PerfectForm","floor":45},{"not_picked":["testmod-Recap","Enlightenment+1","testmod-DisillusionmentEcho","MostiFishMod:SupremeArchaeology+1"],"picked":"testmod-Wormhole+1","floor":45},{"not_picked":["MostiFishMod:RainCloud","Shockwave+1","True Grit+1","MostiFishMod:KnuckleDown+1","Clash"],"picked":"SKIP","floor":46},{"not_picked":["Metallicize","Sword Boomerang+1","Hemokinesis+1","Thunderclap","True Grit+1"],"picked":"SKIP","floor":47},{"not_picked":["Flex+1","Infernal Blade+1","MostiFishMod:DarkDeal+1","MostiFishMod:BrandingRite+1","Rupture"],"picked":"SKIP","floor":55}],"player_experience":1406822,"relics_obtained":[{"floor":1.0,"key":"SynthV:TestCard"},{"floor":6.0,"key":"War Paint"},{"floor":8.0,"key":"Ornamental Fan"},{"floor":10.0,"key":"Toxic Egg 2"},{"floor":12.0,"key":"Regal Pillow"},{"floor":23.0,"key":"testmod-Alchemist"},{"floor":26.0,"key":"Dream Catcher"},{"floor":27.0,"key":"testmod-RealStoneCalender"},{"floor":27.0,"key":"Darkstone Periapt"},{"floor":29.0,"key":"Juzu Bracelet"},{"floor":31.0,"key":"Nunchaku"},{"floor":40,"key":"Sundial"},{"floor":41,"key":"testmod-ObsoleteBoomerang"},{"floor":43,"key":"CaptainsWheel"},{"floor":46,"key":"DaCapo"},{"floor":55,"key":"Calipers"}],"event_choices":[{"cards_removed":["Strike_R"],"damage_healed":0.0,"max_hp_gain":0.0,"max_hp_loss":0.0,"gold_gain":0.0,"event_name":"The Cleric","player_choice":"Card Removal","floor":2.0,"gold_loss":75.0,"damage_taken":0.0},{"cards_removed":["Strike_R"],"damage_healed":0.0,"max_hp_gain":0.0,"max_hp_loss":0.0,"gold_gain":0.0,"event_name":"Bonfire Elementals","player_choice":"Offered Basic","floor":3.0,"gold_loss":0.0,"damage_taken":0.0},{"damage_healed":0.0,"max_hp_gain":0.0,"max_hp_loss":0.0,"gold_gain":0.0,"event_name":"Dead Adventurer","player_choice":"Searched \u00270\u0027 times","floor":11.0,"gold_loss":0.0,"damage_taken":0.0},{"damage_healed":0.0,"max_hp_gain":0.0,"max_hp_loss":0.0,"gold_gain":0.0,"event_name":"The Mausoleum","player_choice":"Opened","floor":19.0,"gold_loss":0.0,"damage_taken":0.0,"relics_obtained":["Mummified Hand"],"cards_obtained":["Writhe"]},{"cards_removed":["Writhe"],"damage_healed":0.0,"max_hp_gain":0.0,"max_hp_loss":0.0,"gold_gain":0.0,"event_name":"Beggar","player_choice":"Gave Gold","floor":20.0,"gold_loss":75.0,"damage_taken":0.0},{"damage_healed":0.0,"max_hp_gain":5.0,"max_hp_loss":0.0,"gold_gain":0.0,"event_name":"Forgotten Altar","player_choice":"Shed Blood","floor":22.0,"gold_loss":0.0,"damage_taken":53.0},{"damage_healed":0.0,"max_hp_gain":0.0,"max_hp_loss":0.0,"gold_gain":0.0,"event_name":"Colosseum","player_choice":"Fight","floor":27.0,"gold_loss":0.0,"damage_taken":0.0},{"damage_healed":0.0,"max_hp_gain":0.0,"max_hp_loss":0.0,"gold_gain":0.0,"event_name":"Colosseum","player_choice":"Fought Nobs","floor":27.0,"gold_loss":0.0,"damage_taken":0.0},{"damage_healed":0,"gold_gain":400,"player_choice":"Sell","damage_taken":0,"max_hp_gain":0,"max_hp_loss":0,"event_name":"恩洛斯的盘子","floor":38,"relics_lost":["DaveBox"],"gold_loss":0},{"damage_healed":0,"gold_gain":0,"player_choice":"Fight","damage_taken":0,"max_hp_gain":0,"max_hp_loss":0,"event_name":"Mysterious Sphere","floor":41,"gold_loss":0},{"damage_healed":0,"gold_gain":0,"player_choice":"Memory 3","damage_taken":10,"max_hp_gain":0,"max_hp_loss":0,"event_name":"SensoryStone","floor":45,"gold_loss":0},{"cards_removed":["Defend_R"],"damage_healed":0,"gold_gain":0,"player_choice":"Purged","damage_taken":0,"max_hp_gain":0,"max_hp_loss":0,"event_name":"Purifier","floor":48,"gold_loss":0}],"is_beta":false,"boss_relics":[{"not_picked":["Tiny House","Black Star"],"picked":"PatriotShield"},{"not_picked":["ShadowXiaoBlade","testmod-IncinerationGenerator"],"picked":"RhineSuit"}],"items_purged_floors":[36,36],"is_endless":false,"potions_floor_spawned":[1,6,12,16,23,24,25,28,40,41,42,44,46,55],"ascension_level":20}}