{"host":"o7j6aatxjwpw1421","time":1610273905,"event":{"mods":["2.2 Compatiblity","AchievementEnabler","BaseMod","Colored Map","DeckTracker","Highlight Path","Keyboard Shortcuts","Minty Spire (QoL Compilation)","Permanent Neow","Quick Restart","StSLib","SuperFastMode","everything is the same but u backflip on backflip"],"gold_per_floor":[368,383,394,32,46,56,81,81,81,81,81,81,81,113,113,192,192,208,220,236,254,254,254,279,294,366,366,386,386,418,453,465,477,477],"floor_reached":33,"playtime":4372,"items_purged":["Strike_G"],"score":594,"play_id":"03101ce6-9ec7-4715-9b84-e097cc633bbf","local_time":"20210110191825","is_ascension_mode":true,"campfire_choices":[{"floor":11.0,"key":"REST"},{"floor":15.0,"key":"REST"},{"floor":23.0,"key":"REST"},{"floor":29,"key":"REST"},{"floor":32,"key":"REST"}],"circlet_count":0,"master_deck":["AscendersBane","Strike_G+1","Strike_G+1","Strike_G+1","Defend_G+1","Defend_G+1","Defend_G+1","Defend_G+1","Defend_G+1","Survivor","Neutralize","Poisoned Stab","Dagger Throw","Blade Dance","Tactician+1","Leg Sweep","Corpse Explosion","CurseOfTheBell","Blade Dance+1","Acrobatics","Calculated Gamble","Burst","Accuracy+1","Finisher"],"relics":["Ring of the Snake","Shuriken","Toy Ornithopter","Frozen Egg 2","Snake Skull","Calling Bell","Orichalcum","Ninja Scroll","StoneCalendar","Incense Burner","HornCleat","MawBank","Bronze Scales"],"acts_visited":["Exordium","TheCity"],"potions_floor_usage":[28,33],"damage_taken":[{"damage":6.0,"enemies":"Jaw Worm","floor":1.0,"turns":6.0},{"damage":0.0,"enemies":"Cultist","floor":2.0,"turns":4.0},{"damage":7.0,"enemies":"Small Slimes","floor":3.0,"turns":3.0},{"damage":4.0,"enemies":"Blue Slaver","floor":5.0,"turns":3.0},{"damage":0.0,"enemies":"Looter","floor":6.0,"turns":3.0},{"damage":2.0,"enemies":"Lagavulin","floor":7.0,"turns":5.0},{"damage":29.0,"enemies":"Gremlin Nob","floor":14.0,"turns":4.0},{"damage":12.0,"enemies":"The Guardian","floor":16.0,"turns":10.0},{"damage":16.0,"enemies":"2 Thieves","floor":18.0,"turns":2.0},{"damage":0.0,"enemies":"3 Byrds","floor":19.0,"turns":2.0},{"damage":22.0,"enemies":"Snake Plant","floor":20.0,"turns":5.0},{"damage":0.0,"enemies":"3 Cultists","floor":21.0,"turns":2.0},{"damage":40.0,"enemies":"Book of Stabbing","floor":24.0,"turns":5.0},{"damage":12.0,"enemies":"Shelled Parasite and Fungi","floor":25.0,"turns":7.0},{"damage":0,"enemies":"Cultist and Chosen","floor":28,"turns":2},{"damage":15,"enemies":"Slavers","floor":30,"turns":3},{"damage":14,"enemies":"Champ","floor":33,"turns":7}],"seed_played":"-453891681061619149","potions_obtained":[{"floor":5.0,"key":"FearPotion"},{"floor":6.0,"key":"GamblersBrew"},{"floor":7.0,"key":"PowerPotion"},{"floor":19.0,"key":"Weak Potion"},{"floor":20.0,"key":"Block Potion"},{"floor":25.0,"key":"Strength Potion"},{"floor":30,"key":"Poison Potion"}],"is_trial":false,"path_per_floor":["M","M","M","$","M","M","E","?","T","$","R","?","$","E","R","B",null,"M","M","M","M","?","R","E","M","T","?","M","R","E","T","R","B"],"character_chosen":"THE_SILENT","items_purchased":["Shuriken"],"campfire_rested":5,"item_purchase_floors":[4],"current_hp_per_floor":[38,38,31,31,27,27,25,25,25,25,44,49,49,20,41,34,62,46,46,24,24,24,45,15,3,3,3,8,29,14,14,35,26,26],"gold":477,"neow_bonus":"TWO_FIFTY_GOLD","is_daily":false,"chose_seed":false,"campfire_upgraded":0,"win_rate":0.0,"timestamp":1610273905,"path_taken":["M","M","M","$","M","M","E","?","T","?","R","?","?","E","R","BOSS","M","M","M","M","?","R","E","?","T","?","M","R","E","?","R","BOSS"],"items_purchased_type":["Relic"],"build_version":"2020-12-22","purchased_purges":1,"victory":false,"max_hp_per_floor":[66,66,66,66,66,66,66,66,66,66,66,71,71,71,71,71,71,71,71,71,71,71,71,71,71,71,71,71,71,71,71,71,71,71],"card_choices":[{"not_picked":["Dagger Spray","Sucker Punch"],"picked":"Poisoned Stab","floor":1.0},{"not_picked":["Deflect","Terror"],"picked":"Dagger Throw","floor":2.0},{"not_picked":["Slice","Deflect","Backflip"],"picked":"SKIP","floor":3.0},{"not_picked":["Bane","Terror"],"picked":"Blade Dance","floor":5.0},{"not_picked":["Quick Slash","Predator"],"picked":"Tactician","floor":6.0},{"not_picked":["Setup","Choke","Doppelganger"],"picked":"SKIP","floor":7.0},{"not_picked":["Setup","Dash"],"picked":"Leg Sweep","floor":14.0},{"not_picked":["Night Terror","Wraith Form v2+1"],"picked":"Corpse Explosion","floor":16.0},{"not_picked":["Dagger Spray","Slice"],"picked":"Blade Dance+1","floor":18.0},{"not_picked":["Concentrate+1","Acrobatics","Cloak And Dagger"],"picked":"SKIP","floor":19.0},{"not_picked":["Concentrate+1","Cloak And Dagger"],"picked":"Acrobatics","floor":19.0},{"not_picked":["Masterful Stab","Dagger Spray"],"picked":"Calculated Gamble","floor":20.0},{"not_picked":["Deadly Poison","Deflect","Dagger Spray"],"picked":"SKIP","floor":21.0},{"not_picked":["Riddle With Holes","Footwork+1"],"picked":"Burst","floor":24.0},{"not_picked":["Dagger Spray","Concentrate+1","Deadly Poison"],"picked":"SKIP","floor":25.0},{"not_picked":["Slice","Prepared+1"],"picked":"Accuracy+1","floor":28},{"not_picked":["Die Die Die","Underhanded Strike"],"picked":"Finisher","floor":30}],"player_experience":473804,"relics_obtained":[{"floor":7.0,"key":"Toy Ornithopter"},{"floor":9.0,"key":"Frozen Egg 2"},{"floor":14.0,"key":"Snake Skull"},{"floor":17.0,"key":"Orichalcum"},{"floor":17.0,"key":"Ninja Scroll"},{"floor":17.0,"key":"StoneCalendar"},{"floor":24.0,"key":"Incense Burner"},{"floor":26.0,"key":"HornCleat"},{"floor":30,"key":"MawBank"},{"floor":31,"key":"Bronze Scales"}],"event_choices":[{"cards_removed":["Strike_G"],"damage_healed":0.0,"max_hp_gain":0.0,"max_hp_loss":0.0,"gold_gain":0.0,"event_name":"Purifier","player_choice":"Purged","floor":8.0,"gold_loss":0.0,"damage_taken":0.0},{"damage_healed":0.0,"max_hp_gain":5.0,"max_hp_loss":0.0,"gold_gain":0.0,"event_name":"Big Fish","player_choice":"Donut","floor":12.0,"gold_loss":0.0,"damage_taken":0.0},{"damage_healed":0.0,"max_hp_gain":0.0,"max_hp_loss":0.0,"gold_gain":0.0,"event_name":"Upgrade Shrine","player_choice":"Upgraded","floor":22.0,"gold_loss":0.0,"damage_taken":0.0,"cards_upgraded":["Tactician"]},{"damage_healed":0.0,"max_hp_gain":0.0,"max_hp_loss":0.0,"gold_gain":0.0,"event_name":"Back to Basics","player_choice":"Simplicity","floor":27.0,"gold_loss":0.0,"damage_taken":0.0,"cards_upgraded":["Strike_G","Strike_G","Strike_G","Defend_G","Defend_G","Defend_G","Defend_G","Defend_G"]}],"is_beta":false,"boss_relics":[{"not_picked":["Runic Dome","Busted Crown"],"picked":"Calling Bell"}],"items_purged_floors":[4],"is_endless":false,"potions_floor_spawned":[5,6,7,19,20,21,25,30],"killed_by":"Champ","ascension_level":20}}