{"host":"qfrmffs8rw9cf08l","time":1610269342,"event":{"mods":["AchievementEnabler","BaseMod","Better Match","Better Note","Better Sensory Stone","Better Skull","Better Third Choice","BetterRewards","MarisaÅiñ∂âJÅ@ñÇóùçπÅj","Minty Spire (QoL Compilation)","Permanent Neow","Quick Restart","Relic Filter","StSLib"],"gold_per_floor":[115,115,115,115,138,171,95,139,139,139,152,152,167,207,207,328,391,405,430,133,156,156,156,195,195,195,195,211,136,150,186,186,314,314,327,346,201,216,236,272,272,305,305,330,345,345,99,120,120,120,120,120,45,79,79],"floor_reached":56,"playtime":7826,"items_purged":["Strike_MRS","Strike_MRS+1"],"score":1542,"play_id":"a6c2d5f5-6b7d-4a32-afe1-3e9c8c55ba5f","local_time":"20210110170222","is_ascension_mode":false,"campfire_choices":[{"floor":10.0,"key":"REST"},{"data":"MasterSpark","floor":12.0,"key":"SMITH"},{"data":"NonDirectionalLaser","floor":15.0,"key":"SMITH"},{"data":"FairyDestructionRay","floor":23.0,"key":"SMITH"},{"data":"BlazingStar","floor":25.0,"key":"SMITH"},{"data":"6A","floor":27.0,"key":"SMITH"},{"data":"CasketOfStar","floor":32.0,"key":"SMITH"},{"data":"EscapeVelocity","floor":41.0,"key":"SMITH"},{"floor":49.0,"key":"RECALL"},{"data":"OneTimeOff","floor":52.0,"key":"SMITH"}],"circlet_count":0,"master_deck":["Strike_MRS+1","Strike_MRS+1","Defend_MRS","Defend_MRS","Defend_MRS","Defend_MRS","MasterSpark+1","UpSweep+1","ShootingEcho","NonDirectionalLaser+1","LuminesStrike","EnergyFlow","OrrerysSun","OrrerysSun","PowerUp","FairyDestructionRay+1","GrandCross+1","BlazingStar+1","6A+1","AsteroidBelt+1","ChargeUpSpray","PulseMagic+1","UltimateShortwave+1","CasketOfStar+1","EnergyRecoil+1","PowerUp","EscapeVelocity+1","DragonMeteor+1","BlazingStar+1","ShootTheMoon+1","Orbital+1","OneTimeOff+1"],"relics":["MiniHakkero","FossilizedHelix","Unceasing Top","Golden Idol","Mango","Bag of Preparation","Lantern","Ancient Tea Set","Tiny House","Medical Kit","Eternal Feather","Letter Opener","Mercury Hourglass","Busted Crown","DollysMirror","Bronze Scales","Whetstone","War Paint","Anchor"],"acts_visited":["Exordium","TheCity","TheBeyond","TheEnding"],"potions_floor_usage":[55,55,55,55,55,55,55],"damage_taken":[{"damage":0.0,"enemies":"Small Slimes","floor":1.0,"turns":3.0},{"damage":0.0,"enemies":"2 Louse","floor":5.0,"turns":2.0},{"damage":19.0,"enemies":"Lagavulin","floor":6.0,"turns":6.0},{"damage":8.0,"enemies":"Gremlin Nob","floor":8.0,"turns":4.0},{"damage":0.0,"enemies":"Jaw Worm","floor":11.0,"turns":2.0},{"damage":0.0,"enemies":"Red Slaver","floor":13.0,"turns":2.0},{"damage":4.0,"enemies":"3 Sentries","floor":14.0,"turns":5.0},{"damage":0.0,"enemies":"Slime Boss","floor":16.0,"turns":5.0},{"damage":0.0,"enemies":"Spheric Guardian","floor":18.0,"turns":1.0},{"damage":10.0,"enemies":"2 Thieves","floor":19.0,"turns":3.0},{"damage":16.0,"enemies":"Cultist and Chosen","floor":21.0,"turns":5.0},{"damage":12.0,"enemies":"Gremlin Leader","floor":24.0,"turns":6.0},{"damage":7.0,"enemies":"Snake Plant","floor":28.0,"turns":3.0},{"damage":0.0,"enemies":"3 Cultists","floor":30.0,"turns":3.0},{"damage":13.0,"enemies":"Book of Stabbing","floor":31.0,"turns":5.0},{"damage":28.0,"enemies":"Champ","floor":33.0,"turns":8.0},{"damage":0.0,"enemies":"3 Darklings","floor":35.0,"turns":2.0},{"damage":13.0,"enemies":"Orb Walker","floor":36.0,"turns":3.0},{"damage":0.0,"enemies":"4 Shapes","floor":38.0,"turns":2.0},{"damage":14.0,"enemies":"Sphere and 2 Shapes","floor":39.0,"turns":4.0},{"damage":5.0,"enemies":"Nemesis","floor":40.0,"turns":5.0},{"damage":6.0,"enemies":"Reptomancer","floor":42.0,"turns":3.0},{"damage":0.0,"enemies":"3 Darklings","floor":44.0,"turns":2.0},{"damage":0.0,"enemies":"Maw","floor":45.0,"turns":5.0},{"damage":0.0,"enemies":"Spire Growth","floor":48.0,"turns":3.0},{"damage":73.0,"enemies":"Time Eater","floor":50.0,"turns":9.0},{"damage":30.0,"enemies":"Shield and Spear","floor":54.0,"turns":4.0},{"damage":27,"enemies":"The Heart","floor":55,"turns":6}],"seed_played":"2884712883411870457","potions_obtained":[{"floor":1.0,"key":"PowerPotion"},{"floor":6.0,"key":"SneckoOil"},{"floor":11.0,"key":"SteroidPotion"},{"floor":14.0,"key":"LiquidBronze"},{"floor":17.0,"key":"EntropicBrew"},{"floor":19.0,"key":"EntropicBrew"},{"floor":30.0,"key":"PowerPotion"},{"floor":31.0,"key":"LiquidBronze"},{"floor":36.0,"key":"Energy Potion"}],"is_trial":false,"path_per_floor":["M","?","?","?","M","E","$","E","T","R","M","R","M","E","R","B",null,"M","M","$","M","?","R","E","R","T","R","M","?","M","E","R","B",null,"M","M","$","M","M","E","R","E","T","M","M","?","$","M","R","B",null,"R","$","E","B",null],"character_chosen":"MARISA","items_purchased":["FossilizedHelix","ShootingEcho","OrrerysSun","Medical Kit","ChargeUpSpray","DollysMirror","War Paint","DuplicationPotion"],"campfire_rested":1,"item_purchase_floors":[0,0,7,20,20,37,47,53],"current_hp_per_floor":[75,75,57,42,42,37,37,29,29,55,55,55,55,51,51,51,94,94,84,84,68,68,68,56,71,71,86,79,79,79,66,81,53,94,94,81,81,81,67,62,80,74,74,74,74,74,74,74,92,19,94,94,94,64,37],"gold":79,"neow_bonus":"","is_daily":false,"chose_seed":false,"campfire_upgraded":8,"win_rate":0.0,"timestamp":1610269342,"path_taken":["M","?","?","?","M","E","?","E","T","R","M","R","M","E","R","BOSS","M","M","$","M","?","R","E","R","T","R","M","?","M","E","R","BOSS","M","M","$","M","M","E","R","E","T","M","M","?","$","M","R","BOSS","R","$","E","BOSS"],"items_purchased_type":["Relic","Card","Card","Relic","Card","Relic","Relic","Potion"],"build_version":"2020-12-22","purchased_purges":2,"victory":true,"max_hp_per_floor":[75,75,75,75,75,89,89,89,89,89,89,89,89,89,89,89,94,94,94,94,94,94,94,94,94,94,94,94,94,94,94,94,94,94,94,94,94,94,94,94,94,94,94,94,94,94,94,94,94,94,94,94,94,94,94],"card_choices":[{"not_picked":["EnergyRecoil","ChargingUp"],"picked":"NonDirectionalLaser","floor":1.0},{"not_picked":["AsteroidBelt","IllusionStar"],"picked":"LuminesStrike","floor":5.0},{"not_picked":["MeteoricShower","UnstableBomb"],"picked":"EnergyFlow","floor":6.0},{"not_picked":["ManaConvection","DC"],"picked":"OrrerysSun","floor":8.0},{"not_picked":["GalacticHalo","WitchOfGreed"],"picked":"PowerUp","floor":11.0},{"not_picked":["AlicesGift","GasGiant"],"picked":"FairyDestructionRay","floor":13.0},{"not_picked":["6A","AbsoluteMagnitude"],"picked":"GrandCross","floor":14.0},{"not_picked":["FinalSpark","SuperNova"],"picked":"BlazingStar","floor":16.0},{"not_picked":["GrandCross","DeepEcoloBomb"],"picked":"6A","floor":17.0},{"not_picked":["Acceleration+1","IllusionStar"],"picked":"TreasureHunter","floor":18.0},{"not_picked":["Occultation","EnergyRecoil"],"picked":"AsteroidBelt","floor":19.0},{"not_picked":["ShootingEcho","Robbery"],"picked":"PulseMagic+1","floor":21.0},{"not_picked":["MysteriousBeam","DoubleSpark","DragonMeteor"],"picked":"SKIP","floor":24.0},{"not_picked":["GravityBeat","DC+1"],"picked":"CasketOfStar","floor":28.0},{"not_picked":["SporeBomb","MilkyWay"],"picked":"EnergyRecoil+1","floor":30.0},{"not_picked":["MeteoricShower","SporeBomb+1"],"picked":"PowerUp","floor":31.0},{"not_picked":["BlazingStar","CasketOfStar"],"picked":"EscapeVelocity","floor":33.0},{"not_picked":[],"picked":"DragonMeteor+1","floor":35.0},{"not_picked":["Occultation"],"picked":"SKIP","floor":36.0},{"not_picked":[],"picked":"ShootTheMoon+1","floor":38.0},{"not_picked":["WitchLeyline"],"picked":"SKIP","floor":39.0},{"not_picked":["Occultation+1"],"picked":"SKIP","floor":40.0},{"not_picked":[],"picked":"Orbital+1","floor":42.0},{"not_picked":[],"picked":"OneTimeOff","floor":44.0},{"not_picked":["LuminesStrike+1"],"picked":"SKIP","floor":45.0},{"not_picked":["WitchLeyline"],"picked":"SKIP","floor":48.0},{"not_picked":["ManaConvection"],"picked":"SKIP","floor":54.0}],"player_experience":185838,"relics_obtained":[{"floor":6.0,"key":"Mango"},{"floor":8.0,"key":"Bag of Preparation"},{"floor":9.0,"key":"Lantern"},{"floor":14.0,"key":"Ancient Tea Set"},{"floor":24.0,"key":"Eternal Feather"},{"floor":26.0,"key":"Letter Opener"},{"floor":31.0,"key":"Mercury Hourglass"},{"floor":40.0,"key":"Bronze Scales"},{"floor":42.0,"key":"Whetstone"},{"floor":54.0,"key":"Anchor"}],"event_choices":[{"damage_healed":0.0,"max_hp_gain":0.0,"max_hp_loss":0.0,"gold_gain":0.0,"event_name":"The Cleric","player_choice":"Leave","floor":2.0,"gold_loss":0.0,"damage_taken":0.0},{"damage_healed":0.0,"max_hp_gain":0.0,"max_hp_loss":0.0,"gold_gain":0.0,"event_name":"Golden Idol","player_choice":"Take Damage","floor":3.0,"gold_loss":0.0,"damage_taken":18.0,"relics_obtained":["Golden Idol"]},{"damage_healed":57.0,"max_hp_gain":0.0,"max_hp_loss":75.0,"gold_gain":0.0,"event_name":"betterThird:BetterShining","player_choice":"Upgrade","floor":4.0,"gold_loss":0.0,"damage_taken":15.0,"cards_upgraded":["Strike_MRS","Strike_MRS"]},{"cards_removed":["PulseMagic"],"damage_healed":0.0,"max_hp_gain":0.0,"max_hp_loss":0.0,"gold_gain":0.0,"event_name":"betterNote:BetterNote","player_choice":"Take \u0026 Give","floor":22.0,"gold_loss":0.0,"damage_taken":0.0,"cards_obtained":["UltimateShortwave"]},{"cards_removed":["TreasureHunter"],"damage_healed":0.0,"max_hp_gain":0.0,"max_hp_loss":0.0,"gold_gain":0.0,"event_name":"Beggar","player_choice":"Gave Gold","floor":29.0,"gold_loss":75.0,"damage_taken":0.0},{"damage_healed":0.0,"max_hp_gain":0.0,"max_hp_loss":0.0,"gold_gain":3.0,"event_name":"betterStone:BetterStone","player_choice":"1","floor":46.0,"gold_loss":0.0,"damage_taken":0.0}],"is_beta":false,"boss_relics":[{"not_picked":["Snecko Eye","Ectoplasm"],"picked":"Tiny House"},{"not_picked":["Black Star","Coffee Dripper"],"picked":"Busted Crown"}],"items_purged_floors":[20,47],"is_endless":false,"potions_floor_spawned":[1,6,11,14,19,30,31,36,38,39,45,48,54],"ascension_level":0}}