{"host":"vr9me2kif8p2xyyc","time":1610317530,"event":{"mods":["2.2 Compatiblity","A Magickal Journey","AchievementEnabler","Act Like it!","Arknights The Spire","Aspiration","Astrologer","Bard","Bartender","BaseMod","Beaked The Cultist","Best Route Mod","Better Match","Better Note","Better Skull","Better Third Choice","BetterRewards","Block Reminder","Booster Modes","CapriCore","Challenge The Spire","ChefMod","Clawfect","Colored Map","Colored Powertips","Conjunction","Conspire","Downfall","Elementarium","Energized Spire","Friendly Minions","GifTheSpireLib","Glutton Mod","Halation","Hallownest","Hermit","Hubris","Jorbs\u0027s Wanderer Trilogy","Kratos Character Expansion","Mad Scientist","Marisa????????","Minty Spire (QoL Compilation)","Pale of the Ancients","Permanent Neow","Potionbrewer","QueenMod","Quick Restart","Random Character Button","Rare Cards Sparkle","Relic Stats","Remilia??????","Replay The Spire","Reworked Bosses","Robot Space Explorer","SCP261 Mod","SIMod","Shop Mod","Slumbering Mod","Spicy Shops","Spikes Relics","StSLib","Stuff the Spire","SuperFastMode","Td1madao Mod","The Alterego","The Animator","The Blackbeard","The Bladedancer","The Blue Laboratory","The Bug Knight","The Caster","The Clintock","The Construct","The Cursed","The Death Knight","The Disciple","The Dragon Tamer","The Druid","The Elementalist","The Exalted","The Fake Hero","The Florist","The Forsaken","The Gatherer","The Hayseed","The Hierophant","The Immortal","The Judge","The Jungle","The Kombatant","The Marked","The Mystic","The Necromancer","The Poker Player","The Problem Sleuth","The Runesmith","The Sage","The Servant 0.9.4","The Spell Scribe","The Valiant","TheArtist","TheBandit","TheFirefly","TheLocksmith","TheVacant","TheWitcher","Wandering Minibosses","Yohane!","thorton"],"gold_per_floor":[113,113,113,126,136,161,161,148,148,148,166,166,47,64,64,160,160,203,203,203,219,69,69,69,104,128,89,106,106,106,118,118,217,217,229,13,13,13,25,53,69,69,69,69,69],"floor_reached":44,"playtime":3211,"items_purged":["DeathKnight:Strike_DeathKnight"],"score":681,"play_id":"427498a3-776c-47ae-9090-c5cdb814832e","local_time":"20210110162530","is_ascension_mode":false,"campfire_choices":[{"data":"DeathKnight:MutagenicPlague","floor":7.0,"key":"SMITH"},{"floor":10.0,"key":"REST"},{"data":"DeathKnight:DeathStrike","floor":12.0,"key":"SMITH"},{"data":"DeathKnight:RuneStrike","floor":15.0,"key":"SMITH"},{"data":"DeathKnight:Frostscythe","floor":23.0,"key":"SMITH"},{"data":"Ghostly","floor":30.0,"key":"SMITH"},{"data":"DeathKnight:WraithWalk","floor":32.0,"key":"SMITH"},{"data":"DeathKnight:Pestilence","floor":42,"key":"SMITH"}],"circlet_count":0,"master_deck":["DeathKnight:Strike_DeathKnight","DeathKnight:Strike_DeathKnight","DeathKnight:Strike_DeathKnight","DeathKnight:Strike_DeathKnight","DeathKnight:Defend_DeathKnight","DeathKnight:Defend_DeathKnight","DeathKnight:Defend_DeathKnight","DeathKnight:Defend_DeathKnight","DeathKnight:Defend_DeathKnight","DeathKnight:RuneTap","DeathKnight:RuneStrike+1","DeathKnight:Defile+1","DeathKnight:MutagenicPlague+1","DeathKnight:IceboundArmor","DeathKnight:DeathStrike+1","DeathKnight:Frostscythe+1","DeathKnight:AntiMagicShell","DeathKnight:UnholyAssault","DeathKnight:DeathAndDecay","DeathKnight:Frostscythe+1","DeathKnight:DeathCoil","DeathKnight:DancingRuneblade+1","Ghostly+1","Ghostly","Ghostly","Ghostly","Ghostly","DeathKnight:DeathAndDecay","Bite","Bite","Bite","Bite","Bite","DeathKnight:FesteringStrike","DeathKnight:WraithWalk+1","Slimebound:CheckThePlaybook","Slimebound:Icky","DeathKnight:Pestilence+1","DeathKnight:UnholyExperiment","DeathKnight:Contagion+1","DeathKnight:UnholyAssault+1","DeathKnight:UnholyAssault+1","DeathKnight:PlagueStrike+1"],"relics":["StuffTheSpire:RedRose","construct:BoolHorns","MerchantsRug","Replay:Fungal Core","wanderingMiniBosses:ThiefScarf","Orichalcum","DeathKnight:BrokenRuneblade","Chameleon Ring","theForsaken:Gavel","potionbrewer:AlchemistFlask","aspiration:PoetsPen_weak","Pear","ReplayTheSpireMod:TigerMarble","Meat on the Bone","Ornamental Fan","thethorton:BrokenCalculator","Bronze Scales"],"acts_visited":["Exordium","TheCity","TheCity"],"potions_floor_usage":[40,40,40,44],"damage_taken":[{"damage":4.0,"enemies":"Small Slimes","floor":1.0,"turns":6.0},{"damage":0.0,"enemies":"Jaw Worm","floor":4.0,"turns":5.0},{"damage":0.0,"enemies":"Cultist","floor":5.0,"turns":5.0},{"damage":33.0,"enemies":"Gremlin Nob","floor":6.0,"turns":5.0},{"damage":21.0,"enemies":"Large Slime","floor":8.0,"turns":8.0},{"damage":0.0,"enemies":"Lots of Slimes","floor":11.0,"turns":4.0},{"damage":10.0,"enemies":"Looter","floor":14.0,"turns":3.0},{"damage":37.0,"enemies":"Slime Boss","floor":16.0,"turns":11.0},{"damage":32.0,"enemies":"Shell Parasite","floor":18.0,"turns":6.0},{"damage":0.0,"enemies":"Spheric Guardian","floor":21.0,"turns":4.0},{"damage":19.0,"enemies":"Gremlin Leader","floor":25.0,"turns":5.0},{"damage":1.0,"enemies":"Chosen and Byrds","floor":28.0,"turns":4.0},{"damage":0.0,"enemies":"Shelled Parasite and Fungi","floor":31.0,"turns":5.0},{"damage":15.0,"enemies":"bossMod:newCollector","floor":33.0,"turns":9.0},{"damage":0.0,"enemies":"Hallownest:Shield_Heavy","floor":35.0,"turns":4.0},{"damage":15.0,"enemies":"Hallownest:3_Siblings","floor":39.0,"turns":7.0},{"damage":12,"enemies":"Hallownest:eliteCollector","floor":40,"turns":6},{"damage":0,"enemies":"Hallownest:2_Great","floor":41,"turns":5},{"damage":29,"enemies":"Hallownest:2_Wandering_and_1_Horned","floor":44,"turns":4}],"seed_played":"-2460287329164073539","potions_obtained":[{"floor":4.0,"key":"potionbrewer:ToxicPotion"},{"floor":5.0,"key":"PowerPotion"},{"floor":8.0,"key":"blueLaboratory:RememoryPotion"},{"floor":25.0,"key":"DeathKnight:RimePotion"},{"floor":28.0,"key":"blueLaboratory:NullPotion"},{"floor":31.0,"key":"SCP261:SweetSwarmPotion"},{"floor":33.0,"key":"PowerPotion"},{"floor":39.0,"key":"potionbrewer:AcidPotion"},{"floor":41,"key":"Reflective Coating"}],"is_trial":false,"path_per_floor":["M","?","?","M","M","E","R","M","T","R","M","R","$","M","R","B",null,"M","?","?","M","$","R","?","E","T","$","M","?","R","M","R","B",null,"M","$","?","?","M","E","M","R","T","M"],"character_chosen":"DEATH_KNIGHT","items_purchased":["DeathKnight:Defile","MerchantsRug","Guide Book","potionbrewer:AlchemistFlask","Pear"],"campfire_rested":1,"item_purchase_floors":[0,13,22,27,36],"current_hp_per_floor":[71,71,71,71,71,38,38,17,17,39,39,39,39,40,40,3,75,54,54,37,37,37,37,25,12,12,12,11,11,11,14,14,5,25,25,35,30,22,21,19,21,21,21,0,0],"gold":69,"neow_bonus":"","is_daily":false,"chose_seed":false,"campfire_upgraded":7,"win_rate":0.0,"timestamp":1610317530,"path_taken":["M","?","?","?","M","E","R","M","T","R","M","R","$","M","R","BOSS","M","?","?","M","?","R","?","E","T","$","M","?","R","M","R","BOSS","M","$","?","?","M","E","M","R","T","M"],"items_purchased_type":["Card","Relic","Relic","Relic","Relic"],"build_version":"2020-12-22","purchased_purges":1,"victory":false,"max_hp_per_floor":[75,75,75,75,75,75,75,75,75,75,75,75,75,75,75,75,75,75,75,37,37,37,37,25,25,25,25,25,25,25,25,25,25,25,25,35,30,30,30,30,30,30,30,30,30],"relic_stats":{"counters":[109,592],"Ornamental Fan":[4],"Bronze Scales":[21],"Orichalcum":[132],"obtain_stats":[{"sagemod:Red_Beast_Statue":41,"Bromod:AscarisDevice":5,"StuffTheSpire:Barrel":6,"sagemod:Falmels_Amulet":33,"CeramicFish":20,"potionbrewer:AlchemistFlask":27,"StuffTheSpire:BottledEssence":8,"aspiration:PoetsPen_weak":34,"halation:Prosthetics":17,"hubris:MysteriousPyramids":9,"Boot":13,"halation:HeavySnake":17,"thethorton:BrokenCalculator":44,"halation:PrussianBluePaint":12,"Replay:Bottled Flurry":5,"thethorton:BankDeed":25,"hubris:TinFlute":21,"MerchantsRug":14,"Girya":35,"Pear":36,"wanderingMiniBosses:ThiefScarf":18,"StuffTheSpire:ForceGauntlet":23,"Oddly Smooth Stone":6,"potionbrewer:MortarAndPestle":21,"theSlumbering:GlassShield":39,"Pyrelight":14,"potionbrewer:ToyAutogyro":10,"potionbrewer:Torch":3,"Bird Faced Urn":39,"Bronze Scales":44,"DeathKnight:PutricidesVial":26,"hubris:TenFootPole":6,"Black Star":17,"ReplayTheSpireMod:TigerMarble":38,"Grinning Jar":4,"hubris:Reverence":6,"Pocketwatch":25,"Meat on the Bone":40,"construct:BoolHorns":9,"theVacant:BrassGoblet":0,"Bromod:ArcaneVictory":10,"Rawhide":9,"Blue Doll":9,"Bromod:ArcanePistoleer":41,"StuffTheSpire:EmeraldSignet":26,"Replay:Multitool":0,"HeavenlyBonsai":25,"hubris:EmptyBottle":28,"Replay:Mystery Machine":31,"Smiling Mask":9,"theForsaken:Gavel":26,"Pet Ghost":7,"hubris:EvacipatedBox":11,"ClockworkSouvenir":28,"Chameleon Ring":25,"Mummified Hand":4,"aspiration:AnachronicSnailShell":3,"StuffTheSpire:RedRose":2,"Ring of Panic":3,"DeathKnight:BrokenRuneblade":0,"Runic Pyramid":21,"Bromod:ArcaneGrace":34,"HollowMod:LifeEnderRelic":35,"Replay:Fungal Core":17,"Guide Book":22,"StuffTheSpire:Saxophone":14,"aspiration:HummingbirdHeart":9,"aspiration:SecretTechniqueScroll":17,"hubris:Towel":2,"Orichalcum":6,"MawBank":33,"Sandwich":17,"Anchor":8,"StuffTheSpire:HistoryBook":8,"CaptainsWheel":31,"StuffTheSpire:Mouthbags":6,"hubris:Spice":0,"Ornamental Fan":43,"halation:EternalFortune":22,"Ring of Fury":3,"Bottled Lightning":2,"Membership Card":0,"Toy Ornithopter":9,"halation:PeacePiece":0,"hubris:OldNail":40,"hubris:BottledRain":5},{"sagemod:Red_Beast_Statue":107,"Bromod:AscarisDevice":39,"StuffTheSpire:Barrel":74,"sagemod:Falmels_Amulet":103,"CeramicFish":64,"potionbrewer:AlchemistFlask":101,"StuffTheSpire:BottledEssence":18,"aspiration:PoetsPen_weak":104,"halation:Prosthetics":23,"hubris:MysteriousPyramids":60,"Boot":8,"halation:HeavySnake":44,"thethorton:BrokenCalculator":108,"halation:PrussianBluePaint":76,"Replay:Bottled Flurry":39,"thethorton:BankDeed":100,"hubris:TinFlute":99,"MerchantsRug":8,"Girya":104,"Pear":105,"wanderingMiniBosses:ThiefScarf":99,"StuffTheSpire:ForceGauntlet":48,"Oddly Smooth Stone":59,"potionbrewer:MortarAndPestle":25,"theSlumbering:GlassShield":105,"Pyrelight":62,"potionbrewer:ToyAutogyro":81,"potionbrewer:Torch":56,"Bird Faced Urn":105,"Bronze Scales":108,"DeathKnight:PutricidesVial":48,"hubris:TenFootPole":4,"Black Star":9,"ReplayTheSpireMod:TigerMarble":105,"Grinning Jar":68,"hubris:Reverence":18,"Pocketwatch":100,"Meat on the Bone":107,"construct:BoolHorns":95,"theVacant:BrassGoblet":0,"Bromod:ArcaneVictory":19,"Rawhide":18,"Blue Doll":80,"Bromod:ArcanePistoleer":107,"StuffTheSpire:EmeraldSignet":88,"Replay:Multitool":32,"HeavenlyBonsai":48,"hubris:EmptyBottle":101,"Replay:Mystery Machine":102,"Smiling Mask":6,"theForsaken:Gavel":101,"Pet Ghost":40,"hubris:EvacipatedBox":75,"ClockworkSouvenir":101,"Chameleon Ring":101,"Mummified Hand":34,"aspiration:AnachronicSnailShell":78,"StuffTheSpire:RedRose":33,"Ring of Panic":68,"DeathKnight:BrokenRuneblade":0,"Runic Pyramid":99,"Bromod:ArcaneGrace":51,"HollowMod:LifeEnderRelic":104,"Replay:Fungal Core":98,"Guide Book":100,"StuffTheSpire:Saxophone":8,"aspiration:HummingbirdHeart":40,"aspiration:SecretTechniqueScroll":63,"hubris:Towel":71,"Orichalcum":94,"MawBank":103,"Sandwich":84,"Anchor":6,"StuffTheSpire:HistoryBook":40,"CaptainsWheel":102,"StuffTheSpire:Mouthbags":30,"hubris:Spice":26,"Ornamental Fan":108,"halation:EternalFortune":86,"Ring of Fury":68,"Bottled Lightning":56,"Membership Card":67,"Toy Ornithopter":75,"halation:PeacePiece":77,"hubris:OldNail":106,"hubris:BottledRain":69},{"sagemod:Red_Beast_Statue":583,"Bromod:AscarisDevice":193,"StuffTheSpire:Barrel":399,"sagemod:Falmels_Amulet":557,"CeramicFish":331,"potionbrewer:AlchemistFlask":548,"StuffTheSpire:BottledEssence":83,"aspiration:PoetsPen_weak":566,"halation:Prosthetics":108,"hubris:MysteriousPyramids":305,"Boot":31,"halation:HeavySnake":219,"thethorton:BrokenCalculator":588,"halation:PrussianBluePaint":412,"Replay:Bottled Flurry":193,"thethorton:BankDeed":543,"hubris:TinFlute":539,"MerchantsRug":31,"Girya":566,"Pear":570,"wanderingMiniBosses:ThiefScarf":539,"StuffTheSpire:ForceGauntlet":241,"Oddly Smooth Stone":299,"potionbrewer:MortarAndPestle":123,"theSlumbering:GlassShield":570,"Pyrelight":317,"potionbrewer:ToyAutogyro":438,"potionbrewer:Torch":285,"Bird Faced Urn":570,"Bronze Scales":588,"DeathKnight:PutricidesVial":241,"hubris:TenFootPole":15,"Black Star":39,"ReplayTheSpireMod:TigerMarble":570,"Grinning Jar":358,"hubris:Reverence":83,"Pocketwatch":543,"Meat on the Bone":583,"construct:BoolHorns":515,"theVacant:BrassGoblet":0,"Bromod:ArcaneVictory":90,"Rawhide":83,"Blue Doll":433,"Bromod:ArcanePistoleer":583,"StuffTheSpire:EmeraldSignet":476,"Replay:Multitool":165,"HeavenlyBonsai":241,"hubris:EmptyBottle":548,"Replay:Mystery Machine":552,"Smiling Mask":21,"theForsaken:Gavel":548,"Pet Ghost":196,"hubris:EvacipatedBox":404,"ClockworkSouvenir":548,"Chameleon Ring":548,"Mummified Hand":172,"aspiration:AnachronicSnailShell":423,"StuffTheSpire:RedRose":168,"Ring of Panic":358,"DeathKnight:BrokenRuneblade":0,"Runic Pyramid":539,"Bromod:ArcaneGrace":260,"HollowMod:LifeEnderRelic":566,"Replay:Fungal Core":533,"Guide Book":543,"StuffTheSpire:Saxophone":31,"aspiration:HummingbirdHeart":196,"aspiration:SecretTechniqueScroll":326,"hubris:Towel":380,"Orichalcum":507,"MawBank":557,"Sandwich":456,"Anchor":21,"StuffTheSpire:HistoryBook":196,"CaptainsWheel":552,"StuffTheSpire:Mouthbags":156,"hubris:Spice":126,"Ornamental Fan":588,"halation:EternalFortune":464,"Ring of Fury":358,"Bottled Lightning":285,"Membership Card":352,"Toy Ornithopter":404,"halation:PeacePiece":419,"hubris:OldNail":577,"hubris:BottledRain":367}],"Meat on the Bone":0},"card_choices":[{"not_picked":["DeathKnight:BludPresence","DeathKnight:Ossuary"],"picked":"DeathKnight:MutagenicPlague","floor":1.0},{"not_picked":["DeathKnight:BloodEchoes","DeathKnight:BloodStrike"],"picked":"DeathKnight:IceboundArmor","floor":4.0},{"not_picked":["DeathKnight:Ossuary","DeathKnight:BladedArmor"],"picked":"DeathKnight:DeathStrike","floor":5.0},{"not_picked":["DeathKnight:Hysteria","DeathKnight:FesteringStrike"],"picked":"DeathKnight:Frostscythe","floor":6.0},{"not_picked":["DeathKnight:FrostStrike","DeathKnight:Hemostasis"],"picked":"DeathKnight:AntiMagicShell","floor":8.0},{"not_picked":["DeathKnight:Ossuary","DeathKnight:BoneShield"],"picked":"DeathKnight:UnholyAssault","floor":11.0},{"not_picked":["DeathKnight:DeathGrip","DeathKnight:IcyTouch"],"picked":"DeathKnight:DeathAndDecay","floor":14.0},{"not_picked":["DeathKnight:VampiricBlood","DeathKnight:Simulacrum"],"picked":"DeathKnight:Frostscythe","floor":16.0},{"not_picked":["DeathKnight:HartStrike+1","DeathKnight:IceboundArmor"],"picked":"DeathKnight:DeathCoil","floor":18.0},{"not_picked":["DeathKnight:RunicCorruption","DeathKnight:DreadStrike"],"picked":"DeathKnight:DeathAndDecay","floor":21.0},{"not_picked":["DeathKnight:Marrowrend+1","DeathKnight:DreadStrike"],"picked":"DeathKnight:FesteringStrike","floor":25.0},{"not_picked":["DeathKnight:UnholyFrenzy","DeathKnight:Hemostasis"],"picked":"DeathKnight:WraithWalk","floor":28.0},{"not_picked":["DeathKnight:IcyTouch+1","DeathKnight:BludPresence"],"picked":"DeathKnight:Pestilence","floor":31.0},{"not_picked":["DeathKnight:Runesurge","DeathKnight:Simulacrum"],"picked":"DeathKnight:UnholyExperiment","floor":33.0},{"not_picked":["DeathKnight:Parry","DeathKnight:DeathAndDecay"],"picked":"DeathKnight:Contagion+1","floor":35.0},{"not_picked":["DeathKnight:DeathGrip","DeathKnight:MindFreeze"],"picked":"DeathKnight:UnholyAssault+1","floor":39.0},{"not_picked":["DeathKnight:RunicCorruption+1","DeathKnight:DarkSuccor"],"picked":"DeathKnight:UnholyAssault+1","floor":40},{"not_picked":["DeathKnight:BludPresence+1","DeathKnight:Outbreak"],"picked":"DeathKnight:PlagueStrike+1","floor":41}],"player_experience":1186326,"relics_obtained":[{"floor":6.0,"key":"Orichalcum"},{"floor":9.0,"key":"construct:BoolHorns"},{"floor":18.0,"key":"wanderingMiniBosses:ThiefScarf"},{"floor":18.0,"key":"Orichalcum"},{"floor":18.0,"key":"DeathKnight:BrokenRuneblade"},{"floor":25.0,"key":"Chameleon Ring"},{"floor":26.0,"key":"theForsaken:Gavel"},{"floor":40,"key":"Meat on the Bone"},{"floor":43,"key":"Ornamental Fan"}],"event_choices":[{"cards_removed":["Regret"],"damage_healed":0.0,"max_hp_gain":0.0,"max_hp_loss":0.0,"gold_gain":0.0,"event_name":"Wheel of Change","player_choice":"Card Removal","floor":3.0,"gold_loss":0.0,"damage_taken":0.0},{"cards_removed":["DeathKnight:MutagenicPlague"],"damage_healed":0.0,"max_hp_gain":0.0,"max_hp_loss":0.0,"gold_gain":0.0,"event_name":"betterNote:BetterNote","player_choice":"Take \u0026 Give","floor":19.0,"gold_loss":0.0,"damage_taken":0.0,"cards_obtained":["DeathKnight:DancingRuneblade"]},{"damage_healed":0.0,"max_hp_gain":0.0,"max_hp_loss":38.0,"gold_gain":0.0,"event_name":"Ghosts","player_choice":"Became a Ghost","floor":20.0,"gold_loss":0.0,"damage_taken":0.0,"cards_obtained":["Ghostly","Ghostly","Ghostly","Ghostly","Ghostly"]},{"damage_healed":0.0,"max_hp_gain":0.0,"max_hp_loss":12.0,"gold_gain":0.0,"event_name":"Vampires","player_choice":"Became a vampire","floor":24.0,"gold_loss":0.0,"damage_taken":0.0,"cards_obtained":["Bite","Bite","Bite","Bite","Bite"]},{"damage_healed":0.0,"max_hp_gain":0.0,"max_hp_loss":0.0,"gold_gain":0.0,"event_name":"betterSkull:BetterSkull","player_choice":"RE ","floor":38.0,"gold_loss":0.0,"damage_taken":10.0,"cards_upgraded":[],"relics_obtained":["ReplayTheSpireMod:TigerMarble"]}],"is_beta":false,"boss_relics":[{"not_picked":["Empty Cage","Busted Crown"],"picked":"Replay:Fungal Core"},{"not_picked":["Bromod:ArcaneGrace","theSlumbering:EnchantedHammer"],"picked":"aspiration:PoetsPen_weak"}],"items_purged_floors":[22],"is_endless":false,"potions_floor_spawned":[4,5,8,25,28,31,33,39,41],"killed_by":"Hallownest:2_Wandering_and_1_Horned","ascension_level":0}}