{"host":"2nhpogk5xa0u9xre","time":1610275605,"event":{"mods":["Aspiration","BaseMod","Colored Powertips","Googly Eyes","Hubris","Infinite Spire","Minty Spire (QoL Compilation)","Rare Cards Sparkle","Replay The Spire","StSLib","The Construct","The Hayseed","The Hierophant","The Runesmith","The Senshi","everything is the same but u backflip on backflip"],"gold_per_floor":[111,111,111,122,142,169,11,11,35,50,50,50,68,79,79,79],"floor_reached":15,"playtime":415,"items_purged":[],"score":97,"play_id":"0fc4c44e-b0e8-4f83-81a8-dc1da8082eb7","local_time":"20210110054645","is_ascension_mode":false,"campfire_choices":[{"floor":8,"key":"REST"}],"circlet_count":0,"master_deck":["theSenshi:SailorKick","theSenshi:SailorKick","theSenshi:SailorKick","theSenshi:SailorBlock","theSenshi:SailorBlock","theSenshi:SailorBlock","theSenshi:SailorBlock","theSenshi:RoseThrow","theSenshi:MoonPrismPowerMakeUp","theSenshi:StarlightHoneymoonTherapyKiss","theSenshi:SailorChibiMoonAssists","theSenshi:SailorMarsAssists","theSenshi:MoonEternalMakeUp","Swift Strike","theSenshi:KlutzyLuck","theSenshi:KlutzyLuck","theSenshi:MoonTiaraMagic","theSenshi:Overload"],"relics":["theSenshi:TransformationBroochRelic","Omamori","Replay:Mystery Machine"],"acts_visited":["Exordium"],"potions_floor_usage":[13,13],"damage_taken":[{"damage":6,"enemies":"2 Louse","floor":1,"turns":3},{"damage":4,"enemies":"Jaw Worm","floor":4,"turns":6},{"damage":0,"enemies":"Cultist","floor":5,"turns":3},{"damage":24,"enemies":"Gremlin Nob","floor":6,"turns":4},{"damage":5,"enemies":"2 Fungi Beasts","floor":10,"turns":4},{"damage":3,"enemies":"3 Louse","floor":13,"turns":4},{"damage":15,"enemies":"Exordium Thugs","floor":14,"turns":4},{"damage":18,"enemies":"3 Sentries","floor":15,"turns":2}],"seed_played":"-9055292644359738024","potions_obtained":[{"floor":6,"key":"Swift Potion"},{"floor":10,"key":"Energy Potion"}],"is_trial":false,"path_per_floor":["M","?","?","M","M","E","$","R","T","M","PTL","PTL","M","M","E"],"character_chosen":"THE_SENSHI","items_purchased":["Swift Strike","theSenshi:KlutzyLuck"],"campfire_rested":1,"item_purchase_floors":[7,7],"current_hp_per_floor":[62,55,49,45,45,21,21,41,41,36,36,36,33,18,0,0],"gold":79,"neow_bonus":"THREE_RARE_CARDS","is_daily":false,"chose_seed":false,"campfire_upgraded":0,"win_rate":0.0,"timestamp":1610275605,"path_taken":["M","?","?","M","M","E","$","R","T","M","PTL","PTL","M","?","E"],"items_purchased_type":["Card","Card"],"build_version":"2020-12-22","purchased_purges":0,"victory":false,"max_hp_per_floor":[68,68,68,68,68,68,68,68,68,68,68,68,68,68,68,68],"card_choices":[{"not_picked":["theSenshi:FatedKiss","theSenshi:MoonGorgeousMeditation"],"picked":"theSenshi:StarlightHoneymoonTherapyKiss","floor":0},{"not_picked":["theSenshi:LunaWiseMentor","theSenshi:Sidestep","theSenshi:LunasBite"],"picked":"SKIP","floor":1},{"not_picked":["theSenshi:YouCanTalk","theSenshi:EncouragingSpeech"],"picked":"theSenshi:SailorChibiMoonAssists","floor":4},{"not_picked":["theSenshi:LunaWiseMentor","theSenshi:TuxedoSmokingBomber"],"picked":"theSenshi:SailorMarsAssists","floor":5},{"not_picked":["theSenshi:TuxedoMaskAssists","theSenshi:Sidestep"],"picked":"theSenshi:MoonEternalMakeUp","floor":6},{"not_picked":["theSenshi:MoonCosmicPowerMakeUp","theSenshi:SchoolBag"],"picked":"theSenshi:KlutzyLuck","floor":10},{"not_picked":["theSenshi:MoonTwilightFlash","theSenshi:MoonPower"],"picked":"theSenshi:MoonTiaraMagic","floor":13},{"not_picked":["theSenshi:TallSilhouette","theSenshi:SailorChibiMoonAssists"],"picked":"theSenshi:Overload","floor":14}],"player_experience":229315,"relics_obtained":[{"floor":6,"key":"Omamori"},{"floor":9,"key":"Replay:Mystery Machine"}],"event_choices":[{"cards_removed":["theSenshi:SailorKick"],"damage_healed":0,"gold_gain":0,"player_choice":"Card Removal","damage_taken":7,"max_hp_gain":0,"max_hp_loss":0,"event_name":"Golden Wing","floor":2,"gold_loss":0},{"damage_healed":0,"gold_gain":0,"player_choice":"Damaged","damage_taken":6,"max_hp_gain":0,"max_hp_loss":0,"event_name":"Wheel of Change","floor":3,"gold_loss":0}],"is_beta":false,"boss_relics":[],"items_purged_floors":[],"is_endless":false,"potions_floor_spawned":[6,10],"killed_by":"3 Sentries","ascension_level":0}}