{"host":"058erotkld4bsq33","time":1610257834,"event":{"mods":["BaseMod","Better Third Choice","Colored Powertips","Curses Come First","Dark Map","Minty Spire (QoL Compilation)","Quick Restart","Rare Cards Sparkle","Relic Stats","StSLib","UnlockEverythingMod"],"gold_per_floor":[117,192,367,24,35,35,35,35,35,35,45,55,55,75,75,174,174,194,194,206,121,40,40,40,40,40,40,52,66,79,106,106,204,204,219,229,242,242,242,259,259,259],"floor_reached":41,"playtime":1953,"items_purged":["Doubt"],"score":408,"play_id":"50354e07-cff4-4803-bb15-df0e17235b72","local_time":"20210109215034","is_ascension_mode":false,"campfire_choices":[{"data":"Flash of Steel","floor":6.0,"key":"SMITH"},{"data":"Neutralize","floor":8.0,"key":"SMITH"},{"data":"Sucker Punch","floor":13.0,"key":"SMITH"},{"data":"Deadly Poison","floor":15.0,"key":"SMITH"},{"floor":23.0,"key":"REST"},{"data":"Crippling Poison","floor":25.0,"key":"SMITH"},{"data":"All Out Attack","floor":27.0,"key":"SMITH"},{"floor":32.0,"key":"REST"}],"circlet_count":0,"master_deck":["Strike_G","Strike_G","Strike_G","Strike_G","Strike_G","Defend_G","Defend_G","Defend_G","Defend_G","Defend_G","Survivor","Neutralize+1","Dodge and Roll+1","Flash of Steel+1","Noxious Fumes","Sucker Punch+1","Dagger Spray","Deadly Poison+1","All Out Attack+1","Grand Finale","Slice+1","Crippling Poison+1","Blur","Prepared","Slice","Wraith Form v2","Outmaneuver+1","Slice","Parasite","PiercingWail","Masterful Stab"],"relics":["Ring of the Snake","Art of War","Bottled Lightning","WristBlade","Potion Belt","Tiny Chest","FossilizedHelix","Vajra","HoveringKite"],"acts_visited":["Exordium","TheCity","TheBeyond"],"potions_floor_usage":[],"damage_taken":[{"damage":1.0,"enemies":"Jaw Worm","floor":1.0,"turns":8.0},{"damage":0.0,"enemies":"Small Slimes","floor":5.0,"turns":3.0},{"damage":0.0,"enemies":"Cultist","floor":11.0,"turns":3.0},{"damage":4.0,"enemies":"Red Slaver","floor":12.0,"turns":4.0},{"damage":3.0,"enemies":"Large Slime","floor":14.0,"turns":4.0},{"damage":7.0,"enemies":"Hexaghost","floor":16.0,"turns":9.0},{"damage":33.0,"enemies":"2 Thieves","floor":18.0,"turns":4.0},{"damage":7.0,"enemies":"Shell Parasite","floor":20.0,"turns":7.0},{"damage":0.0,"enemies":"Centurion and Healer","floor":28.0,"turns":5.0},{"damage":13.0,"enemies":"Snecko","floor":29.0,"turns":6.0},{"damage":4.0,"enemies":"Snake Plant","floor":30.0,"turns":4.0},{"damage":51.0,"enemies":"Champ","floor":33.0,"turns":12.0},{"damage":13.0,"enemies":"3 Darklings","floor":35.0,"turns":5.0},{"damage":0.0,"enemies":"Orb Walker","floor":36.0,"turns":3.0},{"damage":62.0,"enemies":"Writhing Mass","floor":37.0,"turns":8.0},{"damage":0.0,"enemies":"4 Shapes","floor":40.0,"turns":5.0},{"damage":8,"enemies":"3 Darklings","floor":41,"turns":3}],"seed_played":"5469825984237772069","potions_obtained":[{"floor":5.0,"key":"ColorlessPotion"},{"floor":12.0,"key":"DistilledChaos"},{"floor":14.0,"key":"Block Potion"},{"floor":29.0,"key":"PowerPotion"},{"floor":30.0,"key":"PowerPotion"},{"floor":33.0,"key":"Swift Potion"},{"floor":36.0,"key":"Explosive Potion"},{"floor":37.0,"key":"Poison Potion"}],"is_trial":false,"path_per_floor":["M","?","?","$","M","R","?","R","T","?","M","M","R","M","R","B",null,"M","T","M","?","$","R","$","R","T","R","M","M","M","T","R","B",null,"M","M","M","?","?","M","M"],"character_chosen":"THE_SILENT","items_purchased":["Flash of Steel","Art of War","Noxious Fumes","Crippling Poison"],"campfire_rested":2,"item_purchase_floors":[4,4,4,22],"current_hp_per_floor":[76,65,65,65,65,65,65,65,65,65,65,61,61,58,58,51,77,44,44,37,37,37,60,60,60,60,60,60,47,43,43,66,15,77,64,64,2,2,2,2,0,0],"gold":259,"neow_bonus":"TEN_PERCENT_HP_BONUS","is_daily":false,"chose_seed":false,"campfire_upgraded":6,"win_rate":0.0,"timestamp":1610257834,"path_taken":["M","?","?","?","M","R","?","R","T","?","M","M","R","?","R","BOSS","M","?","M","?","$","R","?","R","T","R","?","?","M","?","R","BOSS","M","M","?","?","?","M","M"],"items_purchased_type":["Card","Relic","Card","Card"],"build_version":"2020-12-22","purchased_purges":1,"victory":false,"max_hp_per_floor":[77,77,77,77,77,77,77,77,77,77,77,77,77,77,77,77,77,77,77,77,77,77,77,77,77,77,77,77,77,77,77,77,77,77,77,77,77,77,77,77,77,77],"relic_stats":{"counters":[17,93],"HoveringKite":[6],"Tiny Chest":1,"Art of War":[10],"obtain_stats":[{"Potion Belt":19,"WristBlade":17,"Vajra":31,"HoveringKite":34,"Tiny Chest":21,"Art of War":4,"Bottled Lightning":9,"FossilizedHelix":26,"Ring of the Snake":0},{"Potion Belt":7,"WristBlade":6,"Vajra":11,"HoveringKite":12,"Tiny Chest":8,"Art of War":1,"Bottled Lightning":2,"FossilizedHelix":8,"Ring of the Snake":0},{"Potion Belt":35,"WristBlade":31,"Vajra":57,"HoveringKite":69,"Tiny Chest":42,"Art of War":8,"Bottled Lightning":11,"FossilizedHelix":42,"Ring of the Snake":0}],"Ring of the Snake":[34]},"card_choices":[{"not_picked":["Predator","Dash"],"picked":"Dodge and Roll","floor":1.0},{"not_picked":["Acrobatics","Flying Knee"],"picked":"Sucker Punch","floor":5.0},{"not_picked":["Dagger Throw","Distraction"],"picked":"Dagger Spray","floor":11.0},{"not_picked":["Noxious Fumes","Cloak And Dagger"],"picked":"Deadly Poison","floor":12.0},{"not_picked":["Sucker Punch","Predator"],"picked":"All Out Attack","floor":14.0},{"not_picked":["A Thousand Cuts","Storm of Steel"],"picked":"Grand Finale","floor":16.0},{"not_picked":["Sucker Punch","Outmaneuver"],"picked":"Slice+1","floor":18.0},{"not_picked":["Underhanded Strike","Dagger Spray","Caltrops"],"picked":"SKIP","floor":20.0},{"not_picked":["Dagger Spray","Outmaneuver"],"picked":"Blur","floor":28.0},{"not_picked":["Sucker Punch","Heel Hook"],"picked":"Prepared","floor":29.0},{"not_picked":["Deadly Poison","Quick Slash"],"picked":"Slice","floor":30.0},{"not_picked":["Venomology","Die Die Die"],"picked":"Wraith Form v2","floor":33.0},{"not_picked":["Deadly Poison+1","Deflect"],"picked":"Outmaneuver+1","floor":35.0},{"not_picked":["Bane","Tactician"],"picked":"Slice","floor":36.0},{"not_picked":["Distraction","Cloak And Dagger+1"],"picked":"PiercingWail","floor":37.0},{"not_picked":["Dagger Throw+1","Heel Hook"],"picked":"Masterful Stab","floor":40.0}],"player_experience":97126,"relics_obtained":[{"floor":9.0,"key":"Bottled Lightning"},{"floor":19.0,"key":"Potion Belt"},{"floor":26.0,"key":"FossilizedHelix"},{"floor":31.0,"key":"Vajra"}],"event_choices":[{"damage_healed":0.0,"max_hp_gain":0.0,"max_hp_loss":0.0,"gold_gain":75.0,"event_name":"betterThird:BetterGoop","player_choice":"Gold","floor":2.0,"gold_loss":0.0,"damage_taken":11.0},{"damage_healed":0.0,"max_hp_gain":0.0,"max_hp_loss":0.0,"gold_gain":175.0,"event_name":"betterThird:BetterSerpent","player_choice":"AGREE","floor":3.0,"gold_loss":0.0,"damage_taken":192.0},{"damage_healed":0.0,"max_hp_gain":0.0,"max_hp_loss":0.0,"gold_gain":0.0,"event_name":"Golden Wing","player_choice":"Ignored","floor":7.0,"gold_loss":0.0,"damage_taken":0.0},{"damage_healed":0.0,"max_hp_gain":0.0,"max_hp_loss":0.0,"gold_gain":0.0,"event_name":"Accursed Blacksmith","player_choice":"Forge","floor":10.0,"gold_loss":0.0,"damage_taken":0.0,"cards_upgraded":["Dodge and Roll"]},{"damage_healed":0.0,"max_hp_gain":0.0,"max_hp_loss":0.0,"gold_gain":0.0,"event_name":"Addict","player_choice":"Obtained Relic","floor":21.0,"gold_loss":85.0,"damage_taken":0.0,"relics_obtained":["Tiny Chest"]},{"damage_healed":0.0,"max_hp_gain":0.0,"max_hp_loss":0.0,"gold_gain":0.0,"event_name":"Mysterious Sphere","player_choice":"Ignored","floor":38.0,"gold_loss":0.0,"damage_taken":0.0},{"damage_healed":0.0,"max_hp_gain":0.0,"max_hp_loss":0.0,"gold_gain":0.0,"event_name":"Tomb of Lord Red Mask","player_choice":"Ignored","floor":39.0,"gold_loss":0.0,"damage_taken":0.0}],"is_beta":false,"boss_relics":[{"not_picked":["Pandora\u0027s Box","SacredBark"],"picked":"WristBlade"},{"not_picked":["Fusion Hammer","Velvet Choker"],"picked":"HoveringKite"}],"items_purged_floors":[4],"is_endless":false,"potions_floor_spawned":[5,12,14,29,30,33,36,37],"killed_by":"3 Darklings","ascension_level":0}}