{"host":"o97o7ui5vncz1kje","time":1610276059,"event":{"mods":["Arknights The Spire","BaseMod","Better Third Choice","Minty Spire (QoL Compilation)","StSLib"],"gold_per_floor":[113,113,113,132,150,180,180,180,180,180,190,217,227,54,54,156,156,170,170,180,190,205,205,205,236,287,287,302,302,52,70,70,70,70],"floor_reached":33,"playtime":1609,"items_purged":[],"score":377,"play_id":"421a15f2-a531-427c-9fe0-ebf0d1245890","local_time":"20210110185419","daily_mods":["Heirloom","Flight"],"is_ascension_mode":false,"campfire_choices":[{"floor":7,"key":"REST"},{"data":"ats:Emotion Absorption","floor":8,"key":"SMITH"},{"data":"ats:Thorns","floor":10,"key":"SMITH"},{"floor":15,"key":"REST"},{"floor":23,"key":"REST"},{"floor":27,"key":"REST"},{"floor":29,"key":"REST"},{"data":"Apotheosis","floor":32,"key":"SMITH"}],"circlet_count":0,"master_deck":["ats:Strike C","ats:Strike G","ats:Strike S","ats:Strike V","ats:Armor Crushing Shot","ats:Defend","ats:Defend","ats:Defend","ats:Emotion Absorption+1","ats:Ignite","ats:Nebulous Foxfire","ats:Thorns+1","ats:Leaping Hammer","ats:Poison Spread","ats:Apocalypse","ats:Song Of Battle","Apotheosis+1","ats:Calcification","ats:Beaten Up+1","ats:Apocalypse+1","ats:Sword Rain+1","ats:Hammer On","ats:Explosion Area Strengthen+1"],"relics":["ats:Sanity","Unceasing Top","ats:Originium","Singing Bowl","PreservedInsect","Blue Candle","Velvet Choker","Shovel","Strawberry","Eternal Feather"],"acts_visited":["Exordium","TheCity"],"potions_floor_usage":[6,18,20,28,33,33],"damage_taken":[{"damage":5,"enemies":"Jaw Worm","floor":1,"turns":4},{"damage":6,"enemies":"Small Slimes","floor":4,"turns":3},{"damage":4,"enemies":"Cultist","floor":5,"turns":3},{"damage":33,"enemies":"3 Sentries","floor":6,"turns":8},{"damage":12,"enemies":"Exordium Thugs","floor":11,"turns":4},{"damage":24,"enemies":"Gremlin Nob","floor":12,"turns":4},{"damage":13,"enemies":"Looter","floor":13,"turns":3},{"damage":45,"enemies":"The Guardian","floor":16,"turns":12},{"damage":12,"enemies":"Shell Parasite","floor":18,"turns":4},{"damage":24,"enemies":"2 Thieves","floor":20,"turns":4},{"damage":23,"enemies":"Centurion and Healer","floor":21,"turns":7},{"damage":27,"enemies":"Snake Plant","floor":22,"turns":6},{"damage":82,"enemies":"Gremlin Leader","floor":25,"turns":8},{"damage":22,"enemies":"Snecko","floor":28,"turns":5},{"damage":26,"enemies":"Cultist and Chosen","floor":31,"turns":7},{"damage":89,"enemies":"Collector","floor":33,"turns":8}],"seed_played":"4018830174659168266","potions_obtained":[{"floor":5,"key":"Explosive Potion"},{"floor":11,"key":"GamblersBrew"},{"floor":12,"key":"BlessingOfTheForge"},{"floor":13,"key":"SteroidPotion"},{"floor":21,"key":"ats:Top Emergency Sanity Potion"},{"floor":22,"key":"ats:Emergency Sanity Potion"},{"floor":25,"key":"AttackPotion"},{"floor":31,"key":"Swift Potion"}],"is_trial":true,"path_per_floor":["M","?","?","M","M","E","R","R","T","R","M","E","M","$","R","B",null,"M","?","M","M","M","R","?","E","T","R","M","R","$","M","R","B"],"character_chosen":"DOCTOR_CLASS","items_purchased":["Apotheosis","Eternal Feather"],"campfire_rested":5,"item_purchase_floors":[14,30],"current_hp_per_floor":[67,67,67,63,62,34,55,55,55,55,43,28,19,19,41,17,74,65,65,49,34,36,59,59,4,11,36,28,53,53,45,57,0,0],"gold":70,"neow_bonus":"","is_daily":false,"chose_seed":false,"campfire_upgraded":3,"win_rate":0.0,"timestamp":1610276059,"path_taken":["M","?","?","M","M","E","R","R","T","R","M","E","?","$","R","BOSS","M","?","M","M","M","R","?","E","T","R","?","R","$","M","R","BOSS"],"items_purchased_type":["Card","Relic"],"build_version":"2020-12-22","purchased_purges":0,"victory":false,"max_hp_per_floor":[72,72,72,72,72,72,72,72,72,72,72,74,74,74,74,74,74,76,76,76,76,78,78,78,78,85,85,85,85,85,85,85,85,85],"card_choices":[{"not_picked":["ats:Consecutive Shot Auto","ats:Encircling Forest"],"picked":"ats:Ignite","floor":1},{"not_picked":["ats:Demon Strength","ats:Charging Defense"],"picked":"ats:Thorns","floor":4},{"not_picked":["ats:Childhood Dance","ats:Assault Order"],"picked":"ats:Leaping Hammer","floor":5},{"not_picked":["ats:Childhood Dance","ats:Defend Order"],"picked":"ats:Poison Spread","floor":6},{"not_picked":["ats:Chain Hook","ats:Mental Burst"],"picked":"ats:Apocalypse","floor":11},{"not_picked":["ats:Defend Order","ats:Cat Scratch","ats:Flame Of Heaven"],"picked":"Singing Bowl","floor":12},{"not_picked":["ats:Childhood Dance","ats:Powerful Strike"],"picked":"ats:Song Of Battle","floor":13},{"not_picked":["ats:Durian","ats:Soul Rend"],"picked":"ats:Calcification","floor":16},{"not_picked":["ats:Revitalization","ats:Childhood Dance","ats:Cat Scratch"],"picked":"Singing Bowl","floor":18},{"not_picked":["ats:Revitalization","ats:Very Hot Blade"],"picked":"ats:Beaten Up+1","floor":20},{"not_picked":["ats:Song Of Battle+1","ats:Ignite+1"],"picked":"ats:Apocalypse+1","floor":21},{"not_picked":["ats:Flexible Camouflage","ats:Leaping Hammer","ats:Curse Doll"],"picked":"Singing Bowl","floor":22},{"not_picked":["ats:Leaping Hammer","ats:Very Hot Blade"],"picked":"ats:Sword Rain+1","floor":25},{"not_picked":["ats:Leaping Hammer","ats:Assault Order+1"],"picked":"ats:Hammer On","floor":28},{"not_picked":["ats:Assault Order","ats:Poison Spread"],"picked":"ats:Explosion Area Strengthen+1","floor":31}],"player_experience":308418,"relics_obtained":[{"floor":6,"key":"ats:Originium"},{"floor":6,"key":"Singing Bowl"},{"floor":9,"key":"PreservedInsect"},{"floor":12,"key":"ats:Originium"},{"floor":12,"key":"Blue Candle"},{"floor":25,"key":"ats:Originium"},{"floor":25,"key":"Shovel"},{"floor":26,"key":"Strawberry"}],"event_choices":[{"damage_healed":0,"gold_gain":0,"player_choice":"Ignored","damage_taken":0,"max_hp_gain":0,"max_hp_loss":0,"event_name":"Golden Wing","floor":2,"gold_loss":0},{"damage_healed":0,"gold_gain":0,"player_choice":"1 cards matched","damage_taken":0,"max_hp_gain":0,"max_hp_loss":0,"event_name":"Match and Keep!","floor":3,"gold_loss":0,"cards_obtained":["ats:Nebulous Foxfire"]},{"damage_healed":0,"gold_gain":0,"player_choice":"Ignored","damage_taken":0,"max_hp_gain":0,"max_hp_loss":0,"event_name":"Beggar","floor":19,"gold_loss":0},{"cards_removed":["ats:Defend"],"damage_healed":0,"gold_gain":0,"player_choice":"Offered Basic","damage_taken":0,"max_hp_gain":0,"max_hp_loss":0,"event_name":"Bonfire Elementals","floor":24,"gold_loss":0}],"is_beta":false,"boss_relics":[{"not_picked":["Fusion Hammer","Ectoplasm"],"picked":"Velvet Choker"}],"items_purged_floors":[],"is_endless":true,"potions_floor_spawned":[5,11,12,13,16,21,22,25,31],"killed_by":"Collector","ascension_level":0}}