{"host":"1a3cjta80tad0aqj","time":1610303419,"event":{"mods":["2.2 Compatiblity","AchievementEnabler","BaseMod","Colored Map","DeckTracker","KOR Keyword Fix","Keyboard Shortcuts","Minty Spire (QoL Compilation)","Permanent Neow","Quick Restart","Random Character Button","StSLib","SuperFastMode","everything is the same but u backflip on backflip"],"gold_per_floor":[116,129,143,163,176,210,210,244,270,290,62,78,89,100,100,199,199,213,225,125,142,17,17,31,56,56,66,66,78,78,88,88,191,191,204,215,215,235,85,85,135,154,154,173,173,189,213,213,213,213],"floor_reached":51,"playtime":3259,"items_purged":["Strike_P","Defend_P","Defend_P","Strike_P"],"score":666,"play_id":"9a343ca8-d556-4fcb-9cbc-b7700932d2c5","local_time":"20210111033019","is_ascension_mode":false,"campfire_choices":[{"data":"Eruption","floor":15.0,"key":"SMITH"},{"data":"Adaptation","floor":23.0,"key":"SMITH"},{"data":"Scrawl","floor":30.0,"key":"SMITH"},{"floor":32.0,"key":"REST"},{"data":"Halt","floor":40.0,"key":"SMITH"},{"data":"Vault","floor":45.0,"key":"SMITH"},{"floor":49,"key":"REST"}],"circlet_count":0,"master_deck":["Eruption+1","Vigilance","FearNoEvil+1","Halt+1","SashWhip","Adaptation+1","FlurryOfBlows","BowlingBash+1","Scrawl+1","Wallop","MentalFortress+1","Wallop+1","FlurryOfBlows+1","FollowUp+1","Vault+1","Dramatic Entrance+1","TalkToTheHand+1","DeusExMachina"],"relics":["Astrolabe","PreservedInsect","Akabeko","MealTicket","Orichalcum","Whetstone","Molten Egg 2","Sozu","StoneCalendar","CeramicFish"],"acts_visited":["Exordium","TheCity","TheBeyond"],"potions_floor_usage":[50,50],"damage_taken":[{"damage":1.0,"enemies":"Cultist","floor":1.0,"turns":4.0},{"damage":1.0,"enemies":"Jaw Worm","floor":2.0,"turns":4.0},{"damage":6.0,"enemies":"Small Slimes","floor":3.0,"turns":4.0},{"damage":8.0,"enemies":"2 Fungi Beasts","floor":4.0,"turns":3.0},{"damage":1.0,"enemies":"Exordium Wildlife","floor":5.0,"turns":3.0},{"damage":3.0,"enemies":"Lagavulin","floor":6.0,"turns":6.0},{"damage":8.0,"enemies":"Gremlin Nob","floor":8.0,"turns":3.0},{"damage":3.0,"enemies":"Exordium Thugs","floor":10.0,"turns":4.0},{"damage":3.0,"enemies":"Large Slime","floor":12.0,"turns":5.0},{"damage":0.0,"enemies":"Lots of Slimes","floor":13.0,"turns":5.0},{"damage":2.0,"enemies":"Looter","floor":14.0,"turns":4.0},{"damage":47.0,"enemies":"The Guardian","floor":16.0,"turns":8.0},{"damage":0.0,"enemies":"2 Thieves","floor":18.0,"turns":3.0},{"damage":0.0,"enemies":"Chosen","floor":19.0,"turns":3.0},{"damage":12.0,"enemies":"Snake Plant","floor":21.0,"turns":4.0},{"damage":3.0,"enemies":"3 Cultists","floor":24.0,"turns":4.0},{"damage":21.0,"enemies":"Book of Stabbing","floor":25.0,"turns":5.0},{"damage":22.0,"enemies":"Centurion and Healer","floor":27.0,"turns":4.0},{"damage":4.0,"enemies":"Snake Plant","floor":29.0,"turns":4.0},{"damage":0.0,"enemies":"Cultist and Chosen","floor":31.0,"turns":4.0},{"damage":13.0,"enemies":"Automaton","floor":33.0,"turns":5.0},{"damage":14.0,"enemies":"3 Shapes","floor":35.0,"turns":3.0},{"damage":0.0,"enemies":"Orb Walker","floor":36.0,"turns":2.0},{"damage":0.0,"enemies":"Spire Growth","floor":38.0,"turns":4.0},{"damage":18.0,"enemies":"Mind Bloom Boss Battle","floor":41.0,"turns":5.0},{"damage":0.0,"enemies":"Jaw Worm Horde","floor":42.0,"turns":1.0},{"damage":4.0,"enemies":"Maw","floor":44.0,"turns":7.0},{"damage":5.0,"enemies":"3 Darklings","floor":46.0,"turns":2.0},{"damage":5.0,"enemies":"Transient","floor":47.0,"turns":6.0},{"damage":17,"enemies":"Awakened One","floor":50,"turns":10}],"seed_played":"-4202386693110414750","potions_obtained":[{"floor":2.0,"key":"Swift Potion"},{"floor":3.0,"key":"Block Potion"},{"floor":8.0,"key":"SkillPotion"},{"floor":12.0,"key":"Block Potion"},{"floor":16.0,"key":"Ambrosia"},{"floor":18.0,"key":"Strength Potion"},{"floor":21.0,"key":"Explosive Potion"},{"floor":24.0,"key":"Fruit Juice"},{"floor":33.0,"key":"DistilledChaos"}],"is_trial":false,"path_per_floor":["M","M","M","M","M","E","?","E","T","M","$","M","M","M","R","B",null,"M","M","$","M","$","R","M","E","T","M","?","M","R","M","R","B",null,"M","M","?","M","$","R","?","M","T","M","R","M","M","?","R","B",null],"character_chosen":"WATCHER","items_purchased":["Orichalcum"],"campfire_rested":2,"item_purchase_floors":[11],"current_hp_per_floor":[71,70,64,56,55,52,52,44,44,41,56,53,53,51,51,4,72,72,72,72,60,72,72,74,53,53,31,31,27,27,27,50,37,77,63,63,63,63,77,77,59,59,59,55,55,50,45,45,68,51],"gold":213,"neow_bonus":"BOSS_RELIC","is_daily":false,"chose_seed":false,"campfire_upgraded":5,"win_rate":0.0,"timestamp":1610303419,"path_taken":["M","M","M","?","M","E","?","E","T","M","$","?","M","M","R","BOSS","M","M","$","M","$","R","M","E","T","M","?","M","R","M","R","BOSS","M","M","?","M","$","R","?","M","T","M","R","M","M","?","R","BOSS"],"items_purchased_type":["Relic"],"build_version":"2020-12-22","purchased_purges":4,"victory":true,"max_hp_per_floor":[72,72,72,72,72,72,72,72,72,72,72,72,72,72,72,72,72,72,72,72,72,72,72,77,77,77,77,77,77,77,77,77,77,77,77,77,77,77,77,77,77,77,77,77,77,77,77,77,77,77],"card_choices":[{"not_picked":["CutThroughFate","ClearTheMind"],"picked":"FearNoEvil","floor":1.0},{"not_picked":["JustLucky","EmptyFist","FearNoEvil"],"picked":"SKIP","floor":2.0},{"not_picked":["JustLucky","EmptyFist"],"picked":"Halt","floor":3.0},{"not_picked":["Judgement","CrushJoints"],"picked":"SashWhip","floor":4.0},{"not_picked":["Protect","SandsOfTime","ThirdEye"],"picked":"SKIP","floor":5.0},{"not_picked":["JustLucky","DevaForm","Brilliance"],"picked":"SKIP","floor":6.0},{"not_picked":["Tantrum","Halt"],"picked":"Adaptation","floor":8.0},{"not_picked":["EmptyFist","Perseverance"],"picked":"FlurryOfBlows","floor":10.0},{"not_picked":["Halt","EmptyMind","Protect"],"picked":"SKIP","floor":12.0},{"not_picked":["Swivel","Evaluate","Indignation"],"picked":"SKIP","floor":13.0},{"not_picked":["PathToVictory","FlurryOfBlows"],"picked":"BowlingBash","floor":14.0},{"not_picked":["Ragnarok","Devotion"],"picked":"Scrawl","floor":16.0},{"not_picked":["JustLucky","Halt"],"picked":"Wallop","floor":18.0},{"not_picked":["Prostrate","CrushJoints","JustLucky"],"picked":"SKIP","floor":19.0},{"not_picked":["FlyingSleeves+1","SashWhip","Collect+1"],"picked":"SKIP","floor":21.0},{"not_picked":["EmptyFist","PathToVictory+1"],"picked":"MentalFortress+1","floor":24.0},{"not_picked":["WheelKick","Meditate","InnerPeace+1"],"picked":"SKIP","floor":25.0},{"not_picked":["Consecrate+1","ForeignInfluence"],"picked":"Wallop+1","floor":27.0},{"not_picked":["WreathOfFlame","Devotion"],"picked":"FlurryOfBlows+1","floor":29.0},{"not_picked":["Evaluate+1","Halt+1"],"picked":"FollowUp+1","floor":31.0},{"not_picked":["ConjureBlade","MasterReality"],"picked":"Vault","floor":33.0},{"not_picked":["Halt","WindmillStrike+1","Sanctity+1"],"picked":"SKIP","floor":35.0},{"not_picked":["Consecrate+1","ClearTheMind+1","PathToVictory+1"],"picked":"SKIP","floor":36.0},{"not_picked":["Good Instincts","Chrysalis"],"picked":"Dramatic Entrance+1","floor":37.0},{"not_picked":["Prostrate","ForeignInfluence+1","Evaluate"],"picked":"SKIP","floor":38.0},{"not_picked":["SashWhip+1","PathToVictory","ClearTheMind"],"picked":"SKIP","floor":42.0},{"not_picked":["BowlingBash+1","CarveReality+1"],"picked":"TalkToTheHand+1","floor":44.0},{"not_picked":["MentalFortress+1","Crescendo","ClearTheMind+1"],"picked":"SKIP","floor":46.0},{"not_picked":["Sanctity","WreathOfFlame+1"],"picked":"DeusExMachina","floor":47.0}],"player_experience":278524,"relics_obtained":[{"floor":6.0,"key":"PreservedInsect"},{"floor":8.0,"key":"Akabeko"},{"floor":9.0,"key":"MealTicket"},{"floor":25.0,"key":"Whetstone"},{"floor":26.0,"key":"Molten Egg 2"},{"floor":41.0,"key":"StoneCalendar"},{"floor":43.0,"key":"CeramicFish"}],"event_choices":[{"cards_removed":["Strike_P"],"damage_healed":0.0,"max_hp_gain":0.0,"max_hp_loss":0.0,"gold_gain":0.0,"event_name":"Bonfire Elementals","player_choice":"Offered Basic","floor":7.0,"gold_loss":0.0,"damage_taken":0.0},{"damage_healed":0.0,"max_hp_gain":0.0,"max_hp_loss":0.0,"gold_gain":0.0,"event_name":"The Mausoleum","player_choice":"Ignored","floor":28.0,"gold_loss":0.0,"damage_taken":0.0},{"damage_healed":0.0,"max_hp_gain":0.0,"max_hp_loss":0.0,"gold_gain":0.0,"event_name":"SensoryStone","player_choice":"Memory 1","floor":37.0,"gold_loss":0.0,"damage_taken":0.0},{"damage_healed":0.0,"max_hp_gain":0.0,"max_hp_loss":0.0,"gold_gain":0.0,"event_name":"MindBloom","player_choice":"Fight","floor":41.0,"gold_loss":0.0,"damage_taken":0.0},{"damage_healed":0,"gold_gain":0,"player_choice":"Ignored","damage_taken":0,"max_hp_gain":0,"max_hp_loss":0,"event_name":"Mysterious Sphere","floor":48,"gold_loss":0}],"is_beta":false,"boss_relics":[{"not_picked":["Fusion Hammer","Snecko Eye","Runic Dome"]},{"not_picked":["Runic Pyramid","SlaversCollar"],"picked":"Sozu"}],"items_purged_floors":[11,20,22,39],"is_endless":false,"potions_floor_spawned":[2,3,8,12,16,18,21,24,33,36,42,44],"ascension_level":0}}