{"host":"ymknu7vcxiutstwp","time":1610321125,"event":{"mods":["AchievementEnabler","BaseMod","Colored Powertips","Curses Come First","Highlight Path","Minty Spire (QoL Compilation)","Permanent Neow","Relic Stats","StSLib"],"gold_per_floor":[16,34,51,70,86,86,86,86,86,86,103,113,65,15,15,113,113,123,143,68,68,80,80,98,98,143,143,159,190,220,230,230,230,230],"floor_reached":33,"playtime":4736,"items_purged":["Strike_G"],"score":498,"play_id":"7013bb22-43dc-4faa-81c9-f3538006ce57","local_time":"20210110232525","is_ascension_mode":true,"campfire_choices":[{"floor":6.0,"key":"REST"},{"floor":8.0,"key":"REST"},{"data":"Storm of Steel","floor":15.0,"key":"SMITH"},{"floor":23.0,"key":"REST"},{"data":"A Thousand Cuts","floor":25.0,"key":"SMITH"},{"data":"Calculated Gamble","floor":27.0,"key":"SMITH"},{"floor":32.0,"key":"REST"}],"circlet_count":0,"master_deck":["AscendersBane","Strike_G","Defend_G","Defend_G","Defend_G","Defend_G","Defend_G","Survivor","Neutralize","Infinite Blades","Storm of Steel+1","Infinite Blades","Blade Dance","Blade Dance","Backflip","Prepared","A Thousand Cuts+1","Prepared","Backstab","Backflip","PiercingWail","Calculated Gamble+1","Calculated Gamble","Calculated Gamble"],"relics":["Ring of the Serpent","Ninja Scroll","FossilizedHelix","Question Card","Ancient Tea Set","Tingsha","Red Mask"],"acts_visited":["Exordium","TheCity"],"potions_floor_usage":[33],"damage_taken":[{"damage":4.0,"enemies":"Cultist","floor":1.0,"turns":6.0},{"damage":1.0,"enemies":"Jaw Worm","floor":2.0,"turns":4.0},{"damage":1.0,"enemies":"2 Louse","floor":3.0,"turns":4.0},{"damage":17.0,"enemies":"Exordium Wildlife","floor":4.0,"turns":6.0},{"damage":3.0,"enemies":"Looter","floor":5.0,"turns":2.0},{"damage":3.0,"enemies":"Exordium Thugs","floor":11.0,"turns":5.0},{"damage":0.0,"enemies":"2 Fungi Beasts","floor":12.0,"turns":2.0},{"damage":0.0,"enemies":"Slime Boss","floor":16.0,"turns":6.0},{"damage":7.0,"enemies":"Shell Parasite","floor":18.0,"turns":5.0},{"damage":0.0,"enemies":"3 Byrds","floor":19.0,"turns":5.0},{"damage":17.0,"enemies":"Snecko","floor":22.0,"turns":4.0},{"damage":7.0,"enemies":"Cultist and Chosen","floor":24.0,"turns":6.0},{"damage":16.0,"enemies":"Snake Plant","floor":28.0,"turns":3.0},{"damage":14.0,"enemies":"Book of Stabbing","floor":29.0,"turns":4.0},{"damage":0.0,"enemies":"Masked Bandits","floor":30.0,"turns":2.0},{"damage":0.0,"enemies":"Centurion and Healer","floor":31.0,"turns":4.0},{"damage":75,"enemies":"Collector","floor":33,"turns":5}],"seed_played":"-1251726103298133337","potions_obtained":[{"floor":1.0,"key":"Ancient Potion"},{"floor":5.0,"key":"Poison Potion"},{"floor":12.0,"key":"Fruit Juice"},{"floor":19.0,"key":"SpeedPotion"},{"floor":31.0,"key":"ColorlessPotion"}],"is_trial":false,"path_per_floor":["M","M","M","M","M","R","?","R","T","T","M","M","$","?","R","B",null,"M","M","$","?","M","R","M","R","T","R","M","E","?","M","R","B"],"character_chosen":"THE_SILENT","items_purchased":["PowerPotion"],"campfire_rested":4,"item_purchase_floors":[13],"current_hp_per_floor":[59,58,57,40,37,58,40,61,61,61,58,63,63,63,63,63,72,65,65,65,65,48,70,63,63,63,63,47,33,33,33,55,0,0],"gold":230,"neow_bonus":"TRANSFORM_TWO_CARDS","is_daily":false,"chose_seed":false,"campfire_upgraded":3,"win_rate":0.0,"timestamp":1610321125,"path_taken":["M","?","M","M","M","R","?","R","T","?","M","M","$","?","R","BOSS","M","M","$","?","M","R","M","R","T","R","M","E","?","?","R","BOSS"],"items_purchased_type":["Potion"],"build_version":"2020-12-22","purchased_purges":1,"victory":false,"max_hp_per_floor":[70,70,70,70,70,70,70,70,70,70,70,75,75,75,75,75,75,75,75,75,75,75,75,75,75,75,75,75,75,75,75,75,75,75],"relic_stats":{"counters":[17,73],"Tingsha":[124],"Question Card":11,"obtain_stats":[{"Ninja Scroll":7,"Tingsha":29,"Red Mask":30,"Question Card":10,"Ancient Tea Set":26,"FossilizedHelix":9,"Ring of the Serpent":17,"Ring of the Snake":0},{"Ninja Scroll":5,"Tingsha":14,"Red Mask":15,"Question Card":5,"Ancient Tea Set":12,"FossilizedHelix":5,"Ring of the Serpent":8,"Ring of the Snake":0},{"Ninja Scroll":22,"Tingsha":62,"Red Mask":64,"Question Card":22,"Ancient Tea Set":55,"FossilizedHelix":22,"Ring of the Serpent":35,"Ring of the Snake":0}]},"card_choices":[{"not_picked":["PiercingWail","Reflex"],"picked":"Infinite Blades","floor":1.0},{"not_picked":["Quick Slash","Setup"],"picked":"Blade Dance","floor":2.0},{"not_picked":["Caltrops","Bouncing Flask"],"picked":"Blade Dance","floor":3.0},{"not_picked":["Cloak And Dagger","Catalyst"],"picked":"Backflip","floor":4.0},{"not_picked":["Deadly Poison","Quick Slash","Dagger Throw"],"picked":"SKIP","floor":5.0},{"not_picked":["Night Terror","Underhanded Strike","Heel Hook","Dagger Spray"],"picked":"SKIP","floor":11.0},{"not_picked":["Well Laid Plans","Tactician","Poisoned Stab"],"picked":"Prepared","floor":12.0},{"not_picked":["Doppelganger","Bullet Time","Die Die Die"],"picked":"A Thousand Cuts","floor":16.0},{"not_picked":["Caltrops","Heel Hook","Dodge and Roll"],"picked":"Prepared","floor":18.0},{"not_picked":["Underhanded Strike","Blur","Infinite Blades"],"picked":"Backstab","floor":19.0},{"not_picked":["Underhanded Strike+1","Outmaneuver","Well Laid Plans"],"picked":"PiercingWail","floor":22.0},{"not_picked":["Backflip","Concentrate","Reflex"],"picked":"Calculated Gamble","floor":24.0},{"not_picked":["Dagger Throw","Flying Knee","Tactician","Deadly Poison"],"picked":"SKIP","floor":28.0},{"not_picked":["Slice","Setup","Deadly Poison","Blur"],"picked":"SKIP","floor":29.0},{"not_picked":["Poisoned Stab","Outmaneuver","All Out Attack"],"picked":"Calculated Gamble","floor":30.0},{"not_picked":["Catalyst","Quick Slash+1","Slice"],"picked":"Calculated Gamble","floor":31.0}],"player_experience":660241,"relics_obtained":[{"floor":9.0,"key":"FossilizedHelix"},{"floor":10.0,"key":"Question Card"},{"floor":26.0,"key":"Ancient Tea Set"},{"floor":29.0,"key":"Tingsha"},{"floor":30.0,"key":"Red Mask"}],"event_choices":[{"damage_healed":0.0,"max_hp_gain":0.0,"max_hp_loss":0.0,"gold_gain":0.0,"event_name":"Scrap Ooze","player_choice":"Success","floor":7.0,"gold_loss":0.0,"damage_taken":18.0,"relics_obtained":["Ninja Scroll"]},{"cards_removed":["Strike_G"],"damage_healed":0.0,"max_hp_gain":0.0,"max_hp_loss":0.0,"gold_gain":0.0,"event_name":"The Cleric","player_choice":"Card Removal","floor":14.0,"gold_loss":50.0,"damage_taken":0.0},{"damage_healed":0.0,"max_hp_gain":0.0,"max_hp_loss":0.0,"gold_gain":0.0,"event_name":"The Library","player_choice":"Read","floor":21.0,"gold_loss":0.0,"damage_taken":0.0,"cards_obtained":["Backflip"]},{"damage_healed":0.0,"max_hp_gain":0.0,"max_hp_loss":0.0,"gold_gain":0.0,"event_name":"Masked Bandits","player_choice":"Fought Bandits","floor":30.0,"gold_loss":0.0,"damage_taken":0.0}],"is_beta":false,"boss_relics":[{"not_picked":["Tiny House","Coffee Dripper"],"picked":"Ring of the Serpent"}],"items_purged_floors":[20],"is_endless":false,"potions_floor_spawned":[1,5,12,19,24,31],"killed_by":"Collector","ascension_level":12}}