{"host":"w9yruvs4bqht6bhw","time":1610239305,"event":{"mods":["BaseMod","Colored Powertips","Minty Spire (QoL Compilation)"],"gold_per_floor":[117,137,137,154,5,38,38,38,38,49,65,65,96,113,113,113,113],"floor_reached":16,"playtime":464,"items_purged":[],"score":157,"play_id":"991db59d-d50f-4e2b-9f32-63d3afb46c97","local_time":"20210109194145","is_ascension_mode":true,"campfire_choices":[{"data":"Armaments","floor":7,"key":"SMITH"},{"floor":12,"key":"REST"},{"data":"Dramatic Entrance","floor":15,"key":"SMITH"}],"circlet_count":0,"master_deck":["Strike_R","Strike_R","Strike_R","Strike_R","Strike_R","Defend_R","Defend_R","Defend_R","Bash","Dramatic Entrance+1","Armaments+1","Shrug It Off","Battle Trance","Spot Weakness","Shrug It Off"],"relics":["Burning Blood","Akabeko","StrikeDummy","Omamori","Pantograph"],"acts_visited":["Exordium"],"potions_floor_usage":[6,16,16],"damage_taken":[{"damage":6,"enemies":"Cultist","floor":1,"turns":3},{"damage":10,"enemies":"2 Louse","floor":2,"turns":2},{"damage":2,"enemies":"Small Slimes","floor":4,"turns":3},{"damage":8,"enemies":"Gremlin Nob","floor":6,"turns":3},{"damage":9,"enemies":"Exordium Thugs","floor":10,"turns":5},{"damage":0,"enemies":"2 Fungi Beasts","floor":11,"turns":1},{"damage":10,"enemies":"3 Sentries","floor":13,"turns":4},{"damage":8,"enemies":"Blue Slaver","floor":14,"turns":3},{"damage":80,"enemies":"Hexaghost","floor":16,"turns":12}],"seed_played":"-4170008837528150853","potions_obtained":[{"floor":1,"key":"BlessingOfTheForge"},{"floor":4,"key":"Strength Potion"},{"floor":11,"key":"Dexterity Potion"}],"is_trial":false,"path_per_floor":["M","M","$","M","$","E","R","?","T","M","M","R","E","M","R","B"],"character_chosen":"IRONCLAD","items_purchased":["Akabeko"],"campfire_rested":1,"item_purchase_floors":[5],"current_hp_per_floor":[72,68,68,72,72,70,70,70,70,67,73,80,76,74,74,0,0],"gold":113,"neow_bonus":"RANDOM_COLORLESS","is_daily":false,"chose_seed":false,"campfire_upgraded":2,"win_rate":0.0,"timestamp":1610239305,"path_taken":["M","M","?","?","$","E","R","?","T","M","M","R","E","M","R","BOSS"],"items_purchased_type":["Relic"],"build_version":"2020-12-22","purchased_purges":0,"victory":false,"max_hp_per_floor":[80,80,80,80,80,80,80,80,80,80,80,80,80,80,80,80,80],"card_choices":[{"not_picked":["Deep Breath","Panacea"],"picked":"Dramatic Entrance","floor":0},{"not_picked":["Clothesline","Clash"],"picked":"Armaments","floor":1},{"not_picked":["Wild Strike","Flex","Whirlwind"],"picked":"SKIP","floor":2},{"not_picked":["Heavy Blade","Havoc","Body Slam"],"picked":"SKIP","floor":4},{"not_picked":["Exhume","Rupture"],"picked":"Shrug It Off","floor":6},{"not_picked":["Perfected Strike","Clash"],"picked":"Battle Trance","floor":10},{"not_picked":["Anger","Perfected Strike"],"picked":"Spot Weakness","floor":11},{"not_picked":["Wild Strike","True Grit","Clothesline"],"picked":"SKIP","floor":13},{"not_picked":["Spot Weakness","Cleave"],"picked":"Shrug It Off","floor":14}],"player_experience":361977,"relics_obtained":[{"floor":6,"key":"StrikeDummy"},{"floor":9,"key":"Omamori"},{"floor":13,"key":"Pantograph"}],"event_choices":[{"cards_removed":["Defend_R"],"damage_healed":0,"gold_gain":0,"player_choice":"Forget","damage_taken":0,"max_hp_gain":0,"max_hp_loss":0,"event_name":"Living Wall","floor":8,"gold_loss":0}],"is_beta":false,"boss_relics":[],"items_purged_floors":[],"is_endless":false,"potions_floor_spawned":[1,4,11],"killed_by":"Hexaghost","ascension_level":8}}