{"host":"7gewg82ormp6yt4e","time":1610287111,"event":{"mods":["BaseMod","Block Reminder","Colored Map","Colored Powertips","DeckTracker","Highlight Path","Minty Spire (QoL Compilation)","Relic Stats","StSLib","ojb\u0027s Info Mod"],"gold_per_floor":[17,27,44,44,59,59,73,102,102,135,135,135,170,170,170,266,266,287,303,303,303,303],"floor_reached":21,"playtime":1157,"items_purged":[],"score":398,"play_id":"70b46612-330d-4b4b-9dfb-bcc803c283e3","local_time":"20210110225831","is_ascension_mode":true,"campfire_choices":[{"data":"Barrage","floor":6,"key":"SMITH"},{"floor":12,"key":"REST"},{"data":"Creative AI","floor":15,"key":"SMITH"}],"circlet_count":0,"master_deck":["AscendersBane","Strike_B","Strike_B","Defend_B","Defend_B","Defend_B","Defend_B","Zap","Dualcast","Glacier","Conserve Battery","Barrage+1","Chill","Ball Lightning","Multi-Cast+1","Stack+1","Creative AI+1","Pain","Core Surge","Turbo+1","Turbo+1","Lockon","Force Field+1"],"relics":["Cracked Core","Torii","Dream Catcher","Toxic Egg 2","The Courier","Golden Idol","Mercury Hourglass","WarpedTongs","Runic Pyramid"],"acts_visited":["Exordium","TheCity"],"potions_floor_usage":[8,13,16,21],"damage_taken":[{"damage":2,"enemies":"2 Louse","floor":1,"turns":3},{"damage":1,"enemies":"Small Slimes","floor":2,"turns":3},{"damage":0,"enemies":"Cultist","floor":3,"turns":4},{"damage":1,"enemies":"Large Slime","floor":5,"turns":7},{"damage":0,"enemies":"2 Fungi Beasts","floor":7,"turns":4},{"damage":15,"enemies":"Lagavulin","floor":8,"turns":9},{"damage":8,"enemies":"3 Sentries","floor":10,"turns":8},{"damage":30,"enemies":"Gremlin Nob","floor":13,"turns":4},{"damage":12,"enemies":"Hexaghost","floor":16,"turns":10},{"damage":20,"enemies":"3 Byrds","floor":18,"turns":4},{"damage":27,"enemies":"Shell Parasite","floor":19,"turns":6},{"damage":45,"enemies":"Cultist and Chosen","floor":21,"turns":3}],"seed_played":"7415690845410398182","potions_obtained":[{"floor":1,"key":"BlessingOfTheForge"},{"floor":2,"key":"FairyPotion"},{"floor":8,"key":"Energy Potion"},{"floor":13,"key":"DistilledChaos"},{"floor":19,"key":"Block Potion"}],"is_trial":false,"path_per_floor":["M","M","M","?","M","R","M","E","T","E","?","R","E","?","R","B",null,"M","M","?","M"],"character_chosen":"DEFECT","items_purchased":[],"campfire_rested":1,"item_purchase_floors":[],"current_hp_per_floor":[62,61,61,66,65,65,65,50,50,42,42,62,32,32,32,20,57,37,10,10,0,0],"gold":303,"neow_bonus":"ONE_RARE_RELIC","is_daily":false,"chose_seed":false,"campfire_upgraded":2,"win_rate":0.0,"timestamp":1610287111,"path_taken":["M","M","M","?","M","R","M","E","T","E","?","R","E","?","R","BOSS","M","?","?","M"],"items_purchased_type":[],"build_version":"2020-12-22","purchased_purges":0,"victory":false,"max_hp_per_floor":[71,71,71,76,76,76,76,76,76,76,69,69,69,69,69,69,69,69,69,69,69,69],"relic_stats":{"Dream Catcher":1,"Torii":18,"counters":[12,65],"Golden Idol":33,"obtain_stats":[{"Dream Catcher":8,"Torii":0,"Golden Idol":11,"The Courier":10,"Toxic Egg 2":9,"Cracked Core":0,"Mercury Hourglass":13,"WarpedTongs":14,"Runic Pyramid":17},{"Dream Catcher":6,"Torii":0,"Golden Idol":7,"The Courier":7,"Toxic Egg 2":6,"Cracked Core":0,"Mercury Hourglass":8,"WarpedTongs":8,"Runic Pyramid":9},{"Dream Catcher":30,"Torii":0,"Golden Idol":38,"The Courier":38,"Toxic Egg 2":30,"Cracked Core":0,"Mercury Hourglass":42,"WarpedTongs":42,"Runic Pyramid":52}],"Mercury Hourglass":[75],"WarpedTongs":[23]},"card_choices":[{"not_picked":["Aggregate","Steam"],"picked":"Glacier","floor":1},{"not_picked":["Reprogram","Turbo"],"picked":"Conserve Battery","floor":2},{"not_picked":["Turbo","Sweeping Beam"],"picked":"Barrage","floor":3},{"not_picked":["Conserve Battery","Heatsinks"],"picked":"Chill","floor":5},{"not_picked":["BootSequence","Auto Shields","Amplify"],"picked":"SKIP","floor":7},{"not_picked":["Rebound","Leap"],"picked":"Ball Lightning","floor":8},{"not_picked":["Barrage","Cold Snap"],"picked":"Multi-Cast+1","floor":10},{"not_picked":["Go for the Eyes","Force Field+1"],"picked":"Stack+1","floor":12},{"not_picked":["Loop","Leap+1"],"picked":"Creative AI","floor":13},{"not_picked":["All For One","Buffer"],"picked":"Core Surge","floor":16},{"not_picked":["Conserve Battery+1","Cold Snap"],"picked":"Turbo+1","floor":18},{"not_picked":["Genetic Algorithm+1","Stack+1"],"picked":"Turbo+1","floor":19}],"player_experience":2525189,"relics_obtained":[{"floor":8,"key":"Dream Catcher"},{"floor":9,"key":"Toxic Egg 2"},{"floor":10,"key":"The Courier"},{"floor":13,"key":"Mercury Hourglass"}],"event_choices":[{"damage_healed":0,"gold_gain":0,"player_choice":"Donut","damage_taken":0,"max_hp_gain":5,"max_hp_loss":0,"event_name":"Big Fish","floor":4,"gold_loss":0},{"damage_healed":0,"gold_gain":0,"player_choice":"Lose Max HP","damage_taken":0,"relics_obtained":["Golden Idol"],"max_hp_gain":0,"max_hp_loss":7,"event_name":"Golden Idol","floor":11,"gold_loss":0},{"damage_healed":0,"gold_gain":0,"player_choice":"Rummage","damage_taken":0,"relics_obtained":["WarpedTongs"],"max_hp_gain":0,"max_hp_loss":0,"event_name":"Accursed Blacksmith","floor":14,"gold_loss":0,"cards_obtained":["Pain"]},{"damage_healed":0,"gold_gain":0,"cards_transformed":["Strike_B","Strike_B"],"player_choice":"Became Test Subject","damage_taken":0,"max_hp_gain":0,"max_hp_loss":0,"event_name":"Drug Dealer","floor":20,"gold_loss":0,"cards_obtained":["Lockon","Force Field"]}],"is_beta":false,"boss_relics":[{"not_picked":["Velvet Choker","Nuclear Battery"],"picked":"Runic Pyramid"}],"items_purged_floors":[],"is_endless":false,"potions_floor_spawned":[1,2,3,8,13,19],"killed_by":"Cultist and Chosen","ascension_level":20}}