{"host":"9kesdg97wkrx2bva","time":1610266533,"event":{"mods":["AchievementEnabler","BaseMod","Colored Map","Downfall","GifTheSpireLib","Infinite Spire","Minty Spire (QoL Compilation)","Replay The Spire","StSLib"],"gold_per_floor":[119,119,134,7,19,19,50,65,92,92,104,120,133,133,133,229,229,249,149,169,182,202,202,122,122,122,122,140,158,158,158],"floor_reached":30,"playtime":733,"items_purged":["Strike_B","Strike_B"],"score":286,"play_id":"4ccb64a5-384d-4ab0-aa05-5e071e237700","local_time":"20210110031533","is_ascension_mode":false,"campfire_choices":[{"data":"Chaos","floor":6,"key":"SMITH"},{"floor":10,"key":"REST"},{"data":"Defragment","floor":15,"key":"SMITH"},{"data":"ReplayTheSpireMod:Calculation Training","floor":23,"key":"SMITH"},{"data":"Rainbow","floor":25,"key":"SMITH"}],"circlet_count":0,"master_deck":["Defend_B","Defend_B","Defend_B","Zap","Dualcast","Barrage","Chaos+1","Cold Snap","Compile Driver","Barrage","Loop","ReplayTheSpireMod:Calculation Training+1","Defragment+1","ReplayTheSpireMod:Calculation Training","Rainbow+1","Undo+1","Barrage+1","FIFO Queue","Mirror Shield","FIFO Queue+1"],"relics":["Cracked Core","Akabeko","Oddly Smooth Stone","Philosopher\u0027s Stone","infinitespire:PuzzleCube"],"acts_visited":["Exordium","TheCity"],"potions_floor_usage":[16,16,16,22,30,30],"damage_taken":[{"damage":1,"enemies":"Jaw Worm","floor":1,"turns":3},{"damage":13,"enemies":"infinitespire:Voidling","floor":3,"turns":3},{"damage":0,"enemies":"Cultist","floor":5,"turns":3},{"damage":18,"enemies":"Replay:BlueRogue","floor":7,"turns":4},{"damage":9,"enemies":"2 Fungi Beasts","floor":8,"turns":2},{"damage":8,"enemies":"Lots of Slimes","floor":11,"turns":4},{"damage":0,"enemies":"Blue Slaver","floor":12,"turns":1},{"damage":0,"enemies":"2 Fungi Beasts","floor":13,"turns":2},{"damage":0,"enemies":"Slime Boss","floor":16,"turns":5},{"damage":2,"enemies":"Shell Parasite","floor":18,"turns":4},{"damage":9,"enemies":"Chosen","floor":20,"turns":4},{"damage":7,"enemies":"Snake Plant","floor":21,"turns":3},{"damage":12,"enemies":"3 Cultists","floor":22,"turns":6},{"damage":4,"enemies":"Chosen and Byrds","floor":28,"turns":4},{"damage":20,"enemies":"Snake Plant","floor":29,"turns":3},{"damage":26,"enemies":"Snecko","floor":30,"turns":3}],"seed_played":"3154455696422221685","potions_obtained":[{"floor":2,"key":"Doom Potion"},{"floor":2,"key":"FocusPotion"},{"floor":2,"key":"EssenceOfDarkness"},{"floor":11,"key":"Fire Potion"},{"floor":12,"key":"PowerPotion"},{"floor":20,"key":"BlessingOfTheForge"},{"floor":22,"key":"Fire Potion"},{"floor":29,"key":"Elixir"}],"is_trial":false,"path_per_floor":["M","?","M","$","M","R","E","M","T","R","M","M","M","?","R","B",null,"M","$","M","M","M","R","$","R","T","?","M","M","M"],"character_chosen":"DEFECT","items_purchased":["Cold Snap","FIFO Queue"],"campfire_rested":1,"item_purchase_floors":[4,24],"current_hp_per_floor":[53,53,44,44,44,44,26,17,17,39,31,31,31,31,31,31,75,73,73,64,57,45,45,45,45,45,45,41,21,0,0],"gold":158,"neow_bonus":"REMOVE_TWO","is_daily":false,"chose_seed":false,"campfire_upgraded":4,"win_rate":0.0,"timestamp":1610266533,"path_taken":["M","?","M","$","M","R","E","M","T","R","M","?","M","?","R","BOSS","M","$","M","M","M","R","$","R","T","?","?","M","M"],"items_purchased_type":["Card","Card"],"build_version":"2020-12-22","purchased_purges":2,"victory":false,"max_hp_per_floor":[75,75,75,75,75,75,75,75,75,75,75,75,75,75,75,75,75,75,75,75,75,75,75,75,75,75,75,75,75,75,75],"card_choices":[{"not_picked":["Conserve Battery","Reprogram"],"picked":"Barrage","floor":1},{"not_picked":["Barrage","Undo"],"picked":"Chaos","floor":3},{"not_picked":["Panic Button","Gash"],"picked":"Compile Driver","floor":5},{"not_picked":["Hologram","Doom and Gloom"],"picked":"Barrage","floor":7},{"not_picked":["Streamline","Self Repair"],"picked":"Loop","floor":8},{"not_picked":["Buffer","Crystallizer"],"picked":"ReplayTheSpireMod:Calculation Training","floor":11},{"not_picked":["Hologram","Redo"],"picked":"Defragment","floor":12},{"not_picked":["Redo","BasicCrystalCard"],"picked":"ReplayTheSpireMod:Calculation Training","floor":13},{"not_picked":["Seek","All For One"],"picked":"Rainbow","floor":16},{"not_picked":["Streamline","Steam"],"picked":"Undo+1","floor":18},{"not_picked":["Tempest","Ball Lightning"],"picked":"Barrage+1","floor":20},{"not_picked":["Turbo+1","Cold Snap","Redo"],"picked":"SKIP","floor":21},{"not_picked":["Conserve Battery","Streamline","Rebound"],"picked":"SKIP","floor":22},{"not_picked":["Scrape","Go for the Eyes+1"],"picked":"Mirror Shield","floor":28},{"not_picked":["Compile Driver","Gash"],"picked":"FIFO Queue+1","floor":29}],"player_experience":914482,"relics_obtained":[{"floor":7,"key":"Akabeko"},{"floor":9,"key":"Oddly Smooth Stone"},{"floor":26,"key":"infinitespire:PuzzleCube"}],"event_choices":[{"damage_healed":0,"gold_gain":0,"player_choice":"Got Potions","damage_taken":0,"max_hp_gain":0,"max_hp_loss":0,"event_name":"Lab","floor":2,"gold_loss":0},{"damage_healed":0,"gold_gain":0,"player_choice":"Ignored","damage_taken":0,"max_hp_gain":0,"max_hp_loss":0,"event_name":"Transmorgrifier","floor":27,"gold_loss":0}],"is_beta":false,"boss_relics":[{"not_picked":["ChewingGum","Runic Pyramid"],"picked":"Philosopher\u0027s Stone"}],"items_purged_floors":[4,19],"is_endless":false,"potions_floor_spawned":[3,5,11,12,20,22,29],"killed_by":"Snecko","ascension_level":0}}