{"host":"4qkvkh7pd9qr2mca","time":1610307844,"event":{"mods":["AchievementEnabler","BaseMod","Colored Map","Colored Powertips","Highlight Path","Minty Spire (QoL Compilation)","Permanent Neow","Quick Restart","StSLib","SuperFastMode"],"gold_per_floor":[115,134,134,151,170,170,202,214,253,300,330,64,80,108,108,181,181,193,193,204,218,235,235,261,14,38,49,69,69,97,107,107,182,182,201,49,64,77,77,77],"floor_reached":39,"playtime":2327,"items_purged":["Strike_G","Strike_G"],"score":894,"play_id":"9d90fa56-652d-4560-8667-60699635eed0","local_time":"20210110204404","is_ascension_mode":true,"campfire_choices":[{"floor":6.0,"key":"REST"},{"data":"Apotheosis","floor":8,"key":"SMITH"},{"floor":15,"key":"REST"},{"floor":23,"key":"REST"},{"floor":29,"key":"REST"},{"floor":32,"key":"REST"}],"circlet_count":0,"master_deck":["AscendersBane","Strike_G","Defend_G","Defend_G","Defend_G","Defend_G","Defend_G","Survivor","Neutralize","Apotheosis+1","Deadly Poison","Blade Dance","Night Terror","Slice","Dagger Spray","Flying Knee","Noxious Fumes","Acrobatics","Bullet Time","Accuracy","Well Laid Plans","PiercingWail","PiercingWail","Choke","Slice","Endless Agony","After Image","Accuracy","Blade Dance","Riddle With Holes+1","Finisher"],"relics":["Ring of the Snake","MawBank","Art of War","Ancient Tea Set","Shuriken","Regal Pillow","Fusion Hammer","Singing Bowl","Happy Flower","Boot","The Specimen","Cursed Key"],"acts_visited":["Exordium","TheCity","TheBeyond"],"potions_floor_usage":[7,14,16,20,24,28,33,38],"damage_taken":[{"damage":0.0,"enemies":"Cultist","floor":1.0,"turns":4.0},{"damage":5.0,"enemies":"Small Slimes","floor":2.0,"turns":4.0},{"damage":1.0,"enemies":"2 Louse","floor":4.0,"turns":4.0},{"damage":12.0,"enemies":"Large Slime","floor":5.0,"turns":4.0},{"damage":9,"enemies":"Gremlin Nob","floor":7,"turns":4},{"damage":7,"enemies":"Lagavulin","floor":10,"turns":5},{"damage":8,"enemies":"Red Slaver","floor":11,"turns":4},{"damage":0,"enemies":"2 Fungi Beasts","floor":13,"turns":2},{"damage":3,"enemies":"Gremlin Nob","floor":14,"turns":3},{"damage":4,"enemies":"Hexaghost","floor":16,"turns":7},{"damage":10,"enemies":"Shell Parasite","floor":18,"turns":2},{"damage":13,"enemies":"Chosen","floor":20,"turns":5},{"damage":0,"enemies":"3 Cultists","floor":21,"turns":3},{"damage":12,"enemies":"Snake Plant","floor":22,"turns":7},{"damage":10,"enemies":"Gremlin Leader","floor":24,"turns":6},{"damage":9,"enemies":"Snecko","floor":27,"turns":5},{"damage":0,"enemies":"Centurion and Healer","floor":28,"turns":3},{"damage":39,"enemies":"Slavers","floor":30,"turns":6},{"damage":15,"enemies":"Chosen and Byrds","floor":31,"turns":4},{"damage":41,"enemies":"Champ","floor":33,"turns":9},{"damage":1,"enemies":"Orb Walker","floor":35,"turns":3},{"damage":14,"enemies":"3 Shapes","floor":37,"turns":8},{"damage":4,"enemies":"Writhing Mass","floor":38,"turns":3},{"damage":54,"enemies":"Transient","floor":39,"turns":5}],"seed_played":"5726060844055542458","potions_obtained":[{"floor":4.0,"key":"AttackPotion"},{"floor":5.0,"key":"Strength Potion"},{"floor":10,"key":"Fire Potion"},{"floor":11,"key":"Dexterity Potion"},{"floor":14,"key":"SkillPotion"},{"floor":21,"key":"FearPotion"},{"floor":22,"key":"Swift Potion"},{"floor":27,"key":"Regen Potion"},{"floor":28,"key":"Fruit Juice"},{"floor":31,"key":"SpeedPotion"},{"floor":37,"key":"CunningPotion"}],"is_trial":false,"path_per_floor":["M","M","?","M","M","R","E","R","T","E","M","$","M","E","R","B",null,"M","?","M","M","M","R","E","$","T","M","M","R","E","M","R","B",null,"M","$","M","M","M"],"character_chosen":"THE_SILENT","items_purchased":["Shuriken","Happy Flower","Blade Dance"],"campfire_rested":5,"item_purchase_floors":[12,25,36],"current_hp_per_floor":[44,39,32,31,19,38,29,29,29,22,14,14,14,11,45,41,60,50,50,37,37,25,59,49,49,49,42,49,75,36,21,58,32,64,63,63,49,45,0,0],"gold":77,"neow_bonus":"RANDOM_COLORLESS_2","is_daily":false,"chose_seed":false,"campfire_upgraded":1,"win_rate":0.0,"timestamp":1610307844,"path_taken":["M","M","?","M","M","R","E","R","T","E","M","$","M","E","R","BOSS","M","?","M","M","M","R","E","$","T","M","M","R","E","?","R","BOSS","M","$","M","M","M"],"items_purchased_type":["Relic","Relic","Card"],"build_version":"2020-12-22","purchased_purges":2,"victory":false,"max_hp_per_floor":[66,66,66,66,66,66,66,66,66,66,66,66,66,66,66,66,66,66,66,66,66,66,66,66,66,66,68,75,75,75,75,75,75,75,75,75,75,75,75,75],"card_choices":[{"not_picked":["The Bomb","Transmutation"],"picked":"Apotheosis","floor":0.0},{"not_picked":["Outmaneuver","Dagger Throw"],"picked":"Deadly Poison","floor":1.0},{"not_picked":["Flechettes","Expertise"],"picked":"Blade Dance","floor":2.0},{"not_picked":["Dodge and Roll","Quick Slash"],"picked":"Night Terror","floor":4.0},{"not_picked":["Acrobatics","Prepared"],"picked":"Slice","floor":5.0},{"not_picked":["Bane","Choke"],"picked":"Dagger Spray","floor":7},{"not_picked":["Outmaneuver","Bane","Skewer"],"picked":"SKIP","floor":10},{"not_picked":["Slice","Sucker Punch"],"picked":"Flying Knee","floor":11},{"not_picked":["Cloak And Dagger","Flying Knee"],"picked":"Noxious Fumes","floor":13},{"not_picked":["Sucker Punch","Masterful Stab"],"picked":"Acrobatics","floor":14},{"not_picked":["Unload","Tools of the Trade"],"picked":"Bullet Time","floor":16},{"not_picked":["Deflect","Cloak And Dagger+1"],"picked":"Accuracy","floor":18},{"not_picked":["Terror","Crippling Poison"],"picked":"Well Laid Plans","floor":20},{"not_picked":["Quick Slash","Backstab"],"picked":"PiercingWail","floor":21},{"not_picked":["Acrobatics","Underhanded Strike"],"picked":"PiercingWail","floor":22},{"not_picked":["Backflip","Deadly Poison"],"picked":"Choke","floor":24},{"not_picked":["Bouncing Flask","Backflip","Skewer"],"picked":"Singing Bowl","floor":27},{"not_picked":["Quick Slash","Deflect","Masterful Stab"],"picked":"Singing Bowl","floor":28},{"not_picked":["Prepared","Skewer"],"picked":"Slice","floor":30},{"not_picked":["Cloak And Dagger","Outmaneuver"],"picked":"Endless Agony","floor":31},{"not_picked":["Envenom","Bullet Time"],"picked":"After Image","floor":33},{"not_picked":["Calculated Gamble","Acrobatics"],"picked":"Accuracy","floor":35},{"not_picked":["Sucker Punch","Poisoned Stab+1"],"picked":"Riddle With Holes+1","floor":37},{"not_picked":["Calculated Gamble","Flying Knee"],"picked":"Finisher","floor":38}],"player_experience":535946,"relics_obtained":[{"floor":7,"key":"MawBank"},{"floor":9,"key":"Art of War"},{"floor":10,"key":"Ancient Tea Set"},{"floor":14,"key":"Regal Pillow"},{"floor":24,"key":"Singing Bowl"},{"floor":26,"key":"Boot"},{"floor":30,"key":"The Specimen"}],"event_choices":[{"cards_removed":["Strike_G"],"damage_healed":0.0,"max_hp_gain":0.0,"max_hp_loss":0.0,"gold_gain":0.0,"event_name":"Golden Wing","player_choice":"Card Removal","floor":3.0,"gold_loss":0.0,"damage_taken":7.0},{"cards_removed":["Strike_G"],"damage_healed":0,"gold_gain":0,"player_choice":"Purged","damage_taken":0,"max_hp_gain":0,"max_hp_loss":0,"event_name":"Purifier","floor":19,"gold_loss":0}],"is_beta":false,"boss_relics":[{"not_picked":["Busted Crown","Black Star"],"picked":"Fusion Hammer"},{"not_picked":["Coffee Dripper","Snecko Eye"],"picked":"Cursed Key"}],"items_purged_floors":[25,36],"is_endless":false,"potions_floor_spawned":[4,5,10,11,13,14,21,22,27,28,31,37],"killed_by":"Transient","ascension_level":20}}