{"host":"w3x3n9s6mrz4xpf0","time":1610275657,"event":{"mods":["BaseMod","Minty Spire (QoL Compilation)","StSLib","SuperFastMode"],"gold_per_floor":[161,177,177,177,177,177,197,213,236,252,275,298,298,317,317,408,408,431,451,451,476,476,476],"floor_reached":22,"playtime":1303,"items_purged":[],"score":364,"play_id":"dfa2e989-45cc-48b7-9970-c7762f64c24a","local_time":"20210110194737","is_ascension_mode":true,"campfire_choices":[{"data":"Backstab","floor":6,"key":"SMITH"},{"data":"Tactician","floor":13,"key":"SMITH"},{"data":"Skewer","floor":15,"key":"SMITH"}],"circlet_count":0,"master_deck":["AscendersBane","Strike_G","Strike_G","Strike_G+1","Strike_G","Strike_G","Defend_G","Defend_G","Defend_G","Defend_G","Defend_G","Survivor","Neutralize","Tactician+1","Dagger Throw","Backstab+1","Skewer+1","Leg Sweep","Acrobatics+1","Grand Finale"],"relics":["Tiny House","Dream Catcher","Golden Idol","Toy Ornithopter","Cursed Key"],"acts_visited":["Exordium","TheCity"],"potions_floor_usage":[10,16,16,18],"damage_taken":[{"damage":0,"enemies":"Cultist","floor":1,"turns":4},{"damage":2,"enemies":"2 Louse","floor":2,"turns":4},{"damage":1,"enemies":"Small Slimes","floor":7,"turns":3},{"damage":9,"enemies":"Blue Slaver","floor":8,"turns":4},{"damage":10,"enemies":"Lots of Slimes","floor":10,"turns":3},{"damage":4,"enemies":"Gremlin Gang","floor":11,"turns":7},{"damage":1,"enemies":"Blue Slaver","floor":12,"turns":4},{"damage":2,"enemies":"Lots of Slimes","floor":14,"turns":7},{"damage":39,"enemies":"The Guardian","floor":16,"turns":19},{"damage":0,"enemies":"Spheric Guardian","floor":18,"turns":2},{"damage":35,"enemies":"Shell Parasite","floor":19,"turns":6},{"damage":19,"enemies":"Shelled Parasite and Fungi","floor":21,"turns":4},{"damage":26,"enemies":"Centurion and Healer","floor":22,"turns":3}],"seed_played":"790909765996026853","potions_obtained":[{"floor":0,"key":"Fruit Juice"},{"floor":1,"key":"DistilledChaos"},{"floor":14,"key":"Block Potion"},{"floor":16,"key":"Fire Potion"},{"floor":18,"key":"FairyPotion"}],"is_trial":false,"path_per_floor":["M","M","?","?","?","R","M","M","T","M","M","M","R","M","R","B",null,"M","M","?","M","M"],"character_chosen":"THE_SILENT","items_purchased":[],"campfire_rested":0,"item_purchase_floors":[],"current_hp_per_floor":[64,62,51,51,51,51,50,41,41,41,37,36,36,34,34,5,53,58,23,23,4,0,0],"gold":476,"neow_bonus":"BOSS_RELIC","is_daily":false,"chose_seed":false,"campfire_upgraded":3,"win_rate":0.0,"timestamp":1610275657,"path_taken":["M","?","?","?","?","R","M","M","T","M","M","M","R","M","R","BOSS","M","M","?","M","M"],"items_purchased_type":[],"build_version":"2020-12-22","purchased_purges":0,"victory":false,"max_hp_per_floor":[71,71,71,71,64,64,64,64,64,69,69,69,69,69,69,69,69,69,69,69,69,69,69],"card_choices":[{"not_picked":["Slice","Concentrate"],"picked":"Tactician","floor":0},{"not_picked":["PiercingWail","Slice"],"picked":"Dagger Throw","floor":1},{"not_picked":["Calculated Gamble","Quick Slash"],"picked":"Backstab","floor":2},{"not_picked":["Predator","PiercingWail","Flying Knee"],"picked":"SKIP","floor":7},{"not_picked":["PiercingWail","Tactician"],"picked":"Skewer","floor":8},{"not_picked":["Slice","Blade Dance","Finisher"],"picked":"SKIP","floor":10},{"not_picked":["Slice","Bane"],"picked":"Leg Sweep","floor":11},{"not_picked":["Leg Sweep","Terror"],"picked":"Acrobatics","floor":12},{"not_picked":["Dagger Throw","Concentrate","Blur"],"picked":"SKIP","floor":14},{"not_picked":["After Image","Wraith Form v2"],"picked":"Grand Finale","floor":16},{"not_picked":["Masterful Stab","Deadly Poison","Leg Sweep"],"picked":"SKIP","floor":18},{"not_picked":["Slice+1","Caltrops","Bouncing Flask"],"picked":"SKIP","floor":19},{"not_picked":["Leg Sweep","Slice","Acrobatics"],"picked":"SKIP","floor":21}],"player_experience":132744,"relics_obtained":[{"floor":9,"key":"Toy Ornithopter"}],"event_choices":[{"damage_healed":0,"gold_gain":0,"player_choice":"Success","damage_taken":11,"relics_obtained":["Dream Catcher"],"max_hp_gain":0,"max_hp_loss":0,"event_name":"Scrap Ooze","floor":3,"gold_loss":0},{"damage_healed":0,"gold_gain":0,"player_choice":"Ignored","damage_taken":0,"max_hp_gain":0,"max_hp_loss":0,"event_name":"Liars Game","floor":4,"gold_loss":0},{"damage_healed":0,"gold_gain":0,"player_choice":"Lose Max HP","damage_taken":0,"relics_obtained":["Golden Idol"],"max_hp_gain":0,"max_hp_loss":7,"event_name":"Golden Idol","floor":5,"gold_loss":0},{"damage_healed":0,"gold_gain":0,"player_choice":"Forge","damage_taken":0,"max_hp_gain":0,"max_hp_loss":0,"event_name":"Accursed Blacksmith","floor":20,"gold_loss":0,"cards_upgraded":["Acrobatics"]}],"is_beta":false,"boss_relics":[{"not_picked":["WristBlade","Velvet Choker"],"picked":"Cursed Key"}],"items_purged_floors":[],"is_endless":false,"potions_floor_spawned":[1,2,14,16,18],"killed_by":"Centurion and Healer","ascension_level":20}}