{"host":"njruw0b0uprlitpx","time":1610243954,"event":{"mods":["2.2 Compatiblity","Bartender","BaseMod","Better Altar","Better Match","Better Note","Better Sensory Stone","Better Skull","Better Third Choice","Block Reminder","Colored Map","Colored Powertips","Downfall","Energized Spire","Jedi Mod","Keyboard Shortcuts","Minty Spire (QoL Compilation)","Quick Restart","Rare Cards Sparkle","Relic Stats","Replay The Spire","SacredBarkPlus","Spicy Shops","StSLib","SuperFastMode"],"gold_per_floor":[116,116,132,146,96,121,121,121,121,121,121,139,166,7,7,103,103,123,14,92,92,102,102,131,131,131,144,161,177,177,277,277,376,376,394,394,11,29,43,76,76,111,111,111,129,28,28,28,28,28],"floor_reached":51,"playtime":8286,"items_purged":["Normality","Pride","Strike_Bartender"],"score":1127,"play_id":"b9cc10b9-a445-4ad0-98c9-bdc846d2836e","local_time":"20210109195914","is_ascension_mode":true,"campfire_choices":[{"floor":8,"key":"REST"},{"floor":10,"key":"REST"},{"floor":15,"key":"REST"},{"data":"expansioncontent:LastStand","floor":23,"key":"SMITH"},{"data":"Dolphin_Blow","floor":25,"key":"SMITH"},{"data":"Beat_Rush","floor":30,"key":"SMITH"},{"floor":32,"key":"REST"},{"data":"Breathe_Deep","floor":41,"key":"SMITH"},{"data":"Butterfly_Float","floor":44,"key":"SMITH"},{"data":"Cold_Blooded","floor":47,"key":"SMITH"},{"data":"Cross","floor":49,"key":"SMITH"}],"circlet_count":0,"master_deck":["AscendersBane","Strike_Bartender","Strike_Bartender","Defend_Bartender+1","Defend_Bartender","Somersault","Scowl+1","Ball_Of_Ice","Stick_and_Move","Glare","Power_Up_Punch+1","Cold_Blooded+1","Cross+1","expansioncontent:LastStand+1","Meteodrive","Dolphin_Blow+1","Raptor_Form+1","Power_Up_Punch+1","Rising_Crane","Hook+1","Beat_Rush+1","Axe_Heel_Kick","Breathe_Deep+1","Sucker_Punch+1","Free_Pour","Press_Forward","Hook+1","Ball_Of_Ice","Meteodrive+1","Butterfly_Float+1"],"relics":["Sneakers","NeowsBlessing","Blood Vial","Letter Opener","hexamod:BolsterEngine","ReplayTheSpireMod:CursedCoin","Membership Card","energizedSpire:DeadBattery","ReplayTheSpireMod:Ninjato","Mercury Hourglass","Red Mask","Kunai","Turnip","StrikeDummy","jedi:paperlyon","Vajra","Guardian:BottledAnomaly","Replay:Bottled Eggs","Dead Branch","Counterbalance","Lizard Tail","Dream Catcher"],"acts_visited":["Exordium","TheCity","TheBeyond"],"potions_floor_usage":[6,13,24,28,31],"damage_taken":[{"damage":0,"enemies":"Small Slimes","floor":1,"turns":1},{"damage":0,"enemies":"Cultist","floor":3,"turns":1},{"damage":0,"enemies":"2 Louse","floor":4,"turns":1},{"damage":52,"enemies":"Replay:BlueRogue","floor":6,"turns":9},{"damage":7,"enemies":"2 Fungi Beasts","floor":12,"turns":4},{"damage":29,"enemies":"Lagavulin","floor":13,"turns":6},{"damage":56,"enemies":"Slime Boss","floor":16,"turns":9},{"damage":0,"enemies":"Chosen","floor":18,"turns":3},{"damage":4,"enemies":"Shell Parasite","floor":22,"turns":2},{"damage":7,"enemies":"Masked Bandits","floor":24,"turns":3},{"damage":0,"enemies":"Snake Plant","floor":27,"turns":2},{"damage":1,"enemies":"Snecko","floor":28,"turns":3},{"damage":9,"enemies":"Shelled Parasite and Fungi","floor":29,"turns":3},{"damage":10,"enemies":"Colosseum Slavers","floor":31,"turns":3},{"damage":0,"enemies":"Colosseum Nobs","floor":31,"turns":2},{"damage":11,"enemies":"Champ","floor":33,"turns":4},{"damage":0,"enemies":"3 Darklings","floor":35,"turns":2},{"damage":2,"enemies":"3 Shapes","floor":38,"turns":2},{"damage":0,"enemies":"Spire Growth","floor":39,"turns":2},{"damage":0,"enemies":"Reptomancer","floor":40,"turns":2},{"damage":5,"enemies":"Nemesis","floor":42,"turns":3},{"damage":0,"enemies":"Maw","floor":45,"turns":3},{"damage":8,"enemies":"Donu and Deca","floor":50,"turns":3}],"seed_played":"7321533537601846649","potions_obtained":[{"floor":1,"key":"Strength Potion"},{"floor":6,"key":"FearPotion"},{"floor":13,"key":"jedi:mysterypotion"},{"floor":18,"key":"Slimebound:ThreeZeroPotion"},{"floor":24,"key":"SkillPotion"},{"floor":29,"key":"FearPotion"},{"floor":31,"key":"Swift Potion"}],"is_trial":false,"path_per_floor":["M","?","M","M","?","E","?","R","T","R","?","M","E","$","R","B",null,"M","$","T","?","M","R","?","R","T","M","M","M","R","?","R","B",null,"M","?","$","M","M","E","R","E","T","R","M","$","R","?","R","B",null],"character_chosen":"BARTENDER","items_purchased":["ReplayTheSpireMod:CursedCoin","Membership Card","Cross","expansioncontent:LastStand","Meteodrive","ReplayTheSpireMod:Ninjato","Vajra","Press_Forward","Guardian:BottledAnomaly","Replay:Bottled Eggs","Guardian:BlockOnCardUsePotion","Dream Catcher"],"campfire_rested":4,"item_purchase_floors":[14,14,14,14,14,19,37,37,37,37,37,46],"current_hp_per_floor":[63,63,63,63,63,11,11,32,32,53,53,48,21,21,42,38,62,64,64,64,64,62,62,57,57,57,59,60,53,53,47,68,59,67,69,69,69,68,70,70,70,65,65,65,67,67,67,67,67,61],"gold":28,"neow_bonus":"THREE_ENEMY_KILL","is_daily":false,"chose_seed":false,"campfire_upgraded":7,"win_rate":0.0,"timestamp":1610243954,"path_taken":["M","?","M","?","?","E","?","R","T","R","?","?","E","?","R","BOSS","M","?","?","?","M","R","?","R","T","M","M","?","R","?","R","BOSS","M","?","$","?","?","E","R","E","T","R","M","$","R","?","R","BOSS"],"items_purchased_type":["Relic","Relic","Card","Card","Card","Relic","Relic","Card","Relic","Relic","Potion","Relic"],"build_version":"2020-12-22","purchased_purges":3,"victory":true,"max_hp_per_floor":[70,70,70,70,70,70,70,70,70,70,70,70,70,70,70,70,70,70,70,70,70,70,70,70,70,70,70,70,70,70,70,70,70,70,70,70,70,70,70,70,70,70,70,70,70,70,70,70,70,70],"relic_stats":{"Blood Vial":33,"Lizard Tail":0,"Dream Catcher":0,"counters":[23,73],"Dead Branch":[19],"Turnip":[5],"Letter Opener":[57],"Kunai":[32],"obtain_stats":[{"Sneakers":0,"ReplayTheSpireMod:Ninjato":19,"NeowsBlessing":0,"ReplayTheSpireMod:CursedCoin":14,"Dead Branch":40,"Counterbalance":42,"Vajra":37,"Letter Opener":9,"energizedSpire:DeadBattery":17,"Mercury Hourglass":20,"Blood Vial":6,"Lizard Tail":43,"Dream Catcher":46,"jedi:paperlyon":34,"Turnip":31,"Red Mask":24,"Membership Card":14,"Kunai":26,"hexamod:BolsterEngine":13,"Guardian:BottledAnomaly":37,"Replay:Bottled Eggs":37,"StrikeDummy":31},{"Sneakers":0,"ReplayTheSpireMod:Ninjato":8,"NeowsBlessing":0,"ReplayTheSpireMod:CursedCoin":6,"Dead Branch":20,"Counterbalance":21,"Vajra":17,"Letter Opener":4,"energizedSpire:DeadBattery":7,"Mercury Hourglass":8,"Blood Vial":4,"Lizard Tail":21,"Dream Catcher":22,"jedi:paperlyon":16,"Turnip":15,"Red Mask":10,"Membership Card":6,"Kunai":10,"hexamod:BolsterEngine":6,"Guardian:BottledAnomaly":17,"Replay:Bottled Eggs":17,"StrikeDummy":15},{"Sneakers":0,"ReplayTheSpireMod:Ninjato":34,"NeowsBlessing":0,"ReplayTheSpireMod:CursedCoin":22,"Dead Branch":64,"Counterbalance":67,"Vajra":58,"Letter Opener":12,"energizedSpire:DeadBattery":31,"Mercury Hourglass":34,"Blood Vial":12,"Lizard Tail":67,"Dream Catcher":70,"jedi:paperlyon":56,"Turnip":52,"Red Mask":39,"Membership Card":22,"Kunai":39,"hexamod:BolsterEngine":22,"Guardian:BottledAnomaly":58,"Replay:Bottled Eggs":58,"StrikeDummy":52}],"Mercury Hourglass":[136]},"card_choices":[{"not_picked":["Pony_Shot","Sucker_Punch"],"picked":"Scowl","floor":1},{"not_picked":["Scoop","Bitters"],"picked":"Ball_Of_Ice","floor":3},{"not_picked":["Bicycle_Kick","Dragonkick"],"picked":"Stick_and_Move","floor":4},{"not_picked":["Fading_Blow","Ball_Of_Ice"],"picked":"Glare","floor":6},{"not_picked":["Greased_Lightning","OpoOpo_Form"],"picked":"Power_Up_Punch","floor":12},{"not_picked":["Fading_Blow","Torment"],"picked":"Cold_Blooded","floor":13},{"not_picked":["Windup","Cold_Blooded"],"picked":"Dolphin_Blow","floor":16},{"not_picked":["Step_Of_The_Wind","Center_Self"],"picked":"Raptor_Form+1","floor":18},{"not_picked":["Foot_Thrust","Well_Drinks","Surge"],"picked":"SKIP","floor":22},{"not_picked":["Ball_Of_Ice","Scoop+1"],"picked":"Power_Up_Punch","floor":24},{"not_picked":["ThreeSidedStar","Well_Drinks"],"picked":"Rising_Crane","floor":27},{"not_picked":["Perfect_Balance","Vortex"],"picked":"Hook+1","floor":28},{"not_picked":["Cross+1","Phantom_Blow+1"],"picked":"Beat_Rush","floor":29},{"not_picked":["Hook","Center_Self"],"picked":"Axe_Heel_Kick","floor":31},{"not_picked":["Combo_Master","Moonsault_Kick"],"picked":"Breathe_Deep","floor":33},{"not_picked":["RockBreaker","Glare+1"],"picked":"Sucker_Punch+1","floor":35},{"not_picked":["Foot_Thrust+1","Rising_Crane+1"],"picked":"Hook+1","floor":38},{"not_picked":["Step_Of_The_Wind+1","Ripple"],"picked":"Ball_Of_Ice","floor":39},{"not_picked":["Hook","Torment"],"picked":"Meteodrive+1","floor":40},{"not_picked":["On_The_Rocks","Dancing_Jab"],"picked":"Butterfly_Float","floor":42},{"not_picked":["Feint","Meteodrive","Sucker_Punch"],"picked":"SKIP","floor":45}],"player_experience":1477518,"relics_obtained":[{"floor":6,"key":"Blood Vial"},{"floor":9,"key":"Letter Opener"},{"floor":13,"key":"hexamod:BolsterEngine"},{"floor":20,"key":"Mercury Hourglass"},{"floor":24,"key":"Red Mask"},{"floor":26,"key":"Kunai"},{"floor":31,"key":"Turnip"},{"floor":31,"key":"StrikeDummy"},{"floor":40,"key":"Dead Branch"},{"floor":42,"key":"Counterbalance"},{"floor":43,"key":"Lizard Tail"}],"event_choices":[{"damage_healed":0,"gold_gain":0,"player_choice":"Upgraded","damage_taken":0,"max_hp_gain":0,"max_hp_loss":0,"event_name":"Upgrade Shrine","floor":2,"gold_loss":0,"cards_upgraded":["Scowl"]},{"cards_removed":["Defend_Bartender"],"damage_healed":0,"gold_gain":0,"player_choice":"Card Removal","damage_taken":0,"max_hp_gain":0,"max_hp_loss":0,"event_name":"The Cleric","floor":5,"gold_loss":50},{"cards_removed":["expansioncontent:LastStand"],"damage_healed":0,"gold_gain":0,"player_choice":"Give","damage_taken":0,"max_hp_gain":0,"max_hp_loss":0,"event_name":"betterNote:BetterNote","floor":21,"gold_loss":0,"cards_obtained":["None"]},{"damage_healed":0,"gold_gain":0,"player_choice":"Fought Bandits","damage_taken":0,"max_hp_gain":0,"max_hp_loss":0,"event_name":"Masked Bandits","floor":24,"gold_loss":0},{"damage_healed":0,"gold_gain":0,"player_choice":"Fight","damage_taken":0,"max_hp_gain":0,"max_hp_loss":0,"event_name":"Colosseum","floor":31,"gold_loss":0},{"damage_healed":0,"gold_gain":0,"player_choice":"Fought Nobs","damage_taken":0,"max_hp_gain":0,"max_hp_loss":0,"event_name":"Colosseum","floor":31,"gold_loss":0},{"damage_healed":0,"gold_gain":0,"cards_transformed":["Strike_Bartender"],"player_choice":"Transformed","damage_taken":0,"max_hp_gain":0,"max_hp_loss":0,"event_name":"Transmorgrifier","floor":36,"gold_loss":0,"cards_obtained":["Free_Pour"]},{"cards_removed":["Defend_Bartender"],"damage_healed":0,"gold_gain":0,"player_choice":"Removed Skill","damage_taken":0,"max_hp_gain":0,"max_hp_loss":0,"event_name":"Falling","floor":48,"gold_loss":0}],"is_beta":false,"boss_relics":[{"not_picked":["Painkiller Herb","Busted Crown"],"picked":"energizedSpire:DeadBattery"},{"not_picked":["Fusion Hammer","energizedSpire:OgreHead"],"picked":"jedi:paperlyon"}],"items_purged_floors":[14,19,46],"is_endless":false,"potions_floor_spawned":[1,6,13,18,24,29,31,31,35,42],"ascension_level":11}}