{"host":"c97twqu0op5dg8i4","time":1610310548,"event":{"mods":["BaseMod","Minty Spire (QoL Compilation)","Permanent Neow"],"gold_per_floor":[112,112,62,75,75,75,100,100,100,114,114,143,161,177,177,275,275,286,286,134,149,162,162,162,193,218,218,236,79,79,79,79,182,232,246,30,50,64,64,64,64,64],"floor_reached":41,"playtime":1160,"items_purged":["Strike_G","Strike_G"],"score":599,"play_id":"5cc8139e-0161-4b30-934c-4453acca884c","local_time":"20210110152908","is_ascension_mode":true,"campfire_choices":[{"data":"Deadly Poison","floor":6,"key":"SMITH"},{"data":"Neutralize","floor":8,"key":"SMITH"},{"data":"Deflect","floor":11,"key":"SMITH"},{"data":"Crippling Poison","floor":15,"key":"SMITH"},{"floor":24,"key":"REST"},{"data":"Noxious Fumes","floor":27,"key":"SMITH"},{"data":"Dodge and Roll","floor":32,"key":"SMITH"},{"floor":40,"key":"REST"}],"circlet_count":0,"master_deck":["Strike_G","Defend_G","Defend_G","Defend_G","Defend_G","Survivor+1","Neutralize+1","Bouncing Flask+1","Corpse Explosion+1","Deadly Poison+1","Deflect+1","Acrobatics","Die Die Die","Deadly Poison","Crippling Poison+1","Noxious Fumes+1","Quick Slash","Dodge and Roll+1","Slice+1","Crippling Poison+1","Envenom","Deadly Poison","Deadly Poison","Noxious Fumes","Leg Sweep","Calculated Gamble+1","Corpse Explosion","Dash"],"relics":["Astrolabe","Centennial Puzzle","Gremlin Horn","Anchor","WristBlade","Question Card","Lantern","Lee\u0027s Waffle","Tiny House"],"acts_visited":["Exordium","TheCity","TheBeyond"],"potions_floor_usage":[12,23,25,33,33,41],"damage_taken":[{"damage":0,"enemies":"2 Louse","floor":1,"turns":2},{"damage":0,"enemies":"Jaw Worm","floor":4,"turns":3},{"damage":15,"enemies":"Gremlin Nob","floor":7,"turns":3},{"damage":10,"enemies":"Small Slimes","floor":10,"turns":2},{"damage":15,"enemies":"Lagavulin","floor":12,"turns":4},{"damage":6,"enemies":"Red Slaver","floor":13,"turns":3},{"damage":0,"enemies":"Looter","floor":14,"turns":3},{"damage":37,"enemies":"Slime Boss","floor":16,"turns":11},{"damage":6,"enemies":"3 Byrds","floor":18,"turns":3},{"damage":7,"enemies":"Chosen","floor":21,"turns":5},{"damage":9,"enemies":"Snecko","floor":22,"turns":4},{"damage":0,"enemies":"Slavers","floor":23,"turns":1},{"damage":24,"enemies":"Gremlin Leader","floor":25,"turns":6},{"damage":13,"enemies":"Centurion and Healer","floor":28,"turns":4},{"damage":56,"enemies":"Champ","floor":33,"turns":13},{"damage":2,"enemies":"3 Shapes","floor":35,"turns":3},{"damage":21,"enemies":"3 Darklings","floor":37,"turns":3},{"damage":34,"enemies":"Writhing Mass","floor":38,"turns":6},{"damage":53,"enemies":"Nemesis","floor":41,"turns":6}],"seed_played":"1781419063736359889","potions_obtained":[{"floor":10,"key":"Regen Potion"},{"floor":12,"key":"SmokeBomb"},{"floor":14,"key":"Dexterity Potion"},{"floor":16,"key":"Weak Potion"},{"floor":25,"key":"Strength Potion"},{"floor":34,"key":"FearPotion"},{"floor":35,"key":"SteroidPotion"},{"floor":38,"key":"SteroidPotion"}],"is_trial":false,"path_per_floor":["M","?","?","M","?","R","E","R","T","M","R","E","M","M","R","B",null,"M","?","$","M","M","E","R","E","T","R","M","$","$","?","R","B",null,"M","$","M","M","?","R","E"],"character_chosen":"THE_SILENT","items_purchased":["Noxious Fumes","Lee\u0027s Waffle","Noxious Fumes","Leg Sweep"],"campfire_rested":2,"item_purchase_floors":[20,29,36,36],"current_hp_per_floor":[70,70,70,70,75,75,60,60,60,50,50,49,43,43,43,6,58,52,52,52,45,36,36,58,34,34,34,21,82,82,82,82,26,73,71,71,50,16,16,42,0,0],"gold":64,"neow_bonus":"BOSS_RELIC","is_daily":false,"chose_seed":false,"campfire_upgraded":6,"win_rate":0.0,"timestamp":1610310548,"path_taken":["M","?","?","?","?","R","E","R","T","M","R","E","M","M","R","BOSS","M","?","$","M","M","E","R","E","T","R","?","?","$","?","R","BOSS","M","$","M","?","?","R","E"],"items_purchased_type":["Card","Relic","Card","Card"],"build_version":"2020-12-22","purchased_purges":2,"victory":false,"max_hp_per_floor":[70,70,70,70,75,75,75,75,75,75,75,75,75,75,75,75,75,75,75,75,75,75,75,75,75,75,75,75,82,82,82,82,82,87,87,87,87,87,87,87,87,87],"card_choices":[{"not_picked":["Slice","Cloak And Dagger"],"picked":"Deadly Poison","floor":1},{"not_picked":["Choke","Heel Hook","Cloak And Dagger"],"picked":"SKIP","floor":4},{"not_picked":["Acrobatics","Outmaneuver"],"picked":"Deflect","floor":7},{"not_picked":["PiercingWail","Prepared"],"picked":"Acrobatics","floor":10},{"not_picked":["Sucker Punch","Cloak And Dagger"],"picked":"Die Die Die","floor":12},{"not_picked":["Escape Plan","Eviscerate"],"picked":"Deadly Poison","floor":13},{"not_picked":["Bouncing Flask","Prepared"],"picked":"Crippling Poison","floor":14},{"not_picked":["Dagger Throw","Concentrate","Masterful Stab"],"picked":"SKIP","floor":18},{"not_picked":["Dodge and Roll","Setup"],"picked":"Quick Slash","floor":21},{"not_picked":["Slice","Accuracy+1"],"picked":"Dodge and Roll","floor":22},{"not_picked":["Cloak And Dagger","Flying Knee","Finisher"],"picked":"SKIP","floor":25},{"not_picked":["Underhanded Strike","Flying Knee","Accuracy+1"],"picked":"Slice","floor":28},{"not_picked":["Venomology","Malaise","Glass Knife"],"picked":"Envenom","floor":33},{"not_picked":["Sucker Punch","Dodge and Roll","Blade Dance"],"picked":"Deadly Poison","floor":34},{"not_picked":["Dash+1","Blade Dance+1","Predator"],"picked":"Deadly Poison","floor":35},{"not_picked":["Sucker Punch+1","Acrobatics+1","Expertise"],"picked":"Calculated Gamble+1","floor":37},{"not_picked":["Blade Dance","Flechettes+1","Blur+1"],"picked":"Corpse Explosion","floor":38}],"player_experience":289486,"relics_obtained":[{"floor":7,"key":"Centennial Puzzle"},{"floor":9,"key":"Gremlin Horn"},{"floor":12,"key":"Anchor"},{"floor":25,"key":"Question Card"},{"floor":26,"key":"Lantern"}],"event_choices":[{"damage_healed":0,"gold_gain":0,"player_choice":"Ignored","damage_taken":0,"max_hp_gain":0,"max_hp_loss":0,"event_name":"Liars Game","floor":2,"gold_loss":0},{"cards_removed":["Accuracy"],"damage_healed":0,"gold_gain":0,"player_choice":"Card Removal","damage_taken":0,"max_hp_gain":0,"max_hp_loss":0,"event_name":"The Cleric","floor":3,"gold_loss":50},{"damage_healed":0,"gold_gain":0,"player_choice":"Donut","damage_taken":0,"max_hp_gain":5,"max_hp_loss":0,"event_name":"Big Fish","floor":5,"gold_loss":0},{"damage_healed":0,"gold_gain":0,"player_choice":"Upgraded","damage_taken":0,"max_hp_gain":0,"max_hp_loss":0,"event_name":"Upgrade Shrine","floor":19,"gold_loss":0,"cards_upgraded":["Survivor"]},{"damage_healed":0,"gold_gain":0,"player_choice":"Copied","damage_taken":0,"max_hp_gain":0,"max_hp_loss":0,"event_name":"Duplicator","floor":31,"gold_loss":0,"cards_obtained":["Crippling Poison"]},{"damage_healed":0,"gold_gain":0,"player_choice":"1 cards matched","damage_taken":0,"max_hp_gain":0,"max_hp_loss":0,"event_name":"Match and Keep!","floor":39,"gold_loss":0,"cards_obtained":["Dash"]}],"is_beta":false,"boss_relics":[{"not_picked":["Runic Dome","Ectoplasm"],"picked":"WristBlade"},{"not_picked":["Busted Crown","Pandora\u0027s Box"],"picked":"Tiny House"}],"items_purged_floors":[20,36],"is_endless":false,"potions_floor_spawned":[10,12,14,16,21,23,25,35,38],"killed_by":"Nemesis","ascension_level":5}}