{"host":"uv231blk40vjdojr","time":1610276252,"event":{"mods":["AchievementEnabler","BaseMod","Bestiary","Minty Spire (QoL Compilation)","Relic Stats"],"gold_per_floor":[118,131,101,116,136,136,152,182,182,196,196,230,250,250,250,354,354,374,43,43,43,60,85,85,119,119,119,119],"floor_reached":27,"playtime":1062,"items_purged":["Strike_B"],"score":288,"play_id":"2163cc60-67c9-47e9-b479-fd2cf1a10232","local_time":"20210110115732","is_ascension_mode":false,"campfire_choices":[{"data":"Ball Lightning","floor":6,"key":"SMITH"},{"data":"Defragment","floor":15,"key":"SMITH"},{"data":"Genetic Algorithm","floor":24,"key":"SMITH"}],"circlet_count":0,"master_deck":["Strike_B","Strike_B","Strike_B","Defend_B","Defend_B","Defend_B","Zap","Dualcast","Sweeping Beam","Reinforced Body","Coolheaded","Ball Lightning+1","Genetic Algorithm+1","Glacier","Multi-Cast","Defragment+1","Echo Form","Capacitor","Glacier","Genetic Algorithm","Seek"],"relics":["Velvet Choker","Orichalcum","Centennial Puzzle","Lantern","Runic Dome","Art of War","Gremlin Horn","Omamori","The Courier","Smiling Mask"],"acts_visited":["Exordium","TheCity"],"potions_floor_usage":[8,10,16],"damage_taken":[{"damage":1,"enemies":"Jaw Worm","floor":1,"turns":4},{"damage":1,"enemies":"Cultist","floor":2,"turns":4},{"damage":0,"enemies":"2 Louse","floor":4,"turns":2},{"damage":6,"enemies":"Looter","floor":5,"turns":3},{"damage":1,"enemies":"Exordium Wildlife","floor":7,"turns":3},{"damage":19,"enemies":"Lagavulin","floor":8,"turns":6},{"damage":5,"enemies":"Exordium Thugs","floor":10,"turns":4},{"damage":0,"enemies":"3 Sentries","floor":12,"turns":8},{"damage":6,"enemies":"Red Slaver","floor":13,"turns":2},{"damage":15,"enemies":"Hexaghost","floor":16,"turns":11},{"damage":0,"enemies":"Chosen","floor":18,"turns":4},{"damage":0,"enemies":"Shell Parasite","floor":22,"turns":6},{"damage":11,"enemies":"Book of Stabbing","floor":23,"turns":8},{"damage":46,"enemies":"Gremlin Leader","floor":25,"turns":9},{"damage":18,"enemies":"Shelled Parasite and Fungi","floor":27,"turns":2}],"seed_played":"-3777679514863223246","potions_obtained":[{"floor":1,"key":"Explosive Potion"},{"floor":3,"key":"FearPotion"},{"floor":3,"key":"Strength Potion"},{"floor":13,"key":"Explosive Potion"}],"is_trial":false,"path_per_floor":["M","M","?","M","M","R","M","E","T","M","?","E","M","?","R","B",null,"M","$","?","?","M","E","R","E","T","M"],"character_chosen":"DEFECT","items_purchased":["Capacitor","Art of War","Glacier"],"campfire_rested":0,"item_purchase_floors":[19,19,19],"current_hp_per_floor":[74,73,73,73,67,67,66,47,47,42,42,42,36,29,29,14,75,75,75,75,75,75,64,64,18,18,0,0],"gold":119,"neow_bonus":"BOSS_RELIC","is_daily":false,"chose_seed":false,"campfire_upgraded":3,"win_rate":0.0,"timestamp":1610276252,"path_taken":["M","M","?","M","M","R","M","E","T","?","?","E","M","?","R","BOSS","M","$","?","?","?","E","R","E","T","M"],"items_purchased_type":["Card","Relic","Card"],"build_version":"2020-12-22","purchased_purges":1,"victory":false,"max_hp_per_floor":[75,75,75,75,75,75,75,75,75,75,75,75,75,75,75,75,75,75,75,75,75,75,75,75,75,75,75,75],"relic_stats":{"Centennial Puzzle":[18],"Gremlin Horn":[6,6],"counters":[15,76],"Art of War":[5],"Orichalcum":[48],"Smiling Mask":0,"obtain_stats":[{"Runic Dome":17,"Centennial Puzzle":9,"Lantern":12,"Gremlin Horn":21,"Velvet Choker":0,"The Courier":25,"Art of War":19,"Omamori":23,"Orichalcum":8,"Cracked Core":0,"Smiling Mask":26},{"Runic Dome":10,"Centennial Puzzle":6,"Lantern":8,"Gremlin Horn":11,"Velvet Choker":0,"The Courier":14,"Art of War":11,"Omamori":13,"Orichalcum":6,"Cracked Core":0,"Smiling Mask":14},{"Runic Dome":47,"Centennial Puzzle":22,"Lantern":34,"Gremlin Horn":51,"Velvet Choker":0,"The Courier":74,"Art of War":51,"Omamori":65,"Orichalcum":22,"Cracked Core":0,"Smiling Mask":74}]},"card_choices":[{"not_picked":["Capacitor","Conserve Battery"],"picked":"Sweeping Beam","floor":1},{"not_picked":["Redo","Steam Power"],"picked":"Reinforced Body","floor":2},{"not_picked":["Redo","Conserve Battery"],"picked":"Coolheaded","floor":4},{"not_picked":["Go for the Eyes","Loop"],"picked":"Ball Lightning","floor":5},{"not_picked":["Hologram","Ball Lightning"],"picked":"Genetic Algorithm","floor":7},{"not_picked":["Skim","Barrage"],"picked":"Glacier","floor":8},{"not_picked":["BootSequence","Compile Driver"],"picked":"Multi-Cast","floor":10},{"not_picked":["Double Energy","Gash"],"picked":"Defragment","floor":12},{"not_picked":["Coolheaded","Turbo","Hologram"],"picked":"SKIP","floor":13},{"not_picked":["Fission","Core Surge"],"picked":"Echo Form","floor":16},{"not_picked":["Gash","Double Energy","Reprogram+1"],"picked":"SKIP","floor":18},{"not_picked":["Streamline","Conserve Battery","Double Energy+1"],"picked":"SKIP","floor":22},{"not_picked":["Leap","Ball Lightning"],"picked":"Genetic Algorithm","floor":23},{"not_picked":["Turbo","Leap+1"],"picked":"Seek","floor":25}],"player_experience":643639,"relics_obtained":[{"floor":8,"key":"Orichalcum"},{"floor":9,"key":"Centennial Puzzle"},{"floor":12,"key":"Lantern"},{"floor":23,"key":"Omamori"},{"floor":25,"key":"The Courier"},{"floor":26,"key":"Smiling Mask"}],"event_choices":[{"damage_healed":0,"gold_gain":0,"player_choice":"Bought 2 Potions","damage_taken":0,"max_hp_gain":0,"max_hp_loss":0,"event_name":"The Woman in Blue","floor":3,"gold_loss":0},{"damage_healed":0,"gold_gain":0,"player_choice":"Ignored","damage_taken":0,"max_hp_gain":0,"max_hp_loss":0,"event_name":"Liars Game","floor":11,"gold_loss":0},{"cards_removed":["Defend_B"],"damage_healed":0,"gold_gain":0,"player_choice":"Card Removal","damage_taken":7,"max_hp_gain":0,"max_hp_loss":0,"event_name":"Golden Wing","floor":14,"gold_loss":0},{"damage_healed":0,"gold_gain":0,"player_choice":"Gave Potion","damage_taken":0,"relics_obtained":["Gremlin Horn"],"max_hp_gain":0,"max_hp_loss":0,"event_name":"WeMeetAgain","floor":21,"gold_loss":0}],"is_beta":false,"boss_relics":[{"not_picked":["Empty Cage","Black Star"],"picked":"Runic Dome"}],"items_purged_floors":[19],"is_endless":false,"potions_floor_spawned":[1,4,5,7,13],"killed_by":"Shelled Parasite and Fungi","ascension_level":0}}