{"host":"vlqejv0notyktumz","time":1610259385,"event":{"mods":["AchievementEnabler","BaseMod","Googly Eyes","Minty Spire (QoL Compilation)"],"gold_per_floor":[119,119,139,14,34,34,34,49,49,49,64,83,83,96,96,199,199,216,231,244,143,58,58,58,58,140,153,169,169,169,188,188,283,333,347,347,97,108,108,108,135,135,208,208,208,220,220,3,3,3,3],"floor_reached":50,"playtime":1537,"items_purged":["Strike_B","Zap","Amplify"],"score":601,"play_id":"4677888a-e914-45c5-aaf3-ef8a6591d835","local_time":"20210110001625","is_ascension_mode":true,"campfire_choices":[{"data":"Leap","floor":6,"key":"SMITH"},{"data":"Conserve Battery","floor":15,"key":"SMITH"},{"data":"Leap","floor":23,"key":"SMITH"},{"data":"Creative AI","floor":25,"key":"SMITH"},{"data":"Go for the Eyes","floor":30,"key":"SMITH"},{"data":"Stack","floor":32,"key":"SMITH"},{"data":"Echo Form","floor":40,"key":"SMITH"},{"data":"BootSequence","floor":42,"key":"SMITH"},{"data":"Ball Lightning","floor":44,"key":"SMITH"},{"data":"Auto Shields","floor":47,"key":"SMITH"},{"floor":49,"key":"REST"}],"circlet_count":0,"master_deck":["Dualcast","Rebound+1","Leap+1","Go for the Eyes+1","Ball Lightning+1","Cold Snap","Sweeping Beam","Ball Lightning","Conserve Battery+1","Seek","Chill","Steam+1","Hello World","Steam Power","BootSequence+1","Barrage+1","Creative AI+1","FTL","Leap+1","Stack+1","Echo Form+1","Chaos+1","Auto Shields+1","Dark Shackles"],"relics":["Cracked Core","Vajra","Pocketwatch","Gremlin Horn","Pandora\u0027s Box","Bronze Scales","Mercury Hourglass","MutagenicStrength","Tiny House","HandDrill","DataDisk","White Beast Statue"],"acts_visited":["Exordium","TheCity","TheBeyond"],"potions_floor_usage":[16,16,20,28,33,38,41,50,50],"damage_taken":[{"damage":0,"enemies":"Cultist","floor":1,"turns":3},{"damage":7,"enemies":"2 Louse","floor":3,"turns":3},{"damage":9,"enemies":"Jaw Worm","floor":5,"turns":3},{"damage":0,"enemies":"Exordium Thugs","floor":8,"turns":4},{"damage":0,"enemies":"3 Louse","floor":11,"turns":2},{"damage":0,"enemies":"Lots of Slimes","floor":12,"turns":2},{"damage":0,"enemies":"2 Fungi Beasts","floor":14,"turns":2},{"damage":11,"enemies":"Slime Boss","floor":16,"turns":5},{"damage":0,"enemies":"2 Thieves","floor":18,"turns":4},{"damage":1,"enemies":"Shell Parasite","floor":19,"turns":4},{"damage":0,"enemies":"Snake Plant","floor":20,"turns":3},{"damage":0,"enemies":"Snecko","floor":27,"turns":3},{"damage":10,"enemies":"Centurion and Healer","floor":28,"turns":5},{"damage":3,"enemies":"3 Cultists","floor":31,"turns":4},{"damage":33,"enemies":"Automaton","floor":33,"turns":8},{"damage":0,"enemies":"Orb Walker","floor":35,"turns":4},{"damage":4,"enemies":"3 Darklings","floor":38,"turns":4},{"damage":17,"enemies":"Nemesis","floor":41,"turns":7},{"damage":6,"enemies":"Sphere and 2 Shapes","floor":46,"turns":3},{"damage":81,"enemies":"Donu and Deca","floor":50,"turns":8}],"seed_played":"-5163024431384441882","potions_obtained":[{"floor":1,"key":"CultistPotion"},{"floor":3,"key":"PowerPotion"},{"floor":11,"key":"DuplicationPotion"},{"floor":18,"key":"Weak Potion"},{"floor":19,"key":"SkillPotion"},{"floor":28,"key":"GamblersBrew"},{"floor":33,"key":"SkillPotion"},{"floor":34,"key":"Energy Potion"},{"floor":46,"key":"BlessingOfTheForge"}],"is_trial":false,"path_per_floor":["M","?","M","$","M","R","?","M","T","?","M","M","$","M","R","B",null,"M","M","M","$","?","R","?","R","T","M","M","?","R","M","R","B",null,"M","?","$","M","$","R","E","R","T","R","?","M","R","$","R","B"],"character_chosen":"DEFECT","items_purchased":["Go for the Eyes","FTL","Leap","HandDrill","Dark Shackles"],"campfire_rested":1,"item_purchase_floors":[4,21,21,37,48],"current_hp_per_floor":[68,73,66,66,57,57,54,54,54,54,54,54,54,54,54,43,71,71,70,70,70,70,70,80,80,80,80,70,70,70,67,67,34,74,74,74,74,70,70,70,53,53,53,53,53,47,47,47,72,0,0],"gold":3,"neow_bonus":"RANDOM_COMMON_RELIC","is_daily":false,"chose_seed":false,"campfire_upgraded":10,"win_rate":0.0,"timestamp":1610259385,"path_taken":["M","?","M","$","M","R","?","M","T","?","M","M","$","?","R","BOSS","M","M","M","$","?","R","?","R","T","M","?","?","R","M","R","BOSS","M","?","?","M","$","R","E","R","T","R","?","M","R","$","R","BOSS"],"items_purchased_type":["Card","Card","Card","Relic","Card"],"build_version":"2020-12-22","purchased_purges":3,"victory":false,"max_hp_per_floor":[75,80,80,80,80,80,80,80,80,80,80,80,80,80,80,80,80,80,80,80,80,80,80,80,80,80,80,80,80,80,80,80,80,85,85,85,85,85,85,85,85,85,85,85,85,85,85,85,85,85,85],"card_choices":[{"not_picked":["Cold Snap","Coolheaded"],"picked":"Rebound","floor":1},{"not_picked":["White Noise","Genetic Algorithm"],"picked":"Leap","floor":3},{"not_picked":["Gash","Rebound"],"picked":"Ball Lightning","floor":5},{"not_picked":["Skim","Stack"],"picked":"Cold Snap","floor":8},{"not_picked":["Sunder","Redo"],"picked":"Sweeping Beam","floor":11},{"not_picked":["Streamline","Reprogram"],"picked":"Ball Lightning","floor":12},{"not_picked":["Reprogram","Sweeping Beam"],"picked":"Conserve Battery","floor":14},{"not_picked":["Machine Learning","Thunder Strike"],"picked":"Seek","floor":16},{"not_picked":["Streamline","Coolheaded"],"picked":"Barrage+1","floor":18},{"not_picked":["Leap","Beam Cell","Gash"],"picked":"SKIP","floor":19},{"not_picked":["Compile Driver","Scrape"],"picked":"Creative AI","floor":20},{"not_picked":["Glacier","Redo","Compile Driver"],"picked":"SKIP","floor":27},{"not_picked":["Coolheaded","Beam Cell","Stack"],"picked":"SKIP","floor":28},{"not_picked":["Redo","Gash"],"picked":"Stack","floor":31},{"not_picked":["Machine Learning","Amplify"],"picked":"Echo Form","floor":33},{"not_picked":["Redo","Coolheaded","Rebound"],"picked":"SKIP","floor":35},{"not_picked":["Reprogram","Redo","Sweeping Beam"],"picked":"SKIP","floor":38},{"not_picked":["Electrodynamics","Melter+1"],"picked":"Chaos+1","floor":41},{"not_picked":["Loop+1","Doom and Gloom"],"picked":"Auto Shields","floor":46}],"player_experience":320059,"relics_obtained":[{"floor":9,"key":"Gremlin Horn"},{"floor":26,"key":"Mercury Hourglass"},{"floor":41,"key":"DataDisk"},{"floor":43,"key":"White Beast Statue"}],"event_choices":[{"damage_healed":0,"gold_gain":0,"player_choice":"Donut","damage_taken":0,"max_hp_gain":5,"max_hp_loss":0,"event_name":"Big Fish","floor":2,"gold_loss":0},{"damage_healed":0,"gold_gain":0,"player_choice":"Success","damage_taken":3,"relics_obtained":["Pocketwatch"],"max_hp_gain":0,"max_hp_loss":0,"event_name":"Scrap Ooze","floor":7,"gold_loss":0},{"damage_healed":0,"gold_gain":0,"player_choice":"Upgraded","damage_taken":0,"max_hp_gain":0,"max_hp_loss":0,"event_name":"Upgrade Shrine","floor":10,"gold_loss":0,"cards_upgraded":["Rebound"]},{"damage_healed":0,"gold_gain":0,"player_choice":"Obtained Relic","damage_taken":0,"relics_obtained":["Bronze Scales"],"max_hp_gain":0,"max_hp_loss":0,"event_name":"Addict","floor":22,"gold_loss":85},{"cards_removed":["Double Energy"],"damage_healed":10,"gold_gain":0,"player_choice":"Offered Uncommon","damage_taken":0,"max_hp_gain":0,"max_hp_loss":0,"event_name":"Bonfire Elementals","floor":24,"gold_loss":0},{"damage_healed":0,"gold_gain":0,"player_choice":"Inject Mutagens","damage_taken":0,"relics_obtained":["MutagenicStrength"],"max_hp_gain":0,"max_hp_loss":0,"event_name":"Drug Dealer","floor":29,"gold_loss":0},{"damage_healed":0,"gold_gain":0,"player_choice":"Ignored","damage_taken":0,"max_hp_gain":0,"max_hp_loss":0,"event_name":"SecretPortal","floor":36,"gold_loss":0},{"damage_healed":0,"gold_gain":0,"player_choice":"Ignored","damage_taken":0,"max_hp_gain":0,"max_hp_loss":0,"event_name":"Mysterious Sphere","floor":45,"gold_loss":0}],"is_beta":false,"boss_relics":[{"not_picked":["SacredBark","Black Star"],"picked":"Pandora\u0027s Box"},{"not_picked":["Philosopher\u0027s Stone","FrozenCore"],"picked":"Tiny House"}],"items_purged_floors":[4,37,48],"is_endless":false,"potions_floor_spawned":[1,3,11,12,18,19,28,33,35,46],"killed_by":"Donu and Deca","ascension_level":6}}