{"host":"gyphjc57tbbk9zp6","time":1610285519,"event":{"mods":["Act Like it!","BaseMod","Downfall","Elementarium","Friendly Minions","FruityMod","Gensokyo","Gremlin Skip","Hallownest","Hermit","Highlight Path","Hubris","Hyrulean Relics","Infinite Spire","Ironclad Rager","Jorbs\u0027s Wanderer Trilogy","KinomotoSakuraMod(????)","Kiyohime????","Koishi","Luminous","Mad Scientist","Marisa????????","Mimic Mod","Minty Spire (QoL Compilation)","Nova Terra(??·??)","Pale of the Ancients","Potionbrewer","Shedinja","StSLib","SuperFastMode","Td1madao Mod","The Administrix","The Alterego","The Blackbeard","The Bladedancer","The Bug Knight","The Construct","The Disciple","The Druid","The Elementalist","The Exalted","The Factory","The Hayseed","The Hierophant","The Judge","The Juggle","The Jungle","The Mystic","The Poker Player","The Senshi","The Servant 0.9.4","The Trickster","The Vixen","The Wild Card","TheHero","TheSwordswoman","TheVelvet","Yuyuko"],"gold_per_floor":[100,114,0,16,16,46,81,81,31,31,49,76,76,76,86,186,186,186,197,197,216,316,336,336,363,363,396,412,425,435,438,454,556,556,556,571,586,597,597,597,629,647,647,647,667,702,702,717,732,732,746,762,762,762,762,779,779,107,107,205,205,205],"floor_reached":61,"playtime":5182,"items_purged":["alterego_mod:Strike","alterego_mod:Impale+1","alterego_mod:Strike","alterego_mod:BrynhildrsRune"],"score":1507,"play_id":"ef5fd952-422b-41ff-8f7e-928aafa2d8a9","local_time":"20210110073159","is_ascension_mode":false,"campfire_choices":[{"data":"alterego_mod:Impale","floor":1,"key":"SMITH"},{"data":"alterego_mod:Support","floor":8,"key":"SMITH"},{"data":"alterego_mod:Cushion","floor":13,"key":"SMITH"},{"data":"alterego_mod:BrynhildrRomantia","floor":18,"key":"SMITH"},{"data":"alterego_mod:MagicResistance","floor":26,"key":"SMITH"},{"data":"alterego_mod:Venus","floor":35,"key":"SMITH"},{"data":"alterego_mod:TrashNCrash","floor":40,"key":"SMITH"},{"floor":44,"key":"RECALL"},{"data":"alterego_mod:Clones","floor":47,"key":"SMITH"},{"data":"alterego_mod:Birthday","floor":55,"key":"SMITH"},{"data":"alterego_mod:BreastValley","floor":57,"key":"SMITH"}],"circlet_count":0,"master_deck":["alterego_mod:Strike","alterego_mod:BigMeatyClaws+1","alterego_mod:Support+1","alterego_mod:Birthday+1","alterego_mod:GachaTicket+1","alterego_mod:SakuraPetals","alterego_mod:Cushion+1","Hallownest:skillSlugHide","Hallownest:skillSlugHide","Hallownest:skillSlugHide","Hallownest:skillSlugHide","Hallownest:skillSlugHide","alterego_mod:Clones+1","alterego_mod:BrynhildrRomantia+1","alterego_mod:MagicResistance+1","alterego_mod:Weigh","alterego_mod:TrashNCrash+1","alterego_mod:BusterCard","alterego_mod:Venus+1","alterego_mod:BreastValley+1","alterego_mod:GIGAMILK+1","alterego_mod:Palingenesis"],"relics":["alterego_mod:MasochisticConstitution","NeowsBlessing","Hallownest:BankAccountRelic","infinitespire:Beetle Shell","infinitespire:Golems Mask","Bromod:ArcaneEnergize","downfall:GremlinWheel","Gambling Chip","hubris:SphereOfDissonance","Gremlin Horn","infinitespire:WardingShard","Bromod:ArcaneGrace","Coffee Dripper","hubris:64BitClover","hubris:DeckOfHolding","Unceasing Top","paleoftheancients:Timepiece","paleoftheancients:KeyRelic","Bronze Scales","CultistMask","paleoftheancients:SoulOfTheIroncluck","Calipers","Bromod:ArcaneNullifier","Lee\u0027s Waffle","Bromod:ArcaneGuardian","hubris:TenFootPole","Philosopher\u0027s Stone"],"acts_visited":["Hallownest:Greenpath","Hallownest:Greenpath","TheBeyond","paleoftheancients:PaleOfTheAncients","Gensokyo:Gensokyo"],"potions_floor_usage":[9,22,29,31,31,49,50,50],"damage_taken":[{"damage":0,"enemies":"Hallownest:2_MossCreeps","floor":2,"turns":1},{"damage":0,"enemies":"Hallownest:2_Tiktiks_and_1_Crawlid","floor":4,"turns":2},{"damage":0,"enemies":"Hallownest:eliteMossKnight","floor":6,"turns":1},{"damage":4,"enemies":"Hallownest:2_Baldur","floor":7,"turns":6},{"damage":15,"enemies":"downfall:FleeingMerchant","floor":9,"turns":4},{"damage":0,"enemies":"Hallownest:2_Baldur","floor":11,"turns":9},{"damage":3,"enemies":"Hallownest:eliteVengeflyKing","floor":12,"turns":5},{"damage":15,"enemies":"Hallownest:2_Tiktiks_1_Baldur_1_Crawlid","floor":15,"turns":4},{"damage":18,"enemies":"downfall:Silent","floor":16,"turns":11},{"damage":8,"enemies":"theJungle:5_Spyders","floor":19,"turns":15},{"damage":0,"enemies":"theJungle:GiantWrat","floor":21,"turns":6},{"damage":13,"enemies":"theJungle:GiantWrat","floor":22,"turns":6},{"damage":34,"enemies":"theJungle:Lyon","floor":23,"turns":5},{"damage":0,"enemies":"theJungle:Cassacara","floor":25,"turns":13},{"damage":3,"enemies":"theJungle:2_Phrogs","floor":27,"turns":5},{"damage":0,"enemies":"theJungle:SlimyTreeVines","floor":28,"turns":3},{"damage":0,"enemies":"theJungle:JungleHuntersEncounter","floor":29,"turns":5},{"damage":0,"enemies":"theJungle:Lyon","floor":30,"turns":2},{"damage":6,"enemies":"downfall:FleeingMerchant","floor":31,"turns":4},{"damage":0,"enemies":"theJungle:2_Snecko_Cultists","floor":32,"turns":8},{"damage":45,"enemies":"downfall:Watcher","floor":33,"turns":10},{"damage":0,"enemies":"3 Darklings","floor":36,"turns":5},{"damage":15,"enemies":"Orb Walker","floor":37,"turns":2},{"damage":11,"enemies":"Writhing Mass","floor":38,"turns":7},{"damage":4,"enemies":"Sphere and 2 Shapes","floor":41,"turns":11},{"damage":8,"enemies":"Sphere and 2 Shapes","floor":42,"turns":4},{"damage":1,"enemies":"Spire Growth","floor":45,"turns":5},{"damage":35,"enemies":"Nightmare","floor":46,"turns":8},{"damage":6,"enemies":"Maw","floor":48,"turns":11},{"damage":38,"enemies":"Transient","floor":49,"turns":5},{"damage":10,"enemies":"downfall:Defect","floor":50,"turns":10},{"damage":95,"enemies":"downfall:Defect","floor":51,"turns":7},{"damage":47,"enemies":"downfall:Defect","floor":52,"turns":10},{"damage":8,"enemies":"downfall:Defect","floor":56,"turns":5},{"damage":34,"enemies":"paleoftheancients:N","floor":60,"turns":7}],"seed_played":"3765238853011068003","potions_obtained":[{"floor":2,"key":"Strength Potion"},{"floor":15,"key":"FearPotion"},{"floor":16,"key":"potionbrewer:HastePotion"},{"floor":21,"key":"FearPotion"},{"floor":23,"key":"potionbrewer:NoxiousPotion"},{"floor":27,"key":"Block Potion"},{"floor":28,"key":"PowerPotion"},{"floor":32,"key":"EssenceOfSteel"},{"floor":33,"key":"potionbrewer:DiscountPotion"},{"floor":36,"key":"BlessingOfTheForge"},{"floor":42,"key":"potionbrewer:DiscountPotion"},{"floor":51,"key":"FearPotion"},{"floor":56,"key":"champ:CounterPotion"}],"is_trial":false,"path_per_floor":["R","M","?","M","?","E","MIM","R","$","?","M","E","R","?","M","B",null,"R","M","?","M","?","M","T","E","R","E","M","M","M","$","M","B",null,"R","M","M","M","AVR","R","MIM","M","T","R","M","NM","R","M","M","B","M","M","?","T","R","M","R","$","?","B",null],"character_chosen":"The_Alterego","items_purchased":["infinitespire:WardingShard","Lee\u0027s Waffle","Bromod:ArcaneGuardian","hubris:TenFootPole","potionbrewer:ToxicPotion"],"campfire_rested":0,"item_purchase_floors":[31,58,58,58,58],"current_hp_per_floor":[70,70,70,70,70,70,69,69,57,57,66,66,66,66,54,39,75,75,96,96,100,103,83,83,96,96,118,131,135,139,140,148,115,153,153,153,152,157,157,157,164,172,172,172,178,169,169,178,159,190,183,178,178,178,178,189,189,200,200,188,201,201],"gold":205,"neow_bonus":"THREE_ENEMY_KILL","is_daily":false,"chose_seed":false,"campfire_upgraded":10,"win_rate":0.0,"timestamp":1610285519,"path_taken":["R","M","?","M","?","E","MIM","R","?","?","?","E","R","?","M","BOSS","R","M","?","M","?","M","T","E","R","E","M","M","?","$","M","BOSS","R","M","M","M","AVR","R","MIM","M","?","R","M","NM","R","?","M","BOSS","M","M","?","T","R","M","R","$","?","BOSS"],"items_purchased_type":["Relic","Relic","Relic","Relic","Potion"],"build_version":"2020-12-22","purchased_purges":4,"victory":false,"max_hp_per_floor":[70,70,70,70,70,70,71,71,72,72,72,73,73,73,74,75,75,75,96,96,100,109,114,114,118,118,127,131,135,139,140,148,153,153,153,153,158,159,159,159,164,173,173,173,178,183,183,188,189,190,191,192,192,192,192,193,193,200,200,201,201,201],"card_choices":[{"not_picked":["alterego_mod:Schoolgirl","alterego_mod:PerceptionDisorder"],"picked":"alterego_mod:Support","floor":2},{"not_picked":["alterego_mod:Support","alterego_mod:RocketPunch","alterego_mod:Rip"],"picked":"SKIP","floor":4},{"not_picked":["alterego_mod:Swimsuit","alterego_mod:Jiggle"],"picked":"alterego_mod:Birthday","floor":6},{"not_picked":["alterego_mod:Cushion","alterego_mod:MagicResistance"],"picked":"alterego_mod:GachaTicket","floor":9},{"not_picked":["alterego_mod:SuperDuperMasochism","alterego_mod:SakuraLabyrinth"],"picked":"alterego_mod:SakuraPetals","floor":11},{"not_picked":["alterego_mod:Valentines","alterego_mod:MaintainEyeContact"],"picked":"alterego_mod:Cushion","floor":12},{"not_picked":["alterego_mod:Cooking","alterego_mod:Undulate"],"picked":"alterego_mod:Clones","floor":15},{"not_picked":["alterego_mod:Antipathy","alterego_mod:Valkyrie"],"picked":"alterego_mod:BrynhildrRomantia","floor":16},{"not_picked":["alterego_mod:Jiggle","alterego_mod:Pet+1","alterego_mod:HighServant+1"],"picked":"SKIP","floor":19},{"not_picked":["alterego_mod:HighServant+1","alterego_mod:Complex+1","alterego_mod:DeftHands+1"],"picked":"SKIP","floor":21},{"not_picked":["alterego_mod:Rip","alterego_mod:DeftHands+1"],"picked":"alterego_mod:MagicResistance","floor":23},{"not_picked":["alterego_mod:BeGentle+1","alterego_mod:Maid","alterego_mod:Rip"],"picked":"SKIP","floor":25},{"not_picked":["alterego_mod:GachaTicket+1","alterego_mod:Collar"],"picked":"alterego_mod:Weigh","floor":27},{"not_picked":["alterego_mod:Complex+1","alterego_mod:Jiggle+1"],"picked":"alterego_mod:TrashNCrash","floor":28},{"not_picked":["alterego_mod:Jiggle","alterego_mod:BeGentle","alterego_mod:1TonWallop"],"picked":"SKIP","floor":29},{"not_picked":["alterego_mod:Jiggle","alterego_mod:Bounce","alterego_mod:RingBreak"],"picked":"SKIP","floor":30},{"not_picked":["alterego_mod:Collar","alterego_mod:Exercise"],"picked":"alterego_mod:BusterCard","floor":31},{"not_picked":["alterego_mod:DeftHands","alterego_mod:TrashNCrash","alterego_mod:Collar"],"picked":"SKIP","floor":32},{"not_picked":["alterego_mod:Alter","alterego_mod:Weigh"],"picked":"alterego_mod:Venus","floor":33},{"not_picked":["alterego_mod:Pet+1","alterego_mod:Maid+1","alterego_mod:Crossover+1"],"picked":"SKIP","floor":36},{"not_picked":["alterego_mod:BiFurious+1","alterego_mod:Clap+1","alterego_mod:Clones+1"],"picked":"SKIP","floor":37},{"not_picked":["alterego_mod:Pet+1","alterego_mod:DustData+1","alterego_mod:Clap"],"picked":"SKIP","floor":38},{"not_picked":["alterego_mod:Mirror","alterego_mod:Stockings+1","alterego_mod:Jiggle+1"],"picked":"SKIP","floor":42},{"not_picked":["alterego_mod:Jiggle+1","alterego_mod:DiscoLights+1"],"picked":"alterego_mod:BreastValley","floor":45},{"not_picked":["alterego_mod:Stockings","alterego_mod:Cooking+1","alterego_mod:Maid"],"picked":"SKIP","floor":46},{"not_picked":["alterego_mod:DustData+1","alterego_mod:Valentines+1","alterego_mod:DiscoLights+1"],"picked":"SKIP","floor":48},{"not_picked":["alterego_mod:DeftHands","alterego_mod:DiscoLights","alterego_mod:Cooking+1"],"picked":"SKIP","floor":49},{"not_picked":["alterego_mod:DeftHands","alterego_mod:Cycle","alterego_mod:Birthday+1"],"picked":"SKIP","floor":51},{"not_picked":["alterego_mod:Clap","alterego_mod:TrashNCrash"],"picked":"alterego_mod:GIGAMILK","floor":52},{"not_picked":["alterego_mod:BustOut+1","alterego_mod:BiFurious","alterego_mod:MagicResistance"],"picked":"SKIP","floor":56},{"not_picked":["alterego_mod:VirginLaserPalladion","alterego_mod:STier"],"picked":"alterego_mod:Palingenesis","floor":60}],"player_experience":1043200,"relics_obtained":[{"floor":6,"key":"infinitespire:Beetle Shell"},{"floor":12,"key":"infinitespire:Golems Mask"},{"floor":22,"key":"downfall:GremlinWheel"},{"floor":24,"key":"Gambling Chip"},{"floor":25,"key":"hubris:SphereOfDissonance"},{"floor":27,"key":"Gremlin Horn"},{"floor":41,"key":"hubris:64BitClover"},{"floor":43,"key":"hubris:DeckOfHolding"},{"floor":46,"key":"Unceasing Top"},{"floor":51,"key":"paleoftheancients:SoulOfTheIroncluck"},{"floor":54,"key":"Calipers"},{"floor":56,"key":"Bromod:ArcaneNullifier"},{"floor":56,"key":"paleoftheancients:SoulOfTheVixen"}],"event_choices":[{"cards_removed":["alterego_mod:Strike"],"damage_healed":0,"gold_gain":0,"player_choice":"Card Removal","damage_taken":0,"max_hp_gain":0,"max_hp_loss":0,"event_name":"Wheel of Change","floor":26,"gold_loss":0},{"damage_healed":0,"gold_gain":0,"player_choice":"Upgraded","damage_taken":0,"max_hp_gain":0,"max_hp_loss":0,"event_name":"Upgrade Shrine","floor":53,"gold_loss":0,"cards_upgraded":["alterego_mod:GIGAMILK"]}],"is_beta":false,"boss_relics":[{"not_picked":["Astrolabe","Calling Bell"],"picked":"Bromod:ArcaneEnergize"},{"not_picked":["hubris:HollowSoul","Cursed Key"],"picked":"Bromod:ArcaneGrace"},{"not_picked":["Runic Pyramid","hubris:GrandSneckoEye"],"picked":"Philosopher\u0027s Stone"}],"items_purged_floors":[9,31,39,58],"is_endless":true,"potions_floor_spawned":[2,15,16,21,23,27,28,32,33,36,38,42,46,51,56],"ascension_level":0}}