{"host":"w3q5ijqu8eoknil3","time":1610253356,"event":{"mods":["AchievementEnabler","BaseMod","Block Reminder","Colored Map","Colored Powertips","Curses Come First","Minty Spire (QoL Compilation)","Quick Restart","Relic Stats","StSLib","ojb\u0027s Better Paths Mod","ojb\u0027s Info Mod","slay the spire mod where everything is the same but ironclad has a cowboy hat"],"gold_per_floor":[109,109,109,125,125,125,146,146,146,167,167,187,187,203,203,296,296,312,312,312,312],"floor_reached":20,"playtime":686,"items_purged":[],"score":307,"play_id":"b2542589-015a-4911-a1cb-e912ea855c6e","local_time":"20210110043556","is_ascension_mode":true,"campfire_choices":[{"floor":6,"key":"DIG"},{"floor":11,"key":"DIG"},{"floor":13,"key":"DIG"},{"floor":15,"key":"DIG"}],"circlet_count":0,"master_deck":["AscendersBane","Strike_G","Strike_G","Strike_G+1","Strike_G","Strike_G+1","Defend_G","Defend_G","Defend_G","Defend_G","Defend_G","Survivor","Neutralize","CurseOfTheBell","Bouncing Flask","Noxious Fumes","Catalyst","Poisoned Stab","Backflip","Caltrops","Burst","Dagger Spray"],"relics":["Calling Bell","MealTicket","Matryoshka","Shovel","Golden Idol","StrikeDummy","Gremlin Horn","Shuriken","Blue Candle","Kunai","Tingsha","Vajra","Blood Vial","Fusion Hammer"],"acts_visited":["Exordium","TheCity"],"potions_floor_usage":[14,16,18,19,20],"damage_taken":[{"damage":4,"enemies":"Jaw Worm","floor":1,"turns":4},{"damage":1,"enemies":"2 Louse","floor":4,"turns":3},{"damage":0,"enemies":"Small Slimes","floor":7,"turns":3},{"damage":4,"enemies":"2 Fungi Beasts","floor":10,"turns":3},{"damage":3,"enemies":"Blue Slaver","floor":12,"turns":3},{"damage":1,"enemies":"Looter","floor":14,"turns":2},{"damage":23,"enemies":"The Guardian","floor":16,"turns":8},{"damage":39,"enemies":"Shell Parasite","floor":18,"turns":6},{"damage":0,"enemies":"2 Thieves","floor":19,"turns":1},{"damage":19,"enemies":"Masked Bandits","floor":20,"turns":2}],"seed_played":"-6459689353259885942","potions_obtained":[{"floor":10,"key":"Energy Potion"},{"floor":12,"key":"BlessingOfTheForge"},{"floor":14,"key":"SmokeBomb"},{"floor":16,"key":"Fire Potion"},{"floor":18,"key":"SneckoOil"}],"is_trial":false,"path_per_floor":["M","?","T","M","$","R","M","?","T","M","R","M","R","M","R","B",null,"M","M","?"],"character_chosen":"THE_SILENT","items_purchased":[],"campfire_rested":0,"item_purchase_floors":[],"current_hp_per_floor":[55,55,55,54,60,60,60,42,42,38,38,35,35,34,34,13,48,11,13,0,0],"gold":312,"neow_bonus":"BOSS_RELIC","is_daily":false,"chose_seed":false,"campfire_upgraded":0,"win_rate":0.0,"timestamp":1610253356,"path_taken":["M","?","?","M","$","R","M","?","T","M","R","M","R","M","R","BOSS","M","M","?"],"items_purchased_type":[],"build_version":"2020-12-22","purchased_purges":0,"victory":false,"max_hp_per_floor":[66,60,60,60,60,60,60,60,60,60,60,60,60,60,60,60,60,60,60,60,60],"relic_stats":{"Blood Vial":8,"Shovel":4,"Gremlin Horn":[4,4],"counters":[10,35],"Golden Idol":52,"Shuriken":[3],"Blue Candle":[1],"MealTicket":6,"Tingsha":[13],"Kunai":[2],"obtain_stats":[{"Gremlin Horn":3,"Golden Idol":2,"Blue Candle":9,"Vajra":13,"Tingsha":11,"Calling Bell":0,"Blood Vial":15,"Matryoshka":0,"Shovel":0,"Shuriken":6,"MealTicket":0,"Fusion Hammer":17,"Kunai":9,"StrikeDummy":3,"Ring of the Snake":0},{"Gremlin Horn":1,"Golden Idol":1,"Blue Candle":3,"Vajra":5,"Tingsha":4,"Calling Bell":0,"Blood Vial":6,"Matryoshka":0,"Shovel":0,"Shuriken":2,"MealTicket":0,"Fusion Hammer":7,"Kunai":3,"StrikeDummy":1,"Ring of the Snake":0},{"Gremlin Horn":4,"Golden Idol":4,"Blue Candle":10,"Vajra":16,"Tingsha":13,"Calling Bell":0,"Blood Vial":18,"Matryoshka":0,"Shovel":0,"Shuriken":7,"MealTicket":0,"Fusion Hammer":26,"Kunai":10,"StrikeDummy":4,"Ring of the Snake":0}]},"card_choices":[{"not_picked":["Finisher","Deflect"],"picked":"Bouncing Flask","floor":1},{"not_picked":["Deflect","Expertise"],"picked":"Noxious Fumes","floor":4},{"not_picked":["Blade Dance","Dagger Throw"],"picked":"Catalyst","floor":7},{"not_picked":["Prepared","Eviscerate"],"picked":"Poisoned Stab","floor":10},{"not_picked":["Heel Hook","Dagger Throw"],"picked":"Backflip","floor":12},{"not_picked":["Backflip","Dodge and Roll"],"picked":"Caltrops","floor":14},{"not_picked":["Envenom","Glass Knife"],"picked":"Burst","floor":16},{"not_picked":["Deflect","PiercingWail"],"picked":"Dagger Spray","floor":18}],"player_experience":946208,"relics_obtained":[{"floor":0,"key":"MealTicket"},{"floor":0,"key":"Matryoshka"},{"floor":0,"key":"Shovel"},{"floor":3,"key":"StrikeDummy"},{"floor":3,"key":"Gremlin Horn"},{"floor":6,"key":"Shuriken"},{"floor":9,"key":"Blue Candle"},{"floor":9,"key":"Kunai"},{"floor":11,"key":"Tingsha"},{"floor":13,"key":"Vajra"},{"floor":15,"key":"Blood Vial"}],"event_choices":[{"damage_healed":0,"gold_gain":0,"player_choice":"Lose Max HP","damage_taken":0,"relics_obtained":["Golden Idol"],"max_hp_gain":0,"max_hp_loss":6,"event_name":"Golden Idol","floor":2,"gold_loss":0},{"damage_healed":0,"gold_gain":0,"player_choice":"Entered Light","damage_taken":18,"max_hp_gain":0,"max_hp_loss":0,"event_name":"Shining Light","floor":8,"gold_loss":0,"cards_upgraded":["Strike_G","Strike_G"]},{"damage_healed":0,"gold_gain":0,"player_choice":"Fought Bandits","damage_taken":0,"max_hp_gain":0,"max_hp_loss":0,"event_name":"Masked Bandits","floor":20,"gold_loss":0}],"is_beta":false,"boss_relics":[{"not_picked":["Cursed Key","SacredBark"],"picked":"Fusion Hammer"}],"items_purged_floors":[],"is_endless":false,"potions_floor_spawned":[10,12,14,16,18],"killed_by":"Masked Bandits","ascension_level":17}}