{"host":"fxrgx7wt2cpkbhka","time":1610269341,"event":{"mods":["AchievementEnabler","BaseMod","Colored Powertips","Minty Spire (QoL Compilation)","Permanent Neow","Slay-I","StSLib","Waifu the Spire"],"gold_per_floor":[114,125,125,200,218,246,261,272,298,298,311,330,25,44,44,44,44],"floor_reached":16,"playtime":474,"items_purged":[],"score":170,"play_id":"0ca800f5-de1c-419a-8e0f-52b2750e8f22","local_time":"20210110010221","is_ascension_mode":true,"campfire_choices":[{"data":"Spot Weakness","floor":10,"key":"SMITH"},{"data":"Spot Weakness","floor":15,"key":"SMITH"}],"circlet_count":0,"master_deck":["AscendersBane","Strike_R","Strike_R","Strike_R","Strike_R","Strike_R","Defend_R","Defend_R","Defend_R","Defend_R","Bash","Spot Weakness+1","Sword Boomerang","Metallicize","Flex","Spot Weakness+1","Spot Weakness+1"],"relics":["Burning Blood","PreservedInsect","Anchor","Pen Nib","Juzu Bracelet","Lantern"],"acts_visited":["Exordium"],"potions_floor_usage":[6],"damage_taken":[{"damage":10,"enemies":"Small Slimes","floor":1,"turns":5},{"damage":11,"enemies":"2 Louse","floor":2,"turns":4},{"damage":5,"enemies":"Cultist","floor":5,"turns":4},{"damage":19,"enemies":"Lagavulin","floor":6,"turns":5},{"damage":1,"enemies":"2 Fungi Beasts","floor":7,"turns":4},{"damage":9,"enemies":"Lots of Slimes","floor":8,"turns":5},{"damage":8,"enemies":"Blue Slaver","floor":11,"turns":4},{"damage":14,"enemies":"3 Louse","floor":12,"turns":4},{"damage":3,"enemies":"2 Fungi Beasts","floor":14,"turns":4},{"damage":39,"enemies":"The Guardian","floor":16,"turns":5}],"seed_played":"546637656550708237","potions_obtained":[{"floor":5,"key":"AttackPotion"},{"floor":6,"key":"BloodPotion"},{"floor":7,"key":"Swift Potion"}],"is_trial":false,"path_per_floor":["M","M","?","?","M","E","M","M","T","R","M","M","$","M","R","B"],"character_chosen":"IRONCLAD","items_purchased":["Juzu Bracelet","Lantern"],"campfire_rested":0,"item_purchase_floors":[13,13],"current_hp_per_floor":[68,63,63,55,56,43,48,45,45,45,43,35,35,38,38,0,0],"gold":44,"neow_bonus":"RANDOM_COMMON_RELIC","is_daily":false,"chose_seed":false,"campfire_upgraded":2,"win_rate":0.0,"timestamp":1610269341,"path_taken":["M","M","?","?","M","E","M","M","T","R","M","?","$","M","R","BOSS"],"items_purchased_type":["Relic","Relic"],"build_version":"2020-12-22","purchased_purges":0,"victory":false,"max_hp_per_floor":[80,80,80,80,80,80,80,80,80,80,80,80,80,80,80,80,80],"card_choices":[{"not_picked":["Wild Strike","Fire Breathing"],"picked":"Spot Weakness","floor":1},{"not_picked":["Pummel","Body Slam"],"picked":"Sword Boomerang","floor":2},{"not_picked":["Rampage","Wild Strike"],"picked":"Metallicize","floor":5},{"not_picked":["Perfected Strike","Shrug It Off"],"picked":"Flex","floor":6},{"not_picked":["Anger","Wild Strike","Sever Soul"],"picked":"SKIP","floor":7},{"not_picked":["Immolate","Havoc"],"picked":"Spot Weakness","floor":8},{"not_picked":["Searing Blow","Whirlwind","Disarm"],"picked":"SKIP","floor":11},{"not_picked":["Pommel Strike","Searing Blow"],"picked":"Spot Weakness","floor":12},{"not_picked":["Shrug It Off","Disarm","True Grit"],"picked":"SKIP","floor":14}],"player_experience":696767,"relics_obtained":[{"floor":6,"key":"Anchor"},{"floor":9,"key":"Pen Nib"}],"event_choices":[{"damage_healed":0,"gold_gain":0,"player_choice":"Grow","damage_taken":0,"max_hp_gain":0,"max_hp_loss":0,"event_name":"Living Wall","floor":3,"gold_loss":0,"cards_upgraded":["Spot Weakness"]},{"damage_healed":0,"gold_gain":75,"player_choice":"Touch","damage_taken":8,"max_hp_gain":0,"max_hp_loss":0,"event_name":"FaceTrader","floor":4,"gold_loss":0}],"is_beta":false,"boss_relics":[],"items_purged_floors":[],"is_endless":false,"potions_floor_spawned":[5,6,7,8],"killed_by":"The Guardian","ascension_level":12}}