{"host":"sc0o2qwpf9j16a4i","time":1610267698,"event":{"mods":["AchievementEnabler","BaseMod","BetterRewards","Block Reminder","Colored Map","Colored Powertips","Custom Start","Highlight Path","Minty Spire (QoL Compilation)","Relic Stats"],"gold_per_floor":[114,114,114,135,210,210,135,135,160,15,15,59,59,72,72,162,162,175,200,36,36,60,60,60,60],"floor_reached":24,"playtime":424,"items_purged":["Strike_R"],"score":584,"play_id":"870e3305-d88d-42e0-b629-5ad70470bbea","local_time":"20210110103458","is_ascension_mode":true,"campfire_choices":[{"floor":6,"key":"REST"},{"data":"True Grit","floor":11,"key":"SMITH"},{"data":"Immolate","floor":13,"key":"SMITH"},{"data":"Sword Boomerang","floor":15,"key":"SMITH"},{"floor":23,"key":"REST"}],"circlet_count":0,"master_deck":["AscendersBane","Strike_R","Strike_R","Strike_R","Strike_R","Defend_R","Defend_R+1","Defend_R","Defend_R+1","Bash","Cleave","Sword Boomerang+1","Immolate+1","True Grit+1","Blood for Blood","Uppercut","Double Tap","Pommel Strike","Shockwave","Limit Break","Inflame","Shrug It Off"],"relics":["Burning Blood","OrangePellets","Anchor","White Beast Statue","Golden Idol","Vajra","Regal Pillow","Mark of Pain"],"acts_visited":["Exordium","TheCity"],"potions_floor_usage":[4,16,16,19,19,24,24],"damage_taken":[{"damage":7,"enemies":"Small Slimes","floor":1,"turns":4},{"damage":3,"enemies":"2 Louse","floor":4,"turns":3},{"damage":32,"enemies":"Gremlin Nob","floor":12,"turns":4},{"damage":0,"enemies":"Cultist","floor":14,"turns":2},{"damage":33,"enemies":"Slime Boss","floor":16,"turns":6},{"damage":23,"enemies":"Shell Parasite","floor":18,"turns":4},{"damage":10,"enemies":"Spheric Guardian","floor":19,"turns":4},{"damage":21,"enemies":"Snake Plant","floor":22,"turns":3},{"damage":62,"enemies":"Book of Stabbing","floor":24,"turns":5}],"seed_played":"-6874355960153521919","potions_obtained":[{"floor":1,"key":"BloodPotion"},{"floor":4,"key":"Explosive Potion"},{"floor":16,"key":"HeartOfIron"},{"floor":18,"key":"ColorlessPotion"},{"floor":19,"key":"Energy Potion"},{"floor":22,"key":"Weak Potion"}],"is_trial":false,"path_per_floor":["M","?","?","M","?","R","$","?","T","$","R","E","R","M","R","B",null,"M","M","$","?","M","R","E"],"character_chosen":"IRONCLAD","items_purchased":["OrangePellets","Anchor","White Beast Statue","Fire Potion","Immolate","True Grit","Limit Break","Inflame"],"campfire_rested":2,"item_purchase_floors":[0,0,0,0,10,10,20,20],"current_hp_per_floor":[42,19,19,35,24,44,44,66,66,66,66,40,40,46,46,19,56,39,35,35,29,14,49,0,0],"gold":60,"neow_bonus":"","is_daily":false,"chose_seed":false,"campfire_upgraded":3,"win_rate":0.0,"timestamp":1610267698,"path_taken":["M","?","?","M","?","R","$","?","T","?","R","E","R","M","R","BOSS","M","M","$","?","?","R","E"],"items_purchased_type":["Relic","Relic","Relic","Potion","Card","Card","Card","Card"],"build_version":"2020-12-22","purchased_purges":1,"victory":false,"max_hp_per_floor":[75,75,68,68,68,68,68,68,68,68,68,68,68,68,68,68,68,68,68,68,68,68,68,68,68],"relic_stats":{"OrangePellets":[4],"Regal Pillow":15,"counters":[67,310],"Golden Idol":122,"obtain_stats":[{"Regal Pillow":12,"Vajra":9,"Mango":11,"Bag of Preparation":6,"Sling":14,"Smiling Mask":24,"Empty Cage":34,"Burning Blood":0,"Sozu":17,"Nunchaku":9,"Dream Catcher":8,"Centennial Puzzle":9,"Mummified Hand":46,"Strawberry":12,"Toolbox":42,"MealTicket":7,"Tiny Chest":0,"InkBottle":9,"Golden Idol":2,"Dead Branch":0,"Eternal Feather":47,"PreservedInsect":11,"Omamori":0,"Frozen Egg 2":9,"Orichalcum":22,"Medical Kit":47,"Akabeko":7,"White Beast Statue":0,"Mercury Hourglass":26,"OrangePellets":0,"CaptainsWheel":37,"Anchor":28,"Snecko Eye":17,"Mark of Pain":17,"Black Star":17,"Art of War":19,"Bag of Marbles":42,"StrikeDummy":29,"TungstenRod":20},{"Regal Pillow":61,"Vajra":60,"Mango":19,"Bag of Preparation":17,"Sling":7,"Smiling Mask":23,"Empty Cage":26,"Burning Blood":0,"Sozu":53,"Nunchaku":5,"Dream Catcher":18,"Centennial Puzzle":48,"Mummified Hand":32,"Strawberry":50,"Toolbox":30,"MealTicket":4,"Tiny Chest":43,"InkBottle":38,"Golden Idol":44,"Dead Branch":33,"Eternal Feather":32,"PreservedInsect":6,"Omamori":33,"Frozen Egg 2":18,"Orichalcum":22,"Medical Kit":32,"Akabeko":47,"White Beast Statue":58,"Mercury Hourglass":23,"OrangePellets":33,"CaptainsWheel":28,"Anchor":57,"Snecko Eye":21,"Mark of Pain":63,"Black Star":8,"Art of War":9,"Bag of Marbles":30,"StrikeDummy":24,"TungstenRod":55},{"Regal Pillow":286,"Vajra":282,"Mango":83,"Bag of Preparation":71,"Sling":29,"Smiling Mask":106,"Empty Cage":124,"Burning Blood":0,"Sozu":251,"Nunchaku":23,"Dream Catcher":77,"Centennial Puzzle":226,"Mummified Hand":151,"Strawberry":233,"Toolbox":140,"MealTicket":18,"Tiny Chest":207,"InkBottle":178,"Golden Idol":211,"Dead Branch":155,"Eternal Feather":151,"PreservedInsect":27,"Omamori":155,"Frozen Egg 2":77,"Orichalcum":101,"Medical Kit":151,"Akabeko":222,"White Beast Statue":275,"Mercury Hourglass":106,"OrangePellets":155,"CaptainsWheel":131,"Anchor":271,"Snecko Eye":98,"Mark of Pain":294,"Black Star":36,"Art of War":40,"Bag of Marbles":140,"StrikeDummy":111,"TungstenRod":260}],"Burning Blood":372},"card_choices":[{"not_picked":["Perfected Strike","Heavy Blade"],"picked":"Cleave","floor":1},{"not_picked":["Cleave","Heavy Blade"],"picked":"Sword Boomerang","floor":4},{"not_picked":["Armaments","True Grit"],"picked":"Blood for Blood","floor":12},{"not_picked":["Twin Strike","Wild Strike"],"picked":"Uppercut","floor":14},{"not_picked":["Brutality","Juggernaut"],"picked":"Double Tap","floor":16},{"not_picked":["Warcry","Thunderclap"],"picked":"Pommel Strike","floor":18},{"not_picked":["Infernal Blade","Hemokinesis"],"picked":"Shockwave","floor":19},{"not_picked":["Iron Wave","Combust"],"picked":"Shrug It Off","floor":22}],"player_experience":573683,"relics_obtained":[{"floor":9,"key":"Vajra"},{"floor":12,"key":"Regal Pillow"}],"event_choices":[{"damage_healed":0,"gold_gain":0,"player_choice":"Entered Light","damage_taken":23,"max_hp_gain":0,"max_hp_loss":0,"event_name":"Shining Light","floor":2,"gold_loss":0,"cards_upgraded":["Defend_R","Defend_R"]},{"damage_healed":0,"gold_gain":0,"player_choice":"Lose Max HP","damage_taken":0,"relics_obtained":["Golden Idol"],"max_hp_gain":0,"max_hp_loss":7,"event_name":"Golden Idol","floor":3,"gold_loss":0},{"damage_healed":0,"gold_gain":75,"player_choice":"Gather Gold","damage_taken":11,"max_hp_gain":0,"max_hp_loss":0,"event_name":"World of Goop","floor":5,"gold_loss":0},{"damage_healed":22,"gold_gain":0,"player_choice":"Banana","damage_taken":0,"max_hp_gain":0,"max_hp_loss":0,"event_name":"Big Fish","floor":8,"gold_loss":0},{"damage_healed":0,"gold_gain":0,"player_choice":"","damage_taken":6,"max_hp_gain":0,"max_hp_loss":0,"event_name":"Knowing Skull","floor":21,"potions_obtained":[],"gold_loss":0,"cards_obtained":[]}],"is_beta":false,"boss_relics":[{"not_picked":["SacredBark","Sozu"],"picked":"Mark of Pain"}],"items_purged_floors":[7],"is_endless":false,"potions_floor_spawned":[1,4,12,14,16,18,19,22],"killed_by":"Book of Stabbing","ascension_level":20}}