{"host":"jksa5rawk3m4gilz","time":1610278101,"event":{"mods":["BaseMod","Colored Map","Highlight Path","Minty Spire (QoL Compilation)","Quick Restart"],"gold_per_floor":[119,194,194,49,61,61,94,108,108,108,208,228,228,263,263,336,336,355,136,151,101,101,101,127,144,144,144,244,256,271,134,134,211,211,227,237,89,89,62,62,62,62],"floor_reached":41,"playtime":1236,"items_purged":["Strike_P"],"score":771,"play_id":"5846c710-4bbf-48fd-bfc2-84bc9308f707","local_time":"20210110122821","is_ascension_mode":true,"campfire_choices":[{"data":"ForeignInfluence","floor":6,"key":"SMITH"},{"data":"Eruption","floor":10,"key":"SMITH"},{"data":"ForeignInfluence","floor":13,"key":"SMITH"},{"data":"Collect","floor":15,"key":"SMITH"},{"floor":23,"key":"REST"},{"floor":27,"key":"REST"},{"floor":32,"key":"REST"},{"floor":40,"key":"REST"}],"circlet_count":0,"master_deck":["AscendersBane","Strike_P","Strike_P","Defend_P+1","Defend_P","Eruption+1","Vigilance","ForeignInfluence+1","ForeignInfluence+1","SandsOfTime+1","Collect+1","Ragnarok+1","FollowUp+1","Vault+1","Establishment+1","FollowUp+1","WreathOfFlame+1","Halt","Evaluate+1","Protect+1","Finesse+1","SpiritShield+1","Consecrate+1","Worship+1","Decay","Protect+1"],"relics":["PureWater","NeowsBlessing","Chemical X","Molten Egg 2","Ancient Tea Set","Vajra","Astrolabe","Strawberry","Ornamental Fan","Toxic Egg 2","SlaversCollar","War Paint"],"acts_visited":["Exordium","TheCity","TheBeyond"],"potions_floor_usage":[25,25,33],"damage_taken":[{"damage":0,"enemies":"Small Slimes","floor":1,"turns":2},{"damage":0,"enemies":"2 Louse","floor":5,"turns":1},{"damage":0,"enemies":"Lagavulin","floor":7,"turns":1},{"damage":0,"enemies":"Cultist","floor":8,"turns":3},{"damage":10,"enemies":"Looter","floor":12,"turns":4},{"damage":12,"enemies":"3 Sentries","floor":14,"turns":3},{"damage":47,"enemies":"The Guardian","floor":16,"turns":7},{"damage":36,"enemies":"Shell Parasite","floor":18,"turns":3},{"damage":12,"enemies":"Chosen","floor":20,"turns":3},{"damage":0,"enemies":"Gremlin Leader","floor":24,"turns":3},{"damage":32,"enemies":"Snecko","floor":25,"turns":4},{"damage":12,"enemies":"Cultist and Chosen","floor":29,"turns":3},{"damage":18,"enemies":"Sentry and Sphere","floor":30,"turns":3},{"damage":37,"enemies":"Automaton","floor":33,"turns":7},{"damage":22,"enemies":"3 Shapes","floor":35,"turns":2},{"damage":20,"enemies":"3 Darklings","floor":36,"turns":6},{"damage":58,"enemies":"Nemesis","floor":41,"turns":4}],"seed_played":"-8498498961930725464","potions_obtained":[{"floor":1,"key":"EntropicBrew"},{"floor":5,"key":"FearPotion"},{"floor":20,"key":"StancePotion"},{"floor":35,"key":"Dexterity Potion"}],"is_trial":false,"path_per_floor":["M","?","?","$","M","R","E","M","T","R","?","M","R","E","R","B",null,"M","$","M","?","$","R","E","M","T","R","?","M","M","$","R","B",null,"M","M","$","?","$","R","E"],"character_chosen":"WATCHER","items_purchased":["Chemical X","Strawberry","Protect+1","Finesse+1","War Paint","Protect+1"],"campfire_rested":4,"item_purchase_floors":[4,19,31,31,37,39],"current_hp_per_floor":[65,54,72,72,72,72,72,72,72,72,72,62,62,50,50,3,55,19,26,14,14,14,37,37,5,5,28,28,16,23,23,46,9,62,40,20,20,20,20,43,0,0],"gold":62,"neow_bonus":"THREE_ENEMY_KILL","is_daily":false,"chose_seed":false,"campfire_upgraded":4,"win_rate":0.0,"timestamp":1610278101,"path_taken":["M","?","?","$","?","R","E","M","T","R","?","?","R","E","R","BOSS","M","$","M","?","$","R","E","?","T","R","?","M","?","?","R","BOSS","M","M","$","?","?","R","E"],"items_purchased_type":["Relic","Relic","Card","Card","Relic","Card"],"build_version":"2020-12-22","purchased_purges":1,"victory":false,"max_hp_per_floor":[72,72,72,72,72,72,72,72,72,72,72,72,72,72,72,72,72,72,79,79,79,79,79,79,79,79,79,79,79,79,79,79,79,79,79,79,79,79,79,79,79,79],"card_choices":[{"not_picked":["InnerPeace","EmptyFist"],"picked":"ForeignInfluence","floor":1},{"not_picked":["Weave","ThirdEye","PathToVictory"],"picked":"SKIP","floor":5},{"not_picked":["EmptyFist+1","Vengeance"],"picked":"ForeignInfluence","floor":7},{"not_picked":["Fasting2","SashWhip+1"],"picked":"SandsOfTime+1","floor":8},{"not_picked":["Halt","BowlingBash+1"],"picked":"Collect","floor":12},{"not_picked":["CutThroughFate+1","FlyingSleeves+1","EmptyBody"],"picked":"SKIP","floor":14},{"not_picked":["Vault","Wish"],"picked":"Ragnarok+1","floor":16},{"not_picked":["ClearTheMind","EmptyBody","ThirdEye"],"picked":"SKIP","floor":18},{"not_picked":["EmptyBody","FlyingSleeves+1"],"picked":"FollowUp+1","floor":20},{"not_picked":["ThirdEye","Weave+1"],"picked":"WreathOfFlame","floor":24},{"not_picked":["BowlingBash+1","LikeWater"],"picked":"Halt","floor":25},{"not_picked":["BowlingBash+1","EmptyMind+1"],"picked":"Evaluate+1","floor":29},{"not_picked":["Crescendo+1","LessonLearned+1","CutThroughFate+1"],"picked":"SKIP","floor":30},{"not_picked":["Brilliance+1","DeusExMachina+1"],"picked":"SpiritShield+1","floor":33},{"not_picked":["SandsOfTime+1","Crescendo+1"],"picked":"Consecrate+1","floor":35},{"not_picked":["JustLucky+1","FlurryOfBlows+1"],"picked":"Worship+1","floor":36}],"player_experience":2120886,"relics_obtained":[{"floor":7,"key":"Molten Egg 2"},{"floor":9,"key":"Ancient Tea Set"},{"floor":14,"key":"Vajra"},{"floor":24,"key":"Ornamental Fan"},{"floor":26,"key":"Toxic Egg 2"}],"event_choices":[{"damage_healed":0,"gold_gain":75,"player_choice":"Gather Gold","damage_taken":11,"max_hp_gain":0,"max_hp_loss":0,"event_name":"World of Goop","floor":2,"gold_loss":0},{"damage_healed":18,"gold_gain":0,"player_choice":"Full Heal","damage_taken":0,"max_hp_gain":0,"max_hp_loss":0,"event_name":"Wheel of Change","floor":3,"gold_loss":0},{"damage_healed":0,"gold_gain":100,"player_choice":"Pray","damage_taken":0,"max_hp_gain":0,"max_hp_loss":0,"event_name":"Golden Shrine","floor":11,"gold_loss":0},{"damage_healed":0,"gold_gain":0,"player_choice":"Bet on Owner","damage_taken":0,"max_hp_gain":0,"max_hp_loss":0,"event_name":"The Joust","floor":21,"gold_loss":50},{"damage_healed":0,"gold_gain":100,"player_choice":"Pray","damage_taken":0,"max_hp_gain":0,"max_hp_loss":0,"event_name":"Golden Shrine","floor":28,"gold_loss":0},{"damage_healed":0,"gold_gain":0,"player_choice":"Cursed","damage_taken":0,"max_hp_gain":0,"max_hp_loss":0,"event_name":"Wheel of Change","floor":38,"gold_loss":0,"cards_obtained":["Decay"]}],"is_beta":false,"boss_relics":[{"not_picked":["Cursed Key","HolyWater"],"picked":"Astrolabe"},{"not_picked":["SacredBark","Runic Dome"],"picked":"SlaversCollar"}],"items_purged_floors":[19],"is_endless":false,"potions_floor_spawned":[1,5,12,18,20,25,35],"killed_by":"Nemesis","ascension_level":13}}