{"host":"ayh4nqhr0ddw4ozv","time":1610249860,"event":{"mods":["BaseMod","Minty Spire (QoL Compilation)","Relic Stats","Replay The Spire","Robot Space Explorer","StSLib"],"gold_per_floor":[217,217,231,231,247,247,281,281,281,301,327,175,195,213,213,288,288,305,305,0,15,31,31,130,130,130],"floor_reached":25,"playtime":1160,"items_purged":["Strike_G"],"score":475,"play_id":"fdad5dfc-adf5-4f5f-b79c-c2f272af9b7b","local_time":"20210109193740","is_ascension_mode":true,"campfire_choices":[{"data":"Dagger Spray","floor":6,"key":"SMITH"},{"data":"Neutralize","floor":8,"key":"SMITH"},{"data":"Malaise","floor":15,"key":"SMITH"},{"data":"Footwork","floor":23,"key":"SMITH"}],"circlet_count":0,"master_deck":["AscendersBane","Strike_G","Defend_G","Defend_G","Defend_G","Defend_G","Defend_G","Survivor","Neutralize+1","Blade Dance","All Out Attack+1","Dagger Spray+1","Poisoned Stab","Malaise+1","Bouncing Flask","Well Laid Plans","Tools of the Trade","Deflect+1","Caltrops+1","Atom Bomb+1","Bane","Footwork+1","Crippling Poison"],"relics":["Replay:Wanted Poster","White Beast Statue","ReplayTheSpireMod:Shallot","Unceasing Top","ReplayFunnel","Astrolabe","Torii"],"acts_visited":["Exordium","TheCity"],"potions_floor_usage":[7,11,11,16,25,25],"damage_taken":[{"damage":2,"enemies":"Jaw Worm","floor":1,"turns":5},{"damage":0,"enemies":"Small Slimes","floor":3,"turns":4},{"damage":5,"enemies":"2 Louse","floor":5,"turns":3},{"damage":13,"enemies":"3 Sentries","floor":7,"turns":4},{"damage":19,"enemies":"Large Slime","floor":10,"turns":5},{"damage":0,"enemies":"Gremlin Nob","floor":11,"turns":3},{"damage":1,"enemies":"3 Louse","floor":13,"turns":1},{"damage":0,"enemies":"Looter","floor":14,"turns":3},{"damage":0,"enemies":"Hexaghost","floor":16,"turns":8},{"damage":1,"enemies":"Shell Parasite","floor":18,"turns":4},{"damage":4,"enemies":"Chosen","floor":21,"turns":3},{"damage":3,"enemies":"Snake Plant","floor":22,"turns":4},{"damage":39,"enemies":"Gremlin Leader","floor":25,"turns":4}],"seed_played":"-8135843191767126639","potions_obtained":[{"floor":3,"key":"SneckoOil"},{"floor":5,"key":"SpeedPotion"},{"floor":7,"key":"Poison Potion"},{"floor":10,"key":"Explosive Potion"},{"floor":11,"key":"AttackPotion"},{"floor":13,"key":"Milkshake"},{"floor":14,"key":"Poison Potion"},{"floor":16,"key":"Explosive Potion"},{"floor":18,"key":"Poison Potion"},{"floor":21,"key":"Block Potion"}],"is_trial":false,"path_per_floor":["M","?","M","?","M","R","E","R","T","M","E","$","M","M","R","B",null,"M","?","$","M","M","R","?","E"],"character_chosen":"THE_SILENT","items_purchased":["Bouncing Flask","Torii"],"campfire_rested":0,"item_purchase_floors":[12,20],"current_hp_per_floor":[61,49,49,49,44,44,31,31,31,12,12,12,11,11,11,11,55,54,41,41,37,34,34,34,0,0],"gold":130,"neow_bonus":"BOSS_RELIC","is_daily":false,"chose_seed":false,"campfire_upgraded":4,"win_rate":0.0,"timestamp":1610249860,"path_taken":["M","?","M","?","M","R","E","R","T","M","E","$","M","M","R","BOSS","M","?","$","M","M","R","?","E"],"items_purchased_type":["Card","Relic"],"build_version":"2020-12-22","purchased_purges":1,"victory":false,"max_hp_per_floor":[70,70,70,70,70,70,70,70,70,70,70,70,70,70,70,70,70,70,75,75,75,75,75,75,75,75],"relic_stats":{"Torii":4,"counters":[13,51],"Astrolabe":["Deflect","Caltrops","Atom Bomb"],"obtain_stats":[{"Replay:Wanted Poster":0,"ReplayFunnel":11,"ReplayTheSpireMod:Shallot":7,"Torii":20,"Astrolabe":17,"White Beast Statue":2,"Unceasing Top":9,"Ring of the Snake":0},{"Replay:Wanted Poster":0,"ReplayFunnel":6,"ReplayTheSpireMod:Shallot":4,"Torii":10,"Astrolabe":9,"White Beast Statue":1,"Unceasing Top":4,"Ring of the Snake":0},{"Replay:Wanted Poster":0,"ReplayFunnel":24,"ReplayTheSpireMod:Shallot":16,"Torii":40,"Astrolabe":36,"White Beast Statue":5,"Unceasing Top":16,"Ring of the Snake":0}],"Unceasing Top":[8]},"card_choices":[{"not_picked":["Prepared","Dodge and Roll"],"picked":"Blade Dance","floor":1},{"not_picked":["Concentrate","ReplayTheSpireMod:Exploit Weakness"],"picked":"All Out Attack","floor":3},{"not_picked":["Quick Slash","ReplayTheSpireMod:Speed Training"],"picked":"Dagger Spray","floor":5},{"not_picked":["Catalyst","Slice"],"picked":"Poisoned Stab","floor":7},{"not_picked":["Underhanded Strike","Concentrate","Prepared"],"picked":"SKIP","floor":10},{"not_picked":["Flying Knee","Calculated Gamble"],"picked":"Malaise","floor":11},{"not_picked":["Eviscerate","Prepared","Cloak And Dagger"],"picked":"SKIP","floor":13},{"not_picked":["Sucker Punch","Bouncing Flask"],"picked":"Well Laid Plans","floor":14},{"not_picked":["Grand Finale","ReplayTheSpireMod:From All Sides"],"picked":"Tools of the Trade","floor":16},{"not_picked":["Blade Dance","ReplayTheSpireMod:Speed Training"],"picked":"Bane","floor":18},{"not_picked":["Sucker Punch","Deadly Poison"],"picked":"Footwork","floor":21},{"not_picked":["Cloak And Dagger+1","Hidden Blade"],"picked":"Crippling Poison","floor":22}],"player_experience":318733,"relics_obtained":[{"floor":7,"key":"ReplayTheSpireMod:Shallot"},{"floor":9,"key":"Unceasing Top"},{"floor":11,"key":"ReplayFunnel"}],"event_choices":[{"damage_healed":0,"gold_gain":0,"player_choice":"Success","damage_taken":12,"relics_obtained":["White Beast Statue"],"max_hp_gain":0,"max_hp_loss":0,"event_name":"Scrap Ooze","floor":2,"gold_loss":0},{"damage_healed":0,"gold_gain":0,"player_choice":"Grow","damage_taken":0,"max_hp_gain":0,"max_hp_loss":0,"event_name":"Living Wall","floor":4,"gold_loss":0,"cards_upgraded":["All Out Attack"]},{"damage_healed":0,"gold_gain":0,"player_choice":"Shed Blood","damage_taken":18,"max_hp_gain":5,"max_hp_loss":0,"event_name":"Forgotten Altar","floor":19,"gold_loss":0},{"damage_healed":0,"gold_gain":99,"player_choice":"Stole From Cult","damage_taken":0,"max_hp_gain":0,"max_hp_loss":0,"event_name":"Nest","floor":24,"gold_loss":0}],"is_beta":false,"boss_relics":[{"not_picked":["Kintsugi","Painkiller Herb"],"picked":"Astrolabe"}],"items_purged_floors":[12],"is_endless":false,"potions_floor_spawned":[3,5,7,10,11,13,14,16,18,21,22],"killed_by":"Gremlin Leader","ascension_level":13}}