{"host":"mdbnki27vzqujy5q","time":1610270847,"event":{"mods":["BaseMod","Colored Powertips","Minty Spire (QoL Compilation)","Quick Restart"],"gold_per_floor":[114,114,189,73,89,89,115,115,115,115,174,207,207,232,232,336,336,346,346,371,371,296,327,327,374,398,414,440,458,458,458],"floor_reached":30,"playtime":953,"items_purged":["Strike_R"],"score":303,"play_id":"4276d14d-b525-4c39-b029-80221423475b","local_time":"20210110012727","is_ascension_mode":true,"campfire_choices":[{"data":"Armaments","floor":6,"key":"SMITH"},{"data":"Bash","floor":8,"key":"SMITH"},{"data":"Pommel Strike","floor":10,"key":"SMITH"},{"data":"Metallicize","floor":15,"key":"SMITH"},{"floor":24,"key":"REST"}],"circlet_count":0,"master_deck":["Strike_R","Strike_R","Defend_R","Bash+1","Armaments+1","Metallicize+1","Metallicize","Pommel Strike+1","Thunderclap","Inflame","Juggernaut","Bloodletting+1","Uppercut+1","Hemokinesis+1","Shrug It Off+1","Heavy Blade","Disarm","Headbutt","Infernal Blade"],"relics":["Burning Blood","NeowsBlessing","Smiling Mask","Gremlin Horn","Tiny Chest","Vajra","Juzu Bracelet","Astrolabe","Nilry\u0027s Codex","Blood Vial","Mercury Hourglass","PreservedInsect","Centennial Puzzle","Nunchaku"],"acts_visited":["Exordium","TheCity"],"potions_floor_usage":[16,23,29],"damage_taken":[{"damage":0,"enemies":"Jaw Worm","floor":1,"turns":1},{"damage":0,"enemies":"2 Louse","floor":5,"turns":1},{"damage":0,"enemies":"Lagavulin","floor":7,"turns":3},{"damage":18,"enemies":"3 Sentries","floor":11,"turns":8},{"damage":13,"enemies":"Gremlin Nob","floor":12,"turns":4},{"damage":23,"enemies":"Slime Boss","floor":16,"turns":6},{"damage":18,"enemies":"Chosen","floor":18,"turns":4},{"damage":44,"enemies":"Slavers","floor":23,"turns":5},{"damage":12,"enemies":"3 Byrds","floor":27,"turns":4},{"damage":35,"enemies":"Cultist and Chosen","floor":29,"turns":5},{"damage":11,"enemies":"Gremlin Leader","floor":30,"turns":1}],"seed_played":"977104441543267876","potions_obtained":[{"floor":5,"key":"FearPotion"},{"floor":11,"key":"Explosive Potion"},{"floor":12,"key":"Strength Potion"},{"floor":16,"key":"Energy Potion"},{"floor":18,"key":"ElixirPotion"}],"is_trial":false,"path_per_floor":["M","?","?","$","M","R","E","R","T","R","?","E","?","T","R","B",null,"M","?","T","?","?","E","R","T","T","M","T","M","E"],"character_chosen":"IRONCLAD","items_purchased":["Metallicize"],"campfire_rested":1,"item_purchase_floors":[4],"current_hp_per_floor":[80,73,62,62,68,68,74,74,74,74,62,55,43,43,43,26,80,68,52,52,52,52,16,40,40,40,36,36,9,0,0],"gold":458,"neow_bonus":"THREE_ENEMY_KILL","is_daily":false,"chose_seed":false,"campfire_upgraded":4,"win_rate":0.0,"timestamp":1610270847,"path_taken":["M","?","?","?","?","R","E","R","T","R","?","E","?","?","R","BOSS","M","?","?","?","?","E","R","?","T","M","?","M","E"],"items_purchased_type":["Card"],"build_version":"2020-12-22","purchased_purges":1,"victory":false,"max_hp_per_floor":[80,80,80,80,80,80,80,80,80,80,80,80,80,80,80,80,80,80,80,80,80,80,80,80,80,80,80,80,80,80,80],"card_choices":[{"not_picked":["Flex","Headbutt"],"picked":"Armaments","floor":1},{"not_picked":["Whirlwind","Evolve"],"picked":"Metallicize","floor":5},{"not_picked":["Power Through","Twin Strike"],"picked":"Pommel Strike","floor":7},{"not_picked":["Clash","Shrug It Off"],"picked":"Thunderclap","floor":11},{"not_picked":["Iron Wave","Blood for Blood"],"picked":"Inflame","floor":12},{"not_picked":["Bludgeon","Impervious"],"picked":"Juggernaut","floor":16},{"not_picked":["Body Slam","Dual Wield"],"picked":"Shrug It Off+1","floor":18},{"not_picked":["Armaments","Anger"],"picked":"Disarm","floor":23},{"not_picked":["Twin Strike","Second Wind"],"picked":"Headbutt","floor":27},{"not_picked":["Dual Wield","Rupture"],"picked":"Infernal Blade","floor":29}],"player_experience":57581,"relics_obtained":[{"floor":7,"key":"Smiling Mask"},{"floor":9,"key":"Gremlin Horn"},{"floor":11,"key":"Tiny Chest"},{"floor":12,"key":"Vajra"},{"floor":19,"key":"Nilry\u0027s Codex"},{"floor":20,"key":"Blood Vial"},{"floor":23,"key":"Mercury Hourglass"},{"floor":25,"key":"PreservedInsect"},{"floor":26,"key":"Centennial Puzzle"},{"floor":28,"key":"Nunchaku"}],"event_choices":[{"cards_removed":["Defend_R"],"damage_healed":0,"gold_gain":0,"player_choice":"Card Removal","damage_taken":7,"max_hp_gain":0,"max_hp_loss":0,"event_name":"Golden Wing","floor":2,"gold_loss":0},{"damage_healed":0,"gold_gain":75,"player_choice":"Gather Gold","damage_taken":11,"max_hp_gain":0,"max_hp_loss":0,"event_name":"World of Goop","floor":3,"gold_loss":0},{"damage_healed":0,"gold_gain":30,"player_choice":"Searched \u00273\u0027 times","damage_taken":0,"max_hp_gain":0,"max_hp_loss":0,"event_name":"Dead Adventurer","floor":11,"gold_loss":0},{"damage_healed":0,"gold_gain":0,"player_choice":"Success","damage_taken":12,"relics_obtained":["Juzu Bracelet"],"max_hp_gain":0,"max_hp_loss":0,"event_name":"Scrap Ooze","floor":13,"gold_loss":0},{"damage_healed":0,"gold_gain":0,"player_choice":"Obtained Book","damage_taken":16,"max_hp_gain":0,"max_hp_loss":0,"event_name":"Cursed Tome","floor":19,"gold_loss":0},{"damage_healed":0,"gold_gain":0,"player_choice":"Read","damage_taken":0,"max_hp_gain":0,"max_hp_loss":0,"event_name":"The Library","floor":21,"gold_loss":0,"cards_obtained":["Heavy Blade"]},{"cards_removed":["Defend_R"],"damage_healed":0,"gold_gain":0,"player_choice":"Gave Gold","damage_taken":0,"max_hp_gain":0,"max_hp_loss":0,"event_name":"Beggar","floor":22,"gold_loss":75}],"is_beta":false,"boss_relics":[{"not_picked":["Snecko Eye","Tiny House"],"picked":"Astrolabe"}],"items_purged_floors":[4],"is_endless":false,"potions_floor_spawned":[5,11,12,16,18],"killed_by":"Gremlin Leader","ascension_level":2}}