{"host":"t6qtrm0p3vt4mocc","time":1610301351,"event":{"mods":["BaseMod","Become a monster ???","Better Skull","Colored Map","Colored Powertips","Defuse TimeMaze Blight","FoggyMod","Force Act Four","Fox Events","Friendly Minions","Grow up Mod","Highlight Path","Minty Spire (QoL Compilation)","Rare Cards Sparkle","Slay-I","StSLib","Waifu the Spire"],"gold_per_floor":[111,111,111,36,51,51,51,72,72,115,115,156,156,3,3,127,127,150,150,166,81,81,81,122,122,170,170,89,124,147,147,147,268,268,293,1292,1292,1307,1307,1351,822,857,894,906,918,1263,1275,1287,1299,1311,1323,1335,433,468,468],"floor_reached":56,"playtime":1905,"items_purged":["Normality"],"score":1416,"play_id":"58216f75-af6d-41fd-a695-08b561c3ac5c","local_time":"20210110205551","is_ascension_mode":false,"campfire_choices":[{"data":"1","floor":13,"key":"LIFT"},{"data":"2","floor":15,"key":"LIFT"},{"data":"3","floor":23,"key":"LIFT"},{"data":"Infinite Blades","floor":32,"key":"SMITH"},{"data":"Glass Knife","floor":47,"key":"SMITH"},{"floor":49,"key":"RECALL"},{"data":"Footwork","floor":52,"key":"SMITH"}],"circlet_count":0,"master_deck":["Strike_G","Strike_G","Strike_G+1","Strike_G+1","Strike_G","Defend_G+1","Defend_G+1","Defend_G","Defend_G","Defend_G","Neutralize+1","Dagger Spray","Footwork+1","Dagger Spray","Glass Knife+1","Quick Slash","Tools of the Trade","Infinite Blades+1","Infinite Blades+1","A Thousand Cuts","Backflip+1","Expertise+1","Footwork+1","Prepared+1","Panacea","Dark Shackles","Dramatic Entrance","Riddle With Holes+1","Well Laid Plans","Quick Slash+1","PiercingWail"],"relics":["Ring of the Snake","Happy Flower","Boot","Kunai","Centennial Puzzle","Girya","Ninja Scroll","Sling","Black Star","Meat on the Bone","Toy Ornithopter","Matryoshka","Bag of Preparation","Ornamental Fan","InkBottle","Potion Belt","Blood Vial","Incense Burner","Mercury Hourglass","SlaversCollar","Shuriken","Juzu Bracelet","Bronze Scales","Orichalcum","TwistedFunnel","Pantograph","MawBank","War Paint","Molten Egg 2","FossilizedHelix","Oddly Smooth Stone","Frozen Eye","Whetstone","Vajra"],"acts_visited":["Exordium","TheCity","TheBeyond","TheEnding"],"potions_floor_usage":[55,55,55,55],"damage_taken":[{"damage":1,"enemies":"Jaw Worm","floor":1,"turns":5},{"damage":0,"enemies":"2 Louse","floor":5,"turns":3},{"damage":0,"enemies":"Cultist","floor":8,"turns":3},{"damage":17,"enemies":"Gremlin Nob","floor":10,"turns":5},{"damage":24,"enemies":"Lagavulin","floor":12,"turns":6},{"damage":19,"enemies":"Slime Boss","floor":16,"turns":7},{"damage":0,"enemies":"3 Byrds","floor":18,"turns":2},{"damage":0,"enemies":"Spheric Guardian","floor":20,"turns":3},{"damage":22,"enemies":"Book of Stabbing","floor":24,"turns":4},{"damage":0,"enemies":"Gremlin Leader","floor":29,"turns":5},{"damage":11,"enemies":"Snake Plant","floor":30,"turns":3},{"damage":54,"enemies":"Collector","floor":33,"turns":8},{"damage":27,"enemies":"3 Shapes","floor":35,"turns":3},{"damage":41,"enemies":"3 Darklings","floor":38,"turns":4},{"damage":41,"enemies":"Reptomancer","floor":40,"turns":6},{"damage":2,"enemies":"Giant Head","floor":42,"turns":7},{"damage":87,"enemies":"Time Eater","floor":50,"turns":9},{"damage":6,"enemies":"Shield and Spear","floor":54,"turns":4},{"damage":122,"enemies":"The Heart","floor":55,"turns":8}],"seed_played":"4696185526151368224","potions_obtained":[{"floor":8,"key":"DistilledChaos"},{"floor":10,"key":"SpeedPotion"},{"floor":12,"key":"FairyPotion"},{"floor":18,"key":"Energy Potion"},{"floor":29,"key":"SpeedPotion"},{"floor":30,"key":"LiquidBronze"}],"is_trial":false,"path_per_floor":["M","?","?","$","M","?","?","M","T","E","?","E","R","$","R","B",null,"M","?","M","?","?","R","E","$","T","?","$","E","M","T","R","B",null,"M","?","?","M","?","E","$","E","T","?","?","?","R","T","R","B",null,"R","$","E","B",null],"character_chosen":"THE_SILENT","items_purchased":["Footwork","Sling","Infinite Blades","Bronze Scales","Orichalcum","TwistedFunnel","FossilizedHelix","Oddly Smooth Stone","Frozen Eye","ColorlessPotion","ColorlessPotion","Riddle With Holes+1","Well Laid Plans","Quick Slash+1","PiercingWail"],"campfire_rested":0,"item_purchase_floors":[4,14,28,41,41,41,53,53,53,53,53,53,53,53,53],"current_hp_per_floor":[89,99,109,119,129,107,58,68,78,71,78,64,74,84,94,85,250,260,270,280,290,300,310,298,308,318,328,338,348,349,359,369,327,420,403,413,423,394,404,375,385,395,405,415,415,425,435,445,455,405,590,600,610,614,508],"gold":468,"neow_bonus":"UPGRADE_CARD","is_daily":false,"chose_seed":false,"campfire_upgraded":3,"win_rate":0.0,"timestamp":1610301351,"path_taken":["M","?","?","$","?","?","?","?","T","E","?","E","R","?","R","BOSS","M","?","?","?","?","R","E","?","T","?","$","E","?","?","R","BOSS","M","?","?","?","?","E","$","E","T","?","?","?","R","?","R","BOSS","R","$","E","BOSS"],"items_purchased_type":["Card","Relic","Card","Relic","Relic","Relic","Relic","Relic","Relic","Potion","Potion","Card","Card","Card","Card"],"build_version":"2020-12-22","purchased_purges":1,"victory":true,"max_hp_per_floor":[90,100,110,120,130,140,150,160,170,180,190,200,210,220,230,240,250,260,270,280,290,300,310,320,330,340,350,360,370,380,390,400,410,420,430,440,450,460,470,480,490,500,510,520,530,540,550,560,570,580,590,600,610,620,630],"card_choices":[{"not_picked":["Deadly Poison","Heel Hook"],"picked":"Dagger Spray","floor":1},{"not_picked":["Acrobatics","Flechettes","Underhanded Strike"],"picked":"SKIP","floor":5},{"not_picked":["Endless Agony","Masterful Stab"],"picked":"Dagger Spray","floor":8},{"not_picked":["Underhanded Strike","PiercingWail"],"picked":"Glass Knife","floor":10},{"not_picked":["Escape Plan","All Out Attack"],"picked":"Quick Slash","floor":12},{"not_picked":["Wraith Form v2","Doppelganger"],"picked":"Tools of the Trade","floor":16},{"not_picked":["Dagger Throw","Blur","Deadly Poison"],"picked":"SKIP","floor":18},{"not_picked":["Underhanded Strike","Slice+1","Bane"],"picked":"SKIP","floor":20},{"not_picked":["PiercingWail","Deflect+1","Wraith Form v2"],"picked":"SKIP","floor":24},{"not_picked":["Flechettes","Tactician"],"picked":"Infinite Blades+1","floor":29},{"not_picked":["Flying Knee","PiercingWail","Sucker Punch"],"picked":"SKIP","floor":30},{"not_picked":["Adrenaline","Phantasmal Killer"],"picked":"A Thousand Cuts","floor":33},{"not_picked":["Slice","Expertise"],"picked":"Backflip+1","floor":35},{"not_picked":["Prepared","All Out Attack+1"],"picked":"Expertise+1","floor":38},{"not_picked":["Slice","All Out Attack"],"picked":"Footwork+1","floor":40},{"not_picked":["Deadly Poison","Dodge and Roll"],"picked":"Prepared+1","floor":42},{"not_picked":["Deep Breath","Bandage Up"],"picked":"Panacea","floor":45},{"not_picked":["Discovery","Magnetism"],"picked":"Dark Shackles","floor":45},{"not_picked":["Impatience","Forethought"],"picked":"Dramatic Entrance","floor":45},{"not_picked":["Deadly Poison+1","Endless Agony+1","Dodge and Roll"],"picked":"SKIP","floor":54}],"player_experience":28497,"relics_obtained":[{"floor":9,"key":"Kunai"},{"floor":10,"key":"Centennial Puzzle"},{"floor":12,"key":"Ninja Scroll"},{"floor":19,"key":"Meat on the Bone"},{"floor":24,"key":"Bag of Preparation"},{"floor":24,"key":"Ornamental Fan"},{"floor":26,"key":"InkBottle"},{"floor":26,"key":"Potion Belt"},{"floor":29,"key":"Blood Vial"},{"floor":29,"key":"Incense Burner"},{"floor":31,"key":"Mercury Hourglass"},{"floor":40,"key":"Shuriken"},{"floor":40,"key":"Juzu Bracelet"},{"floor":42,"key":"Pantograph"},{"floor":42,"key":"MawBank"},{"floor":43,"key":"War Paint"},{"floor":48,"key":"Molten Egg 2"},{"floor":54,"key":"Whetstone"},{"floor":54,"key":"Vajra"}],"event_choices":[{"damage_healed":0,"gold_gain":0,"player_choice":"Ignored","damage_taken":0,"max_hp_gain":0,"max_hp_loss":0,"event_name":"Golden Wing","floor":2,"gold_loss":0},{"damage_healed":0,"gold_gain":0,"player_choice":"Ignored","damage_taken":0,"max_hp_gain":0,"max_hp_loss":0,"event_name":"WeMeetAgain","floor":3,"gold_loss":0},{"damage_healed":0,"gold_gain":0,"player_choice":"Take Damage","damage_taken":32,"relics_obtained":["Golden Idol"],"max_hp_gain":0,"max_hp_loss":0,"event_name":"Golden Idol","floor":6,"gold_loss":0},{"damage_healed":0,"gold_gain":0,"player_choice":"RE RE ","damage_taken":63,"relics_obtained":["Happy Flower","Boot"],"max_hp_gain":0,"max_hp_loss":0,"event_name":"betterSkull:BetterSkull","floor":7,"gold_loss":0,"cards_upgraded":[]},{"damage_healed":0,"gold_gain":0,"player_choice":"Success","damage_taken":3,"relics_obtained":["Girya"],"max_hp_gain":0,"max_hp_loss":0,"event_name":"Scrap Ooze","floor":11,"gold_loss":0},{"damage_healed":0,"gold_gain":0,"player_choice":"Relic","damage_taken":0,"max_hp_gain":0,"max_hp_loss":0,"event_name":"Wheel of Change","floor":19,"gold_loss":0},{"damage_healed":0,"gold_gain":0,"player_choice":"Obtained Relic","damage_taken":0,"relics_obtained":["Toy Ornithopter"],"max_hp_gain":0,"max_hp_loss":0,"event_name":"Addict","floor":21,"gold_loss":85},{"damage_healed":0,"gold_gain":0,"player_choice":"Opened","damage_taken":0,"relics_obtained":["Matryoshka"],"max_hp_gain":0,"max_hp_loss":0,"event_name":"The Mausoleum","floor":22,"gold_loss":0},{"damage_healed":0,"gold_gain":0,"player_choice":"Ignored","damage_taken":0,"max_hp_gain":0,"max_hp_loss":0,"event_name":"Purifier","floor":27,"gold_loss":0},{"damage_healed":0,"gold_gain":999,"player_choice":"Gold","damage_taken":0,"max_hp_gain":0,"max_hp_loss":0,"event_name":"MindBloom","floor":36,"gold_loss":0,"cards_obtained":["Normality","Normality"]},{"cards_removed":["Survivor"],"damage_healed":0,"gold_gain":0,"player_choice":"Removed Skill","damage_taken":0,"max_hp_gain":0,"max_hp_loss":0,"event_name":"Falling","floor":37,"gold_loss":0},{"damage_healed":0,"gold_gain":0,"player_choice":"Ignored","damage_taken":0,"max_hp_gain":0,"max_hp_loss":0,"event_name":"Tomb of Lord Red Mask","floor":39,"gold_loss":0},{"cards_removed":["Normality"],"damage_healed":0,"gold_gain":0,"player_choice":"Purged","damage_taken":0,"max_hp_gain":0,"max_hp_loss":0,"event_name":"Purifier","floor":44,"gold_loss":0},{"damage_healed":0,"gold_gain":0,"player_choice":"Memory 3","damage_taken":10,"max_hp_gain":0,"max_hp_loss":0,"event_name":"SensoryStone","floor":45,"gold_loss":0},{"damage_healed":0,"gold_gain":333,"player_choice":"Gave Idol","damage_taken":0,"max_hp_gain":0,"max_hp_loss":0,"event_name":"The Moai Head","floor":46,"relics_lost":["Golden Idol"],"gold_loss":0}],"is_beta":false,"boss_relics":[{"not_picked":["Runic Dome","Philosopher\u0027s Stone"],"picked":"Black Star"},{"not_picked":["Velvet Choker","Snecko Eye"],"picked":"SlaversCollar"}],"items_purged_floors":[41],"is_endless":false,"potions_floor_spawned":[8,10,12,18,20,29,30,38],"ascension_level":0}}