{"host":"fv1cjvqplxezqiss","time":1610305773,"event":{"mods":["BaseMod","Colored Map","Minty Spire (QoL Compilation)","StSLib"],"gold_per_floor":[359,188,207,44,63,63,90,90,90,110,110,120,145,159,159,264,264,275,275,309,94,114,144,164,164,164,196,196,209,235,254,254,254,254],"floor_reached":33,"playtime":1770,"items_purged":["Defend_R"],"score":501,"play_id":"88a9953f-440a-4bcc-8671-8d806f4b3edb","local_time":"20210110140933","is_ascension_mode":true,"campfire_choices":[{"data":"True Grit","floor":6,"key":"SMITH"},{"data":"Spot Weakness","floor":11,"key":"SMITH"},{"data":"Bash","floor":15,"key":"SMITH"},{"data":"Warcry","floor":25,"key":"SMITH"},{"data":"Spot Weakness","floor":28,"key":"SMITH"},{"data":"Demon Form","floor":32,"key":"SMITH"}],"circlet_count":0,"master_deck":["AscendersBane","Strike_R","Strike_R","Strike_R","Strike_R","Strike_R","Defend_R","Defend_R","Defend_R","Bash+1","True Grit+1","Twin Strike","Feed","Warcry+1","Spot Weakness+1","Battle Trance","Sword Boomerang","Twin Strike","Offering","Demon Form+1","Pummel","Bloodletting","Dark Embrace+1","Spot Weakness+1","Uppercut+1"],"relics":["Burning Blood","Gambling Chip","Meat on the Bone","Incense Burner","Magic Flower","Black Star","Anchor","Red Mask","Pear","Paper Frog","WingedGreaves","InkBottle","Pocketwatch","Vajra"],"acts_visited":["Exordium","TheCity"],"potions_floor_usage":[3,7,23,24,33],"damage_taken":[{"damage":13,"enemies":"Jaw Worm","floor":1,"turns":6},{"damage":6,"enemies":"Cultist","floor":3,"turns":3},{"damage":4,"enemies":"Small Slimes","floor":5,"turns":3},{"damage":40,"enemies":"Lagavulin","floor":7,"turns":7},{"damage":7,"enemies":"2 Fungi Beasts","floor":10,"turns":4},{"damage":9,"enemies":"Blue Slaver","floor":12,"turns":3},{"damage":10,"enemies":"Gremlin Nob","floor":13,"turns":3},{"damage":16,"enemies":"Large Slime","floor":14,"turns":6},{"damage":24,"enemies":"Hexaghost","floor":16,"turns":9},{"damage":30,"enemies":"Spheric Guardian","floor":18,"turns":4},{"damage":59,"enemies":"Masked Bandits","floor":20,"turns":4},{"damage":6,"enemies":"Chosen","floor":22,"turns":4},{"damage":15,"enemies":"Gremlin Leader","floor":23,"turns":5},{"damage":11,"enemies":"Sentry and Sphere","floor":24,"turns":3},{"damage":40,"enemies":"Slavers","floor":27,"turns":5},{"damage":4,"enemies":"Chosen and Byrds","floor":29,"turns":4},{"damage":30,"enemies":"Gremlin Leader","floor":30,"turns":5},{"damage":17,"enemies":"Snecko","floor":31,"turns":4},{"damage":79,"enemies":"Automaton","floor":33,"turns":6}],"seed_played":"-3811455928592791562","potions_obtained":[{"floor":10,"key":"Ancient Potion"},{"floor":16,"key":"FearPotion"},{"floor":23,"key":"DuplicationPotion"},{"floor":24,"key":"AttackPotion"},{"floor":30,"key":"PowerPotion"}],"is_trial":false,"path_per_floor":["M","$","M","$","M","R","E","?","T","M","R","M","E","M","R","B",null,"M","?","?","$","M","E","M","R","T","E","R","M","E","M","R","B"],"character_chosen":"IRONCLAD","items_purchased":["EntropicBrew","Feed","Demon Form","Pummel"],"campfire_rested":0,"item_purchase_floors":[2,4,21,21],"current_hp_per_floor":[65,65,65,65,70,70,39,36,36,47,47,56,55,53,53,56,77,56,56,29,29,50,72,70,70,70,57,57,62,59,74,74,0,0],"gold":254,"neow_bonus":"TWO_FIFTY_GOLD","is_daily":false,"chose_seed":false,"campfire_upgraded":6,"win_rate":0.0,"timestamp":1610305773,"path_taken":["M","$","M","$","M","R","E","?","T","M","R","M","E","M","R","BOSS","M","?","?","?","M","E","?","R","T","E","R","M","E","M","R","BOSS"],"items_purchased_type":["Potion","Card","Card","Card"],"build_version":"2020-12-22","purchased_purges":1,"victory":false,"max_hp_per_floor":[72,72,72,72,75,75,78,78,78,78,78,78,81,84,84,84,84,84,84,87,87,87,97,97,97,97,97,97,97,97,100,100,100,100],"card_choices":[{"not_picked":["Pommel Strike","Clothesline"],"picked":"True Grit","floor":1},{"not_picked":["Clothesline","Warcry"],"picked":"Twin Strike","floor":3},{"not_picked":["Burning Pact","Twin Strike"],"picked":"Warcry","floor":5},{"not_picked":["Exhume","Evolve"],"picked":"Spot Weakness","floor":7},{"not_picked":["Shrug It Off","Clash"],"picked":"Battle Trance","floor":10},{"not_picked":["Warcry","Entrench"],"picked":"Sword Boomerang","floor":12},{"not_picked":["Evolve","Feel No Pain"],"picked":"Twin Strike","floor":13},{"not_picked":["Clothesline","Metallicize","Perfected Strike"],"picked":"SKIP","floor":14},{"not_picked":["Double Tap","Bludgeon"],"picked":"Offering","floor":16},{"not_picked":["Wild Strike","Twin Strike","Havoc"],"picked":"SKIP","floor":18},{"not_picked":["Dropkick+1","Sword Boomerang"],"picked":"Bloodletting","floor":22},{"not_picked":["Cleave","Power Through+1"],"picked":"Dark Embrace+1","floor":23},{"not_picked":["Sever Soul","Havoc"],"picked":"Spot Weakness","floor":24},{"not_picked":["Havoc","Carnage+1"],"picked":"Uppercut+1","floor":27},{"not_picked":["Hemokinesis","Fire Breathing+1","Clothesline"],"picked":"SKIP","floor":29},{"not_picked":["Warcry","Feed","True Grit"],"picked":"SKIP","floor":30},{"not_picked":["Headbutt+1","Shockwave","Twin Strike"],"picked":"SKIP","floor":31}],"player_experience":617073,"relics_obtained":[{"floor":7,"key":"Gambling Chip"},{"floor":9,"key":"Incense Burner"},{"floor":13,"key":"Magic Flower"},{"floor":20,"key":"Red Mask"},{"floor":23,"key":"Pear"},{"floor":23,"key":"Paper Frog"},{"floor":27,"key":"WingedGreaves"},{"floor":27,"key":"InkBottle"},{"floor":30,"key":"Pocketwatch"},{"floor":30,"key":"Vajra"}],"event_choices":[{"damage_healed":0,"gold_gain":0,"player_choice":"Success","damage_taken":3,"relics_obtained":["Meat on the Bone"],"max_hp_gain":0,"max_hp_loss":0,"event_name":"Scrap Ooze","floor":8,"gold_loss":0},{"damage_healed":0,"gold_gain":0,"player_choice":"Opened","damage_taken":0,"relics_obtained":["Anchor"],"max_hp_gain":0,"max_hp_loss":0,"event_name":"The Mausoleum","floor":19,"gold_loss":0},{"damage_healed":0,"gold_gain":0,"player_choice":"Fought Bandits","damage_taken":0,"max_hp_gain":0,"max_hp_loss":0,"event_name":"Masked Bandits","floor":20,"gold_loss":0}],"is_beta":false,"boss_relics":[{"not_picked":["Philosopher\u0027s Stone","Fusion Hammer"],"picked":"Black Star"}],"items_purged_floors":[2],"is_endless":false,"potions_floor_spawned":[3,10,14,16,18,22,23,24,30,31],"killed_by":"Automaton","ascension_level":10}}