{"host":"wghdsg8ym2wc7ov9","time":1610311539,"event":{"mods":["AchievementEnabler","Astrologer","BaseMod","Beaked The Cultist","Better Altar","Better Note","Colored Map","Downfall","Hermit","Highlight Path","Jorbs\u0027s Wanderer Trilogy","KinomotoSakuraMod(????)","Minty Spire (QoL Compilation)","Random Character Button","Relic Stats","SIMod","Shop Mod","StSLib","The Blackbeard","The Bladedancer","The Construct","The Cursed","The Death Knight","The Gatherer","The Hierophant","The Marked","The Mystic","The Necromancer","The Runesmith","The Senshi","The Servant 0.9.4"],"gold_per_floor":[99,111,111,123,133,150,200,210,226,226,261,186,201,231,246,346,346,271,285,298,298,317,317,317],"floor_reached":23,"playtime":4725,"items_purged":[],"score":232,"play_id":"ad9ebf6e-8e7e-47a3-b4b7-435e0bc1789b","local_time":"20210110124539","is_ascension_mode":false,"campfire_choices":[{"data":"beaked:Ceremony","floor":1.0,"key":"SMITH"},{"floor":12.0,"key":"REST"},{"floor":18,"key":"RECALL"}],"circlet_count":0,"master_deck":["beaked:Strike_Y","beaked:Strike_Y","beaked:Strike_Y","beaked:Strike_Y","beaked:Defend_Y","beaked:Defend_Y","beaked:Defend_Y","beaked:Defend_Y","beaked:Ceremony+1","beaked:Ceremony","beaked:Ceremony","beaked:DarkTribute","beaked:Insight","beaked:BarbedWire","beaked:WarriorSpirit","beaked:MimicMachine","beaked:BraceForImpact","beaked:WildInstinct","beaked:DesperateSwing","beaked:BloodForTheGods","beaked:ScreechingChant","beaked:Overpower","beaked:AwakenedForm","beaked:MimicWarrior","beaked:RitualOfBody","beaked:VigorBurst","beaked:CrazyRituals"],"relics":["beaked:MendingPlumage","Toy Ornithopter","Question Card","downfall:HeartBlessingBlue","Tiny Chest","Black Star","downfall:HeartBlessingGreen"],"acts_visited":["Exordium","TheCity"],"potions_floor_usage":[19,22],"damage_taken":[{"damage":15.0,"enemies":"Jaw Worm","floor":2.0,"turns":6.0},{"damage":22.0,"enemies":"Cultist","floor":4.0,"turns":6.0},{"damage":8.0,"enemies":"2 Louse","floor":5.0,"turns":5.0},{"damage":34.0,"enemies":"Lots of Slimes","floor":6.0,"turns":10.0},{"damage":12.0,"enemies":"Looter","floor":8.0,"turns":5.0},{"damage":11.0,"enemies":"2 Fungi Beasts","floor":9.0,"turns":5.0},{"damage":42.0,"enemies":"3 Sentries","floor":11.0,"turns":6.0},{"damage":19.0,"enemies":"Blue Slaver","floor":13.0,"turns":4.0},{"damage":53.0,"enemies":"Lagavulin","floor":14.0,"turns":8.0},{"damage":21.0,"enemies":"Exordium Wildlife","floor":15.0,"turns":4.0},{"damage":59.0,"enemies":"The Guardian","floor":16.0,"turns":13.0},{"damage":21,"enemies":"3 Byrds","floor":19,"turns":5},{"damage":73,"enemies":"Shell Parasite","floor":20,"turns":7},{"damage":49,"enemies":"Centurion and Healer","floor":22,"turns":10},{"damage":92,"enemies":"3 Cultists","floor":23,"turns":5}],"seed_played":"1187984283348902533","potions_obtained":[{"floor":4.0,"key":"DeathKnight:RimePotion"},{"floor":6.0,"key":"DuplicationPotion"},{"floor":8.0,"key":"SpeedPotion"},{"floor":13.0,"key":"SteroidPotion"},{"floor":16.0,"key":"AttackPotion"},{"floor":20,"key":"SpeedPotion"}],"is_trial":false,"path_per_floor":["R","M","?","M","M","M","T","M","M","?","E","R","M","E","M","B",null,"R","M","M","?","M","M"],"character_chosen":"BEAKED_THE_CULTIST","items_purchased":[],"campfire_rested":1,"item_purchase_floors":[],"current_hp_per_floor":[50,43,43,37,41,33,33,37,44,32,7,35,27,24,19,60,60,60,58,42,47,65,0,0],"gold":317,"neow_bonus":"ONE_RANDOM_RARE_CARD","is_daily":false,"chose_seed":false,"campfire_upgraded":1,"win_rate":0.0,"timestamp":1610311539,"path_taken":["R","M","?","?","M","M","T","M","M","?","E","R","M","E","M","BOSS","R","M","M","?","M","M"],"items_purchased_type":[],"build_version":"2020-12-22","purchased_purges":0,"victory":false,"max_hp_per_floor":[50,50,50,50,50,50,50,50,50,50,50,60,60,60,60,60,60,60,60,60,65,65,65,65],"relic_stats":{"counters":[15,99],"Tiny Chest":0,"Black Star":0,"Question Card":7,"obtain_stats":[{"downfall:HeartBlessingBlue":12,"Tiny Chest":14,"downfall:HeartBlessingGreen":18,"Black Star":17,"beaked:MendingPlumage":0,"Question Card":11,"Toy Ornithopter":10},{"downfall:HeartBlessingBlue":7,"Tiny Chest":9,"downfall:HeartBlessingGreen":11,"Black Star":11,"beaked:MendingPlumage":0,"Question Card":7,"Toy Ornithopter":6},{"downfall:HeartBlessingBlue":43,"Tiny Chest":55,"downfall:HeartBlessingGreen":72,"Black Star":72,"beaked:MendingPlumage":0,"Question Card":43,"Toy Ornithopter":37}],"Toy Ornithopter":25},"card_choices":[{"not_picked":["beaked:Tradeoff","beaked:Tweet"],"picked":"beaked:Insight","floor":2.0},{"not_picked":["beaked:Poke","beaked:HuntressEssence"],"picked":"beaked:BarbedWire","floor":4.0},{"not_picked":["beaked:FeelMyPain","beaked:Evade"],"picked":"beaked:WarriorSpirit","floor":5.0},{"not_picked":["beaked:Resilience","beaked:FeelMyPain"],"picked":"beaked:MimicMachine","floor":6.0},{"not_picked":["beaked:Devastation","beaked:SacrificialAttack"],"picked":"beaked:BraceForImpact","floor":8.0},{"not_picked":["beaked:HuntressSpirit","beaked:Insight"],"picked":"beaked:WildInstinct","floor":9.0},{"not_picked":["beaked:Flinch","beaked:Resilience"],"picked":"beaked:DesperateSwing","floor":11.0},{"not_picked":["beaked:Resilience","beaked:CursingBlood","beaked:Windmill"],"picked":"beaked:BloodForTheGods","floor":13.0},{"not_picked":["beaked:BloodForTheGods","beaked:HuntressSpirit","beaked:CursingBlood"],"picked":"beaked:ScreechingChant","floor":14.0},{"not_picked":["beaked:Redirect","beaked:DigDeep","beaked:Insight"],"picked":"beaked:Overpower","floor":15.0},{"not_picked":["beaked:FullHouse","beaked:LiftOff","beaked:DarkPact"],"picked":"beaked:AwakenedForm","floor":16.0},{"not_picked":["beaked:Overexert","beaked:SurvivalInstinct","beaked:Tweet"],"picked":"beaked:MimicWarrior","floor":19},{"not_picked":["beaked:Roost","beaked:FeelMyPain+1","beaked:Redirect"],"picked":"beaked:RitualOfBody","floor":20},{"not_picked":["beaked:MimicHuntress","beaked:Redirect","beaked:Poke+1"],"picked":"beaked:CrazyRituals","floor":22}],"player_experience":654868,"relics_obtained":[{"floor":11.0,"key":"Question Card"},{"floor":14.0,"key":"Tiny Chest"}],"event_choices":[{"cards_removed":["beaked:Strike_Y"],"damage_healed":0.0,"max_hp_gain":0.0,"max_hp_loss":0.0,"gold_gain":0.0,"event_name":"Wheel of Change","player_choice":"Card Removal","floor":3.0,"gold_loss":0.0,"damage_taken":0.0},{"damage_healed":0.0,"max_hp_gain":0.0,"max_hp_loss":0.0,"gold_gain":0.0,"event_name":"Scrap Ooze","player_choice":"Success","floor":10.0,"gold_loss":0.0,"damage_taken":12.0,"relics_obtained":["Toy Ornithopter"]},{"damage_healed":0,"gold_gain":0,"cards_transformed":["beaked:Strike_Y"],"player_choice":"Transformed","damage_taken":0,"max_hp_gain":0,"max_hp_loss":0,"event_name":"Transmorgrifier","floor":21,"gold_loss":0,"cards_obtained":["beaked:VigorBurst"]}],"is_beta":false,"boss_relics":[{"not_picked":["SacredBark","Busted Crown"],"picked":"Black Star"}],"items_purged_floors":[],"is_endless":false,"potions_floor_spawned":[4,6,8,13,16,20],"killed_by":"3 Cultists","ascension_level":0}}