{"host":"4rvakrj1idbgia3f","time":1610286614,"event":{"mods":["BaseMod","Colored Map","Colored Powertips","DeckTracker","Highlight Path","Minty Spire (QoL Compilation)","Random Character Button","StSLib"],"gold_per_floor":[115,127,52,52,32,32,63,63,140,140,159,118,138,169,169,169,169],"floor_reached":16,"playtime":384,"items_purged":[],"score":270,"play_id":"ca29cf54-14a7-4b5d-9c29-c79a79d779c0","local_time":"20210110225014","is_ascension_mode":true,"campfire_choices":[{"data":"Survivor","floor":6,"key":"SMITH"},{"data":"Flying Knee","floor":8,"key":"SMITH"},{"data":"Escape Plan","floor":10,"key":"SMITH"},{"data":"Noxious Fumes","floor":15,"key":"SMITH"}],"circlet_count":0,"master_deck":["AscendersBane","Strike_G","Strike_G","Strike_G","Strike_G","Strike_G","Defend_G","Defend_G","Defend_G","Defend_G","Survivor+1","Neutralize+1","Escape Plan+1","Escape Plan","Flying Knee+1","Noxious Fumes+1","Backflip","Dagger Spray","Poisoned Stab"],"relics":["Ring of the Snake","NeowsBlessing","HornCleat","Paper Crane","Blue Candle"],"acts_visited":["Exordium"],"potions_floor_usage":[5,7,14,14,16],"damage_taken":[{"damage":0,"enemies":"Jaw Worm","floor":1,"turns":1},{"damage":0,"enemies":"Cultist","floor":2,"turns":1},{"damage":0,"enemies":"3 Sentries","floor":7,"turns":1},{"damage":0,"enemies":"Small Slimes","floor":11,"turns":3},{"damage":4,"enemies":"Exordium Thugs","floor":12,"turns":5},{"damage":5,"enemies":"Exordium Wildlife","floor":13,"turns":5},{"damage":32,"enemies":"Gremlin Nob","floor":14,"turns":5},{"damage":0,"enemies":"The Guardian","floor":16,"turns":2}],"seed_played":"5389807875162825054","potions_obtained":[{"floor":1,"key":"ColorlessPotion"},{"floor":5,"key":"Fruit Juice"},{"floor":11,"key":"GhostInAJar"},{"floor":12,"key":"Swift Potion"},{"floor":14,"key":"PowerPotion"}],"is_trial":false,"path_per_floor":["M","M","?","?","?","R","E","R","T","R","M","M","M","E","R","B"],"character_chosen":"THE_SILENT","items_purchased":[],"campfire_rested":0,"item_purchase_floors":[],"current_hp_per_floor":[59,59,59,59,64,64,64,64,64,64,64,60,55,23,23,23,23],"gold":169,"neow_bonus":"THREE_ENEMY_KILL","is_daily":false,"chose_seed":false,"campfire_upgraded":4,"win_rate":0.0,"timestamp":1610286614,"path_taken":["M","M","?","?","?","R","E","R","T","R","M","M","M","E","R","BOSS"],"items_purchased_type":[],"build_version":"2020-12-22","purchased_purges":0,"victory":false,"max_hp_per_floor":[66,66,66,66,71,71,71,71,71,71,71,71,71,71,71,71,71],"card_choices":[{"not_picked":["Well Laid Plans","Accuracy"],"picked":"Escape Plan","floor":1},{"not_picked":["Catalyst","Endless Agony"],"picked":"Escape Plan","floor":2},{"not_picked":["Infinite Blades","Escape Plan"],"picked":"Flying Knee","floor":7},{"not_picked":["Setup","Outmaneuver"],"picked":"Noxious Fumes","floor":11},{"not_picked":["Flying Knee","Deflect"],"picked":"Backflip","floor":12},{"not_picked":["Concentrate","Setup"],"picked":"Dagger Spray","floor":13},{"not_picked":["Night Terror","Cloak And Dagger"],"picked":"Poisoned Stab","floor":14}],"player_experience":1999057,"relics_obtained":[{"floor":7,"key":"HornCleat"},{"floor":9,"key":"Paper Crane"},{"floor":14,"key":"Blue Candle"}],"event_choices":[{"cards_removed":["Defend_G"],"damage_healed":0,"gold_gain":0,"player_choice":"Card Removal","damage_taken":0,"max_hp_gain":0,"max_hp_loss":0,"event_name":"The Cleric","floor":3,"gold_loss":75},{"damage_healed":0,"gold_gain":0,"player_choice":"Grow","damage_taken":0,"max_hp_gain":0,"max_hp_loss":0,"event_name":"Living Wall","floor":4,"gold_loss":0,"cards_upgraded":["Neutralize"]},{"damage_healed":0,"gold_gain":0,"player_choice":"Bought 1 Potion","damage_taken":0,"max_hp_gain":0,"max_hp_loss":0,"event_name":"The Woman in Blue","floor":5,"gold_loss":0}],"is_beta":false,"boss_relics":[],"items_purged_floors":[],"is_endless":false,"potions_floor_spawned":[1,11,12,14],"killed_by":"The Guardian","ascension_level":20}}