{"host":"15dd7v8o90xso62x","time":1610304006,"event":{"mods":["BaseMod","Minty Spire (QoL Compilation)","Quick Restart","StSLib","SuperFastMode"],"gold_per_floor":[113,113,129,45,195,195,195,224,224,259,259,287,212,244,244,321,321,340,355,355,93,93,122,122,122,122],"floor_reached":25,"playtime":676,"items_purged":["Doubt","Strike_R"],"score":586,"play_id":"d8db62d1-1b74-42af-973f-61146c95f0f9","local_time":"20210111034006","is_ascension_mode":true,"campfire_choices":[{"data":"Fire Breathing","floor":6.0,"key":"SMITH"},{"data":"Feel No Pain","floor":15.0,"key":"SMITH"}],"circlet_count":0,"master_deck":["AscendersBane","Strike_R","Strike_R","Defend_R","Defend_R","Defend_R","Defend_R","Bash","Battle Trance","Wild Strike","Dual Wield","Fire Breathing+1","Power Through","Feel No Pain+1","Shrug It Off","Impervious","Dark Embrace","Body Slam","Immolate"],"relics":["Burning Blood","NeowsBlessing","StoneCalendar","Pear","StrikeDummy","Paper Frog","Letter Opener","Magic Flower","PreservedInsect","Black Star","Girya","Eternal Feather"],"acts_visited":["Exordium","TheCity"],"potions_floor_usage":[],"damage_taken":[{"damage":0.0,"enemies":"Jaw Worm","floor":1.0,"turns":1.0},{"damage":0.0,"enemies":"Small Slimes","floor":3.0,"turns":1.0},{"damage":0.0,"enemies":"Lagavulin","floor":8.0,"turns":1.0},{"damage":29.0,"enemies":"Gremlin Nob","floor":10.0,"turns":4.0},{"damage":5.0,"enemies":"Lagavulin","floor":12.0,"turns":5.0},{"damage":0.0,"enemies":"Gremlin Nob","floor":14.0,"turns":3.0},{"damage":5.0,"enemies":"The Guardian","floor":16.0,"turns":13.0},{"damage":0.0,"enemies":"Spheric Guardian","floor":18.0,"turns":5.0},{"damage":10.0,"enemies":"Chosen","floor":19.0,"turns":4.0},{"damage":18.0,"enemies":"Slavers","floor":23.0,"turns":4.0},{"damage":54,"enemies":"Book of Stabbing","floor":25,"turns":5}],"seed_played":"-3884965923908849955","potions_obtained":[{"floor":8.0,"key":"HeartOfIron"},{"floor":10.0,"key":"SpeedPotion"},{"floor":12.0,"key":"Strength Potion"},{"floor":16.0,"key":"DistilledChaos"},{"floor":19.0,"key":"DistilledChaos"}],"is_trial":false,"path_per_floor":["M","?","M","$","?","R","?","E","T","E","T","E","$","E","R","B",null,"M","M","?","$","?","E","?","E"],"character_chosen":"IRONCLAD","items_purchased":["Fire Breathing","Dark Embrace","Body Slam","Block Potion"],"campfire_rested":0,"item_purchase_floors":[4,21,21,21],"current_hp_per_floor":[74,74,75,75,75,75,70,85,85,62,62,63,63,72,72,76,83,85,84,84,84,84,75,50,0,0],"gold":122,"neow_bonus":"THREE_ENEMY_KILL","is_daily":false,"chose_seed":false,"campfire_upgraded":2,"win_rate":0.0,"timestamp":1610304006,"path_taken":["M","?","M","$","?","R","?","E","T","E","?","E","$","E","R","BOSS","M","M","?","$","?","E","?","E"],"items_purchased_type":["Card","Card","Card","Potion"],"build_version":"2020-12-22","purchased_purges":2,"victory":false,"max_hp_per_floor":[75,75,75,75,75,75,75,85,85,85,85,85,85,85,85,85,85,85,85,85,85,85,85,90,90,90],"card_choices":[{"not_picked":["Headbutt","Thunderclap"],"picked":"Battle Trance","floor":1.0},{"not_picked":["Twin Strike","Havoc"],"picked":"Dual Wield","floor":3.0},{"not_picked":["Warcry","Flex"],"picked":"Power Through","floor":8.0},{"not_picked":["Sword Boomerang","Thunderclap","Twin Strike"],"picked":"SKIP","floor":10.0},{"not_picked":["Warcry","Wild Strike"],"picked":"Feel No Pain","floor":12.0},{"not_picked":["Hemokinesis","Wild Strike"],"picked":"Shrug It Off","floor":14.0},{"not_picked":["Barricade","Double Tap"],"picked":"Impervious","floor":16.0},{"not_picked":["Blood for Blood","Heavy Blade","Clothesline"],"picked":"SKIP","floor":18.0},{"not_picked":["Iron Wave","Rampage","Thunderclap"],"picked":"SKIP","floor":19.0},{"not_picked":["Dark Embrace","Intimidate"],"picked":"Immolate","floor":23.0}],"player_experience":1017408,"relics_obtained":[{"floor":8.0,"key":"Pear"},{"floor":9.0,"key":"StrikeDummy"},{"floor":10.0,"key":"Paper Frog"},{"floor":11.0,"key":"Letter Opener"},{"floor":12.0,"key":"Magic Flower"},{"floor":14.0,"key":"PreservedInsect"},{"floor":23.0,"key":"Girya"},{"floor":23.0,"key":"Eternal Feather"}],"event_choices":[{"damage_healed":0.0,"max_hp_gain":0.0,"max_hp_loss":0.0,"gold_gain":0.0,"cards_transformed":["Strike_R"],"event_name":"Living Wall","player_choice":"Change","floor":2.0,"gold_loss":0.0,"damage_taken":0.0,"cards_obtained":["Wild Strike"]},{"damage_healed":0.0,"max_hp_gain":0.0,"max_hp_loss":0.0,"gold_gain":150.0,"event_name":"Liars Game","player_choice":"AGREE","floor":5.0,"gold_loss":0.0,"damage_taken":0.0,"cards_obtained":["Doubt"]},{"damage_healed":0.0,"max_hp_gain":0.0,"max_hp_loss":0.0,"gold_gain":0.0,"event_name":"Scrap Ooze","player_choice":"Success","floor":7.0,"gold_loss":0.0,"damage_taken":5.0,"relics_obtained":["StoneCalendar"]},{"damage_healed":0.0,"max_hp_gain":0.0,"max_hp_loss":0.0,"gold_gain":0.0,"event_name":"Ghosts","player_choice":"Ignored","floor":20.0,"gold_loss":0.0,"damage_taken":0.0},{"cards_removed":["Strike_R"],"damage_healed":0.0,"max_hp_gain":0.0,"max_hp_loss":0.0,"gold_gain":0.0,"event_name":"Back to Basics","player_choice":"Elegance","floor":22.0,"gold_loss":0.0,"damage_taken":0.0},{"damage_healed":0.0,"max_hp_gain":5.0,"max_hp_loss":0.0,"gold_gain":0.0,"event_name":"Forgotten Altar","player_choice":"Shed Blood","floor":24.0,"gold_loss":0.0,"damage_taken":30.0}],"is_beta":false,"boss_relics":[{"not_picked":["Coffee Dripper","Tiny House"],"picked":"Black Star"}],"items_purged_floors":[13,21],"is_endless":false,"potions_floor_spawned":[8,10,12,16,19],"killed_by":"Book of Stabbing","ascension_level":20}}