{"host":"vk3oecxhswhylj4a","time":1610284559,"event":{"mods":["Act Like it!","Aspiration","BaseMod","Colored Powertips","Downfall","Gensokyo","Hallownest","KinomotoSakuraMod(Ä¾Ö®±¾Ó£)","Marisa£¨ìFÓê¡¡Ä§ÀíÉ³£©","Minty Spire (QoL Compilation)","Relic Stats","Replay The Spire","RumiaBox-Â¶Ã×æ«µÄÉñÃØºÐ×Ó","Spicy Shops","StSLib","TestMod","The Bug Knight","UnlockEverythingMod","Waifu the Spire","WarShipGirlsR/Õ½½¢ÉÙÅ®R mod","Youmu£¨»êÆÇÑýÃÎ£©","[IsaacMod]ÒÔÈö¼âËþ","vexMod","¡¾ÒÅÎï¿¨ÅÆ¡¿REMEMod"],"gold_per_floor":[118,168,168,226,246,271,287,287,287],"floor_reached":8,"playtime":469,"items_purged":[],"score":58,"play_id":"69d51049-1318-4840-873b-d4f2660b8ea9","local_time":"20210110211559","is_ascension_mode":false,"campfire_choices":[],"circlet_count":0,"master_deck":["rmod:strick","rmod:strick","rmod:strick","rmod:strick","rmod:defend","rmod:defend","rmod:defend","rmod:defend","rmod:basicallowance","rmod:maingunfire","EpicFetus","Sickly","rmod:luckystar","rmod:ridicule"],"relics":["rmod:firstchargereward","testmod-TestBox","HushsDoor","REME_ComplimentaryCards","BFFS","testmod-Alchemist","NeowsBlessing","vexMod:MemoryStick","Pantograph","ReplayTheSpireMod:Ring of Collecting","ReplayTheSpireMod:Ring of Challenge","HollowMod:PaleOreRelic"],"acts_visited":["Exordium"],"potions_floor_usage":[],"damage_taken":[{"damage":0,"enemies":"Jaw Worm","floor":1,"turns":1},{"damage":18,"enemies":"Hiden Room Battle","floor":2,"turns":2},{"damage":0,"enemies":"Cultist","floor":4,"turns":1},{"damage":2,"enemies":"2 Louse","floor":5,"turns":2},{"damage":33,"enemies":"Lagavulin","floor":6,"turns":7},{"damage":0,"enemies":"Gremlin Gang","floor":7,"turns":1},{"damage":30,"enemies":"3 Sentries","floor":8,"turns":4}],"seed_played":"-1320548710580323664","potions_obtained":[{"floor":1,"key":"Energy Potion"},{"floor":5,"key":"Elixir"},{"floor":6,"key":"Ancient Potion"},{"floor":7,"key":"SpeedPotion"}],"is_trial":false,"path_per_floor":["M","?","?","M","M","E","M","E"],"character_chosen":"PRAEFECT","items_purchased":[],"campfire_rested":0,"item_purchase_floors":[],"current_hp_per_floor":[75,57,57,57,55,22,22,0,0],"gold":287,"neow_bonus":"THREE_ENEMY_KILL","is_daily":false,"chose_seed":false,"campfire_upgraded":0,"win_rate":0.0,"timestamp":1610284559,"path_taken":["M","?","?","?","M","E","M","E"],"items_purchased_type":[],"build_version":"2020-12-22","purchased_purges":0,"victory":false,"max_hp_per_floor":[75,75,75,75,75,75,75,75,75],"relic_stats":{"counters":[7,18],"Pantograph":0,"obtain_stats":[{"KeepersGift":0,"vexMod:MemoryStick":2,"testmod-TestBox":0,"NeowsBlessing":0,"BFFS":0,"testmod-Alchemist":0,"Pantograph":2,"ReplayTheSpireMod:Ring of Collecting":3,"rmod:firstchargereward":0,"HollowMod:PaleOreRelic":6,"ReplayTheSpireMod:Ring of Challenge":3,"HushsDoor":0,"REME_ComplimentaryCards":0},{"KeepersGift":0,"vexMod:MemoryStick":2,"testmod-TestBox":0,"NeowsBlessing":0,"BFFS":0,"testmod-Alchemist":0,"Pantograph":2,"ReplayTheSpireMod:Ring of Collecting":2,"rmod:firstchargereward":0,"HollowMod:PaleOreRelic":5,"ReplayTheSpireMod:Ring of Challenge":2,"HushsDoor":0,"REME_ComplimentaryCards":0},{"KeepersGift":0,"vexMod:MemoryStick":3,"testmod-TestBox":0,"NeowsBlessing":0,"BFFS":0,"testmod-Alchemist":0,"Pantograph":3,"ReplayTheSpireMod:Ring of Collecting":3,"rmod:firstchargereward":0,"HollowMod:PaleOreRelic":13,"ReplayTheSpireMod:Ring of Challenge":3,"HushsDoor":0,"REME_ComplimentaryCards":0}]},"card_choices":[{"not_picked":[],"picked":"EpicFetus","floor":0},{"not_picked":["rmod:heivgo","rmod:u235"],"picked":"Bomb","floor":1},{"not_picked":["rmod:capitalist","rmod:victimresponsibility"],"picked":"Bomb","floor":2},{"not_picked":["rmod:diamondstrike","rmod:aluminumsupply"],"picked":"rmod:luckystar","floor":4},{"not_picked":["rmod:intelligenceanalysis","rmod:firesupport","rmod:goodsister"],"picked":"SKIP","floor":5},{"not_picked":["rmod:generalist","rmod:smokecover"],"picked":"rmod:ridicule","floor":6},{"not_picked":["rmod:intelligenceanalysis","rmod:aggressivemary","rmod:aviationdawn"],"picked":"SKIP","floor":7}],"player_experience":120313,"relics_obtained":[{"floor":2,"key":"vexMod:MemoryStick"},{"floor":2,"key":"Pantograph"},{"floor":3,"key":"ReplayTheSpireMod:Ring of Collecting"},{"floor":3,"key":"ReplayTheSpireMod:Ring of Challenge"},{"floor":6,"key":"HollowMod:PaleOreRelic"}],"event_choices":[{"damage_healed":0,"gold_gain":0,"player_choice":"Fight","damage_taken":0,"max_hp_gain":0,"max_hp_loss":0,"event_name":"HidenRoomEvent","floor":2,"gold_loss":0}],"is_beta":false,"boss_relics":[],"items_purged_floors":[],"is_endless":false,"potions_floor_spawned":[1,5,6,7],"killed_by":"3 Sentries","ascension_level":0}}