{"host":"Jedit","time":1610239154,"event":{"mods":["BaseMod","Minty Spire (QoL Compilation)","Relic Stats","StSLib"],"gold_per_floor":[109,129,129,54,54,95,118,131,131,155,155,155,194,269,269,362,362,387,387,405,405,405,405,439,460,484,524,563,563,563,147,147,147,147],"floor_reached":33,"playtime":1490,"items_purged":["Strike_G","Strike_G"],"score":672,"play_id":"914e361a-369b-4b40-a9a1-501075aa4ad0","local_time":"20210110003914","is_ascension_mode":true,"campfire_choices":[{"data":"Eviscerate","floor":12.0,"key":"SMITH"},{"floor":15.0,"key":"REST"},{"data":"Ghostly","floor":23,"key":"SMITH"},{"floor":30,"key":"REST"},{"data":"After Image","floor":32,"key":"SMITH"}],"circlet_count":0,"master_deck":["AscendersBane","Strike_G","Strike_G","Defend_G","Defend_G","Defend_G","Defend_G","Survivor","Neutralize","Eviscerate+1","Predator","Prepared","Acrobatics","Underhanded Strike","Leg Sweep","Adrenaline","Malaise","Backflip+1","Ghostly+1","Ghostly","Ghostly","Dagger Throw","Tools of the Trade","Noxious Fumes+1","PiercingWail","After Image+1","Phantasmal Killer"],"relics":["Ring of the Snake","NeowsBlessing","Golden Idol","Omamori","Sundial","Ice Cream","Cursed Key","Calipers","Strawberry","Red Mask","Membership Card","Bronze Scales"],"acts_visited":["Exordium","TheCity"],"potions_floor_usage":[24,27,28,29],"damage_taken":[{"damage":0.0,"enemies":"Jaw Worm","floor":1.0,"turns":1.0},{"damage":0.0,"enemies":"2 Louse","floor":2.0,"turns":1.0},{"damage":0.0,"enemies":"Lagavulin","floor":6.0,"turns":1.0},{"damage":1.0,"enemies":"Cultist","floor":7.0,"turns":3.0},{"damage":10.0,"enemies":"Gremlin Gang","floor":8.0,"turns":5.0},{"damage":10.0,"enemies":"Looter","floor":10.0,"turns":4.0},{"damage":24.0,"enemies":"Gremlin Nob","floor":13.0,"turns":4.0},{"damage":23.0,"enemies":"The Guardian","floor":16.0,"turns":15.0},{"damage":0,"enemies":"2 Thieves","floor":18,"turns":3},{"damage":8,"enemies":"Shell Parasite","floor":20,"turns":5},{"damage":4,"enemies":"Slavers","floor":24,"turns":10},{"damage":0,"enemies":"Snake Plant","floor":25,"turns":5},{"damage":3,"enemies":"Book of Stabbing","floor":27,"turns":7},{"damage":11,"enemies":"Masked Bandits","floor":28,"turns":7},{"damage":0,"enemies":"Gremlin Leader","floor":29,"turns":5},{"damage":27,"enemies":"Collector","floor":33,"turns":9}],"seed_played":"-5991224549328880984","potions_obtained":[{"floor":1.0,"key":"Strength Potion"},{"floor":8.0,"key":"SpeedPotion"},{"floor":13.0,"key":"SmokeBomb"},{"floor":20,"key":"ColorlessPotion"},{"floor":25,"key":"CunningPotion"},{"floor":27,"key":"AttackPotion"}],"is_trial":false,"path_per_floor":["M","M","?","$","?","E","M","M","T","M","?","R","E","?","R","B",null,"M","?","M","?","?","R","E","M","T","E","?","E","R","$","R","B"],"character_chosen":"THE_SILENT","items_purchased":["Membership Card","Bronze Scales","After Image","Phantasmal Killer"],"campfire_rested":2,"item_purchase_floors":[31,31,31,31],"current_hp_per_floor":[59,59,59,59,59,59,58,48,48,38,43,43,19,8,27,4,50,50,32,24,24,24,24,20,20,20,24,13,13,24,24,24,0,0],"gold":147,"neow_bonus":"THREE_ENEMY_KILL","is_daily":false,"chose_seed":false,"campfire_upgraded":3,"win_rate":0.0,"timestamp":1610239154,"path_taken":["M","M","?","$","?","E","?","M","T","?","?","R","E","?","R","BOSS","M","?","M","?","?","R","E","?","T","E","?","E","R","$","R","BOSS"],"items_purchased_type":["Relic","Relic","Card","Card"],"build_version":"2020-12-18","purchased_purges":2,"victory":false,"max_hp_per_floor":[66,66,60,60,60,60,60,60,60,60,65,65,65,65,65,65,65,65,32,32,32,32,32,32,32,32,39,39,39,39,39,39,39,39],"relic_stats":{"counters":[16,85],"Golden Idol":91,"Sundial":[16],"Bronze Scales":[24],"Cursed Key":1,"obtain_stats":[{"Ice Cream":13,"Calipers":24,"NeowsBlessing":0,"Golden Idol":3,"Sundial":9,"Strawberry":27,"Bronze Scales":31,"Omamori":6,"Red Mask":28,"Membership Card":31,"Cursed Key":17,"Ring of the Snake":0},{"Ice Cream":7,"Calipers":11,"NeowsBlessing":0,"Golden Idol":2,"Sundial":5,"Strawberry":13,"Bronze Scales":15,"Omamori":3,"Red Mask":14,"Membership Card":15,"Cursed Key":8,"Ring of the Snake":0},{"Ice Cream":19,"Calipers":52,"NeowsBlessing":0,"Golden Idol":2,"Sundial":11,"Strawberry":64,"Bronze Scales":76,"Omamori":3,"Red Mask":71,"Membership Card":76,"Cursed Key":34,"Ring of the Snake":0}],"Ring of the Snake":[32]},"card_choices":[{"not_picked":["Infinite Blades","Flechettes"],"picked":"Eviscerate","floor":1.0},{"not_picked":["Expertise","Footwork"],"picked":"Predator","floor":2.0},{"not_picked":["Backflip","Dodge and Roll"],"picked":"Prepared","floor":6.0},{"not_picked":["Sucker Punch","Catalyst"],"picked":"Acrobatics","floor":7.0},{"not_picked":["Slice","Caltrops"],"picked":"Underhanded Strike","floor":8.0},{"not_picked":["Skewer","Slice"],"picked":"Leg Sweep","floor":10.0},{"not_picked":["Backstab","Quick Slash"],"picked":"Adrenaline","floor":13.0},{"not_picked":["A Thousand Cuts","Wraith Form v2"],"picked":"Malaise","floor":16.0},{"not_picked":["All Out Attack","Terror"],"picked":"Backflip+1","floor":18},{"not_picked":["Deadly Poison","Backflip"],"picked":"Dagger Throw","floor":20},{"not_picked":["Crippling Poison","Deadly Poison+1","All Out Attack"],"picked":"SKIP","floor":24},{"not_picked":["All Out Attack","Flying Knee"],"picked":"Noxious Fumes+1","floor":25},{"not_picked":["Dagger Throw","Wraith Form v2","Blade Dance"],"picked":"SKIP","floor":27},{"not_picked":["Bane+1","Cloak And Dagger"],"picked":"PiercingWail","floor":28}],"player_experience":3445709,"relics_obtained":[{"floor":6.0,"key":"Omamori"},{"floor":9.0,"key":"Sundial"},{"floor":13.0,"key":"Ice Cream"},{"floor":24,"key":"Calipers"},{"floor":27,"key":"Strawberry"},{"floor":28,"key":"Red Mask"}],"event_choices":[{"damage_healed":0.0,"max_hp_gain":0.0,"max_hp_loss":6.0,"gold_gain":0.0,"event_name":"Golden Idol","player_choice":"Lose Max HP","floor":3.0,"gold_loss":0.0,"damage_taken":0.0,"relics_obtained":["Golden Idol"]},{"cards_removed":["Defend_G"],"damage_healed":0.0,"max_hp_gain":0.0,"max_hp_loss":0.0,"gold_gain":0.0,"event_name":"Bonfire Elementals","player_choice":"Offered Basic","floor":5.0,"gold_loss":0.0,"damage_taken":0.0},{"damage_healed":0.0,"max_hp_gain":5.0,"max_hp_loss":0.0,"gold_gain":0.0,"event_name":"Big Fish","player_choice":"Donut","floor":11.0,"gold_loss":0.0,"damage_taken":0.0},{"damage_healed":0.0,"max_hp_gain":0.0,"max_hp_loss":0.0,"gold_gain":75.0,"event_name":"World of Goop","player_choice":"Gather Gold","floor":14.0,"gold_loss":0.0,"damage_taken":11.0},{"damage_healed":0,"gold_gain":0,"player_choice":"Became a Ghost","damage_taken":0,"max_hp_gain":0,"max_hp_loss":33,"event_name":"Ghosts","floor":19,"gold_loss":0,"cards_obtained":["Ghostly","Ghostly","Ghostly"]},{"damage_healed":0,"gold_gain":0,"player_choice":"Ignored","damage_taken":0,"max_hp_gain":0,"max_hp_loss":0,"event_name":"Vampires","floor":21,"gold_loss":0},{"damage_healed":0,"gold_gain":0,"cards_transformed":["Strike_G"],"player_choice":"Transformed","damage_taken":0,"max_hp_gain":0,"max_hp_loss":0,"event_name":"Transmorgrifier","floor":22,"gold_loss":0,"cards_obtained":["Tools of the Trade"]},{"damage_healed":0,"gold_gain":0,"player_choice":"Fought Bandits","damage_taken":0,"max_hp_gain":0,"max_hp_loss":0,"event_name":"Masked Bandits","floor":28,"gold_loss":0}],"is_beta":true,"boss_relics":[{"not_picked":["SacredBark","Sozu"],"picked":"Cursed Key"}],"items_purged_floors":[4,31],"is_endless":false,"potions_floor_spawned":[1,8,13,20,25,27,29],"killed_by":"Collector","ascension_level":20}}