{"host":"mwb0clku6crgv6yl","time":1610279695,"event":{"mods":["AchievementEnabler","Act Like it!","BaseMod","Gensokyo","Highlight Path","Marisa£®ÏF”Í°°ƒß¿Ì…≥£©","Minty Spire (QoL Compilation)","Reimu£®≤©¿ˆ¡È√Œ£©","Remilia£®¿Ÿ√◊¿Ú—«£©","StSLib","Youmu£®ªÍ∆«—˝√Œ£©","Yuyuko"],"gold_per_floor":[112,112,126,201,201,201,235,255,305,305,305],"floor_reached":10,"playtime":380,"items_purged":[],"score":69,"play_id":"f75cb4f3-018b-4c7e-a8b2-ae77a2dc4ca9","local_time":"20210110195455","is_ascension_mode":true,"campfire_choices":[{"data":"ScarletShoot","floor":6.0,"key":"SMITH"}],"circlet_count":0,"master_deck":["Strike_RM","Strike_RM","Strike_RM","Strike_RM","Defend_RM","Defend_RM","Defend_RM","Defend_RM","RedMoon","ScarletShoot+1","Parasite","Violence","BloodHunter+1","Regret","BloodHunter","BlasphemousPunishment"],"relics":["ScarletHat","Blood Vial","Oddly Smooth Stone","Akabeko"],"acts_visited":["Exordium"],"potions_floor_usage":[10,10],"damage_taken":[{"damage":7.0,"enemies":"Jaw Worm","floor":1.0,"turns":3.0},{"damage":3.0,"enemies":"2 Louse","floor":3.0,"turns":4.0},{"damage":45.0,"enemies":"Gremlin Nob","floor":7.0,"turns":6.0},{"damage":7.0,"enemies":"Small Slimes","floor":8.0,"turns":5.0},{"damage":14,"enemies":"Lagavulin","floor":10,"turns":3}],"seed_played":"-1951729929032856107","potions_obtained":[{"floor":1.0,"key":"SkillPotion"},{"floor":8.0,"key":"BlessingOfTheForge"}],"is_trial":false,"path_per_floor":["M","?","M","?","?","R","E","M","T","E"],"character_chosen":"REMILIA","items_purchased":[],"campfire_rested":0,"item_purchase_floors":[],"current_hp_per_floor":[68,68,67,56,56,56,16,11,11,0,0],"gold":305,"neow_bonus":"RANDOM_COLORLESS_2","is_daily":false,"chose_seed":false,"campfire_upgraded":1,"win_rate":0.0,"timestamp":1610279695,"path_taken":["M","?","M","?","?","R","E","?","T","E"],"items_purchased_type":[],"build_version":"2020-12-22","purchased_purges":0,"victory":false,"max_hp_per_floor":[75,75,75,75,75,75,75,75,75,75,75],"card_choices":[{"not_picked":["Transmutation","Secret Weapon"],"picked":"Violence","floor":0.0},{"not_picked":["ScarletDevil","StarOfDavid"],"picked":"BloodHunter","floor":1.0},{"not_picked":["GlobalNightmare","ScarletImprint","RedRainbow"],"picked":"SKIP","floor":3.0},{"not_picked":["ScarletImprint","EndlessAdversity"],"picked":"BloodHunter","floor":7.0},{"not_picked":["GlobalNightmare","FavorOfDestiny"],"picked":"BlasphemousPunishment","floor":8.0}],"player_experience":283479,"relics_obtained":[{"floor":7.0,"key":"Oddly Smooth Stone"},{"floor":9.0,"key":"Akabeko"}],"event_choices":[{"damage_healed":0.0,"max_hp_gain":0.0,"max_hp_loss":0.0,"gold_gain":0.0,"event_name":"Big Fish","player_choice":"Box","floor":2.0,"gold_loss":0.0,"damage_taken":0.0,"relics_obtained":["Blood Vial"],"cards_obtained":["Regret"]},{"damage_healed":0.0,"max_hp_gain":0.0,"max_hp_loss":0.0,"gold_gain":75.0,"event_name":"World of Goop","player_choice":"Gather Gold","floor":4.0,"gold_loss":0.0,"damage_taken":11.0},{"damage_healed":0.0,"max_hp_gain":0.0,"max_hp_loss":0.0,"gold_gain":0.0,"event_name":"Upgrade Shrine","player_choice":"Upgraded","floor":5.0,"gold_loss":0.0,"damage_taken":0.0,"cards_upgraded":["BloodHunter"]}],"is_beta":false,"boss_relics":[],"items_purged_floors":[],"is_endless":false,"potions_floor_spawned":[1,8],"killed_by":"Lagavulin","ascension_level":1}}