{"host":"l2onoeb0kdqo1a9y","time":1610263518,"event":{"mods":["AchievementEnabler","BaseMod","Colored Powertips","Highlight Path","Minty Spire (QoL Compilation)","Quick Restart"],"gold_per_floor":[110,125,125,125,125,150,166,166,193,218,234,244,262,275,275,275,275],"floor_reached":16,"playtime":398,"items_purged":[],"score":139,"play_id":"e38bb570-603c-4a42-9052-e0fb5a3756bd","local_time":"20210110152518","is_ascension_mode":false,"campfire_choices":[{"data":"Setup","floor":8.0,"key":"SMITH"},{"floor":15.0,"key":"REST"}],"circlet_count":0,"master_deck":["Strike_G","Strike_G","Strike_G","Strike_G+1","Strike_G","Defend_G","Defend_G","Defend_G","Defend_G","Defend_G","Survivor","Neutralize","Bane+1","Acrobatics+1","Corpse Explosion","Setup+1","Burst","Prepared","Outmaneuver","Underhanded Strike"],"relics":["Ring of the Snake","NeowsBlessing","Bag of Preparation","Regal Pillow","Blue Candle"],"acts_visited":["Exordium"],"potions_floor_usage":[16,16],"damage_taken":[{"damage":0.0,"enemies":"Small Slimes","floor":1.0,"turns":1.0},{"damage":0.0,"enemies":"Jaw Worm","floor":2.0,"turns":1.0},{"damage":0.0,"enemies":"Lagavulin","floor":6.0,"turns":1.0},{"damage":0.0,"enemies":"2 Louse","floor":7.0,"turns":2.0},{"damage":9.0,"enemies":"3 Sentries","floor":10.0,"turns":2.0},{"damage":0.0,"enemies":"Lots of Slimes","floor":11.0,"turns":1.0},{"damage":0.0,"enemies":"3 Louse","floor":12.0,"turns":2.0},{"damage":12.0,"enemies":"2 Fungi Beasts","floor":13.0,"turns":2.0},{"damage":18.0,"enemies":"Large Slime","floor":14.0,"turns":7.0},{"damage":24,"enemies":"The Guardian","floor":16,"turns":7}],"seed_played":"-3408793845654283147","potions_obtained":[{"floor":1.0,"key":"FearPotion"},{"floor":7.0,"key":"GamblersBrew"},{"floor":11.0,"key":"EssenceOfSteel"},{"floor":12.0,"key":"SkillPotion"}],"is_trial":false,"path_per_floor":["M","M","?","?","?","E","M","R","T","E","M","M","M","M","R","B"],"character_chosen":"THE_SILENT","items_purchased":[],"campfire_rested":1,"item_purchase_floors":[],"current_hp_per_floor":[70,70,70,56,56,56,56,56,56,47,47,47,35,17,53,29,29],"gold":275,"neow_bonus":"THREE_ENEMY_KILL","is_daily":false,"chose_seed":false,"campfire_upgraded":1,"win_rate":0.0,"timestamp":1610263518,"path_taken":["M","M","?","?","?","E","M","R","T","E","M","M","?","M","R","BOSS"],"items_purchased_type":[],"build_version":"2020-12-22","purchased_purges":0,"victory":false,"max_hp_per_floor":[70,70,70,70,70,70,70,70,70,70,70,70,70,70,70,70,70],"card_choices":[{"not_picked":["Terror","Blade Dance"],"picked":"Bane","floor":1.0},{"not_picked":["Heel Hook","Prepared"],"picked":"Acrobatics","floor":2.0},{"not_picked":["Predator","All Out Attack"],"picked":"Corpse Explosion","floor":6.0},{"not_picked":["Bane","Flying Knee"],"picked":"Setup","floor":7.0},{"not_picked":["Prepared","Tactician"],"picked":"Burst","floor":10.0},{"not_picked":["Outmaneuver","Leg Sweep"],"picked":"Prepared","floor":11.0},{"not_picked":["All Out Attack","Blade Dance"],"picked":"Outmaneuver","floor":12.0},{"not_picked":["Outmaneuver","Dash","Leg Sweep"],"picked":"SKIP","floor":13.0},{"not_picked":["Dagger Throw","Slice"],"picked":"Underhanded Strike","floor":14.0}],"player_experience":107209,"relics_obtained":[{"floor":6.0,"key":"Bag of Preparation"},{"floor":9.0,"key":"Regal Pillow"},{"floor":10.0,"key":"Blue Candle"}],"event_choices":[{"damage_healed":0.0,"max_hp_gain":0.0,"max_hp_loss":0.0,"gold_gain":0.0,"event_name":"Golden Idol","player_choice":"Ignored","floor":3.0,"gold_loss":0.0,"damage_taken":0.0},{"damage_healed":0.0,"max_hp_gain":0.0,"max_hp_loss":0.0,"gold_gain":0.0,"event_name":"Shining Light","player_choice":"Entered Light","floor":4.0,"gold_loss":0.0,"damage_taken":14.0,"cards_upgraded":["Strike_G","Bane"]},{"damage_healed":0.0,"max_hp_gain":0.0,"max_hp_loss":0.0,"gold_gain":0.0,"event_name":"Upgrade Shrine","player_choice":"Upgraded","floor":5.0,"gold_loss":0.0,"damage_taken":0.0,"cards_upgraded":["Acrobatics"]}],"is_beta":false,"boss_relics":[],"items_purged_floors":[],"is_endless":false,"potions_floor_spawned":[1,7,11,12],"killed_by":"The Guardian","ascension_level":0}}