{"host":"vzygucmp2u9s1xuv","time":1610290814,"event":{"mods":["BaseMod","Colored Map","DeckTracker","Keyboard Shortcuts","Minty Spire (QoL Compilation)","Quick Restart","StSLib","SuperFastMode"],"gold_per_floor":[110,110,110,131,131,131,156,174,201,201,216,174,199,212,212,212,212],"floor_reached":16,"playtime":363,"items_purged":[],"score":169,"play_id":"f3dc9f41-e621-464d-85f0-fdd9a83676c2","local_time":"20210111000014","is_ascension_mode":true,"campfire_choices":[{"data":"Flechettes","floor":6.0,"key":"SMITH"},{"data":"Adrenaline","floor":10.0,"key":"SMITH"},{"data":"Acrobatics","floor":15.0,"key":"SMITH"}],"circlet_count":0,"master_deck":["AscendersBane","Strike_G","Strike_G","Strike_G","Strike_G","Strike_G","Defend_G","Defend_G","Defend_G","Defend_G","Defend_G","Survivor","Neutralize","Flechettes+1","Injury","Deflect","Adrenaline+1","Acrobatics+1","Bane","Choke","Tactician","Reflex"],"relics":["Ring of the Snake","Ancient Tea Set","Golden Idol","Mercury Hourglass","Bag of Marbles"],"acts_visited":["Exordium"],"potions_floor_usage":[16,16],"damage_taken":[{"damage":5.0,"enemies":"2 Louse","floor":1.0,"turns":4.0},{"damage":0.0,"enemies":"Cultist","floor":4.0,"turns":5.0},{"damage":5.0,"enemies":"Jaw Worm","floor":7.0,"turns":4.0},{"damage":2.0,"enemies":"Lots of Slimes","floor":8.0,"turns":3.0},{"damage":0.0,"enemies":"Red Slaver","floor":11.0,"turns":1.0},{"damage":0.0,"enemies":"Blue Slaver","floor":13.0,"turns":2.0},{"damage":4.0,"enemies":"Exordium Thugs","floor":14.0,"turns":5.0},{"damage":43,"enemies":"Slime Boss","floor":16,"turns":9}],"seed_played":"8397583835300618928","potions_obtained":[{"floor":1.0,"key":"Ancient Potion"},{"floor":3.0,"key":"Strength Potion"}],"is_trial":false,"path_per_floor":["M","?","?","M","T","R","M","M","T","R","M","$","M","M","R","B"],"character_chosen":"THE_SILENT","items_purchased":["Choke"],"campfire_rested":0,"item_purchase_floors":[12],"current_hp_per_floor":[54,54,54,54,54,54,49,47,47,47,47,47,47,43,43,0,0],"gold":212,"neow_bonus":"RANDOM_COMMON_RELIC","is_daily":false,"chose_seed":false,"campfire_upgraded":3,"win_rate":0.0,"timestamp":1610290814,"path_taken":["M","?","?","?","?","R","M","M","T","R","M","$","M","M","R","BOSS"],"items_purchased_type":["Card"],"build_version":"2020-12-22","purchased_purges":0,"victory":false,"max_hp_per_floor":[66,66,66,66,66,66,66,66,66,66,66,66,66,66,66,66,66],"card_choices":[{"not_picked":["Blur","Setup"],"picked":"Flechettes","floor":1.0},{"not_picked":["Flying Knee","Quick Slash"],"picked":"Deflect","floor":4.0},{"not_picked":["Slice","Acrobatics"],"picked":"Adrenaline","floor":7.0},{"not_picked":["Dagger Spray","Caltrops"],"picked":"Acrobatics","floor":8.0},{"not_picked":["Accuracy","Dagger Throw"],"picked":"Bane","floor":11.0},{"not_picked":["Deflect","Acrobatics"],"picked":"Tactician","floor":13.0},{"not_picked":["Unload","Heel Hook"],"picked":"Reflex","floor":14.0}],"player_experience":654840,"relics_obtained":[{"floor":5.0,"key":"Mercury Hourglass"},{"floor":9.0,"key":"Bag of Marbles"}],"event_choices":[{"damage_healed":0.0,"max_hp_gain":0.0,"max_hp_loss":0.0,"gold_gain":0.0,"event_name":"Golden Idol","player_choice":"Take Wound","floor":2.0,"gold_loss":0.0,"damage_taken":0.0,"relics_obtained":["Golden Idol"],"cards_obtained":["Injury"]},{"damage_healed":0.0,"max_hp_gain":0.0,"max_hp_loss":0.0,"gold_gain":0.0,"event_name":"Lab","player_choice":"Got Potions","floor":3.0,"gold_loss":0.0,"damage_taken":0.0}],"is_beta":false,"boss_relics":[],"items_purged_floors":[],"is_endless":false,"potions_floor_spawned":[1,4,13,14],"killed_by":"Slime Boss","ascension_level":16}}