{"host":"hf83sijwe64ts2lm","time":1610290155,"event":{"mods":["2.2 Compatiblity","BaseMod","Better Altar","Better Match","Better Note","Better Sensory Stone","Better Skull","Better Third Choice","Colored Map","Colored Powertips","Highlight Path","Hubris","Infinite Spire","Minty Spire (QoL Compilation)","Quick Restart","Rare Cards Sparkle","Relic Stats","Replay The Spire","Shop Mod","Spicy Shops","StSLib","The Blue Laboratory","Thieving Mod"],"gold_per_floor":[115,115,131,131,148,148,166,166,192,192,161,13,26,26,26,122,122,136,154,254,29,29,29],"floor_reached":22,"playtime":414,"items_purged":["Pain"],"score":202,"play_id":"ac2854d9-88db-476f-b770-00b88db0db40","local_time":"20210110094915","is_ascension_mode":true,"campfire_choices":[{"floor":6.0,"key":"RECALL"},{"data":"Burst","floor":8.0,"key":"SMITH"},{"data":"Accuracy","floor":10.0,"key":"SMITH"},{"floor":15.0,"key":"REST"}],"circlet_count":0,"master_deck":["Strike_G","Strike_G","Strike_G","Strike_G","Strike_G","Defend_G+1","Defend_G","Defend_G","Defend_G","Defend_G","Survivor","Neutralize","Finisher","Cloak And Dagger","Flechettes","Accuracy+1","Burst+1","Poison Darts+1","Bane","Parasite","A Thousand Cuts","CurseOfTheBell","Crippling Poison","Slice","Accuracy","Bane","Leg Sweep"],"relics":["Ring of the Snake","hubris:Towel","WarpedTongs","hubris:OldNail","Calling Bell","War Paint","hubris:TinFlute","Prayer Wheel"],"acts_visited":["Exordium","TheCity"],"potions_floor_usage":[],"damage_taken":[{"damage":0.0,"enemies":"Cultist","floor":1.0,"turns":4.0},{"damage":12.0,"enemies":"Small Slimes","floor":3.0,"turns":4.0},{"damage":0.0,"enemies":"2 Louse","floor":5.0,"turns":1.0},{"damage":0.0,"enemies":"Blue Slaver","floor":7.0,"turns":1.0},{"damage":36.0,"enemies":"Exordium Thugs","floor":11.0,"turns":5.0},{"damage":4.0,"enemies":"Large Slime","floor":13.0,"turns":5.0},{"damage":37.0,"enemies":"Hexaghost","floor":16.0,"turns":11.0},{"damage":0,"enemies":"Spheric Guardian","floor":18,"turns":2},{"damage":46,"enemies":"2 Thieves","floor":19,"turns":4},{"damage":24,"enemies":"Shelled Parasite and Fungi","floor":22,"turns":4}],"seed_played":"-2157745934604284044","potions_obtained":[{"floor":3.0,"key":"blueLaboratory:BottleOfRum"},{"floor":5.0,"key":"FearPotion"},{"floor":7.0,"key":"blueLaboratory:BottleOfVodka"},{"floor":13.0,"key":"blueLaboratory:HummingbirdPotion"},{"floor":18,"key":"blueLaboratory:ArtistsPotion"}],"is_trial":false,"path_per_floor":["M","?","M","?","M","R","M","R","T","R","M","$","M","?","R","B",null,"M","M","?","$","M"],"character_chosen":"THE_SILENT","items_purchased":["hubris:OldNail","Leg Sweep"],"campfire_rested":1,"item_purchase_floors":[12,21],"current_hp_per_floor":[70,70,58,58,58,58,58,58,58,58,22,22,18,35,56,19,70,70,24,24,24,0,0],"gold":29,"neow_bonus":"THREE_CARDS","is_daily":false,"chose_seed":false,"campfire_upgraded":2,"win_rate":0.0,"timestamp":1610290155,"path_taken":["M","?","M","?","M","R","M","R","T","R","M","$","?","?","R","BOSS","M","M","?","?","?"],"items_purchased_type":["Relic","Card"],"build_version":"2020-12-22","purchased_purges":1,"victory":false,"max_hp_per_floor":[70,70,70,70,70,70,70,70,70,70,70,70,70,70,70,70,70,70,70,70,70,70,70],"relic_stats":{"counters":[10,41],"Prayer Wheel":4,"War Paint":["Defend_G","Poison Darts"],"obtain_stats":[{"Calling Bell":17,"Prayer Wheel":17,"hubris:Towel":2,"War Paint":17,"hubris:OldNail":12,"hubris:TinFlute":17,"Ring of the Snake":0,"WarpedTongs":4},{"Calling Bell":7,"Prayer Wheel":7,"hubris:Towel":1,"War Paint":7,"hubris:OldNail":5,"hubris:TinFlute":7,"Ring of the Snake":0,"WarpedTongs":2},{"Calling Bell":31,"Prayer Wheel":31,"hubris:Towel":4,"War Paint":31,"hubris:OldNail":15,"hubris:TinFlute":31,"Ring of the Snake":0,"WarpedTongs":8}],"Ring of the Snake":[20],"WarpedTongs":[32]},"card_choices":[{"not_picked":["ReplayTheSpireMod:Exploit Weakness","Backflip"],"picked":"Finisher","floor":0.0},{"not_picked":["Sucker Punch","hubris:SlightOfHand"],"picked":"Cloak And Dagger","floor":1.0},{"not_picked":["hubris:SlightOfHand","Choke"],"picked":"Flechettes","floor":3.0},{"not_picked":["ReplayTheSpireMod:Exploit Weakness","Sucker Punch"],"picked":"Accuracy","floor":5.0},{"not_picked":["Dagger Spray","Blade Dance"],"picked":"Burst","floor":7.0},{"not_picked":["Endless Agony","hubris:SlightOfHand"],"picked":"Poison Darts","floor":11.0},{"not_picked":["Sucker Punch","Dagger Throw"],"picked":"Bane","floor":13.0},{"not_picked":["Replay:Bag of Tricks","After Image"],"picked":"A Thousand Cuts","floor":16.0},{"not_picked":["Acrobatics+1","Dagger Throw+1"],"picked":"Crippling Poison","floor":18},{"not_picked":["hubris:SlightOfHand","Outmaneuver"],"picked":"Slice","floor":18},{"not_picked":["Setup+1","Hidden Blade"],"picked":"Accuracy","floor":19},{"not_picked":["Quick Slash","Acrobatics+1"],"picked":"Bane","floor":19}],"player_experience":125477,"relics_obtained":[{"floor":17,"key":"War Paint"},{"floor":17,"key":"hubris:TinFlute"},{"floor":17,"key":"Prayer Wheel"}],"event_choices":[{"damage_healed":0.0,"max_hp_gain":0.0,"max_hp_loss":0.0,"gold_gain":0.0,"event_name":"Accursed Blacksmith","player_choice":"Rummage","floor":4.0,"gold_loss":0.0,"damage_taken":0.0,"relics_obtained":["WarpedTongs"],"cards_obtained":["Pain"]},{"damage_healed":17.0,"max_hp_gain":0.0,"max_hp_loss":0.0,"gold_gain":0.0,"event_name":"Mushrooms","player_choice":"Healed and dodged fight","floor":14.0,"gold_loss":0.0,"damage_taken":0.0,"cards_obtained":["Parasite"]},{"damage_healed":0,"gold_gain":100,"player_choice":"Pray","damage_taken":0,"max_hp_gain":0,"max_hp_loss":0,"event_name":"Golden Shrine","floor":20,"gold_loss":0}],"is_beta":false,"boss_relics":[{"not_picked":["HoveringKite","Fusion Hammer"],"picked":"Calling Bell"}],"items_purged_floors":[21],"is_endless":false,"potions_floor_spawned":[3,5,7,13,18],"killed_by":"Shelled Parasite and Fungi","ascension_level":3}}