{"host":"ordk2y2ebcetabk6","time":1610263673,"event":{"mods":["AlwaysNeverKeys","Astrologer","Bard","BaseMod","Better Debug","Colored Map","Colored Powertips","Dark Map","Hermit","Highlight Path","Minty Spire (QoL Compilation)","Permanent Neow","Rare Cards Sparkle","StSLib","The Hydrologist","The Todo","TheBandit","TheLocksmith","TheVelvet","Wandering Minibosses","Wide Potions","thorton"],"gold_per_floor":[109,109,123,48,64,82,82,92,118,118,18,28,28,45,45,45,45,45],"floor_reached":16,"playtime":729,"items_purged":["wariomod:Step","wariomod:Strike"],"score":94,"play_id":"e0b59045-5bd4-4312-9ebf-fdd28bc5e113","local_time":"20210110002753","is_ascension_mode":false,"campfire_choices":[{"data":"wariomod:EndlessBlast","floor":7,"key":"SMITH"},{"data":"wariomod:TreasureDig","floor":10,"key":"SMITH"},{"data":"wariomod:WhirlwindBurst","floor":15,"key":"SMITH"}],"circlet_count":0,"master_deck":["wariomod:Strike","wariomod:Strike","wariomod:Strike","wariomod:Defend","wariomod:Defend","wariomod:Defend","wariomod:Defend","wariomod:Leap","wariomod:TreasureDig+1","wariomod:GoAgain","wariomod:Purify","wariomod:BodyBlock","wariomod:EndlessBlast+1","wariomod:WhirlwindBurst+1"],"relics":["wariomod:TheHat","Lantern"],"acts_visited":["Exordium"],"potions_floor_usage":[8,16],"damage_taken":[{"damage":3,"enemies":"Small Slimes","floor":1,"turns":3},{"damage":2,"enemies":"Cultist","floor":3,"turns":3},{"damage":4,"enemies":"2 Louse","floor":5,"turns":3},{"damage":8,"enemies":"Blue Slaver","floor":6,"turns":5},{"damage":0,"enemies":"Large Slime","floor":8,"turns":3},{"damage":0,"enemies":"Looter","floor":12,"turns":3},{"damage":12,"enemies":"Exordium Wildlife","floor":14,"turns":3},{"damage":65,"enemies":"The Guardian","floor":16,"turns":14}],"seed_played":"5421657336179622809","potions_obtained":[{"floor":1,"key":"DistilledChaos"},{"floor":5,"key":"Fire Potion"}],"is_trial":false,"path_per_floor":["M","?","M","$","M","M","R","M","T","R","$","M","?","M","R","B"],"character_chosen":"THE_BANDIT","items_purchased":[],"campfire_rested":0,"item_purchase_floors":[],"current_hp_per_floor":[85,85,83,83,79,71,71,71,71,71,71,71,76,64,64,0,0,0],"gold":45,"neow_bonus":"TEN_PERCENT_HP_BONUS","is_daily":false,"chose_seed":false,"campfire_upgraded":3,"win_rate":0.0,"timestamp":1610263673,"path_taken":["M","?","?","$","M","M","R","M","T","R","$","M","?","M","R","BOSS"],"items_purchased_type":[],"build_version":"2020-12-22","purchased_purges":2,"victory":false,"max_hp_per_floor":[88,88,88,88,88,88,88,88,88,88,88,88,93,93,93,93,93,93],"card_choices":[{"not_picked":["wariomod:DonateDraw","wariomod:Smackflip"],"picked":"wariomod:TreasureDig","floor":1},{"not_picked":["wariomod:SmackSlam","wariomod:AwfulLook"],"picked":"wariomod:Purify","floor":3},{"not_picked":["wariomod:DanceDash","wariomod:ThatsNotAll"],"picked":"wariomod:BodyBlock","floor":5},{"not_picked":["wariomod:Leapslam","wariomod:Boomsmack"],"picked":"wariomod:EndlessBlast","floor":6},{"not_picked":["wariomod:Hopshield","wariomod:Smackflip","wariomod:DisarmingMoves"],"picked":"SKIP","floor":8},{"not_picked":["wariomod:DanceDash","wariomod:DoubleDash","wariomod:Hopshield"],"picked":"SKIP","floor":12},{"not_picked":["wariomod:ShipSmash","wariomod:BoomBoom"],"picked":"wariomod:WhirlwindBurst","floor":14}],"player_experience":1145044,"relics_obtained":[{"floor":9,"key":"Lantern"}],"event_choices":[{"damage_healed":0,"gold_gain":0,"player_choice":"1 cards matched","damage_taken":0,"max_hp_gain":0,"max_hp_loss":0,"event_name":"Match and Keep!","floor":2,"gold_loss":0,"cards_obtained":["wariomod:GoAgain"]},{"damage_healed":0,"gold_gain":0,"player_choice":"Donut","damage_taken":0,"max_hp_gain":5,"max_hp_loss":0,"event_name":"Big Fish","floor":13,"gold_loss":0}],"is_beta":false,"boss_relics":[],"items_purged_floors":[4,11],"is_endless":false,"potions_floor_spawned":[1,5,6],"killed_by":"The Guardian","ascension_level":0}}