{"host":"8u40nq559zpgb6zp","time":1610249374,"event":{"mods":["Aspiration","Bard","BaseMod","Beaked The Cultist","Better Altar","Better Match","Better Note","Better Sensory Stone","Better Skull","Better Third Choice","BetterRewards","CCEM","Clawfect","Conspire","Googly Eyes","Halation","Hermit","Highlight Path","Infinite Spire","Jedi Mod","Jorbs\u0027s Wanderer Trilogy","Mad Scientist","Marisa（霧雨　魔理沙）","Minty Spire (QoL Compilation)","Permanent Neow","Replay The Spire","Shade Mod","Shop Mod","Spicy Shops","StSLib","The Bladedancer","The Construct","The Cursed","The Disciple","The Druid","The Gatherer","The Hierophant","The IronCluck","The Jungle","The Mystic","The Necromancer","The Runesmith","The Senshi","The Servant 0.9.4","The Spell Scribe","The Witch","slay the spire mod where everything is the same but ironclad has a cowboy hat"],"gold_per_floor":[109,59,73,73,88,118,118,136,136,136,136,136,136,149,149,248,248,263,263,263,273,293,293,321,341,365,375,375,409,409,419,419,521,521,536,536,89,104,122,151,151,186,186,186,202,221,236,270,270,270,270],"floor_reached":50,"playtime":4426,"items_purged":[],"score":624,"play_id":"962e9948-4584-40c7-97d2-2f15394c034a","local_time":"20210109222934","is_ascension_mode":false,"campfire_choices":[{"data":"ReplayTheSpireMod:Scrap Shanks","floor":7,"key":"SMITH"},{"data":"Noxious Fumes","floor":10,"key":"SMITH"},{"data":"Neutralize","floor":12,"key":"SMITH"},{"floor":15,"key":"REST"},{"data":"Footwork","floor":23,"key":"SMITH"},{"data":"ReplayTheSpireMod:Black Plague","floor":30,"key":"SMITH"},{"data":"Poison Darts","floor":32,"key":"SMITH"},{"data":"Catalyst","floor":41,"key":"SMITH"},{"floor":44,"key":"REST"},{"floor":49,"key":"REST"}],"circlet_count":0,"master_deck":["Strike_G","Strike_G","Strike_G+1","Strike_G","Strike_G+1","Defend_G+2","Defend_G+1","Defend_G","Defend_G","Defend_G","Survivor","Neutralize+1","Deadly Poison+1","Poisoned Stab+1","Noxious Fumes+1","ReplayTheSpireMod:Scrap Shanks+1","Backstab+1","Poison Darts+1","Escape Plan+1","ReplayTheSpireMod:Black Plague+1","Dagger Throw+1","Footwork+1","Catalyst+1","Escape Plan+1","Dagger Spray+1","Riddle With Holes+1","Poison Darts","Poison Darts","Deadly Poison+1","Noxious Fumes+1","jedi:poisonivy+1","jedi:pocketpoison","Slice+1","Deflect+1","Adrenaline","Blade Dance+1","ReplayTheSpireMod:Speed Training+1"],"relics":["Ring of the Snake","halation:BlackBeret","StoneCalendar","Darkstone Periapt","construct:WeddingRing","Molten Egg 2","WristBlade","Simple Rune","Bag of Marbles","Whetstone","Snake Skull","CCEMRelics:WrappedPresent","infinitespire:Joker Card","Bottled Tornado","Singing Bowl","CCEMRelics:WarHorn"],"acts_visited":["Exordium","TheCity","TheBeyond"],"potions_floor_usage":[8,16,24,33,40,40,47,50],"damage_taken":[{"damage":1,"enemies":"2 Louse","floor":1,"turns":4},{"damage":0,"enemies":"Cultist","floor":3,"turns":4},{"damage":0,"enemies":"conspire:RoseBush","floor":5,"turns":3},{"damage":20,"enemies":"3 Sentries","floor":6,"turns":9},{"damage":9,"enemies":"Blue Slaver","floor":8,"turns":3},{"damage":12,"enemies":"Gremlin Gang","floor":14,"turns":4},{"damage":13,"enemies":"The Guardian","floor":16,"turns":8},{"damage":18,"enemies":"conspire:FuzzyDice","floor":18,"turns":5},{"damage":1,"enemies":"Chosen","floor":21,"turns":3},{"damage":5,"enemies":"conspire:HollyBat","floor":22,"turns":5},{"damage":9,"enemies":"Nightmare","floor":24,"turns":5},{"damage":0,"enemies":"Centurion and Healer","floor":25,"turns":5},{"damage":15,"enemies":"Shelled Parasite and Fungi","floor":27,"turns":4},{"damage":14,"enemies":"conspire:SneckoGhost","floor":29,"turns":7},{"damage":5,"enemies":"conspire:HollyBat","floor":31,"turns":5},{"damage":42,"enemies":"Collector","floor":33,"turns":5},{"damage":3,"enemies":"3 Shapes","floor":35,"turns":3},{"damage":7,"enemies":"Orb Walker","floor":38,"turns":3},{"damage":0,"enemies":"Jaw Worm Horde","floor":39,"turns":2},{"damage":28,"enemies":"Nemesis","floor":40,"turns":4},{"damage":25,"enemies":"Nightmare","floor":42,"turns":6},{"damage":0,"enemies":"Maw","floor":45,"turns":4},{"damage":2,"enemies":"Transient","floor":46,"turns":5},{"damage":4,"enemies":"Spire Growth","floor":47,"turns":3},{"damage":27,"enemies":"Nemesis","floor":48,"turns":4},{"damage":50,"enemies":"Time Eater","floor":50,"turns":6}],"seed_played":"5953737055592646023","potions_obtained":[{"floor":1,"key":"Poison Potion"},{"floor":8,"key":"SneckoOil"},{"floor":14,"key":"Weak Potion"},{"floor":16,"key":"GamblersBrew"},{"floor":18,"key":"GamblersBrew"},{"floor":21,"key":"Elixir"},{"floor":22,"key":"Adrenaline Potion"},{"floor":33,"key":"GamblersBrew"},{"floor":38,"key":"DuplicationPotion"},{"floor":40,"key":"GamblersBrew"},{"floor":42,"key":"GamblersBrew"},{"floor":46,"key":"Weak Potion"}],"is_trial":false,"path_per_floor":["M","?","M","?","M","E","R","M","T","R","?","R","?","M","R","B",null,"M","?","AVR","M","M","R","NM","M","T","M","?","E","R","M","R","B",null,"M","?","$","M","M","E","R","NM","T","R","M","M","M","E","R","B"],"character_chosen":"THE_SILENT","items_purchased":["Snake Skull","CCEMRelics:WrappedPresent","jedi:poisonivy+1"],"campfire_rested":3,"item_purchase_floors":[37,37,37],"current_hp_per_floor":[69,69,69,69,69,49,49,40,40,40,26,26,26,14,35,22,70,52,52,52,51,46,46,37,37,37,22,70,56,56,51,51,9,70,67,67,75,68,68,40,40,15,15,37,37,37,33,8,31,0,0],"gold":270,"neow_bonus":"ONE_RARE_RELIC","is_daily":false,"chose_seed":false,"campfire_upgraded":7,"win_rate":0.0,"timestamp":1610249374,"path_taken":["M","?","M","?","M","E","R","?","T","R","?","R","?","M","R","BOSS","M","?","AVR","M","M","R","NM","M","T","M","?","E","R","?","R","BOSS","M","?","$","M","?","E","R","NM","T","R","M","M","M","E","R","BOSS"],"items_purchased_type":["Relic","Relic","Card"],"build_version":"2020-12-22","purchased_purges":0,"victory":false,"max_hp_per_floor":[70,70,70,70,70,70,70,70,70,70,70,70,70,70,70,70,70,70,70,70,70,70,70,70,70,70,70,70,70,70,70,70,70,70,70,70,75,75,75,75,75,75,75,75,75,77,77,79,79,79,79],"card_choices":[{"not_picked":["Bane","Acrobatics"],"picked":"Deadly Poison","floor":1},{"not_picked":["Sucker Punch","Setup"],"picked":"Poisoned Stab","floor":3},{"not_picked":["Dagger Throw","Leg Sweep"],"picked":"Noxious Fumes","floor":5},{"not_picked":["Dodge and Roll","Riddle With Holes"],"picked":"ReplayTheSpireMod:Scrap Shanks","floor":6},{"not_picked":["Sucker Punch","Dash"],"picked":"Finisher","floor":8},{"not_picked":["Hidden Blade","Outmaneuver"],"picked":"Backstab","floor":14},{"not_picked":["Tools of the Trade","A Thousand Cuts"],"picked":"Poison Darts","floor":16},{"not_picked":["Dagger Spray","Dash"],"picked":"Escape Plan+1","floor":18},{"not_picked":["Reflex+1","Hidden Blade+1"],"picked":"Dagger Throw+1","floor":21},{"not_picked":["Prepared","Hidden Blade"],"picked":"Footwork","floor":22},{"not_picked":["Escape Plan","Blur"],"picked":"Catalyst","floor":24},{"not_picked":["ReplayTheSpireMod:Exploit Weakness","Hidden Blade"],"picked":"Escape Plan+1","floor":25},{"not_picked":["Predator+1","Underhanded Strike+1"],"picked":"Dagger Spray+1","floor":27},{"not_picked":["Flying Knee+1","Backflip"],"picked":"Riddle With Holes+1","floor":29},{"not_picked":["Heel Hook+1","Fluid Movement"],"picked":"Poison Darts","floor":31},{"not_picked":["Phantasmal Killer","aspiration:Lunge+1"],"picked":"Poison Darts","floor":33},{"not_picked":["Slice+1","Hidden Blade"],"picked":"Deadly Poison+1","floor":35},{"not_picked":["Outmaneuver+1","Unload+1"],"picked":"jedi:pocketpoison","floor":38},{"not_picked":["Outmaneuver+1","Acrobatics"],"picked":"Slice+1","floor":39},{"not_picked":["Tactician+1","ReplayTheSpireMod:Necrosis"],"picked":"Deflect+1","floor":40},{"not_picked":["Quick Slash+1","Sucker Punch+1"],"picked":"Adrenaline","floor":42},{"not_picked":["Acrobatics+1","Crippling Poison+1"],"picked":"Blade Dance+1","floor":45},{"not_picked":["Acrobatics+1","Underhanded Strike+1","Wraith Form v2"],"picked":"Singing Bowl","floor":46},{"not_picked":["conspire:PoisonWeapons","Sucker Punch+1"],"picked":"ReplayTheSpireMod:Speed Training+1","floor":47},{"not_picked":["PiercingWail","Poisoned Stab+1","All Out Attack+1"],"picked":"Singing Bowl","floor":48}],"player_experience":1029421,"relics_obtained":[{"floor":6,"key":"StoneCalendar"},{"floor":9,"key":"Darkstone Periapt"},{"floor":24,"key":"Simple Rune"},{"floor":26,"key":"Bag of Marbles"},{"floor":29,"key":"Whetstone"},{"floor":37,"key":"infinitespire:Joker Card"},{"floor":40,"key":"Bottled Tornado"},{"floor":43,"key":"Singing Bowl"},{"floor":48,"key":"CCEMRelics:WarHorn"}],"event_choices":[{"cards_removed":["jedi:BattleThirst"],"damage_healed":0,"gold_gain":0,"player_choice":"Card Removal","damage_taken":0,"max_hp_gain":0,"max_hp_loss":0,"event_name":"The Cleric","floor":2,"gold_loss":50},{"damage_healed":0,"gold_gain":0,"player_choice":"Upgraded","damage_taken":0,"max_hp_gain":0,"max_hp_loss":0,"event_name":"Upgrade Shrine","floor":4,"gold_loss":0,"cards_upgraded":["Poisoned Stab"]},{"damage_healed":40,"gold_gain":0,"player_choice":"Upgrade","damage_taken":14,"max_hp_gain":0,"max_hp_loss":70,"event_name":"betterThird:BetterShining","floor":11,"gold_loss":0,"cards_upgraded":["Defend_G","Strike_G"]},{"damage_healed":0,"gold_gain":0,"player_choice":"Grow","damage_taken":0,"max_hp_gain":0,"max_hp_loss":0,"event_name":"Living Wall","floor":13,"gold_loss":0,"cards_upgraded":["Deadly Poison"]},{"damage_healed":0,"gold_gain":0,"player_choice":"Ignored","damage_taken":0,"max_hp_gain":0,"max_hp_loss":0,"event_name":"betterNote:BetterNote","floor":19,"gold_loss":0,"cards_obtained":["Clawfect:Clawter"]},{"cards_removed":["Finisher"],"damage_healed":48,"gold_gain":0,"player_choice":"Offered Uncommon","damage_taken":0,"max_hp_gain":0,"max_hp_loss":0,"event_name":"Bonfire Elementals","floor":28,"gold_loss":0},{"damage_healed":0,"gold_gain":0,"player_choice":"Copied","damage_taken":0,"max_hp_gain":0,"max_hp_loss":0,"event_name":"Duplicator","floor":36,"gold_loss":0,"cards_obtained":["Noxious Fumes"]}],"is_beta":false,"boss_relics":[{"not_picked":["Replay:Drink Me","aspiration:MarisaSkillbook"],"picked":"construct:WeddingRing"},{"not_picked":["ChewingGum","Snecko Scales","jedi:hotpepper"]}],"items_purged_floors":[],"is_endless":true,"potions_floor_spawned":[1,8,14,16,18,21,22,33,38,40,42,46],"killed_by":"Time Eater","ascension_level":0}}