{"host":"ve5hox67eka4rdnb","time":1610279500,"event":{"mods":["ATMod(∞¢Ë™Mod)","Act Like it!","BaseMod","Downfall","Gensokyo","Hermit","Lobotomy","Marisa£®ÏF”Í°°ƒß¿Ì…≥£©","Minty Spire (QoL Compilation)","Remilia£®¿Ÿ√◊¿Ú—«£©","Replay The Spire","StSLib","The Cursed","The Servant 0.9.4"],"gold_per_floor":[110,129,139,14,25,60,73,73,73,90,90,90,107,282,282,382,382,400,400,400,400],"floor_reached":20,"playtime":1390,"items_purged":["Defend_G"],"score":226,"play_id":"80579ab0-a8bd-4ebf-ae3f-890944d75fff","local_time":"20210110195140","is_ascension_mode":false,"campfire_choices":[{"data":"AT_FamilyPortrait","floor":12,"key":"SMITH"},{"data":"ReplayTheSpireMod:Scrap Shanks","floor":15,"key":"SMITH"}],"circlet_count":0,"master_deck":["Strike_G","Strike_G","Strike_G","Strike_G","Defend_G","Defend_G","Defend_G","Survivor","Neutralize","AT_FamilyPortrait+1","MeatLantern","Dagger Throw","LaLuna","ReplayTheSpireMod:Scrap Shanks+1","UniverseFragment","ReplayTheSpireMod:Speed Training","Dagger Throw","SpiderBud","Dagger Throw+1","Prepared","Venomology","Hallucinations"],"relics":["Ring of the Snake","AT_ATBox","CogitoBucket","Kunai","Theresia","Basket Of Snakes","Replay:WaspNest","Replay:Drink Me","ReplayTheSpireMod:Ring of Collecting"],"acts_visited":["Exordium","TheCity"],"potions_floor_usage":[7,7,16,20,20],"damage_taken":[{"damage":0,"enemies":"Small Slimes","floor":1,"turns":4},{"damage":0,"enemies":"2 Louse","floor":2,"turns":2},{"damage":0,"enemies":"Jaw Worm","floor":3,"turns":3},{"damage":0,"enemies":"Large Slime","floor":5,"turns":4},{"damage":5,"enemies":"Replay:BlueRogue","floor":6,"turns":5},{"damage":9,"enemies":"3 Louse","floor":7,"turns":4},{"damage":0,"enemies":"Blue Slaver","floor":10,"turns":2},{"damage":0,"enemies":"Exordium Wildlife","floor":13,"turns":2},{"damage":0,"enemies":"Slime Boss","floor":16,"turns":4},{"damage":17,"enemies":"2 Thieves","floor":18,"turns":3},{"damage":37,"enemies":"Chosen","floor":20,"turns":4}],"seed_played":"1072818470672140471","potions_obtained":[{"floor":1,"key":"champ:CounterPotion"},{"floor":5,"key":"GamblersBrew"},{"floor":6,"key":"Weak Potion"},{"floor":13,"key":"Fire Potion"},{"floor":18,"key":"DuplicationPotion"}],"is_trial":false,"path_per_floor":["M","M","M","$","M","E","M","?","T","M","?","R","M","?","R","B",null,"M","?","M"],"character_chosen":"THE_SILENT","items_purchased":["Dagger Throw"],"campfire_rested":0,"item_purchase_floors":[4],"current_hp_per_floor":[70,70,70,70,70,65,56,56,56,56,44,44,44,44,44,44,53,36,36,0,0],"gold":400,"neow_bonus":"","is_daily":false,"chose_seed":false,"campfire_upgraded":2,"win_rate":0.0,"timestamp":1610279500,"path_taken":["M","M","M","$","M","E","M","?","T","M","?","R","M","?","R","BOSS","M","?","M"],"items_purchased_type":["Card"],"build_version":"2020-12-22","purchased_purges":1,"victory":false,"max_hp_per_floor":[70,70,70,70,70,70,70,70,70,70,70,70,70,70,70,70,53,53,53,53,53],"card_choices":[{"not_picked":["BeautyBeast","FairyFestival"],"picked":"MeatLantern","floor":1},{"not_picked":["Predator","AT_TwilightShroud"],"picked":"Dagger Throw","floor":1},{"not_picked":["Murderer","BeautyBeast"],"picked":"LaLuna","floor":2},{"not_picked":["Flechettes","AT_ArcaneSupremacy"],"picked":"ReplayTheSpireMod:Scrap Shanks","floor":2},{"not_picked":["BeautyBeast","MHz"],"picked":"UniverseFragment","floor":3},{"not_picked":["Dodge and Roll","Footwork"],"picked":"ReplayTheSpireMod:Speed Training","floor":3},{"not_picked":["AT_WomanClash","Terror"],"picked":"Underhanded Strike","floor":5},{"not_picked":["Cloak And Dagger","Skewer","ReplayTheSpireMod:Necrosis"],"picked":"SKIP","floor":6},{"not_picked":["DreamingCurrent","GalaxyChild"],"picked":"SpiderBud","floor":7},{"not_picked":["Bane","AT_TinkerSharpsword","Sucker Punch"],"picked":"SKIP","floor":7},{"not_picked":["Noxious Fumes","Hidden Blade"],"picked":"Prepared","floor":10},{"not_picked":["AT_WindRun","Predator","Slice"],"picked":"SKIP","floor":13},{"not_picked":["Bullet Time","Poison Darts"],"picked":"Venomology","floor":16},{"not_picked":["Outmaneuver","Bane","Leg Sweep"],"picked":"SKIP","floor":18}],"player_experience":155226,"relics_obtained":[{"floor":6,"key":"Kunai"},{"floor":9,"key":"Basket Of Snakes"},{"floor":19,"key":"ReplayTheSpireMod:Ring of Collecting"}],"event_choices":[{"damage_healed":0,"gold_gain":0,"player_choice":"Success","damage_taken":12,"relics_obtained":["Replay:WaspNest"],"max_hp_gain":0,"max_hp_loss":0,"event_name":"Scrap Ooze","floor":11,"gold_loss":0},{"damage_healed":0,"gold_gain":175,"player_choice":"AGREE","damage_taken":0,"max_hp_gain":0,"max_hp_loss":0,"event_name":"Liars Game","floor":14,"gold_loss":0,"cards_obtained":["Doubt"]}],"is_beta":false,"boss_relics":[{"not_picked":["Astrolabe","Velvet Choker"],"picked":"Replay:Drink Me"}],"items_purged_floors":[4],"is_endless":false,"potions_floor_spawned":[1,5,6,13,18],"killed_by":"Chosen","ascension_level":0}}