{"host":"sav7uxregyirlf69","time":1610263689,"event":{"mods":["AchievementEnabler","BaseMod","Colored Map","DeckTracker","Keyboard Shortcuts","Minty Spire (QoL Compilation)","READ ME - Guardian Mod","StSLib","SuperFastMode"],"gold_per_floor":[118,31,44,44,58,58,58,74,74,74,88,103,131,203,203,276,276,289,339,352,352,372,372,158,158,158,172,172,172],"floor_reached":28,"playtime":631,"items_purged":["Strike_B","Strike_B"],"score":520,"play_id":"bd635957-494e-4113-8428-94b1d6057e35","local_time":"20210110162809","is_ascension_mode":true,"campfire_choices":[{"data":"FTL","floor":7.0,"key":"SMITH"},{"data":"Coolheaded","floor":10.0,"key":"SMITH"},{"data":"Creative AI","floor":15.0,"key":"SMITH"},{"floor":23,"key":"REST"}],"circlet_count":0,"master_deck":["AscendersBane","Strike_B","Strike_B","Defend_B","Defend_B","Defend_B","Defend_B","Zap+1","Dualcast","FTL+1","Genetic Algorithm","Coolheaded+1","Streamline","Turbo","Glacier","Creative AI+1","Ball Lightning","Chill","Force Field"],"relics":["Cracked Core","Smiling Mask","Bottled Flame","Odd Mushroom","Singing Bowl","Nuclear Battery","Pear"],"acts_visited":["Exordium","TheCity"],"potions_floor_usage":[22],"damage_taken":[{"damage":6.0,"enemies":"Small Slimes","floor":1.0,"turns":4.0},{"damage":0.0,"enemies":"Cultist","floor":3.0,"turns":3.0},{"damage":5.0,"enemies":"Jaw Worm","floor":5.0,"turns":3.0},{"damage":16.0,"enemies":"Exordium Thugs","floor":8.0,"turns":5.0},{"damage":0.0,"enemies":"Lots of Slimes","floor":11.0,"turns":5.0},{"damage":7.0,"enemies":"3 Louse","floor":12.0,"turns":3.0},{"damage":13.0,"enemies":"The Mushroom Lair","floor":13.0,"turns":6.0},{"damage":0.0,"enemies":"The Guardian","floor":16.0,"turns":11.0},{"damage":22.0,"enemies":"Shell Parasite","floor":18.0,"turns":7.0},{"damage":27.0,"enemies":"Chosen","floor":20.0,"turns":6.0},{"damage":7,"enemies":"Centurion and Healer","floor":22,"turns":9},{"damage":27,"enemies":"Snake Plant","floor":27,"turns":6},{"damage":21,"enemies":"3 Cultists","floor":28,"turns":3}],"seed_played":"7397192977300685151","potions_obtained":[{"floor":1.0,"key":"ColorlessPotion"},{"floor":8.0,"key":"Dexterity Potion"},{"floor":12.0,"key":"SpeedPotion"}],"is_trial":false,"path_per_floor":["M","$","M","?","M","?","R","M","T","R","M","M","?","T","R","B",null,"M","?","M","?","M","R","$","?","T","M","M"],"character_chosen":"DEFECT","items_purchased":["Genetic Algorithm","Force Field","Ancient Potion"],"campfire_rested":1,"item_purchase_floors":[2,24,24],"current_hp_per_floor":[58,58,58,58,53,53,53,37,37,37,37,30,17,17,17,19,60,38,38,13,13,8,31,31,31,41,16,0,0],"gold":172,"neow_bonus":"RANDOM_COMMON_RELIC","is_daily":false,"chose_seed":false,"campfire_upgraded":3,"win_rate":0.0,"timestamp":1610263689,"path_taken":["M","$","M","?","M","?","R","?","T","R","M","M","?","?","R","BOSS","M","?","?","?","M","R","?","?","T","?","M"],"items_purchased_type":["Card","Card","Potion"],"build_version":"2020-12-22","purchased_purges":2,"victory":false,"max_hp_per_floor":[71,71,71,71,71,71,71,71,71,71,71,71,71,71,71,73,73,73,73,75,75,77,77,77,77,87,89,89,89],"card_choices":[{"not_picked":["Stack","Steam"],"picked":"FTL","floor":1.0},{"not_picked":["Aggregate","Heatsinks"],"picked":"Coolheaded","floor":3.0},{"not_picked":["Barrage","Leap"],"picked":"Streamline","floor":5.0},{"not_picked":["Cold Snap","Ball Lightning"],"picked":"Glacier","floor":8.0},{"not_picked":["Rebound","Hologram"],"picked":"Creative AI","floor":11.0},{"not_picked":["Fusion","Redo","Gash"],"picked":"SKIP","floor":12.0},{"not_picked":["Hologram","Streamline"],"picked":"Ball Lightning","floor":13.0},{"not_picked":["Machine Learning","Reboot","Buffer"],"picked":"Singing Bowl","floor":16.0},{"not_picked":["Sweeping Beam","Leap"],"picked":"Chill","floor":18.0},{"not_picked":["Conserve Battery","Sweeping Beam","Compile Driver"],"picked":"Singing Bowl","floor":20.0},{"not_picked":["Leap","Compile Driver","Fission"],"picked":"Singing Bowl","floor":22},{"not_picked":["Compile Driver","Hologram","Rip and Tear"],"picked":"Singing Bowl","floor":27}],"player_experience":1227717,"relics_obtained":[{"floor":9.0,"key":"Bottled Flame"},{"floor":13.0,"key":"Odd Mushroom"},{"floor":14.0,"key":"Singing Bowl"},{"floor":26,"key":"Pear"}],"event_choices":[{"damage_healed":0.0,"max_hp_gain":0.0,"max_hp_loss":0.0,"gold_gain":0.0,"event_name":"Living Wall","player_choice":"Grow","floor":4.0,"gold_loss":0.0,"damage_taken":0.0,"cards_upgraded":["Zap"]},{"damage_healed":0.0,"max_hp_gain":0.0,"max_hp_loss":0.0,"gold_gain":0.0,"event_name":"Match and Keep!","player_choice":"1 cards matched","floor":6.0,"gold_loss":0.0,"damage_taken":0.0,"cards_obtained":["Turbo"]},{"damage_healed":0.0,"max_hp_gain":0.0,"max_hp_loss":0.0,"gold_gain":0.0,"event_name":"Mushrooms","player_choice":"Fought Mushrooms","floor":13.0,"gold_loss":0.0,"damage_taken":0.0},{"damage_healed":0.0,"max_hp_gain":0.0,"max_hp_loss":0.0,"gold_gain":100.0,"event_name":"The Joust","player_choice":"Bet on Murderer","floor":19.0,"gold_loss":50.0,"damage_taken":0.0},{"damage_healed":0,"gold_gain":0,"player_choice":"Leave","damage_taken":0,"max_hp_gain":0,"max_hp_loss":0,"event_name":"FaceTrader","floor":21,"gold_loss":0},{"damage_healed":0,"gold_gain":0,"player_choice":"Ignored","damage_taken":0,"max_hp_gain":0,"max_hp_loss":0,"event_name":"Ghosts","floor":25,"gold_loss":0}],"is_beta":false,"boss_relics":[{"not_picked":["Pandora\u0027s Box","Calling Bell"],"picked":"Nuclear Battery"}],"items_purged_floors":[2,24],"is_endless":false,"potions_floor_spawned":[1,8,12,13,27],"killed_by":"3 Cultists","ascension_level":20}}