{"host":"s4ae7avgknp5vwpe","time":1610312416,"event":{"mods":["BaseMod","Minty Spire (QoL Compilation)"],"gold_per_floor":[113,113,126,139,139,139,167,186,186,240,252,21,34,44,44,141,141,155,130,55,55,65,65,78,78,78,78,78],"floor_reached":27,"playtime":1619,"items_purged":["Strike_R"],"score":250,"play_id":"5f47ff3c-9fb2-4ee6-9caf-b5c33072ccf7","local_time":"20210110130016","is_ascension_mode":true,"campfire_choices":[{"data":"Pommel Strike","floor":6,"key":"SMITH"},{"data":"Armaments","floor":15,"key":"SMITH"},{"floor":23,"key":"REST"},{"floor":25,"key":"REST"}],"circlet_count":0,"master_deck":["Strike_R+1","Strike_R+1","Strike_R","Defend_R","Defend_R","Defend_R","Defend_R","Bash","Pommel Strike+1","Cleave","Dropkick","Armaments+1","Burning Pact","Battle Trance","Twin Strike","Flex","Bludgeon"],"relics":["Burning Blood","Torii","Shuriken","Pantograph","Kunai","Whetstone","Vajra","Black Star","Potion Belt"],"acts_visited":["Exordium","TheCity"],"potions_floor_usage":[13,13,22,24,27,27],"damage_taken":[{"damage":1,"enemies":"2 Louse","floor":1,"turns":3},{"damage":7,"enemies":"Small Slimes","floor":3,"turns":3},{"damage":8,"enemies":"Jaw Worm","floor":4,"turns":3},{"damage":40,"enemies":"Lagavulin","floor":7,"turns":5},{"damage":13,"enemies":"Blue Slaver","floor":8,"turns":2},{"damage":24,"enemies":"Exordium Wildlife","floor":11,"turns":4},{"damage":1,"enemies":"Large Slime","floor":13,"turns":3},{"damage":1,"enemies":"3 Louse","floor":14,"turns":3},{"damage":9,"enemies":"The Guardian","floor":16,"turns":11},{"damage":22,"enemies":"Shell Parasite","floor":18,"turns":9},{"damage":40,"enemies":"2 Thieves","floor":19,"turns":5},{"damage":51,"enemies":"Chosen and Byrds","floor":22,"turns":7},{"damage":40,"enemies":"3 Cultists","floor":24,"turns":5},{"damage":37,"enemies":"Slavers","floor":27,"turns":2}],"seed_played":"7291932754950451949","potions_obtained":[{"floor":4,"key":"SpeedPotion"},{"floor":11,"key":"SneckoOil"},{"floor":13,"key":"Swift Potion"},{"floor":14,"key":"FairyPotion"},{"floor":19,"key":"Regen Potion"},{"floor":22,"key":"LiquidBronze"},{"floor":24,"key":"CultistPotion"}],"is_trial":false,"path_per_floor":["M","?","M","M","?","R","E","M","T","T","M","$","M","M","R","B",null,"M","M","?","$","M","R","M","R","T","E"],"character_chosen":"IRONCLAD","items_purchased":["Vajra"],"campfire_rested":2,"item_purchase_floors":[12],"current_hp_per_floor":[72,54,53,51,72,72,38,31,31,31,13,13,18,23,23,45,72,56,22,22,22,27,48,14,35,35,0,0],"gold":78,"neow_bonus":"ONE_RARE_RELIC","is_daily":false,"chose_seed":false,"campfire_upgraded":2,"win_rate":0.0,"timestamp":1610312416,"path_taken":["M","?","M","M","?","R","E","M","T","?","M","$","M","M","R","BOSS","M","M","?","$","M","R","M","R","T","E"],"items_purchased_type":["Relic"],"build_version":"2020-12-22","purchased_purges":1,"victory":false,"max_hp_per_floor":[72,72,72,72,72,72,72,72,72,72,72,72,72,72,72,72,72,72,72,72,72,72,72,72,72,72,72,72],"card_choices":[{"not_picked":["Sword Boomerang","Disarm"],"picked":"Pommel Strike","floor":1},{"not_picked":["Warcry","Pommel Strike"],"picked":"Cleave","floor":3},{"not_picked":["Sword Boomerang","Double Tap","Sever Soul"],"picked":"SKIP","floor":4},{"not_picked":["Havoc","Shrug It Off"],"picked":"Dropkick","floor":7},{"not_picked":["Headbutt","Anger"],"picked":"Armaments","floor":8},{"not_picked":["Anger","Dark Embrace"],"picked":"Burning Pact","floor":11},{"not_picked":["Pummel","Flame Barrier"],"picked":"Battle Trance","floor":13},{"not_picked":["Wild Strike","True Grit","Sever Soul"],"picked":"SKIP","floor":14},{"not_picked":["Heavy Blade+1","Evolve","Warcry"],"picked":"SKIP","floor":18},{"not_picked":["Wild Strike","Whirlwind"],"picked":"Twin Strike","floor":19},{"not_picked":["Burning Pact","Perfected Strike"],"picked":"Flex","floor":22},{"not_picked":["Headbutt","Clothesline"],"picked":"Bludgeon","floor":24}],"player_experience":241040,"relics_obtained":[{"floor":7,"key":"Pantograph"},{"floor":9,"key":"Kunai"},{"floor":10,"key":"Whetstone"},{"floor":26,"key":"Potion Belt"}],"event_choices":[{"damage_healed":0,"gold_gain":0,"player_choice":"Success","damage_taken":18,"relics_obtained":["Shuriken"],"max_hp_gain":0,"max_hp_loss":0,"event_name":"Scrap Ooze","floor":2,"gold_loss":0},{"damage_healed":24,"gold_gain":0,"player_choice":"Banana","damage_taken":0,"max_hp_gain":0,"max_hp_loss":0,"event_name":"Big Fish","floor":5,"gold_loss":0},{"cards_removed":["Strike_R"],"damage_healed":0,"gold_gain":0,"player_choice":"Gave Gold","damage_taken":0,"max_hp_gain":0,"max_hp_loss":0,"event_name":"Beggar","floor":20,"gold_loss":75}],"is_beta":false,"boss_relics":[{"not_picked":["Runic Dome","Calling Bell"],"picked":"Black Star"}],"items_purged_floors":[12],"is_endless":false,"potions_floor_spawned":[4,11,13,14,19,22,24],"killed_by":"Slavers","ascension_level":3}}