{"host":"9be782jbh3sa3sl1","time":1610255968,"event":{"mods":["AchievementEnabler","BaseMod","BetterRewards","Hubris","Minty Spire (QoL Compilation)","Shop Mod","StSLib","The Hierophant","The Marked","The Poker Player"],"gold_per_floor":[115,134,158,158,158,193,203,203,203,23,56,70,95,110,110,205,205,160,160],"floor_reached":18,"playtime":804,"items_purged":[],"score":195,"play_id":"2cc96109-9b71-4043-bb41-089936fecae5","local_time":"20210110001928","is_ascension_mode":false,"campfire_choices":[{"data":"theMarked:ChainLightning","floor":8,"key":"SMITH"},{"floor":15,"key":"REST"}],"circlet_count":0,"master_deck":["theMarked:Strike","theMarked:Strike","theMarked:Strike","theMarked:Strike","theMarked:Strike","theMarked:Defend","theMarked:Defend","theMarked:Defend","theMarked:Defend","theMarked:SoldierOfQuellstein","theMarked:ElementalBlade","theMarked:MaelstromOfLightning","theMarked:ChainLightning+1","theMarked:SummonStrength","theMarked:MysticalArsenal","theMarked:ComboAttacks","theMarked:ContemptForTheProud","theMarked:UnarmedFury"],"relics":["theMarked:ArtifactOfAir","NeowsBlessing","Happy Flower","hubris:Metronome","Matryoshka","Membership Card","hubris:OldNail","Ornamental Fan","Boot","hubris:TerracottaHorce"],"acts_visited":["Exordium","TheCity"],"potions_floor_usage":[12,14,14],"damage_taken":[{"damage":0,"enemies":"Cultist","floor":1,"turns":1},{"damage":0,"enemies":"Jaw Worm","floor":2,"turns":1},{"damage":0,"enemies":"Lagavulin","floor":6,"turns":1},{"damage":1,"enemies":"2 Louse","floor":7,"turns":2},{"damage":17,"enemies":"3 Sentries","floor":11,"turns":6},{"damage":9,"enemies":"Red Slaver","floor":12,"turns":3},{"damage":6,"enemies":"Exordium Thugs","floor":14,"turns":2},{"damage":11,"enemies":"Slime Boss","floor":16,"turns":7},{"damage":9,"enemies":"2 Thieves","floor":18,"turns":4}],"seed_played":"4575597341035923513","potions_obtained":[{"floor":1,"key":"SteroidPotion"},{"floor":11,"key":"Weak Potion"},{"floor":12,"key":"PowerPotion"},{"floor":16,"key":"SpeedPotion"}],"is_trial":false,"path_per_floor":["M","M","T","?","?","E","M","R","T","$","E","M","T","M","R","B",null,"M"],"character_chosen":"THE_DEFAULT","items_purchased":["Membership Card","theMarked:SummonStrength"],"campfire_rested":1,"item_purchase_floors":[10,10],"current_hp_per_floor":[70,70,70,70,70,70,69,69,69,69,52,43,43,37,58,47,64,55,55],"gold":160,"neow_bonus":"THREE_ENEMY_KILL","is_daily":false,"chose_seed":false,"campfire_upgraded":1,"win_rate":0.0,"timestamp":1610255968,"path_taken":["M","M","?","?","?","E","M","R","T","$","E","?","?","M","R","BOSS","M"],"items_purchased_type":["Relic","Card"],"build_version":"2020-12-22","purchased_purges":0,"victory":false,"max_hp_per_floor":[70,70,70,70,70,70,70,70,70,70,70,70,70,70,70,70,70,70,70],"card_choices":[{"not_picked":["theMarked:Convert","theMarked:WardOff"],"picked":"theMarked:ElementalBlade","floor":1},{"not_picked":["theMarked:EnhanceMovement","theMarked:ResourceFulStrike"],"picked":"theMarked:Electrocute","floor":2},{"not_picked":["theMarked:Static","theMarked:EmpowerWeapon"],"picked":"theMarked:MaelstromOfLightning","floor":6},{"not_picked":["theMarked:ElectricStrings","theMarked:TwofoldDefense"],"picked":"theMarked:ChainLightning","floor":7},{"not_picked":["theMarked:TakeCover","theMarked:Seal"],"picked":"theMarked:MysticalArsenal","floor":11},{"not_picked":["theMarked:Opportunist","theMarked:Vacuum"],"picked":"theMarked:ComboAttacks","floor":12},{"not_picked":["theMarked:WastefulAttack","theMarked:Parkour"],"picked":"theMarked:ContemptForTheProud","floor":14},{"not_picked":["theMarked:ThrowWeapon","theMarked:ChannelForce"],"picked":"theMarked:UnarmedFury","floor":16}],"player_experience":338321,"relics_obtained":[{"floor":3,"key":"Happy Flower"},{"floor":6,"key":"hubris:Metronome"},{"floor":9,"key":"Matryoshka"},{"floor":11,"key":"hubris:OldNail"},{"floor":13,"key":"Ornamental Fan"},{"floor":13,"key":"Boot"}],"event_choices":[{"damage_healed":0,"gold_gain":0,"player_choice":"Leave","damage_taken":0,"max_hp_gain":0,"max_hp_loss":0,"event_name":"The Cleric","floor":4,"gold_loss":0},{"cards_removed":["theMarked:Electrocute"],"damage_healed":0,"gold_gain":0,"player_choice":"Offered Uncommon","damage_taken":0,"max_hp_gain":0,"max_hp_loss":0,"event_name":"Bonfire Elementals","floor":5,"gold_loss":0}],"is_beta":false,"boss_relics":[{"not_picked":["hubris:CrackedHourglass","hubris:Stopwatch"],"picked":"hubris:TerracottaHorce"}],"items_purged_floors":[],"is_endless":false,"potions_floor_spawned":[1,11,12,16],"killed_by":"2 Thieves","ascension_level":0}}