{"host":"yaxsefyig1et0yi2","time":1610261603,"event":{"mods":["Aspiration","BaseMod","BetterRewards","Colored Powertips","Conspire","Displayed Cursed Tome","Downfall","Halation","Hubris","Infinite Spire","JesterMod","Minty Spire (QoL Compilation)","Quick Restart","RatMod","Replay The Spire","Reworked Bosses","Spikes Relics","StSLib","The Jungle"],"gold_per_floor":[113,128,145,161,173,173,202,202,202,213,213,83,83,102,102,102,102,102],"floor_reached":16,"playtime":1459,"items_purged":[],"score":104,"play_id":"f5c7c721-afad-46cd-8765-f5499f845ae6","local_time":"20210110015323","is_ascension_mode":false,"campfire_choices":[{"floor":6,"key":"REST"},{"data":"Slimebound:FirmFortitude","floor":11,"key":"SMITH"},{"data":"Sadistic Nature","floor":13,"key":"SMITH"},{"data":"Slimebound:MinionMaster","floor":15,"key":"SMITH"}],"circlet_count":0,"master_deck":["Slimebound:Strike_Slimebound","Slimebound:Strike_Slimebound","Slimebound:Strike_Slimebound","Slimebound:Tackle","Slimebound:Defend_Slimebound","Slimebound:Defend_Slimebound","Slimebound:Defend_Slimebound","Slimebound:Defend_Slimebound","Slimebound:Split+1","Slimebound:CorrosiveSpit","Slimebound:SplitAcid","Slimebound:Schlurp","Slimebound:LevelUp","Slimebound:ViciousTackle","Slimebound:SplitLeeching","Slimebound:MinionMaster+1","Slimebound:FirmFortitude+1","Sadistic Nature+1","Slimebound:RejuvenatingLick"],"relics":["Slimebound:AbsorbEndCombat","Replay:Fungal Core","hubris:ScarierMask","Simple Rune","The Courier"],"acts_visited":["Exordium"],"potions_floor_usage":[16,16,16],"damage_taken":[{"damage":22,"enemies":"infinitespire:Voidling","floor":1,"turns":5},{"damage":8,"enemies":"conspire:RoseBush","floor":2,"turns":4},{"damage":4,"enemies":"2 Louse","floor":3,"turns":2},{"damage":31,"enemies":"Exordium Thugs","floor":4,"turns":4},{"damage":36,"enemies":"Large Slime","floor":5,"turns":7},{"damage":19,"enemies":"3 Sentries","floor":7,"turns":5},{"damage":5,"enemies":"conspire:2 RoseBushes","floor":10,"turns":3},{"damage":16,"enemies":"Gremlin Gang","floor":14,"turns":4},{"damage":39,"enemies":"Slime Boss","floor":16,"turns":3}],"seed_played":"4959340978048951332","potions_obtained":[{"floor":2,"key":"PowerPotion"},{"floor":3,"key":"Milkshake"},{"floor":7,"key":"champ:CounterPotion"},{"floor":10,"key":"Slimebound:SlimedPotion"}],"is_trial":false,"path_per_floor":["M","M","M","M","M","R","E","?","T","M","R","$","R","M","R","B"],"character_chosen":"SLIMEBOUND","items_purchased":["Sadistic Nature"],"campfire_rested":1,"item_purchase_floors":[12],"current_hp_per_floor":[57,60,60,41,17,35,32,32,32,35,35,35,35,35,35,0,0,0],"gold":102,"neow_bonus":"DOUBLE_BOSS_RELIC","is_daily":false,"chose_seed":false,"campfire_upgraded":3,"win_rate":0.0,"timestamp":1610261603,"path_taken":["M","?","M","M","M","R","E","?","T","M","R","$","R","M","R","BOSS"],"items_purchased_type":["Card"],"build_version":"2020-12-22","purchased_purges":0,"victory":false,"max_hp_per_floor":[60,60,60,60,60,60,60,60,60,60,60,60,60,60,60,60,60,60],"card_choices":[{"not_picked":["Slimebound:LeechingTouch","Slimebound:ComboTackle"],"picked":"Slimebound:SplitAcid","floor":1},{"not_picked":["Slimebound:RollThrough","Slimebound:Equalize"],"picked":"Slimebound:Schlurp","floor":2},{"not_picked":["Slimebound:SplitBruiser","Slimebound:ForwardTackle"],"picked":"Slimebound:LevelUp","floor":3},{"not_picked":["Slimebound:RollThrough","Slimebound:Dissolve"],"picked":"Slimebound:ViciousTackle","floor":4},{"not_picked":["Slimebound:ComboTackle","Slimebound:LeechEnergy"],"picked":"Slimebound:SplitLeeching","floor":5},{"not_picked":["Slimebound:SlimeSpikes","Slimebound:SlimeBrawl"],"picked":"Slimebound:MinionMaster","floor":7},{"not_picked":["Slimebound:LeechEnergy","Slimebound:RollThrough"],"picked":"Slimebound:FirmFortitude","floor":10},{"not_picked":["Slimebound:SpikyOuterGoop","Slimebound:SplitMire"],"picked":"Slimebound:RejuvenatingLick","floor":14}],"player_experience":238324,"relics_obtained":[{"floor":7,"key":"Simple Rune"},{"floor":9,"key":"The Courier"}],"event_choices":[{"damage_healed":0,"gold_gain":0,"player_choice":"Grow","damage_taken":0,"max_hp_gain":0,"max_hp_loss":0,"event_name":"Living Wall","floor":8,"gold_loss":0,"cards_upgraded":["Slimebound:Split"]}],"is_beta":false,"boss_relics":[],"items_purged_floors":[],"is_endless":false,"potions_floor_spawned":[2,3,7,10],"killed_by":"Slime Boss","ascension_level":0}}