{"host":"npi2injwpr7l8z4q","time":1610301784,"event":{"mods":["2.2 Compatiblity","Act Like it!","BaseMod","Dark Map","Hallownest","KOR Keyword Fix","Keyboard Shortcuts","Minty Spire (QoL Compilation)","Permanent Neow","Replay The Spire","StSLib","The Bug Knight","everything is the same but u backflip on backflip","¡¼?Úª?ø«¡½REMEMod"],"gold_per_floor":[114,39,39,39,58,85,85,104,130,130,130,148,173,189,189,289,289,306,321,338,338,338,338,348,348,394,405,207,267,595,595,595,700,700,715,288,302,315,336,336,354,366,366,399,95,110,110,122,122,122,122,122,65,99,99,99],"floor_reached":55,"playtime":12988,"items_purged":["HollowMod:NailStrikeStart","HollowMod:NailStrikeStart","Hallownest:curseDreamersLament","HollowMod:QuickDashStart"],"score":706,"play_id":"76bd9b00-4c3b-49c3-9957-412e66309af8","local_time":"20210111030304","is_ascension_mode":false,"campfire_choices":[{"data":"HollowMod:SlysStrikes","floor":7.0,"key":"SMITH"},{"floor":11.0,"key":"RECALL"},{"data":"HollowMod:DashSlash","floor":15.0,"key":"SMITH"},{"data":"HollowMod:QuickDashStart","floor":23.0,"key":"SMITH"},{"data":"HollowMod:ChannelNail","floor":25.0,"key":"SMITH"},{"data":"HollowMod:MonarchWings","floor":32.0,"key":"SMITH"},{"data":"HollowMod:QuickDashStart","floor":40,"key":"SMITH"},{"data":"HollowMod:CycloneSlash","floor":47,"key":"SMITH"},{"data":"HollowMod:NailStrikeStart","floor":49,"key":"PURGE"},{"data":"HollowMod:NailStrikeStart","floor":52,"key":"SMITH"}],"circlet_count":0,"master_deck":["HollowMod:NailStrikeStart+1","HollowMod:QuickDashStart+1","HollowMod:QuickDashStart+1","HollowMod:FocusHealStart+1","HollowMod:PogoStrike","HollowMod:SlysStrikes+1","HollowMod:CloakDash","HollowMod:ChannelNail+1","HollowMod:SoulVessel","HollowMod:DashSlash+1","HollowMod:PureVessel","HollowMod:SoulEater+1","HollowMod:DesolateDive+1","HollowMod:MonarchWings+1","HollowMod:CycloneSlash+1","HollowMod:HuntersJournal+1","HollowMod:NewLittleFool+1","HollowMod:BaldurShell+1","HollowMod:HuntersJournal+1","HollowMod:SoulMaster","HollowMod:MantisMark","HollowMod:MantisMark"],"relics":["HollowMod:VesselMask","REME_ComplimentaryCards","Vajra","Replay:Wax Seal","PreservedInsect","Darkstone Periapt","Runic Pyramid","Hallownest:WatcherSealRelic","Old Coin","Replay:Bronze Core","TheAbacus","HollowMod:MillibellesNoteRelic","REME_HandOfSuture","Mercury Hourglass","Sling","REME_PuzzleBoxRelic"],"acts_visited":["Exordium","Exordium","Hallownest:CityofTears","TheEnding"],"potions_floor_usage":[35],"damage_taken":[{"damage":2.0,"enemies":"Small Slimes","floor":1.0,"turns":4.0},{"damage":0.0,"enemies":"2 Louse","floor":5.0,"turns":2.0},{"damage":12.0,"enemies":"Replay:BlueRogue","floor":6.0,"turns":6.0},{"damage":6.0,"enemies":"Jaw Worm","floor":8.0,"turns":3.0},{"damage":5.0,"enemies":"2 Fungi Beasts","floor":12.0,"turns":3.0},{"damage":18.0,"enemies":"Lagavulin","floor":13.0,"turns":5.0},{"damage":13.0,"enemies":"Red Slaver","floor":14.0,"turns":3.0},{"damage":37.0,"enemies":"HollowMod:FalseKnight","floor":16.0,"turns":8.0},{"damage":1.0,"enemies":"Hallownest:Flukemon_and_Top","floor":18.0,"turns":5.0},{"damage":13.0,"enemies":"Hallownest:2_Mistakes","floor":19.0,"turns":5.0},{"damage":10.0,"enemies":"Hallownest:monsterShrumalOgre","floor":20.0,"turns":6.0},{"damage":6.0,"enemies":"Hallownest:2_Flukemon","floor":24.0,"turns":6.0},{"damage":22.0,"enemies":"Hallownest:monsterMisterMushroom","floor":27.0,"turns":8.0},{"damage":15.0,"enemies":"Hallownest:Glutton_and_Coward","floor":29.0,"turns":8.0},{"damage":5.0,"enemies":"Hallownest:Nosk","floor":30.0,"turns":6.0},{"damage":28.0,"enemies":"Hallownest:BossSoulMaster","floor":33.0,"turns":9.0},{"damage":24,"enemies":"Hallownest:2_Littles","floor":35,"turns":5},{"damage":10,"enemies":"Hallownest:3_Siblings","floor":37,"turns":5},{"damage":9,"enemies":"Hallownest:Shield_Sturdy","floor":38,"turns":5},{"damage":1,"enemies":"Hallownest:Slobbering_and_Violent","floor":41,"turns":7},{"damage":1,"enemies":"Hallownest:2_Wandering_and_1_Horned","floor":42,"turns":6},{"damage":9,"enemies":"Hallownest:StalkingDevout","floor":44,"turns":5},{"damage":0,"enemies":"Hallownest:2_Wing_and_1_Kings","floor":46,"turns":5},{"damage":9,"enemies":"Hallownest:Xero_Hu_Marmu","floor":48,"turns":4},{"damage":5,"enemies":"Hallownest:BossGreyPrinceZote","floor":50,"turns":9},{"damage":27,"enemies":"Shield and Spear","floor":54,"turns":4},{"damage":83,"enemies":"The Heart","floor":55,"turns":3}],"seed_played":"-4214566000468615804","potions_obtained":[{"floor":8.0,"key":"Strength Potion"},{"floor":13.0,"key":"AttackPotion"},{"floor":19.0,"key":"Weak Potion"},{"floor":20.0,"key":"Energy Potion"},{"floor":24.0,"key":"Milkshake"},{"floor":27.0,"key":"Milkshake"},{"floor":29.0,"key":"Toxic Potion"},{"floor":37,"key":"Strength Potion"},{"floor":46,"key":"SpeedPotion"},{"floor":48,"key":"FearPotion"}],"is_trial":false,"path_per_floor":["M","$","?","?","M","E","R","M","T","?","R","M","E","M","R","B",null,"M","M","M","?","?","R","M","R","T","M","$","M","E","?","R","B",null,"M","$","M","M","?","R","M","M","T","E","$","M","R","M","R","B",null,"R","$","E","B"],"character_chosen":"THE_BUGKNIGHT","items_purchased":["HollowMod:CycloneSlash","HollowMod:HuntersJournal+1","TheAbacus","HollowMod:MillibellesNoteRelic","Sling","HollowMod:MantisMark"],"campfire_rested":0,"item_purchase_floors":[28,28,36,36,45,53],"current_hp_per_floor":[73,73,70,75,75,69,69,69,69,69,69,74,62,59,59,34,80,80,73,75,81,81,81,81,81,81,65,65,62,69,69,69,47,86,68,68,64,65,65,65,74,83,83,77,77,86,86,77,77,84,86,86,86,59,0,0],"gold":99,"neow_bonus":"TRANSFORM_CARD","is_daily":false,"chose_seed":false,"campfire_upgraded":8,"win_rate":0.0,"timestamp":1610301784,"path_taken":["M","$","?","?","?","E","R","M","T","?","R","M","E","M","R","BOSS","M","M","M","?","?","R","M","R","T","M","$","M","E","?","R","BOSS","M","$","M","M","?","R","M","M","T","E","$","M","R","M","R","BOSS","R","$","E","BOSS"],"items_purchased_type":["Card","Card","Relic","Relic","Relic","Card"],"build_version":"2020-12-22","purchased_purges":4,"victory":false,"max_hp_per_floor":[75,75,75,80,80,80,80,80,80,80,80,80,80,80,80,80,80,80,80,80,86,86,86,86,86,86,86,86,86,86,86,86,86,86,86,86,86,86,86,86,86,86,86,86,86,86,86,86,86,86,86,86,86,86,86,86],"card_choices":[{"not_picked":["HollowMod:GoodIntentions","HollowMod:SharpenedNail","HollowMod:ChannelNail"],"picked":"SKIP","floor":1.0},{"not_picked":["HollowMod:WraithStrike","HollowMod:BrokenVessel"],"picked":"HollowMod:CloakDash","floor":5.0},{"not_picked":["HollowMod:FallenFury","HollowMod:DescendingDark","HollowMod:AwokenDreamNail"],"picked":"SKIP","floor":6.0},{"not_picked":["HollowMod:DungDefenderAura","HollowMod:DescendingDark"],"picked":"HollowMod:ChannelNail","floor":8.0},{"not_picked":["HollowMod:SoulSplash","HollowMod:WraithStrike"],"picked":"HollowMod:SoulVessel","floor":12.0},{"not_picked":["HollowMod:VengefulVoid","HollowMod:VoidDash"],"picked":"HollowMod:DashSlash","floor":13.0},{"not_picked":["HollowMod:ShadowDash","HollowMod:DoubleDash","HollowMod:SoulVessel"],"picked":"SKIP","floor":14.0},{"not_picked":["HollowMod:Weaversong","HollowMod:ElderbugsWisdom"],"picked":"HollowMod:PureVessel","floor":16.0},{"not_picked":["HollowMod:Grubsong","HollowMod:RecoilStrike"],"picked":"HollowMod:SoulEater+1","floor":18.0},{"not_picked":["HollowMod:InfectedCysts","HollowMod:CornifersMapStart","HollowMod:InfectedAttack"],"picked":"SKIP","floor":19.0},{"not_picked":["HollowMod:PureNailStrike","HollowMod:NewLittleFool"],"picked":"HollowMod:DesolateDive+1","floor":20.0},{"not_picked":["HollowMod:BlackTendrils","HollowMod:LifebloodCocoon"],"picked":"HollowMod:MonarchWings","floor":24.0},{"not_picked":["HollowMod:ShadowDash","HollowMod:DesolateDive","HollowMod:BlackTendrils"],"picked":"SKIP","floor":27.0},{"not_picked":["HollowMod:SoulStrike+1","HollowMod:FastStrike"],"picked":"HollowMod:NewLittleFool+1","floor":29.0},{"not_picked":["HollowMod:DescendingDark","HollowMod:SlysStrikes"],"picked":"HollowMod:BaldurShell+1","floor":30.0},{"not_picked":["HollowMod:VengefulSpirit","HollowMod:TaintedHusks","HollowMod:InfectedAttack+1"],"picked":"SKIP","floor":35},{"not_picked":["HollowMod:HeavyBlow","HollowMod:FallenFury","HollowMod:WraithStrike"],"picked":"SKIP","floor":37},{"not_picked":["HollowMod:ChannelNail+1","HollowMod:WraithStrike+1","HollowMod:CornifersMapStart+1"],"picked":"SKIP","floor":38},{"not_picked":["HollowMod:RecoilStrike+1","HollowMod:NewJinnsSoul+1","HollowMod:WraithStrike+1"],"picked":"SKIP","floor":41},{"not_picked":["HollowMod:BrokenVessel+1","HollowMod:MonarchWings+1"],"picked":"HollowMod:HuntersJournal+1","floor":42},{"not_picked":["HollowMod:CloakDash+1","HollowMod:WraithStrike+1","HollowMod:FastStrike+1"],"picked":"SKIP","floor":44},{"not_picked":["HollowMod:SiblingsSouls","HollowMod:CloakDash","HollowMod:SharpenedNail+1"],"picked":"SKIP","floor":46},{"not_picked":["HollowMod:DashSlash","HollowMod:SoulShaman+1"],"picked":"HollowMod:SoulMaster","floor":48},{"not_picked":["HollowMod:CornifersMapStart","HollowMod:SoulStrike","HollowMod:NewLittleFool+1"],"picked":"SKIP","floor":54}],"player_experience":191239,"relics_obtained":[{"floor":6.0,"key":"Replay:Wax Seal"},{"floor":9.0,"key":"PreservedInsect"},{"floor":13.0,"key":"Darkstone Periapt"},{"floor":30.0,"key":"Old Coin"},{"floor":43,"key":"REME_HandOfSuture"},{"floor":44,"key":"Mercury Hourglass"},{"floor":54,"key":"REME_PuzzleBoxRelic"}],"event_choices":[{"damage_healed":0.0,"max_hp_gain":0.0,"max_hp_loss":0.0,"gold_gain":0.0,"event_name":"Scrap Ooze","player_choice":"Success","floor":3.0,"gold_loss":0.0,"damage_taken":3.0,"relics_obtained":["Vajra"]},{"damage_healed":0.0,"max_hp_gain":5.0,"max_hp_loss":0.0,"gold_gain":0.0,"event_name":"Big Fish","player_choice":"Donut","floor":4.0,"gold_loss":0.0,"damage_taken":0.0},{"damage_healed":0.0,"max_hp_gain":0.0,"max_hp_loss":0.0,"gold_gain":0.0,"event_name":"Upgrade Shrine","player_choice":"Upgraded","floor":10.0,"gold_loss":0.0,"damage_taken":0.0,"cards_upgraded":["HollowMod:FocusHealStart"]}],"is_beta":false,"boss_relics":[{"not_picked":["Calling Bell","ReplayTheSpireMod:DimensionalGlitch"],"picked":"Runic Pyramid"},{"not_picked":["REME_DuelDisc","ChewingGum"],"picked":"Replay:Bronze Core"}],"items_purged_floors":[2,28,36,45],"is_endless":false,"potions_floor_spawned":[8,13,19,20,24,27,29,37,46,48],"killed_by":"The Heart","ascension_level":0}}