{"host":"56ghxnzsglgdq727","time":1610320340,"event":{"mods":["AchievementEnabler","BaseMod","Downfall","Duelist Mod","Minty Spire (QoL Compilation)","Rare Cards Sparkle","StSLib","The Bug Knight","The Exalted","The Senshi","The Wild Card"],"gold_per_floor":[144,219,238,238,258,285,460,479,505,455,455,149,149,169,169,269,269,288,298,70,70,83,83,83],"floor_reached":23,"playtime":1178,"items_purged":["Doubt","theDuelist:Sparks","theDuelist:CastleWalls"],"score":216,"play_id":"02026fb6-81ff-4c79-b3a3-86fb332bc86b","local_time":"20210110181220","is_ascension_mode":false,"campfire_choices":[{"data":"theDuelist:ExodiaNecross","floor":11,"key":"SMITH"},{"floor":13,"key":"REST"},{"floor":15,"key":"REST"}],"circlet_count":0,"master_deck":["theDuelist:DarkMagician","theDuelist:MysticalElf","theDuelist:MysticalElf","theDuelist:NeoMagic","theDuelist:NeoMagic","theDuelist:Sparks","theDuelist:Sparks","theDuelist:ExodiaNecross+1","theDuelist:PotGreed","theDuelist:ContractExodia","theDuelist:ExodiaNecross","theDuelist:Raigeki","theDuelist:LegendaryExodia+1"],"relics":["theDuelist:MillenniumPuzzle","theDuelist:CardPoolRelic","theDuelist:CardPoolBasicRelic","theDuelist:BoosterPackPoolRelic","theDuelist:CardPoolMinusRelic","theDuelist:CardPoolSaveRelic","theDuelist:CardPoolOptionsRelic","NeowsBlessing","Lantern","Smiling Mask","theDuelist:CardRewardRelicF","Philosopher\u0027s Stone","Nloth\u0027s Gift"],"acts_visited":["Exordium","TheCity"],"potions_floor_usage":[6,16,22,22],"damage_taken":[{"damage":0,"enemies":"Small Slimes","floor":1,"turns":1},{"damage":0,"enemies":"2 Louse","floor":3,"turns":1},{"damage":0,"enemies":"Cultist","floor":5,"turns":1},{"damage":34,"enemies":"Gremlin Nob","floor":6,"turns":6},{"damage":4,"enemies":"Blue Slaver","floor":8,"turns":4},{"damage":22,"enemies":"Exordium Thugs","floor":14,"turns":6},{"damage":33,"enemies":"Slime Boss","floor":16,"turns":9},{"damage":3,"enemies":"Shell Parasite","floor":18,"turns":9},{"damage":16,"enemies":"Spheric Guardian","floor":19,"turns":6},{"damage":34,"enemies":"Snake Plant","floor":22,"turns":6},{"damage":28,"enemies":"theDuelist:KaibaA2","floor":23,"turns":4}],"seed_played":"-8142343135651560911","potions_obtained":[{"floor":1,"key":"Explosive Potion"},{"floor":6,"key":"theDuelist:SealedPack"},{"floor":16,"key":"Energy Potion"},{"floor":18,"key":"theDuelist:WhiteBottle"}],"is_trial":false,"path_per_floor":["M","?","M","?","M","E","?","M","T","$","R","$","R","M","R","B",null,"M","M","$","?","M","E"],"character_chosen":"THE_DUELIST","items_purchased":["theDuelist:CardRewardRelicF","theDuelist:Raigeki"],"campfire_rested":2,"item_purchase_floors":[12,20],"current_hp_per_floor":[80,69,69,69,69,35,35,31,31,31,31,31,55,33,57,24,80,77,61,61,61,27,0,0],"gold":83,"neow_bonus":"THREE_ENEMY_KILL","is_daily":false,"chose_seed":false,"campfire_upgraded":1,"win_rate":0.0,"timestamp":1610320340,"path_taken":["M","?","M","?","?","E","?","M","T","?","R","$","R","M","R","BOSS","M","M","$","?","M","E"],"items_purchased_type":["Relic","Card"],"build_version":"2020-12-22","purchased_purges":3,"victory":false,"max_hp_per_floor":[80,80,80,80,80,80,80,80,80,80,80,80,80,80,80,80,80,80,80,80,80,80,80,80],"card_choices":[{"not_picked":["theDuelist:Wildfire","theDuelist:ContractExodia","theDuelist:IrisEarthMother","theDuelist:CircleFireKings"],"picked":"theDuelist:ExodiaNecross","floor":1},{"not_picked":["theDuelist:SilentDoom","theDuelist:MagicalBlast","theDuelist:DiffusionWaveMotion","theDuelist:GiantTrunade","theDuelist:MagiciansRod"],"picked":"SKIP","floor":3},{"not_picked":["theDuelist:NeoMagic","theDuelist:DarkMagician","theDuelist:SkilledDarkMagician","theDuelist:LegendaryFlameLord","theDuelist:InjectionFairy"],"picked":"SKIP","floor":5},{"not_picked":["theDuelist:MagiciansRobe","theDuelist:StatueAnguishPattern","theDuelist:MindAir","theDuelist:Yami","theDuelist:WonderWand"],"picked":"SKIP","floor":6},{"not_picked":["theDuelist:BigFire","theDuelist:EarthquakeGiant","theDuelist:Reload","theDuelist:DarklordSuperbia"],"picked":"theDuelist:PotGreed","floor":8},{"not_picked":["theDuelist:BlizzardWarrior","theDuelist:NeoMagic","theDuelist:FlyingSaucer","theDuelist:WhiteMagicalHat","theDuelist:AncientElf"],"picked":"SKIP","floor":14},{"not_picked":["theDuelist:RainbowMagician","theDuelist:VoidVanishment","theDuelist:DarkPaladin","theDuelist:SangaWater"],"picked":"theDuelist:ExodiaNecross","floor":18},{"not_picked":["theDuelist:GaiaMidNightSun","theDuelist:OneForOne+1","theDuelist:BigKoala","theDuelist:DarkFactory+1","theDuelist:CastleDarkIllusions"],"picked":"SKIP","floor":19},{"not_picked":["theDuelist:BlizzardWarrior+1","theDuelist:Illusionist","theDuelist:SangaEarth","theDuelist:CharcoalInpachi"],"picked":"theDuelist:LegendaryExodia+1","floor":22}],"player_experience":211130,"relics_obtained":[{"floor":6,"key":"Lantern"},{"floor":9,"key":"Smiling Mask"}],"event_choices":[{"damage_healed":0,"gold_gain":75,"player_choice":"Gather Gold","damage_taken":11,"max_hp_gain":0,"max_hp_loss":0,"event_name":"World of Goop","floor":2,"gold_loss":0},{"cards_removed":["theDuelist:CastleWalls"],"damage_healed":0,"gold_gain":0,"player_choice":"Offered Basic","damage_taken":0,"max_hp_gain":0,"max_hp_loss":0,"event_name":"Bonfire Elementals","floor":4,"gold_loss":0},{"damage_healed":0,"gold_gain":175,"player_choice":"AGREE","damage_taken":0,"max_hp_gain":0,"max_hp_loss":0,"event_name":"Liars Game","floor":7,"gold_loss":0,"cards_obtained":["Doubt"]},{"damage_healed":0,"gold_gain":0,"player_choice":"Traded Relic","damage_taken":0,"relics_obtained":["Nloth\u0027s Gift"],"max_hp_gain":0,"max_hp_loss":0,"event_name":"N\u0027loth","floor":21,"relics_lost":["theDuelist:CardPoolAddRelic"],"gold_loss":0}],"is_beta":false,"boss_relics":[{"not_picked":["Ectoplasm","Runic Cube"],"picked":"Philosopher\u0027s Stone"}],"items_purged_floors":[10,12,20],"is_endless":false,"potions_floor_spawned":[1,6,16,18],"killed_by":"theDuelist:KaibaA2","ascension_level":0}}