{"host":"7l2t4psy44vpcd9q","time":1610280815,"event":{"mods":["AchievementEnabler","BaseMod","DeckTracker","Minty Spire (QoL Compilation)","SuperFastMode"],"gold_per_floor":[99,99,99,99,99,99,99,62,62,62,62,22,22,22,22,22,22,22,22,22,22,22,22],"floor_reached":22,"playtime":900,"items_purged":[],"score":356,"play_id":"4e913b41-6d7d-4429-99a9-27b302cc526d","local_time":"20210110211335","is_ascension_mode":true,"campfire_choices":[{"data":"Dualcast","floor":6,"key":"SMITH"},{"floor":11,"key":"REST"},{"data":"Hello World","floor":15,"key":"SMITH"}],"circlet_count":0,"master_deck":["AscendersBane","Strike_B","Strike_B","Strike_B","Strike_B","Defend_B","Defend_B","Defend_B","Defend_B","Zap","Dualcast+1","Streamline+1","Ball Lightning","FTL","Cold Snap","Sunder","Hello World+1","Stack","Ball Lightning","Echo Form","Conserve Battery+1","Capacitor"],"relics":["Ectoplasm","Sundial","Odd Mushroom","SlaversCollar"],"acts_visited":["Exordium","TheCity"],"potions_floor_usage":[7,14,16,16,21,22,22],"damage_taken":[{"damage":9,"enemies":"Small Slimes","floor":1,"turns":3},{"damage":1,"enemies":"Cultist","floor":2,"turns":3},{"damage":7,"enemies":"Jaw Worm","floor":3,"turns":3},{"damage":8,"enemies":"Blue Slaver","floor":4,"turns":3},{"damage":1,"enemies":"3 Louse","floor":7,"turns":2},{"damage":11,"enemies":"Lots of Slimes","floor":10,"turns":3},{"damage":2,"enemies":"Looter","floor":12,"turns":3},{"damage":11,"enemies":"The Mushroom Lair","floor":14,"turns":3},{"damage":18,"enemies":"Hexaghost","floor":16,"turns":8},{"damage":17,"enemies":"3 Byrds","floor":18,"turns":5},{"damage":4,"enemies":"Chosen","floor":21,"turns":5},{"damage":17,"enemies":"3 Cultists","floor":22,"turns":3}],"seed_played":"-3126943029000897687","potions_obtained":[{"floor":1,"key":"Dexterity Potion"},{"floor":2,"key":"Weak Potion"},{"floor":3,"key":"Fire Potion"},{"floor":10,"key":"Explosive Potion"},{"floor":14,"key":"EntropicBrew"},{"floor":18,"key":"FearPotion"},{"floor":21,"key":"DuplicationPotion"}],"is_trial":false,"path_per_floor":["M","M","M","M","?","R","M","$","T","M","R","M","$","?","R","B",null,"M","?","$","M","M"],"character_chosen":"DEFECT","items_purchased":["Sunder"],"campfire_rested":1,"item_purchase_floors":[8],"current_hp_per_floor":[55,54,47,39,39,39,38,38,38,27,48,46,46,35,35,17,58,41,21,21,17,0,0],"gold":22,"neow_bonus":"BOSS_RELIC","is_daily":false,"chose_seed":false,"campfire_upgraded":2,"win_rate":0.0,"timestamp":1610280815,"path_taken":["M","M","M","M","?","R","M","$","T","?","R","M","$","?","R","BOSS","M","?","$","M","M"],"items_purchased_type":["Card"],"build_version":"2020-12-22","purchased_purges":0,"victory":false,"max_hp_per_floor":[71,71,71,71,71,71,71,71,71,71,71,71,71,71,71,71,71,71,76,76,76,76,76],"card_choices":[{"not_picked":["Blizzard","Barrage","Aggregate"],"picked":"SKIP","floor":1},{"not_picked":["Aggregate","Consume"],"picked":"Streamline","floor":2},{"not_picked":["BootSequence","Reinforced Body"],"picked":"Ball Lightning","floor":3},{"not_picked":["Aggregate","Redo"],"picked":"FTL","floor":4},{"not_picked":["Auto Shields","Redo"],"picked":"Cold Snap","floor":7},{"not_picked":["Steam","FTL"],"picked":"Hello World","floor":10},{"not_picked":["Machine Learning","Storm"],"picked":"Stack","floor":12},{"not_picked":["Barrage","Aggregate"],"picked":"Ball Lightning","floor":14},{"not_picked":["Fission","Creative AI"],"picked":"Echo Form","floor":16},{"not_picked":["Stack","Gash"],"picked":"Conserve Battery+1","floor":18},{"not_picked":["Gash","Conserve Battery"],"picked":"Capacitor","floor":21}],"player_experience":1169004,"relics_obtained":[{"floor":9,"key":"Sundial"},{"floor":14,"key":"Odd Mushroom"}],"event_choices":[{"damage_healed":0,"gold_gain":0,"player_choice":"Upgraded","damage_taken":0,"max_hp_gain":0,"max_hp_loss":0,"event_name":"Upgrade Shrine","floor":5,"gold_loss":0,"cards_upgraded":["Streamline"]},{"damage_healed":0,"gold_gain":0,"player_choice":"Fought Mushrooms","damage_taken":0,"max_hp_gain":0,"max_hp_loss":0,"event_name":"Mushrooms","floor":14,"gold_loss":0},{"damage_healed":0,"gold_gain":0,"player_choice":"Shed Blood","damage_taken":25,"max_hp_gain":5,"max_hp_loss":0,"event_name":"Forgotten Altar","floor":19,"gold_loss":0}],"is_beta":false,"boss_relics":[{"not_picked":["Fusion Hammer","Calling Bell"],"picked":"SlaversCollar"}],"items_purged_floors":[],"is_endless":false,"potions_floor_spawned":[1,2,3,10,14,18,21],"killed_by":"3 Cultists","ascension_level":20}}