{"host":"5x08nt64u3vxxcfi","time":1610272431,"event":{"mods":["BaseMod","Minty Spire (QoL Compilation)","StSLib","SuperFastMode"],"gold_per_floor":[109,284,359,359,375,408,408,408,408,408,479,15,46,60,60,190,190,208,48,73,73,73,107,107,107,131,62,62,62,62,87,87,212,212,235,97,110,110,110,110,146,146,146,146,146,146,21,35,35,35,35],"floor_reached":50,"playtime":995,"items_purged":["Strike_G","Doubt","Strike_G+1"],"score":871,"play_id":"54df56b6-349b-49e7-894e-b0f7a493ce26","local_time":"20210110185351","is_ascension_mode":true,"campfire_choices":[{"data":"Neutralize","floor":8.0,"key":"SMITH"},{"data":"Poisoned Stab","floor":10.0,"key":"SMITH"},{"data":"Apotheosis","floor":15.0,"key":"SMITH"},{"floor":24,"key":"REST"},{"data":"J.A.X.","floor":29,"key":"SMITH"},{"data":"Backstab","floor":32,"key":"SMITH"},{"data":"Adrenaline","floor":40,"key":"SMITH"},{"data":"Footwork","floor":42,"key":"SMITH"},{"data":"Footwork","floor":44,"key":"SMITH"},{"data":"Phantasmal Killer","floor":49,"key":"SMITH"}],"circlet_count":0,"master_deck":["AscendersBane","Strike_G+1","Strike_G+1","Strike_G+1","Defend_G+1","Defend_G+1","Defend_G+1","Defend_G+1","Defend_G+1","Survivor","Neutralize+1","Blade Dance","Poisoned Stab+1","Tactician","Cloak And Dagger","Apotheosis+1","Backstab+1","Quick Slash","Footwork+1","Cloak And Dagger","Quick Slash","Choke","Phantasmal Killer","Blade Dance","Die Die Die","Blade Dance+1","Phantasmal Killer+1","Slice","J.A.X.+1","Backflip","Adrenaline+1","Prepared+1","Footwork+1","Blade Dance+1"],"relics":["Ring of the Snake","NeowsBlessing","Toy Ornithopter","Juzu Bracelet","Golden Idol","Eternal Feather","Potion Belt","Regal Pillow","Empty Cage","Bag of Preparation","Snake Skull","Oddly Smooth Stone","Sozu","Happy Flower","Meat on the Bone"],"acts_visited":["Exordium","TheCity","TheBeyond"],"potions_floor_usage":[41,50,50],"damage_taken":[{"damage":0.0,"enemies":"Jaw Worm","floor":1.0,"turns":1.0},{"damage":0.0,"enemies":"Small Slimes","floor":5.0,"turns":1.0},{"damage":0.0,"enemies":"Gremlin Nob","floor":6.0,"turns":1.0},{"damage":23.0,"enemies":"Gremlin Nob","floor":11.0,"turns":4.0},{"damage":15.0,"enemies":"3 Sentries","floor":13.0,"turns":7.0},{"damage":0.0,"enemies":"Cultist","floor":14.0,"turns":2.0},{"damage":11.0,"enemies":"Slime Boss","floor":16.0,"turns":11.0},{"damage":15.0,"enemies":"3 Byrds","floor":18.0,"turns":5.0},{"damage":2.0,"enemies":"Chosen","floor":20.0,"turns":3.0},{"damage":33,"enemies":"Slavers","floor":23,"turns":5},{"damage":7,"enemies":"Shelled Parasite and Fungi","floor":31,"turns":6},{"damage":64,"enemies":"Automaton","floor":33,"turns":8},{"damage":35,"enemies":"3 Darklings","floor":35,"turns":6},{"damage":0,"enemies":"3 Shapes","floor":37,"turns":4},{"damage":15,"enemies":"Nemesis","floor":41,"turns":5},{"damage":27,"enemies":"Sphere and 2 Shapes","floor":48,"turns":4},{"damage":70,"enemies":"Time Eater","floor":50,"turns":6}],"seed_played":"-8926976264831634379","potions_obtained":[{"floor":6.0,"key":"GamblersBrew"},{"floor":11.0,"key":"Weak Potion"},{"floor":18.0,"key":"FearPotion"},{"floor":33,"key":"FearPotion"}],"is_trial":false,"path_per_floor":["M","?","?","?","M","E","?","R","T","R","?","$","E","M","R","B",null,"M","$","M","?","?","E","R","?","T","$","?","R","?","M","R","B",null,"M","$","M","?","?","R","E","R","T","R","?","?","$","M","R","B"],"character_chosen":"THE_SILENT","items_purchased":["Apotheosis","Backstab","Quick Slash","Footwork","Cloak And Dagger","Die Die Die","Footwork","Footwork"],"campfire_rested":1,"item_purchase_floors":[12,12,12,12,12,19,27,36],"current_hp_per_floor":[63,63,52,49,49,49,49,49,49,58,35,35,20,20,32,21,54,39,39,42,42,42,9,61,61,61,61,61,65,65,58,65,1,49,14,14,14,57,57,57,42,57,57,57,54,54,54,39,54,0,0],"gold":35,"neow_bonus":"THREE_ENEMY_KILL","is_daily":false,"chose_seed":false,"campfire_upgraded":9,"win_rate":0.0,"timestamp":1610272431,"path_taken":["M","?","?","?","?","E","?","R","T","R","?","$","E","M","R","BOSS","M","$","M","?","?","E","R","?","T","?","?","R","?","M","R","BOSS","M","$","M","?","?","R","E","R","T","R","?","?","$","M","R","BOSS"],"items_purchased_type":["Card","Card","Card","Card","Card","Card","Card","Card"],"build_version":"2020-12-22","purchased_purges":3,"victory":false,"max_hp_per_floor":[70,70,70,70,70,70,65,65,65,65,65,65,65,65,65,65,65,65,65,65,65,65,65,65,65,65,65,65,65,65,65,65,65,65,65,65,65,57,57,57,57,57,57,57,54,54,54,54,54,54,54],"card_choices":[{"not_picked":["Flying Knee","Infinite Blades"],"picked":"Blade Dance","floor":1.0},{"not_picked":["Choke","Finisher"],"picked":"Poisoned Stab","floor":5.0},{"not_picked":["Leg Sweep","Bane"],"picked":"Tactician","floor":6.0},{"not_picked":["Dagger Throw","Deadly Poison"],"picked":"Cloak And Dagger","floor":11.0},{"not_picked":["Poisoned Stab","Night Terror"],"picked":"Quick Slash","floor":13.0},{"not_picked":["Acrobatics","Finisher"],"picked":"Choke","floor":14.0},{"not_picked":["Unload","Malaise"],"picked":"Phantasmal Killer","floor":16.0},{"not_picked":["Finisher+1","Escape Plan"],"picked":"Blade Dance","floor":18.0},{"not_picked":["Deflect","Cloak And Dagger"],"picked":"Blade Dance+1","floor":20.0},{"not_picked":["Flying Knee","Underhanded Strike"],"picked":"Slice","floor":23},{"not_picked":["Outmaneuver","Concentrate"],"picked":"Backflip","floor":31},{"not_picked":["Venomology","Storm of Steel"],"picked":"Adrenaline","floor":33},{"not_picked":["Dagger Throw+1","Choke"],"picked":"Prepared+1","floor":35},{"not_picked":["PiercingWail","Sucker Punch+1"],"picked":"Blade Dance+1","floor":37},{"not_picked":["Flying Knee","Setup+1","Outmaneuver"],"picked":"SKIP","floor":41},{"not_picked":["Flechettes","Underhanded Strike","Masterful Stab"],"picked":"SKIP","floor":48}],"player_experience":87633,"relics_obtained":[{"floor":6.0,"key":"Juzu Bracelet"},{"floor":9.0,"key":"Eternal Feather"},{"floor":13.0,"key":"Regal Pillow"},{"floor":23,"key":"Bag of Preparation"},{"floor":25,"key":"Snake Skull"},{"floor":26,"key":"Oddly Smooth Stone"},{"floor":41,"key":"Happy Flower"},{"floor":43,"key":"Meat on the Bone"}],"event_choices":[{"damage_healed":0.0,"max_hp_gain":0.0,"max_hp_loss":0.0,"gold_gain":175.0,"event_name":"Liars Game","player_choice":"AGREE","floor":2.0,"gold_loss":0.0,"damage_taken":0.0,"cards_obtained":["Doubt"]},{"damage_healed":0.0,"max_hp_gain":0.0,"max_hp_loss":0.0,"gold_gain":75.0,"event_name":"World of Goop","player_choice":"Gather Gold","floor":3.0,"gold_loss":0.0,"damage_taken":11.0},{"damage_healed":0.0,"max_hp_gain":0.0,"max_hp_loss":0.0,"gold_gain":0.0,"event_name":"Scrap Ooze","player_choice":"Success","floor":4.0,"gold_loss":0.0,"damage_taken":3.0,"relics_obtained":["Toy Ornithopter"]},{"damage_healed":0.0,"max_hp_gain":0.0,"max_hp_loss":5.0,"gold_gain":0.0,"event_name":"Golden Idol","player_choice":"Lose Max HP","floor":7.0,"gold_loss":0.0,"damage_taken":0.0,"relics_obtained":["Golden Idol"]},{"damage_healed":0.0,"max_hp_gain":0.0,"max_hp_loss":0.0,"gold_gain":0.0,"event_name":"Dead Adventurer","player_choice":"Searched \u00272\u0027 times","floor":11.0,"gold_loss":0.0,"damage_taken":0.0,"relics_obtained":["Potion Belt"]},{"damage_healed":0.0,"max_hp_gain":0.0,"max_hp_loss":0.0,"gold_gain":0.0,"event_name":"Duplicator","player_choice":"Copied","floor":21.0,"gold_loss":0.0,"damage_taken":0.0,"cards_obtained":["Phantasmal Killer"]},{"damage_healed":0,"gold_gain":0,"player_choice":"Ignored","damage_taken":0,"max_hp_gain":0,"max_hp_loss":0,"event_name":"Cursed Tome","floor":22,"gold_loss":0},{"damage_healed":0,"gold_gain":0,"player_choice":"Relic","damage_taken":0,"max_hp_gain":0,"max_hp_loss":0,"event_name":"Wheel of Change","floor":25,"gold_loss":0},{"damage_healed":0,"gold_gain":0,"player_choice":"Obtain J.A.X.","damage_taken":0,"max_hp_gain":0,"max_hp_loss":0,"event_name":"Drug Dealer","floor":28,"gold_loss":0,"cards_obtained":["J.A.X."]},{"damage_healed":0,"gold_gain":0,"player_choice":"Simplicity","damage_taken":0,"max_hp_gain":0,"max_hp_loss":0,"event_name":"Back to Basics","floor":30,"gold_loss":0,"cards_upgraded":["Strike_G","Strike_G","Strike_G","Strike_G","Defend_G","Defend_G","Defend_G","Defend_G","Defend_G"]},{"damage_healed":57,"gold_gain":0,"player_choice":"Heal","damage_taken":0,"max_hp_gain":0,"max_hp_loss":8,"event_name":"The Moai Head","floor":38,"gold_loss":0},{"cards_removed":["Footwork"],"damage_healed":0,"gold_gain":0,"player_choice":"Removed Power","damage_taken":0,"max_hp_gain":0,"max_hp_loss":0,"event_name":"Falling","floor":39,"gold_loss":0},{"damage_healed":0,"gold_gain":0,"player_choice":"Max HP","damage_taken":0,"max_hp_gain":0,"max_hp_loss":3,"event_name":"Winding Halls","floor":45,"gold_loss":0},{"damage_healed":0,"gold_gain":0,"player_choice":"Ignored","damage_taken":0,"max_hp_gain":0,"max_hp_loss":0,"event_name":"Tomb of Lord Red Mask","floor":46,"gold_loss":0}],"is_beta":false,"boss_relics":[{"not_picked":["Astrolabe","HoveringKite"],"picked":"Empty Cage"},{"not_picked":["SacredBark","Pandora\u0027s Box"],"picked":"Sozu"}],"items_purged_floors":[12,36,47],"is_endless":false,"potions_floor_spawned":[6,11,18,33,37],"killed_by":"Time Eater","ascension_level":12}}