{"host":"40gggw0x72bpm5se","time":1610248275,"event":{"mods":["Act Like it!","Aspiration","BaseMod","Better Vampires","Colored Map","Conspire","Friendly Minions","Gensokyo","GungeonMod","Hallownest","Infinite Spire","Library of Ruina","Library of Ruina Extra","Lobotomy","LobotomyExtend","Minty Spire (QoL Compilation)","Quarter Circle Forward PUNCH!","Quick Restart","Reimu£¨²©ÀöÁéÃÎ£©","Relic Stats","Replay The Spire","RumiaBox-Â¶Ã×æ«µÄÉñÃØºÐ×Ó","Shop Mod","Spicy Shops","StSLib","The Alterego","UnlockEverythingMod","Waifu the Spire","[IsaacMod]ÒÔÈö¼âËþ","vexMod","¡¾¹¦ÄÜMod¡¿»ìãçÖ®»·ÐÞ¸´²¹¶¡","¡¾ÒÅÎï¿¨ÅÆ¡¿REMEMod"],"gold_per_floor":[118,164,177,177,177,177,202,217,217,247,263,289,289,59,59,164,164,175,90,90,108,122,152,152,265,289,289,289],"floor_reached":27,"playtime":1299,"items_purged":[],"score":319,"play_id":"37b99dbc-657a-4e59-ac44-6b1bbc07dbe8","local_time":"20210110111115","is_ascension_mode":false,"campfire_choices":[{"floor":6,"key":"RECALL"},{"data":"DemoMod:PotionOfGunFriendShip","floor":13,"key":"SMITH"},{"data":"REME_WheelOfFate","floor":15,"key":"SMITH"},{"data":"DemoMod:TeaPot","floor":24,"key":"SMITH"}],"circlet_count":0,"master_deck":["DemoMod:Strike_Huntress","DemoMod:Strike_Huntress","DemoMod:Strike_Huntress","DemoMod:Defend_Huntress","DemoMod:Defend_Huntress","DemoMod:Defend_Huntress","DemoMod:Defend_Huntress","DemoMod:Roll","DemoMod:ManualReload","DemoMod:RustySidearm","DemoMod:CrossBow","REME_WheelOfFate+1","DemoMod:JK47","DemoMod:CombinedRifle","DemoMod:PotionOfGunFriendShip+1","DemoMod:MachoBrace","DemoMod:AWP","DemoMod:DirectionalPad","DemoMod:SkilledReload","DemoMod:AC15","DemoMod:HuntsMan","DemoMod:GunslingerForm","DemoMod:FeignSurrender","DemoMod:DoubleSwitch","DemoMod:TeaPot+1","DemoMod:BattleInHaste+1","DemoMod:AWP+1"],"relics":["DemoMod:Dog","HushsDoor","KeepersGift","REME_ComplimentaryCards","ReplayTheSpireMod:TigerMarble","LetterFromLob","BookofShadows","D6","D6","Akabeko","ReplayFunnel","MagicDraw4","Toy Ornithopter","LastBattle","conspire:TreasureMap","REME_CardOfGreed","Runic Dome","NineLifeCat","GuppysPaw","Replay:Bottled Snecko","Baka2","Shuriken","Replay:Rubber Ducky","Bag of Preparation"],"acts_visited":["Exordium","TheCity"],"potions_floor_usage":[18,22,25],"damage_taken":[{"damage":5,"enemies":"Small Slimes","floor":1,"turns":5},{"damage":2,"enemies":"Jaw Worm","floor":3,"turns":2},{"damage":7,"enemies":"3 Sentries","floor":7,"turns":4},{"damage":5,"enemies":"Cultist","floor":8,"turns":3},{"damage":18,"enemies":"Gremlin Nob","floor":10,"turns":2},{"damage":0,"enemies":"Exordium Thugs","floor":11,"turns":3},{"damage":0,"enemies":"3 Sentries","floor":12,"turns":3},{"damage":48,"enemies":"The Guardian","floor":16,"turns":8},{"damage":0,"enemies":"3 Byrds","floor":18,"turns":2},{"damage":0,"enemies":"Spheric Guardian","floor":21,"turns":1},{"damage":0,"enemies":"Snecko","floor":22,"turns":3},{"damage":4,"enemies":"Slavers","floor":23,"turns":2},{"damage":0,"enemies":"conspire:SneckoGhost","floor":25,"turns":3},{"damage":16,"enemies":"Centurion and Healer","floor":27,"turns":1}],"seed_played":"-5083991579806822142","potions_obtained":[{"floor":3,"key":"Venom Potion"},{"floor":11,"key":"Explosive Potion"},{"floor":18,"key":"SkillPotion"},{"floor":23,"key":"Reflective Coating"},{"floor":25,"key":"REME_GoldPotion"}],"is_trial":false,"path_per_floor":["M","?","M","T","?","R","E","M","T","E","M","E","R","$","R","B",null,"M","?","?","M","M","E","R","E","T","M"],"character_chosen":"HUNTRESS","items_purchased":["conspire:TreasureMap","REME_CardOfGreed","NineLifeCat","GuppysPaw","DemoMod:FeignSurrender"],"campfire_rested":0,"item_purchase_floors":[14,14,17,17,17],"current_hp_per_floor":[65,65,68,68,65,65,58,53,53,51,51,51,51,51,51,3,1,1,1,1,1,1,1,1,1,1,1,1],"gold":289,"neow_bonus":"RANDOM_COMMON_RELIC","is_daily":false,"chose_seed":false,"campfire_upgraded":3,"win_rate":0.0,"timestamp":1610248275,"path_taken":["M","?","?","?","?","R","E","M","T","E","?","E","R","?","R","BOSS","M","?","?","?","M","E","R","E","T","?"],"items_purchased_type":["Relic","Relic","Relic","Relic","Card"],"build_version":"2020-12-22","purchased_purges":0,"victory":false,"max_hp_per_floor":[70,70,70,70,65,65,65,65,65,65,65,65,65,65,65,65,1,1,1,1,1,1,1,1,1,1,1,1],"relic_stats":{"counters":[14,42],"Shuriken":[1],"Bag of Preparation":[2],"obtain_stats":[{"ReplayFunnel":8,"GuppysPaw":17,"DemoMod:GlassGuonStoneRelic":3,"Bag of Preparation":26,"MagicDraw4":9,"Replay:Rubber Ducky":25,"Baka2":22,"NineLifeCat":17,"Replay:Bottled Snecko":19,"KeepersGift":0,"BookofShadows":2,"conspire:TreasureMap":14,"DemoMod:Dog":0,"Baka":1,"LastBattle":12,"Akabeko":7,"Runic Dome":17,"D6":3,"Shuriken":23,"ReplayTheSpireMod:TigerMarble":0,"LetterFromLob":1,"REME_CardOfGreed":14,"HushsDoor":0,"Toy Ornithopter":10,"REME_ComplimentaryCards":0},{"ReplayFunnel":4,"GuppysPaw":8,"DemoMod:GlassGuonStoneRelic":2,"Bag of Preparation":13,"MagicDraw4":4,"Replay:Rubber Ducky":13,"Baka2":11,"NineLifeCat":8,"Replay:Bottled Snecko":9,"KeepersGift":0,"BookofShadows":1,"conspire:TreasureMap":7,"DemoMod:Dog":0,"Baka":1,"LastBattle":7,"Akabeko":3,"Runic Dome":8,"D6":2,"Shuriken":12,"ReplayTheSpireMod:TigerMarble":0,"LetterFromLob":1,"REME_CardOfGreed":7,"HushsDoor":0,"Toy Ornithopter":5,"REME_ComplimentaryCards":0},{"ReplayFunnel":12,"GuppysPaw":30,"DemoMod:GlassGuonStoneRelic":7,"Bag of Preparation":41,"MagicDraw4":14,"Replay:Rubber Ducky":41,"Baka2":36,"NineLifeCat":30,"Replay:Bottled Snecko":32,"KeepersGift":0,"BookofShadows":5,"conspire:TreasureMap":22,"DemoMod:Dog":0,"Baka":5,"LastBattle":22,"Akabeko":11,"Runic Dome":30,"D6":7,"Shuriken":38,"ReplayTheSpireMod:TigerMarble":0,"LetterFromLob":5,"REME_CardOfGreed":22,"HushsDoor":0,"Toy Ornithopter":16,"REME_ComplimentaryCards":0}],"Toy Ornithopter":0},"card_choices":[{"not_picked":["DemoMod:FortunesFavor","Bomb"],"picked":"DemoMod:JK47","floor":1},{"not_picked":["DemoMod:FeignSurrender","DemoMod:FastSwitch"],"picked":"DemoMod:CombinedRifle","floor":2},{"not_picked":["DemoMod:BulletBore","DemoMod:HardPowerCard"],"picked":"DemoMod:PotionOfGunFriendShip","floor":2},{"not_picked":["DemoMod:TeaPot","DemoMod:DoubleSwitch"],"picked":"DemoMod:MachoBrace","floor":3},{"not_picked":["DemoMod:TeaPot","DemoMod:HungryBullets"],"picked":"DemoMod:AWP","floor":7},{"not_picked":["DemoMod:SuppressiveFire","DemoMod:StickyCrossBow"],"picked":"DemoMod:DirectionalPad","floor":8},{"not_picked":["DemoMod:ZorGun","DemoMod:FeignSurrender"],"picked":"DemoMod:SkilledReload","floor":10},{"not_picked":["DemoMod:Unmoved","DemoMod:MachoBrace"],"picked":"DemoMod:AC15","floor":11},{"not_picked":["DemoMod:Unmoved","DemoMod:FortunesFavor"],"picked":"DemoMod:HuntsMan","floor":12},{"not_picked":["DemoMod:ThirdPartyController","DemoMod:Desperate"],"picked":"DemoMod:GunslingerForm","floor":16},{"not_picked":["DemoMod:MachoBrace","DemoMod:BoxingGlove"],"picked":"DemoMod:DoubleSwitch","floor":18},{"not_picked":["infinitespire:Starlight","infinitespire:TheBestDefense"],"picked":"infinitespire:Collect","floor":20},{"not_picked":["DemoMod:Ejector+1","DemoMod:JK47+1"],"picked":"DemoMod:TeaPot","floor":21},{"not_picked":["DemoMod:CursedBullets","DemoMod:BoxingGlove"],"picked":"DemoMod:BattleInHaste+1","floor":22},{"not_picked":["DemoMod:CombinedRifle","DemoMod:MegaHand","DemoMod:BoxingGlove"],"picked":"SKIP","floor":23},{"not_picked":["DemoMod:ZorGun+1","DemoMod:Unmoved"],"picked":"DemoMod:AWP+1","floor":25}],"player_experience":26189,"relics_obtained":[{"floor":1,"key":"Baka"},{"floor":1,"key":"LetterFromLob"},{"floor":2,"key":"BookofShadows"},{"floor":3,"key":"D6"},{"floor":3,"key":"D6"},{"floor":7,"key":"Akabeko"},{"floor":9,"key":"MagicDraw4"},{"floor":10,"key":"Toy Ornithopter"},{"floor":12,"key":"LastBattle"},{"floor":22,"key":"Baka2"},{"floor":23,"key":"Shuriken"},{"floor":25,"key":"Replay:Rubber Ducky"},{"floor":26,"key":"Bag of Preparation"}],"event_choices":[{"damage_healed":0,"gold_gain":0,"player_choice":"Obtained Relic","damage_taken":0,"relics_obtained":["Replay:Bottled Snecko"],"max_hp_gain":0,"max_hp_loss":0,"event_name":"Addict","floor":19,"gold_loss":85}],"is_beta":false,"boss_relics":[{"not_picked":["aspiration:IroncladSkillbook","vexMod:MegatonBomb"],"picked":"Runic Dome"},{"not_picked":[]}],"items_purged_floors":[],"is_endless":false,"potions_floor_spawned":[3,11,12,16,18,23,25],"killed_by":"Centurion and Healer","ascension_level":0}}