{"host":"6ct3sqwo9phh600z","time":1610256335,"event":{"mods":["AchievementEnabler","BaseMod","Colored Map","Custom Start","Minty Spire (QoL Compilation)","Quick Restart","StSLib","SuperFastMode"],"gold_per_floor":[110,126,126,2,2,31,46,77,101,112,125,125,143,161,161,161,161],"floor_reached":16,"playtime":445,"items_purged":["Strike_G"],"score":229,"play_id":"073afbe3-9208-4d67-9364-0b001e061675","local_time":"20210110142535","is_ascension_mode":true,"campfire_choices":[{"floor":12,"key":"REST"},{"floor":15,"key":"REST"}],"circlet_count":0,"master_deck":["AscendersBane","Strike_G","Strike_G","Strike_G","Strike_G","Defend_G","Defend_G","Defend_G","Defend_G","Survivor","Neutralize","Acrobatics","Infinite Blades","Blade Dance","Backflip","Envenom","Calculated Gamble","Prepared","Cloak And Dagger"],"relics":["Ring of the Snake","NeowsBlessing","Centennial Puzzle","Akabeko","Bag of Preparation"],"acts_visited":["Exordium"],"potions_floor_usage":[8,8],"damage_taken":[{"damage":0,"enemies":"2 Louse","floor":1,"turns":1},{"damage":0,"enemies":"Jaw Worm","floor":2,"turns":1},{"damage":0,"enemies":"3 Sentries","floor":6,"turns":1},{"damage":0,"enemies":"Cultist","floor":7,"turns":3},{"damage":31,"enemies":"Gremlin Nob","floor":8,"turns":4},{"damage":8,"enemies":"Blue Slaver","floor":10,"turns":3},{"damage":27,"enemies":"Gremlin Gang","floor":11,"turns":4},{"damage":0,"enemies":"2 Fungi Beasts","floor":13,"turns":4},{"damage":0,"enemies":"Large Slime","floor":14,"turns":5},{"damage":39,"enemies":"The Guardian","floor":16,"turns":11}],"seed_played":"-8573679977613358321","potions_obtained":[{"floor":1,"key":"ColorlessPotion"},{"floor":2,"key":"DuplicationPotion"},{"floor":13,"key":"Ancient Potion"}],"is_trial":false,"path_per_floor":["M","M","?","$","?","E","M","E","T","M","M","R","M","M","R","B"],"character_chosen":"THE_SILENT","items_purchased":["Blade Dance"],"campfire_rested":2,"item_purchase_floors":[4],"current_hp_per_floor":[63,63,68,68,68,68,68,37,37,29,2,24,24,24,46,7,7],"gold":161,"neow_bonus":"THREE_ENEMY_KILL","is_daily":false,"chose_seed":false,"campfire_upgraded":0,"win_rate":0.0,"timestamp":1610256335,"path_taken":["M","M","?","$","?","E","M","E","T","M","M","R","M","?","R","BOSS"],"items_purchased_type":["Card"],"build_version":"2020-12-22","purchased_purges":1,"victory":false,"max_hp_per_floor":[70,70,75,75,75,75,75,75,75,75,75,75,75,75,75,75,75],"card_choices":[{"not_picked":["Heel Hook","Slice"],"picked":"Acrobatics","floor":1},{"not_picked":["Setup","Outmaneuver"],"picked":"Infinite Blades","floor":2},{"not_picked":["Flying Knee","Bouncing Flask","Flechettes"],"picked":"SKIP","floor":6},{"not_picked":["Footwork","Deflect"],"picked":"Backflip","floor":7},{"not_picked":["Bane","Outmaneuver"],"picked":"Envenom","floor":8},{"not_picked":["Deflect","All Out Attack","Expertise"],"picked":"SKIP","floor":10},{"not_picked":["Quick Slash","Dagger Spray"],"picked":"Calculated Gamble","floor":11},{"not_picked":["Sucker Punch","Finisher"],"picked":"Prepared","floor":13},{"not_picked":["Backflip","Dodge and Roll"],"picked":"Cloak And Dagger","floor":14}],"player_experience":230253,"relics_obtained":[{"floor":6,"key":"Centennial Puzzle"},{"floor":8,"key":"Akabeko"},{"floor":9,"key":"Bag of Preparation"}],"event_choices":[{"damage_healed":0,"gold_gain":0,"player_choice":"Donut","damage_taken":0,"max_hp_gain":5,"max_hp_loss":0,"event_name":"Big Fish","floor":3,"gold_loss":0},{"cards_removed":["Defend_G"],"damage_healed":0,"gold_gain":0,"player_choice":"Card Removal","damage_taken":0,"max_hp_gain":0,"max_hp_loss":0,"event_name":"Wheel of Change","floor":5,"gold_loss":0}],"is_beta":false,"boss_relics":[],"items_purged_floors":[4],"is_endless":false,"potions_floor_spawned":[1,2,6,13],"killed_by":"The Guardian","ascension_level":13}}