{"host":"ig7tc0uedzltt2sr","time":1610241015,"event":{"mods":["BaseMod","Better Twitch Integration","Block Reminder","Colored Map","Colored Powertips","Communication Mod","Current Relic Mod","GifTheSpireLib","HexUI Lib","Minty Spire (QoL Compilation)","Quick Restart","Random Character Button","Rare Cards Sparkle","Relic Sorter","Relic Stats","Slay the Relics Exporter","StSLib","SuperFastMode","Synergy Search","Twitch Decklist","Twitch Utils","everything is the same but u backflip on backflip","slay the spire mod where everything is the same but ironclad has a cowboy hat"],"gold_per_floor":[119,131,149,124,124,124,177,177,177,147,147,147,147],"floor_reached":12,"playtime":44,"items_purged":[],"score":68,"play_id":"7e7cf827-9792-4457-aba7-1512583f1b99","local_time":"20210109171015","is_ascension_mode":false,"campfire_choices":[{"data":"Strike_R","floor":6,"key":"SMITH"},{"data":"Defend_R","floor":8,"key":"SMITH"},{"data":"Bash","floor":11,"key":"SMITH"}],"circlet_count":0,"master_deck":["Strike_R+1","Strike_R","Strike_R","Strike_R","Strike_R","Defend_R+1","Defend_R","Defend_R","Defend_R","Bash+1","Body Slam"],"relics":["Burning Blood","NeowsBlessing","Golden Idol","Toxic Egg 2"],"acts_visited":["Exordium"],"potions_floor_usage":[],"damage_taken":[{"damage":0,"enemies":"Cultist","floor":1,"turns":1},{"damage":0,"enemies":"2 Louse","floor":2,"turns":1},{"damage":0,"enemies":"Jaw Worm","floor":3,"turns":1},{"damage":34,"enemies":"Exordium Thugs","floor":4,"turns":5},{"damage":20,"enemies":"Looter","floor":10,"turns":4},{"damage":46,"enemies":"Lagavulin","floor":12,"turns":5}],"seed_played":"-7144309156375720301","potions_obtained":[{"floor":1,"key":"Strength Potion"},{"floor":4,"key":"DuplicationPotion"}],"is_trial":false,"path_per_floor":["M","M","M","M","?","R","T","R","T","M","R","E"],"character_chosen":"IRONCLAD","items_purchased":[],"campfire_rested":0,"item_purchase_floors":[],"current_hp_per_floor":[80,80,80,52,52,52,52,52,52,38,38,0,0],"gold":147,"neow_bonus":"THREE_ENEMY_KILL","is_daily":false,"chose_seed":false,"campfire_upgraded":3,"win_rate":0.0,"timestamp":1610241015,"path_taken":["M","M","M","?","?","R","?","R","T","M","R","E"],"items_purchased_type":[],"build_version":"2020-12-22","purchased_purges":0,"victory":false,"max_hp_per_floor":[80,80,80,80,74,74,74,74,74,74,74,74,74],"relic_stats":{"counters":[6,17],"Golden Idol":0,"obtain_stats":[{"NeowsBlessing":0,"Golden Idol":5,"Toxic Egg 2":9,"Burning Blood":0},{"NeowsBlessing":0,"Golden Idol":4,"Toxic Egg 2":4,"Burning Blood":0},{"NeowsBlessing":0,"Golden Idol":8,"Toxic Egg 2":8,"Burning Blood":0}],"Burning Blood":12},"card_choices":[{"not_picked":["Flame Barrier","Pommel Strike","Heavy Blade"],"picked":"SKIP","floor":1},{"not_picked":["Metallicize","Headbutt","Clothesline"],"picked":"SKIP","floor":2},{"not_picked":["Clash","Pommel Strike"],"picked":"Body Slam","floor":3},{"not_picked":["Headbutt","Rupture","Clothesline"],"picked":"SKIP","floor":4},{"not_picked":["Anger","True Grit+1","Uppercut"],"picked":"SKIP","floor":10}],"player_experience":1478565,"relics_obtained":[{"floor":9,"key":"Toxic Egg 2"}],"event_choices":[{"damage_healed":0,"gold_gain":0,"player_choice":"Lose Max HP","damage_taken":0,"relics_obtained":["Golden Idol"],"max_hp_gain":0,"max_hp_loss":6,"event_name":"Golden Idol","floor":5,"gold_loss":0}],"is_beta":false,"boss_relics":[],"items_purged_floors":[],"is_endless":false,"potions_floor_spawned":[1,4],"killed_by":"Lagavulin","ascension_level":0}}