{"host":"s7l2a3wroivred6i","time":1610241706,"event":{"mods":["AchievementEnabler","BaseMod","Better Altar","Better Match","Better Note","Better Sensory Stone","Better Skull","Better Synergies","Better Third Choice","BetterRewards","Conspire","Downfall","GifTheSpireLib","Hubris","Infinite Spire","Minty Spire (QoL Compilation)","Replay The Spire","Retaliation","StSLib","Stuff the Spire","The Blue Laboratory"],"gold_per_floor":[113,113,38,55,55,55,71,99,99,116,141,141,106,136,136,248,248,248,248],"floor_reached":18,"playtime":1826,"items_purged":["Regret"],"score":128,"play_id":"a6feff88-e092-4b61-b095-8fd71a702e25","local_time":"20210109202146","is_ascension_mode":false,"campfire_choices":[{"floor":9,"key":"REST"},{"floor":15,"key":"REST"},{"floor":17,"key":"REST"}],"circlet_count":0,"master_deck":["Strike_P","Strike_P","Strike_P","Strike_P","Defend_P","Defend_P","Defend_P","Defend_P","Eruption","Vigilance","Perseverance","PathToVictory","ClearTheMind","Replay:ManipulateFuture","DeusExMachina"],"relics":["PureWater","ReplayTheSpireMod:Lightbulb","Smiling Mask","Happy Flower","hubris:Towel","StuffTheSpire:TintedRock","infinitespire:Eraser"],"acts_visited":["Exordium"],"potions_floor_usage":[8,14,16,18],"damage_taken":[{"damage":0,"enemies":"Jaw Worm","floor":1,"turns":7},{"damage":0,"enemies":"2 Louse","floor":4,"turns":3},{"damage":0,"enemies":"Small Slimes","floor":7,"turns":4},{"damage":41,"enemies":"3 Sentries","floor":8,"turns":15},{"damage":10,"enemies":"Looter","floor":10,"turns":4},{"damage":24,"enemies":"Lagavulin","floor":14,"turns":9},{"damage":49,"enemies":"Gremlin Nob","floor":16,"turns":6},{"damage":44,"enemies":"Fading Forest","floor":18,"turns":10}],"seed_played":"-1181702689366830749","potions_obtained":[{"floor":7,"key":"LifebloodPotion"},{"floor":10,"key":"Toxic Potion"},{"floor":14,"key":"FearPotion"},{"floor":16,"key":"Dexterity Potion"}],"is_trial":false,"path_per_floor":["M","?","$","M","PTL","PTL","M","E","R","M","T","?","?","E","R","E","R","B"],"character_chosen":"WATCHER","items_purchased":[],"campfire_rested":3,"item_purchase_floors":[],"current_hp_per_floor":[72,72,72,72,72,72,72,31,52,42,42,42,60,36,57,8,29,0,0],"gold":248,"neow_bonus":"THREE_CARDS","is_daily":false,"chose_seed":false,"campfire_upgraded":0,"win_rate":0.0,"timestamp":1610241706,"path_taken":["M","?","$","M","PTL","PTL","M","E","R","M","T","?","?","E","R","E","R","BOSS"],"items_purchased_type":[],"build_version":"2020-12-22","purchased_purges":1,"victory":false,"max_hp_per_floor":[72,72,72,72,72,72,72,72,72,72,72,72,72,72,72,72,72,72,72],"card_choices":[{"not_picked":["Prostrate","Conclude"],"picked":"Perseverance","floor":0},{"not_picked":["FlurryOfBlows","Halt"],"picked":"PathToVictory","floor":1},{"not_picked":["FlurryOfBlows","Prostrate","Crescendo"],"picked":"SKIP","floor":4},{"not_picked":["CarveReality","FlurryOfBlows"],"picked":"ClearTheMind","floor":7},{"not_picked":["Sanctity","Prostrate","Indignation"],"picked":"SKIP","floor":8},{"not_picked":["Replay:Hum","BowlingBash","FollowUp"],"picked":"SKIP","floor":10},{"not_picked":["WaveOfTheHand","Crescendo"],"picked":"Replay:ManipulateFuture","floor":14},{"not_picked":["Replay:Hum","Protect"],"picked":"DeusExMachina","floor":16}],"player_experience":334218,"relics_obtained":[{"floor":8,"key":"Smiling Mask"},{"floor":11,"key":"Happy Flower"},{"floor":14,"key":"StuffTheSpire:TintedRock"},{"floor":16,"key":"infinitespire:Eraser"}],"event_choices":[{"damage_healed":0,"gold_gain":0,"player_choice":"Box","damage_taken":0,"relics_obtained":["ReplayTheSpireMod:Lightbulb"],"max_hp_gain":0,"max_hp_loss":0,"event_name":"Big Fish","floor":2,"gold_loss":0,"cards_obtained":["Regret"]},{"damage_healed":18,"gold_gain":0,"player_choice":"Healed","damage_taken":0,"max_hp_gain":0,"max_hp_loss":0,"event_name":"The Cleric","floor":13,"gold_loss":35}],"is_beta":false,"boss_relics":[],"items_purged_floors":[3],"is_endless":false,"potions_floor_spawned":[7,10,14,16],"killed_by":"Fading Forest","ascension_level":0}}