{"host":"0vlubjftylzdr3ny","time":1610315996,"event":{"mods":["Always Whale","BaseMod","GifTheSpireLib","Minty Spire (QoL Compilation)","Relic Filter","StSLib","Stuff the Spire"],"gold_per_floor":[111,11,86,96,96,96,112,112,112,130,130,30,30,30,30,127,127,145,156,156,172,187,187,214,214,214],"floor_reached":25,"playtime":2930,"items_purged":["Defend_B","Regret"],"score":261,"play_id":"353ee556-71ac-4956-99ef-02cc5c0373cf","local_time":"20210110225956","is_ascension_mode":false,"campfire_choices":[{"data":"Zap","floor":6,"key":"SMITH"},{"data":"Scrape","floor":8,"key":"SMITH"},{"data":"Go for the Eyes","floor":15,"key":"SMITH"},{"data":"Conserve Battery","floor":23,"key":"SMITH"}],"circlet_count":0,"master_deck":["Strike_B","Strike_B","Strike_B","Defend_B","Defend_B","Defend_B","Zap+1","Dualcast","Multi-Cast","Conserve Battery+1","Go for the Eyes+1","Cold Snap","Lockon","Scrape+1","Cold Snap","StuffTheSpire:CuriosityCurse","Reboot","Scrape","Dark Shackles","Gash","Beam Cell+1","Electrodynamics"],"relics":["Cracked Core","Mummified Hand","StuffTheSpire:RedRose","Regal Pillow","Runic Pyramid","Mercury Hourglass"],"acts_visited":["Exordium","TheCity"],"potions_floor_usage":[16,19,22,24],"damage_taken":[{"damage":0,"enemies":"Small Slimes","floor":1,"turns":2},{"damage":0,"enemies":"2 Louse","floor":4,"turns":2},{"damage":0,"enemies":"Cultist","floor":7,"turns":2},{"damage":3,"enemies":"3 Louse","floor":10,"turns":3},{"damage":0,"enemies":"Slime Boss","floor":16,"turns":6},{"damage":16,"enemies":"Spheric Guardian","floor":18,"turns":4},{"damage":8,"enemies":"3 Byrds","floor":19,"turns":3},{"damage":23,"enemies":"Sentry and Sphere","floor":21,"turns":6},{"damage":3,"enemies":"Centurion and Healer","floor":22,"turns":7},{"damage":18,"enemies":"Slavers","floor":24,"turns":5},{"damage":1,"enemies":"Snecko","floor":25,"turns":3}],"seed_played":"7678358696888904169","potions_obtained":[{"floor":1,"key":"AttackPotion"},{"floor":7,"key":"FocusPotion"},{"floor":19,"key":"Strength Potion"},{"floor":21,"key":"SkillPotion"}],"is_trial":false,"path_per_floor":["M","$","?","M","?","R","M","R","T","M","?","$","?","$","R","B",null,"M","M","?","M","M","R","E","M"],"character_chosen":"DEFECT","items_purchased":["Go for the Eyes"],"campfire_rested":0,"item_purchase_floors":[2],"current_hp_per_floor":[75,75,64,64,64,64,64,64,64,61,61,61,61,61,61,61,75,59,51,51,28,25,25,7,6,6],"gold":214,"neow_bonus":"ONE_RANDOM_RARE_CARD","is_daily":false,"chose_seed":false,"campfire_upgraded":4,"win_rate":0.0,"timestamp":1610315996,"path_taken":["M","$","?","M","?","R","M","R","T","?","?","$","?","?","R","BOSS","M","M","?","?","M","R","E","M"],"items_purchased_type":["Card"],"build_version":"2020-12-22","purchased_purges":2,"victory":false,"max_hp_per_floor":[75,75,75,75,75,75,75,75,75,75,75,75,75,75,75,75,75,75,75,75,75,75,75,75,75,75],"card_choices":[{"not_picked":["Force Field","StuffTheSpire:LoadUp"],"picked":"Conserve Battery","floor":1},{"not_picked":["Skim","StuffTheSpire:NuclearReactor"],"picked":"Cold Snap","floor":4},{"not_picked":["Reinforced Body","Rebound"],"picked":"Scrape","floor":7},{"not_picked":["Rebound","Steam"],"picked":"Cold Snap","floor":10},{"not_picked":["StuffTheSpire:ForEach","Multi-Cast"],"picked":"Reboot","floor":16},{"not_picked":["Aggregate","Turbo"],"picked":"Scrape","floor":18},{"not_picked":["Hologram","Ball Lightning","Sweeping Beam"],"picked":"SKIP","floor":19},{"not_picked":["Stack","Ball Lightning"],"picked":"Gash","floor":21},{"not_picked":["Sweeping Beam","Rebound"],"picked":"Beam Cell+1","floor":22},{"not_picked":["Recycle+1","Leap"],"picked":"Electrodynamics","floor":24}],"player_experience":810429,"relics_obtained":[{"floor":9,"key":"Mummified Hand"},{"floor":24,"key":"Mercury Hourglass"}],"event_choices":[{"damage_healed":0,"gold_gain":75,"player_choice":"Gather Gold","damage_taken":11,"max_hp_gain":0,"max_hp_loss":0,"event_name":"World of Goop","floor":3,"gold_loss":0},{"damage_healed":0,"gold_gain":0,"cards_transformed":["Strike_B"],"player_choice":"Transformed","damage_taken":0,"max_hp_gain":0,"max_hp_loss":0,"event_name":"Transmorgrifier","floor":5,"gold_loss":0,"cards_obtained":["Lockon"]},{"damage_healed":0,"gold_gain":0,"player_choice":"1 cards matched","damage_taken":0,"max_hp_gain":0,"max_hp_loss":0,"event_name":"Match and Keep!","floor":20,"gold_loss":0,"cards_obtained":["Dark Shackles"]}],"is_beta":false,"boss_relics":[{"not_picked":["Cursed Key","Nuclear Battery"],"picked":"Runic Pyramid"}],"items_purged_floors":[2,12],"is_endless":false,"potions_floor_spawned":[1,7,19,21],"killed_by":"Snecko","ascension_level":0}}