{"host":"640uue19m79c7wbt","time":1610247151,"event":{"mods":["BaseMod","Colored Map","Googly Eyes","Highlight Path","Minty Spire (QoL Compilation)","Quick Restart","StSLib"],"gold_per_floor":[368,217,217,23,46,46,65,100,153,168,168,183,223,398,398,398,398],"floor_reached":16,"playtime":477,"items_purged":["Strike_G"],"score":160,"play_id":"21b09d55-5696-4b5e-ba9a-ace2d1536879","local_time":"20210109215231","is_ascension_mode":true,"campfire_choices":[{"data":"Apotheosis","floor":6,"key":"SMITH"},{"floor":11,"key":"REST"},{"floor":15,"key":"REST"}],"circlet_count":0,"master_deck":["Strike_G","Strike_G","Strike_G","Strike_G","Defend_G","Defend_G","Defend_G","Defend_G","Defend_G","Survivor","Neutralize","Shame","Choke","Burst","Apotheosis+1","Dash","PiercingWail","Accuracy","Accuracy","Terror","Doubt"],"relics":["Ring of the Snake","Golden Idol","Bronze Scales","Juzu Bracelet","Tiny Chest"],"acts_visited":["Exordium"],"potions_floor_usage":[13,16,16],"damage_taken":[{"damage":3,"enemies":"2 Louse","floor":1,"turns":3},{"damage":10,"enemies":"Small Slimes","floor":5,"turns":6},{"damage":0,"enemies":"Cultist","floor":7,"turns":3},{"damage":11,"enemies":"Gremlin Nob","floor":8,"turns":5},{"damage":2,"enemies":"Exordium Wildlife","floor":10,"turns":4},{"damage":12,"enemies":"Looter","floor":12,"turns":3},{"damage":22,"enemies":"3 Sentries","floor":13,"turns":9},{"damage":28,"enemies":"Hexaghost","floor":16,"turns":7}],"seed_played":"1118281060224566205","potions_obtained":[{"floor":10,"key":"Dexterity Potion"},{"floor":12,"key":"GamblersBrew"},{"floor":13,"key":"Energy Potion"}],"is_trial":false,"path_per_floor":["M","$","?","$","M","R","M","E","T","M","R","M","E","?","R","B"],"character_chosen":"THE_SILENT","items_purchased":["Burst","Apotheosis"],"campfire_rested":2,"item_purchase_floors":[2,4],"current_hp_per_floor":[60,60,43,43,33,33,33,22,22,20,41,29,7,7,28,0,0],"gold":398,"neow_bonus":"TWO_FIFTY_GOLD","is_daily":false,"chose_seed":false,"campfire_upgraded":1,"win_rate":0.0,"timestamp":1610247151,"path_taken":["M","$","?","$","M","R","M","E","T","M","R","M","E","?","R","BOSS"],"items_purchased_type":["Card","Card"],"build_version":"2020-12-22","purchased_purges":1,"victory":false,"max_hp_per_floor":[70,70,70,70,70,70,70,70,70,70,70,70,70,70,70,70,70],"card_choices":[{"not_picked":["Outmaneuver","Setup"],"picked":"Choke","floor":1},{"not_picked":["Deadly Poison","Leg Sweep"],"picked":"Dash","floor":5},{"not_picked":["Deflect","Deadly Poison"],"picked":"PiercingWail","floor":7},{"not_picked":["Backflip","Sucker Punch","Expertise"],"picked":"SKIP","floor":8},{"not_picked":["Acrobatics","Quick Slash"],"picked":"Accuracy","floor":10},{"not_picked":["Catalyst","Skewer"],"picked":"Accuracy","floor":12},{"not_picked":["Deadly Poison","Phantasmal Killer"],"picked":"Terror","floor":13}],"player_experience":576948,"relics_obtained":[{"floor":8,"key":"Bronze Scales"},{"floor":9,"key":"Juzu Bracelet"},{"floor":13,"key":"Tiny Chest"}],"event_choices":[{"damage_healed":0,"gold_gain":0,"player_choice":"Take Damage","damage_taken":17,"relics_obtained":["Golden Idol"],"max_hp_gain":0,"max_hp_loss":0,"event_name":"Golden Idol","floor":3,"gold_loss":0},{"damage_healed":0,"gold_gain":175,"player_choice":"AGREE","damage_taken":0,"max_hp_gain":0,"max_hp_loss":0,"event_name":"Liars Game","floor":14,"gold_loss":0,"cards_obtained":["Doubt"]}],"is_beta":false,"boss_relics":[],"items_purged_floors":[2],"is_endless":false,"potions_floor_spawned":[10,12,13],"killed_by":"Hexaghost","ascension_level":9}}