{"host":"m6h67kf6cz80m3yv","time":1610277715,"event":{"mods":["Bartender","BaseMod","Better Third Choice","BetterRewards","CatGirl Mod","Colored Powertips","Downfall","Duelist Mod","Hermit","Marisa????????","Minty Spire (QoL Compilation)","Prisma Mod","Quick Restart","Shade Mod","Shop Mod","StSLib","SuperFastMode","The Dragon Tamer","The Marked","The Servant 0.9.4"],"gold_per_floor":[119,134,114,126,145,170,170,199,226,226,134,134,163,179,179,278,278,249,64,154,154,154],"floor_reached":21,"playtime":904,"items_purged":[],"score":217,"play_id":"6cce5050-2c8e-4b36-b69b-f8c1309abd5b","local_time":"20210110092155","is_ascension_mode":true,"campfire_choices":[{"floor":7.0,"key":"REST"},{"floor":12.0,"key":"REST"},{"floor":15.0,"key":"REST"}],"circlet_count":0,"master_deck":["hermit:Strike_Hermit","hermit:Strike_Hermit","hermit:Strike_Hermit","hermit:Strike_Hermit","hermit:Defend_Hermit","hermit:Defend_Hermit","hermit:Defend_Hermit","hermit:Defend_Hermit","hermit:Snapshot","hermit:Covet","hermit:Maintenance","hermit:WideOpen","hermit:Deadeye","hermit:Quickdraw","hermit:GoldenBullet","hermit:Enervate","hermit:PistolWhip","hermit:Vantage","hermit:GoldenBullet","hermit:Dive","hermit:Reprieve","hermit:WideOpen+1","hermit:Showdown","Discovery"],"relics":["hermit:Momento","Centennial Puzzle","Tiny Chest","Pen Nib","Nunchaku","SacredBark","Chemical X"],"acts_visited":["Exordium","TheCity"],"potions_floor_usage":[],"damage_taken":[{"damage":10.0,"enemies":"Small Slimes","floor":1.0,"turns":4.0},{"damage":2.0,"enemies":"Cultist","floor":2.0,"turns":4.0},{"damage":1.0,"enemies":"2 Louse","floor":4.0,"turns":2.0},{"damage":29.0,"enemies":"Gremlin Gang","floor":5.0,"turns":6.0},{"damage":19.0,"enemies":"3 Sentries","floor":6.0,"turns":5.0},{"damage":27.0,"enemies":"Gremlin Nob","floor":8.0,"turns":4.0},{"damage":24.0,"enemies":"3 Sentries","floor":13.0,"turns":11.0},{"damage":2.0,"enemies":"Blue Slaver","floor":14.0,"turns":2.0},{"damage":42.0,"enemies":"Hexaghost","floor":16.0,"turns":14.0},{"damage":2,"enemies":"2 Thieves","floor":18,"turns":5},{"damage":61,"enemies":"3 Byrds","floor":21,"turns":6}],"seed_played":"-3493958631996267363","potions_obtained":[{"floor":1.0,"key":"SteroidPotion"},{"floor":2.0,"key":"Fire Potion"},{"floor":3.0,"key":"Strength Potion"},{"floor":5.0,"key":"DistilledChaos"}],"is_trial":false,"path_per_floor":["M","M","?","M","M","E","R","E","T","?","$","R","E","M","R","B",null,"M","$","?","M"],"character_chosen":"HERMIT","items_purchased":["hermit:Maintenance","hermit:Vantage","hermit:GoldenBullet","Chemical X","hermit:Showdown"],"campfire_rested":3,"item_purchase_floors":[0,11,11,19,19],"current_hp_per_floor":[65,63,63,62,33,14,36,9,9,34,34,56,32,30,52,10,75,73,73,55,0,0],"gold":154,"neow_bonus":"","is_daily":false,"chose_seed":false,"campfire_upgraded":0,"win_rate":0.0,"timestamp":1610277715,"path_taken":["M","M","?","?","M","E","R","E","T","?","$","R","E","M","R","BOSS","M","$","?","M"],"items_purchased_type":["Card","Card","Card","Relic","Card"],"build_version":"2020-12-22","purchased_purges":0,"victory":false,"max_hp_per_floor":[75,75,75,75,75,75,75,75,75,75,75,75,75,75,75,75,75,75,75,75,75,75],"card_choices":[{"not_picked":["hermit:Manifest","hermit:HoleUp"],"picked":"hermit:WideOpen","floor":1.0},{"not_picked":["hermit:Snipe","hermit:Roulette"],"picked":"hermit:Deadeye","floor":2.0},{"not_picked":["hermit:Spite","hermit:Headshot"],"picked":"hermit:Quickdraw","floor":4.0},{"not_picked":["hermit:Vantage","hermit:BodyArmor"],"picked":"hermit:GoldenBullet","floor":5.0},{"not_picked":["hermit:Ricochet","hermit:Spite"],"picked":"hermit:Enervate","floor":6.0},{"not_picked":["hermit:FullyLoaded","hermit:Purgatory"],"picked":"hermit:PistolWhip","floor":8.0},{"not_picked":["hermit:DeadMansHand","hermit:SprayPray"],"picked":"hermit:Dive","floor":13.0},{"not_picked":["hermit:HoleUp","hermit:Spite","hermit:Misfire"],"picked":"SKIP","floor":14.0},{"not_picked":["hermit:FromBeyond","hermit:Adapt"],"picked":"hermit:Reprieve","floor":16.0},{"not_picked":["hermit:CalledShot","hermit:HoleUp"],"picked":"hermit:WideOpen+1","floor":18}],"player_experience":348127,"relics_obtained":[{"floor":6.0,"key":"Centennial Puzzle"},{"floor":8.0,"key":"Tiny Chest"},{"floor":9.0,"key":"Pen Nib"},{"floor":13.0,"key":"Nunchaku"}],"event_choices":[{"damage_healed":0.0,"max_hp_gain":0.0,"max_hp_loss":0.0,"gold_gain":0.0,"event_name":"The Woman in Blue","player_choice":"Bought 1 Potion","floor":3.0,"gold_loss":0.0,"damage_taken":0.0},{"damage_healed":25.0,"max_hp_gain":0.0,"max_hp_loss":0.0,"gold_gain":0.0,"event_name":"Big Fish","player_choice":"Banana","floor":10.0,"gold_loss":0.0,"damage_taken":0.0},{"damage_healed":0,"gold_gain":90,"player_choice":"GOLD CARD ","damage_taken":18,"max_hp_gain":0,"max_hp_loss":0,"event_name":"Knowing Skull","floor":20,"potions_obtained":[],"gold_loss":0,"cards_obtained":["Discovery"]}],"is_beta":false,"boss_relics":[{"not_picked":["Empty Cage","Coffee Dripper"],"picked":"SacredBark"}],"items_purged_floors":[],"is_endless":false,"potions_floor_spawned":[1,2,5],"killed_by":"3 Byrds","ascension_level":2}}