{"host":"3xls0xm49ftugio7","time":1610290219,"event":{"mods":["2.2 Compatiblity","AchievementEnabler","Act Like it!","BaseMod","Colored Powertips","GifTheSpireLib","Minty Spire (QoL Compilation)","Quick Restart","Relic Stats","StSLib","The Florist"],"gold_per_floor":[118,193,205,217,288,318,332,11,11,23,23,37,37,49,49,152,152,164,4,4,24,50,50,50,50,50,80,0,0,0,15,15,118,118,132,145,145,155,165,165,179,209,289,289,289,50,69,81,81,81],"floor_reached":51,"playtime":3128,"items_purged":["Agrypnos:BasicStrike"],"score":724,"play_id":"0f583bb1-adc2-4308-b4bb-ec9762a18754","local_time":"20210110165019","is_ascension_mode":false,"campfire_choices":[{"data":"Agrypnos:Snapdragon","floor":11,"key":"SMITH"},{"data":"Agrypnos:Composting","floor":13,"key":"SMITH"},{"data":"Agrypnos:Pollen","floor":15,"key":"SMITH"},{"data":"Agrypnos:SeedPacket","floor":23,"key":"SMITH"},{"data":"Agrypnos:Rose","floor":25,"key":"SMITH"},{"floor":30,"key":"REST"},{"data":"Agrypnos:Autumn","floor":32,"key":"SMITH"},{"floor":40,"key":"REST"},{"floor":45,"key":"REST"},{"floor":49,"key":"REST"}],"circlet_count":0,"master_deck":["Agrypnos:BasicStrike","Agrypnos:BasicStrike","Agrypnos:BasicStrike","Agrypnos:BasicDefend+1","Agrypnos:BasicDefend","Agrypnos:BasicDefend","Agrypnos:BasicDefend","Agrypnos:Dandelion","Agrypnos:Trowel","Agrypnos:Rose+1","Agrypnos:Tumbleweed","Agrypnos:Snapdragon+1","Agrypnos:Composting+1","Agrypnos:EntanglingVines","Master of Strategy","Agrypnos:Autumn+1","Agrypnos:Shell","Agrypnos:Pollen+1","Agrypnos:Spring","Flash of Steel","Agrypnos:Spring","Agrypnos:SeedPacket+1","Agrypnos:CombTheEarth+1","Agrypnos:EntanglingVines+1","Agrypnos:Camellia","Agrypnos:Prune+1","Agrypnos:Rot+1","Agrypnos:Rot+1","Agrypnos:Sunflower+1","Agrypnos:CombTheEarth+1","Agrypnos:Harvest+1"],"relics":["Agrypnos:Floriculture","Meat on the Bone","Blue Candle","Pear","Philosopher\u0027s Stone","Lantern","Mercury Hourglass","Vajra","StrikeDummy","The Courier","War Paint","Toy Ornithopter"],"acts_visited":["Exordium","TheCity","TheBeyond"],"potions_floor_usage":[18,21,33,33,41,50,50,50,50,50,50],"damage_taken":[{"damage":3,"enemies":"Jaw Worm","floor":1,"turns":6},{"damage":2,"enemies":"Small Slimes","floor":3,"turns":4},{"damage":0,"enemies":"Cultist","floor":4,"turns":3},{"damage":33,"enemies":"3 Sentries","floor":6,"turns":10},{"damage":15,"enemies":"Exordium Thugs","floor":7,"turns":5},{"damage":13,"enemies":"Blue Slaver","floor":10,"turns":4},{"damage":6,"enemies":"Large Slime","floor":12,"turns":6},{"damage":17,"enemies":"Gremlin Gang","floor":14,"turns":4},{"damage":8,"enemies":"Slime Boss","floor":16,"turns":8},{"damage":1,"enemies":"Spheric Guardian","floor":18,"turns":3},{"damage":16,"enemies":"2 Thieves","floor":21,"turns":4},{"damage":45,"enemies":"Slavers","floor":27,"turns":6},{"damage":18,"enemies":"Snecko","floor":31,"turns":5},{"damage":6,"enemies":"Automaton","floor":33,"turns":8},{"damage":8,"enemies":"3 Shapes","floor":35,"turns":4},{"damage":24,"enemies":"3 Darklings","floor":36,"turns":5},{"damage":21,"enemies":"Sphere and 2 Shapes","floor":38,"turns":5},{"damage":24,"enemies":"Transient","floor":39,"turns":5},{"damage":20,"enemies":"3 Darklings","floor":41,"turns":4},{"damage":26,"enemies":"Nemesis","floor":42,"turns":7},{"damage":4,"enemies":"Maw","floor":47,"turns":6},{"damage":3,"enemies":"4 Shapes","floor":48,"turns":5},{"damage":88,"enemies":"Awakened One","floor":50,"turns":9}],"seed_played":"-3141488976216325484","potions_obtained":[{"floor":1,"key":"Dexterity Potion"},{"floor":4,"key":"SteroidPotion"},{"floor":10,"key":"Weak Potion"},{"floor":27,"key":"Block Potion"},{"floor":31,"key":"Explosive Potion"},{"floor":33,"key":"EntropicBrew"},{"floor":44,"key":"DuplicationPotion"},{"floor":44,"key":"BlessingOfTheForge"}],"is_trial":false,"path_per_floor":["M","?","M","M","T","E","M","$","T","M","R","M","R","M","R","B",null,"M","$","?","M","T","R","$","R","T","E","?","$","R","M","R","B",null,"M","M","?","M","M","R","M","E","T","?","R","$","M","M","R","B",null],"character_chosen":"THE_FLORIST","items_purchased":["Agrypnos:Composting","Agrypnos:EntanglingVines","Master of Strategy","Flash of Steel","War Paint","Toy Ornithopter"],"campfire_rested":4,"item_purchase_floors":[8,8,8,19,46,46],"current_hp_per_floor":[74,63,61,61,61,40,37,37,47,46,46,52,52,47,47,51,87,86,86,86,70,70,70,70,70,70,37,37,37,63,45,45,51,87,79,55,55,46,34,60,52,38,38,38,64,64,60,57,83,37],"gold":81,"neow_bonus":"TEN_PERCENT_HP_BONUS","is_daily":false,"chose_seed":false,"campfire_upgraded":6,"win_rate":0.0,"timestamp":1610290219,"path_taken":["M","?","M","M","?","E","M","$","T","M","R","M","R","M","R","BOSS","M","$","?","?","?","R","?","R","T","E","?","$","R","M","R","BOSS","M","M","?","M","M","R","M","E","T","?","R","$","M","?","R","BOSS"],"items_purchased_type":["Card","Card","Card","Card","Relic","Relic"],"build_version":"2020-12-22","purchased_purges":1,"victory":true,"max_hp_per_floor":[77,77,77,77,77,77,77,77,87,87,87,87,87,87,87,87,87,87,87,87,87,87,87,87,87,87,87,87,87,87,87,87,87,87,87,87,87,87,87,87,87,87,87,87,87,87,87,87,87,87],"relic_stats":{"counters":[23,124],"Blue Candle":[0],"War Paint":["Agrypnos:BasicDefend","Agrypnos:Sunflower"],"obtain_stats":[{"Lantern":22,"Pear":9,"Blue Candle":6,"Vajra":27,"The Courier":43,"Agrypnos:Floristry":0,"War Paint":46,"Mercury Hourglass":26,"Agrypnos:Floriculture":34,"Philosopher\u0027s Stone":17,"StrikeDummy":42,"Toy Ornithopter":46,"Meat on the Bone":5},{"Lantern":11,"Pear":5,"Blue Candle":4,"Vajra":12,"The Courier":20,"Agrypnos:Floristry":0,"War Paint":20,"Mercury Hourglass":11,"Agrypnos:Floriculture":14,"Philosopher\u0027s Stone":9,"StrikeDummy":20,"Toy Ornithopter":20,"Meat on the Bone":3},{"Lantern":57,"Pear":28,"Blue Candle":23,"Vajra":62,"The Courier":104,"Agrypnos:Floristry":0,"War Paint":104,"Mercury Hourglass":57,"Agrypnos:Floriculture":75,"Philosopher\u0027s Stone":50,"StrikeDummy":104,"Toy Ornithopter":104,"Meat on the Bone":13}],"Toy Ornithopter":30,"Meat on the Bone":156,"Mercury Hourglass":[340]},"card_choices":[{"not_picked":["Agrypnos:Replanting","Agrypnos:MortarAndPestle"],"picked":"Agrypnos:Rose","floor":1},{"not_picked":["Agrypnos:Leaf","Agrypnos:Rot"],"picked":"Agrypnos:FloralScent","floor":3},{"not_picked":["Agrypnos:Watering","Agrypnos:Pollen"],"picked":"Agrypnos:Tumbleweed","floor":4},{"not_picked":["Agrypnos:CombTheEarth","Agrypnos:MortarAndPestle"],"picked":"Agrypnos:Snapdragon","floor":6},{"not_picked":["Agrypnos:Shell","Agrypnos:Wolfsbane"],"picked":"Agrypnos:GeneModification","floor":7},{"not_picked":["Agrypnos:Watering","Agrypnos:Rose"],"picked":"Agrypnos:Autumn","floor":10},{"not_picked":["Agrypnos:FloralScent","Agrypnos:Zinnia"],"picked":"Agrypnos:Shell","floor":12},{"not_picked":["Agrypnos:StormShelter","Agrypnos:Nightshade"],"picked":"Agrypnos:Pollen","floor":14},{"not_picked":["Agrypnos:GhostLily","Agrypnos:Lotus"],"picked":"Agrypnos:Spring","floor":16},{"not_picked":["Agrypnos:Rose","Agrypnos:Replanting","Agrypnos:Zinnia"],"picked":"SKIP","floor":18},{"not_picked":["Agrypnos:Tumbleweed","Agrypnos:Wolfsbane"],"picked":"Agrypnos:SeedPacket","floor":21},{"not_picked":["Agrypnos:Winter","Agrypnos:SeedPacket"],"picked":"Agrypnos:CombTheEarth+1","floor":27},{"not_picked":["Agrypnos:RustyShear","Agrypnos:Tumbleweed"],"picked":"Agrypnos:EntanglingVines+1","floor":31},{"not_picked":["Agrypnos:BigShovel","Agrypnos:MorningSun"],"picked":"Agrypnos:Camellia","floor":33},{"not_picked":["Agrypnos:Nightshade","Agrypnos:Hyacinth"],"picked":"Agrypnos:Prune+1","floor":35},{"not_picked":["Agrypnos:Watering+1","Agrypnos:CombTheEarth"],"picked":"Agrypnos:Rot+1","floor":36},{"not_picked":["Agrypnos:Watering","Agrypnos:Wolfsbane","Agrypnos:Tumbleweed"],"picked":"SKIP","floor":38},{"not_picked":["Agrypnos:FloralScent","Agrypnos:Wolfsbane"],"picked":"Agrypnos:Rot+1","floor":39},{"not_picked":["Agrypnos:StormShelter+1","Agrypnos:Till","Agrypnos:FloralScent"],"picked":"SKIP","floor":41},{"not_picked":["Agrypnos:MorningSun","Agrypnos:StormShelter+1"],"picked":"Agrypnos:Sunflower","floor":42},{"not_picked":["Agrypnos:Azalea","Agrypnos:Wolfsbane"],"picked":"Agrypnos:CombTheEarth+1","floor":47},{"not_picked":["Agrypnos:Blossom","Agrypnos:Till+1"],"picked":"Agrypnos:Harvest+1","floor":48}],"player_experience":683673,"relics_obtained":[{"floor":5,"key":"Meat on the Bone"},{"floor":6,"key":"Blue Candle"},{"floor":9,"key":"Pear"},{"floor":22,"key":"Lantern"},{"floor":26,"key":"Mercury Hourglass"},{"floor":27,"key":"Vajra"},{"floor":42,"key":"StrikeDummy"},{"floor":43,"key":"The Courier"}],"event_choices":[{"damage_healed":0,"gold_gain":75,"player_choice":"Gather Gold","damage_taken":11,"max_hp_gain":0,"max_hp_loss":0,"event_name":"World of Goop","floor":2,"gold_loss":0},{"damage_healed":0,"gold_gain":0,"player_choice":"Copied","damage_taken":0,"max_hp_gain":0,"max_hp_loss":0,"event_name":"Duplicator","floor":20,"gold_loss":0,"cards_obtained":["Agrypnos:Spring"]},{"damage_healed":0,"gold_gain":0,"player_choice":"Paid Fearfully","damage_taken":0,"max_hp_gain":0,"max_hp_loss":0,"event_name":"Masked Bandits","floor":28,"gold_loss":80},{"cards_removed":["Agrypnos:FloralScent"],"damage_healed":0,"gold_gain":0,"player_choice":"Removed Skill","damage_taken":0,"max_hp_gain":0,"max_hp_loss":0,"event_name":"Falling","floor":37,"gold_loss":0},{"damage_healed":0,"gold_gain":0,"player_choice":"Got Potions","damage_taken":0,"max_hp_gain":0,"max_hp_loss":0,"event_name":"Lab","floor":44,"gold_loss":0}],"is_beta":false,"boss_relics":[{"not_picked":["Busted Crown","SacredBark"],"picked":"Philosopher\u0027s Stone"},{"not_picked":["Velvet Choker","Snecko Eye"],"picked":"Agrypnos:Floriculture"}],"items_purged_floors":[19],"is_endless":false,"potions_floor_spawned":[1,4,10,12,27,31,33,47,48],"ascension_level":0}}