{"host":"cny2hboix4qtzjgl","time":1610288040,"event":{"mods":["AchievementEnabler","BaseMod","Colored Map","Colored Powertips","Highlight Path","Minty Spire (QoL Compilation)","Relic Stats","Shop Mod","StSLib"],"gold_per_floor":[109,109,120,45,62,62,75,107,107,107,122,139,152,166,166,263,263,274,286,0,0,0,0,0,0,47,62,161,194,194,211,211,211,211],"floor_reached":33,"playtime":1033,"items_purged":["Defend_B"],"score":269,"play_id":"edd050b1-ae66-471d-9159-4ece1eb91fc5","local_time":"20210110221400","is_ascension_mode":false,"campfire_choices":[{"data":"Ball Lightning","floor":6,"key":"SMITH"},{"data":"White Noise","floor":10,"key":"SMITH"},{"data":"Redo","floor":15,"key":"SMITH"},{"floor":23,"key":"REST"},{"data":"Creative AI","floor":25,"key":"SMITH"},{"floor":30,"key":"REST"},{"floor":32,"key":"REST"}],"circlet_count":0,"master_deck":["Zap","Dualcast","Ball Lightning+1","White Noise+1","Cold Snap","Go for the Eyes","All For One","Redo+1","Gash","Gash","Creative AI+1","Leap","Chill","Beam Cell","Fission","Double Energy","Ball Lightning+1","Go for the Eyes","Redo","Go for the Eyes+1"],"relics":["Cracked Core","NeowsBlessing","Mercury Hourglass","Kunai","Pandora\u0027s Box","Pen Nib","Molten Egg 2"],"acts_visited":["Exordium","TheCity"],"potions_floor_usage":[33,33,33],"damage_taken":[{"damage":0,"enemies":"Jaw Worm","floor":1,"turns":1},{"damage":0,"enemies":"Small Slimes","floor":3,"turns":1},{"damage":0,"enemies":"Cultist","floor":5,"turns":1},{"damage":6,"enemies":"Red Slaver","floor":7,"turns":2},{"damage":10,"enemies":"3 Sentries","floor":8,"turns":3},{"damage":7,"enemies":"Blue Slaver","floor":11,"turns":2},{"damage":3,"enemies":"3 Louse","floor":12,"turns":2},{"damage":0,"enemies":"Exordium Thugs","floor":13,"turns":2},{"damage":0,"enemies":"Blue Slaver","floor":14,"turns":2},{"damage":6,"enemies":"Slime Boss","floor":16,"turns":6},{"damage":14,"enemies":"3 Byrds","floor":18,"turns":3},{"damage":4,"enemies":"Chosen","floor":19,"turns":3},{"damage":19,"enemies":"Centurion and Healer","floor":27,"turns":6},{"damage":31,"enemies":"Slavers","floor":29,"turns":4},{"damage":15,"enemies":"Cultist and Chosen","floor":31,"turns":4},{"damage":60,"enemies":"Automaton","floor":33,"turns":6}],"seed_played":"-612218207666895195","potions_obtained":[{"floor":5,"key":"LiquidBronze"},{"floor":8,"key":"FearPotion"},{"floor":11,"key":"LiquidMemories"}],"is_trial":false,"path_per_floor":["M","?","M","$","M","R","M","E","T","R","M","M","M","M","R","B",null,"M","M","?","?","$","R","?","R","T","M","?","E","R","M","R","B"],"character_chosen":"DEFECT","items_purchased":[],"campfire_rested":3,"item_purchase_floors":[],"current_hp_per_floor":[75,68,68,68,68,68,62,52,52,52,45,42,42,42,42,36,75,61,57,57,43,43,67,67,67,67,48,48,17,41,26,50,0,0],"gold":211,"neow_bonus":"THREE_ENEMY_KILL","is_daily":false,"chose_seed":false,"campfire_upgraded":4,"win_rate":0.0,"timestamp":1610288040,"path_taken":["M","?","M","$","M","R","M","E","T","R","M","M","M","M","R","BOSS","M","M","?","?","$","R","?","R","T","M","?","E","R","M","R","BOSS"],"items_purchased_type":[],"build_version":"2020-12-22","purchased_purges":1,"victory":false,"max_hp_per_floor":[75,75,75,75,75,75,75,75,75,75,75,75,75,75,75,75,75,75,75,75,80,80,80,80,80,80,80,80,80,80,80,80,80,80],"relic_stats":{"counters":[16,47],"Pandora\u0027s Box":["Leap","Chill","Consume","Beam Cell","Fission","Double Energy"],"Pen Nib":[4],"Kunai":[22],"obtain_stats":[{"NeowsBlessing":0,"Pandora\u0027s Box":17,"Molten Egg 2":29,"Pen Nib":26,"Kunai":9,"Cracked Core":0,"Mercury Hourglass":8},{"NeowsBlessing":0,"Pandora\u0027s Box":10,"Molten Egg 2":14,"Pen Nib":12,"Kunai":5,"Cracked Core":0,"Mercury Hourglass":5},{"NeowsBlessing":0,"Pandora\u0027s Box":22,"Molten Egg 2":37,"Pen Nib":28,"Kunai":8,"Cracked Core":0,"Mercury Hourglass":8}],"Mercury Hourglass":[212]},"card_choices":[{"not_picked":["Hologram","Lockon"],"picked":"Ball Lightning","floor":1},{"not_picked":["Rebound","Coolheaded"],"picked":"White Noise","floor":3},{"not_picked":["Leap","Barrage"],"picked":"Cold Snap","floor":5},{"not_picked":["Gash","Turbo"],"picked":"Go for the Eyes","floor":7},{"not_picked":["Sweeping Beam","Compile Driver"],"picked":"All For One","floor":8},{"not_picked":["Consume","Capacitor","Hologram"],"picked":"SKIP","floor":11},{"not_picked":["Go for the Eyes","Skim"],"picked":"Redo","floor":12},{"not_picked":["Compile Driver","Reinforced Body"],"picked":"Gash","floor":13},{"not_picked":["Cold Snap","Redo"],"picked":"Gash","floor":14},{"not_picked":["Core Surge","All For One"],"picked":"Creative AI","floor":16},{"not_picked":["Turbo","Reinforced Body+1"],"picked":"Ball Lightning+1","floor":18},{"not_picked":["Ball Lightning+1","Leap+1"],"picked":"Go for the Eyes","floor":19},{"not_picked":["Barrage","Steam"],"picked":"Redo","floor":27},{"not_picked":["Capacitor+1","Undo+1"],"picked":"Go for the Eyes+1","floor":29},{"not_picked":["Conserve Battery","Rip and Tear+1","Hologram"],"picked":"SKIP","floor":31}],"player_experience":81347,"relics_obtained":[{"floor":8,"key":"Mercury Hourglass"},{"floor":9,"key":"Kunai"},{"floor":26,"key":"Pen Nib"},{"floor":29,"key":"Molten Egg 2"}],"event_choices":[{"cards_removed":["Strike_B"],"damage_healed":0,"gold_gain":0,"player_choice":"Card Removal","damage_taken":7,"max_hp_gain":0,"max_hp_loss":0,"event_name":"Golden Wing","floor":2,"gold_loss":0},{"damage_healed":0,"gold_gain":0,"player_choice":"Paid Fearfully","damage_taken":0,"max_hp_gain":0,"max_hp_loss":0,"event_name":"Masked Bandits","floor":20,"gold_loss":286},{"damage_healed":0,"gold_gain":0,"player_choice":"Shed Blood","damage_taken":19,"max_hp_gain":5,"max_hp_loss":0,"event_name":"Forgotten Altar","floor":21,"gold_loss":0},{"cards_removed":["Consume"],"damage_healed":0,"gold_gain":0,"player_choice":"Elegance","damage_taken":0,"max_hp_gain":0,"max_hp_loss":0,"event_name":"Back to Basics","floor":24,"gold_loss":0},{"damage_healed":0,"gold_gain":99,"player_choice":"Stole From Cult","damage_taken":0,"max_hp_gain":0,"max_hp_loss":0,"event_name":"Nest","floor":28,"gold_loss":0}],"is_beta":false,"boss_relics":[{"not_picked":["Inserter","Velvet Choker"],"picked":"Pandora\u0027s Box"}],"items_purged_floors":[4],"is_endless":false,"potions_floor_spawned":[5,8,11,13,14,29,31],"killed_by":"Automaton","ascension_level":0}}