{"host":"w11d5xug8ost5klq","time":1610322264,"event":{"mods":["100% Spire Juice","2.2 Compatiblity","BaseMod","Better Third Choice","Emptier Cage","Highlight Path","Minty Spire (QoL Compilation)","Quick Restart","Spicy Shops","StSLib"],"gold_per_floor":[91,91,115,138,3,3,19,19,19,52,70,70,88,104,104,232,112,16,16,36,56,75,93,31,31,31,31,31,50,50,86,86,209,89,113,113,176,40,64,102,102,141,95,119,7,7,7,21,21,21],"floor_reached":51,"playtime":2176,"items_purged":["Regret","Moonworks:MiracleRedBeanIceCream","Writhe"],"score":779,"play_id":"0235f964-3192-4833-a4ad-abe14292b9f8","local_time":"20210110174424","is_ascension_mode":false,"campfire_choices":[{"data":"Moonworks:Ambush","floor":6,"key":"SMITH"},{"data":"Moonworks:CloudOfSeagulls","floor":8,"key":"SMITH"},{"data":"Moonworks:Heat300Percent","floor":12,"key":"SMITH"},{"data":"Moonworks:CookingTime","floor":15,"key":"SMITH"},{"data":"Moonworks:CloudOfSeagulls","floor":25,"key":"SMITH"},{"data":"Moonworks:MetallicMonocoque","floor":28,"key":"SMITH"},{"data":"Moonworks:LulusLuckyEgg","floor":32,"key":"SMITH"},{"data":"Moonworks:LongDistanceShot","floor":41,"key":"SMITH"},{"data":"Moonworks:CookingTime","floor":49,"key":"SMITH"}],"circlet_count":0,"master_deck":["Moonworks:Strike","Moonworks:Strike","Moonworks:Strike","Moonworks:Strike","Moonworks:Defend+1","Moonworks:Defend+1","Moonworks:Defend","Moonworks:Defend","Moonworks:Ambush+1","Moonworks:LongDistanceShot+1","Moonworks:LulusLuckyEgg+1","Moonworks:Heat300Percent+1","Moonworks:CloudOfSeagulls+1","Moonworks:BackdoorTrade+1","Moonworks:CookingTime+1","Moonworks:MetallicMonocoque+1","Moonworks:BigMagnum+1","Moonworks:TreasureThief+1","Moonworks:CloudOfSeagulls+1","Moonworks:LulusLuckyEgg+1","Moonworks:AccelHyper+1","Moonworks:CookingTime+1"],"relics":["Moonworks:BrokenBomb","Moonworks:Homemark","Golden Idol","Membership Card","MealTicket","Toxic Egg 2","Eternal Feather","Coffee Dripper","War Paint","MutagenicStrength","Pen Nib","SlaversCollar","Incense Burner","PreservedInsect","StrikeDummy","Meat on the Bone","Shuriken","Calipers","Sling"],"acts_visited":["Exordium","TheCity","TheBeyond"],"potions_floor_usage":[10,16,22,42],"damage_taken":[{"damage":0,"enemies":"Small Slimes","floor":1,"turns":5},{"damage":0,"enemies":"2 Louse","floor":3,"turns":3},{"damage":4,"enemies":"Cultist","floor":4,"turns":5},{"damage":0,"enemies":"Lots of Slimes","floor":7,"turns":3},{"damage":27,"enemies":"Gremlin Nob","floor":10,"turns":4},{"damage":0,"enemies":"Looter","floor":11,"turns":3},{"damage":5,"enemies":"3 Louse","floor":13,"turns":2},{"damage":4,"enemies":"Exordium Wildlife","floor":14,"turns":3},{"damage":11,"enemies":"Slime Boss","floor":16,"turns":10},{"damage":3,"enemies":"Chosen","floor":18,"turns":5},{"damage":13,"enemies":"Shell Parasite","floor":20,"turns":3},{"damage":8,"enemies":"Centurion and Healer","floor":21,"turns":4},{"damage":0,"enemies":"Snecko","floor":22,"turns":4},{"damage":9,"enemies":"3 Cultists","floor":23,"turns":4},{"damage":6,"enemies":"Centurion and Healer","floor":29,"turns":3},{"damage":25,"enemies":"Gremlin Leader","floor":31,"turns":5},{"damage":9,"enemies":"Champ","floor":33,"turns":5},{"damage":12,"enemies":"3 Darklings","floor":35,"turns":4},{"damage":22,"enemies":"2 Orb Walkers","floor":37,"turns":3},{"damage":6,"enemies":"3 Shapes","floor":39,"turns":2},{"damage":3,"enemies":"Giant Head","floor":40,"turns":4},{"damage":12,"enemies":"Reptomancer","floor":42,"turns":3},{"damage":20,"enemies":"3 Darklings","floor":44,"turns":2},{"damage":3,"enemies":"Transient","floor":48,"turns":5},{"damage":20,"enemies":"Awakened One","floor":50,"turns":5}],"seed_played":"2917341091904022520","potions_obtained":[{"floor":3,"key":"LiquidMemories"},{"floor":7,"key":"GamblersBrew"},{"floor":10,"key":"SteroidPotion"},{"floor":14,"key":"Fire Potion"},{"floor":16,"key":"SneckoOil"},{"floor":20,"key":"DistilledChaos"},{"floor":22,"key":"PowerPotion"},{"floor":42,"key":"DistilledChaos"},{"floor":44,"key":"AttackPotion"}],"is_trial":false,"path_per_floor":["M","?","M","M","$","R","M","R","T","E","M","R","M","M","R","B",null,"M","?","M","M","M","M","$","R","T","$","R","M","?","E","R","B",null,"M","?","?","$","M","E","R","E","T","M","$","?","$","M","R","B",null],"character_chosen":"THE_STARBREAKER","items_purchased":["Membership Card","MealTicket","Moonworks:CloudOfSeagulls","PreservedInsect","Calipers","Sling","Moonworks:CookingTime"],"campfire_rested":0,"item_purchase_floors":[5,5,24,38,45,45,45],"current_hp_per_floor":[60,60,60,56,56,56,56,56,56,29,29,38,33,32,41,38,60,57,57,47,47,55,54,60,60,60,60,60,60,60,41,53,51,60,56,60,46,60,60,57,60,56,56,36,51,51,60,60,60,40],"gold":21,"neow_bonus":"HUNDRED_GOLD","is_daily":false,"chose_seed":false,"campfire_upgraded":9,"win_rate":0.0,"timestamp":1610322264,"path_taken":["M","?","M","M","$","R","M","R","T","E","M","R","M","M","R","BOSS","M","?","M","?","M","M","?","R","T","$","R","M","?","E","R","BOSS","M","?","?","$","M","E","R","E","T","M","?","?","$","M","R","BOSS"],"items_purchased_type":["Relic","Relic","Card","Relic","Relic","Relic","Card"],"build_version":"2020-12-22","purchased_purges":3,"victory":true,"max_hp_per_floor":[60,60,60,60,60,60,60,60,60,60,60,60,60,60,60,60,60,60,60,60,60,60,60,60,60,60,60,60,60,60,60,60,60,60,60,60,60,60,60,60,60,60,60,60,60,60,60,60,60,60],"card_choices":[{"not_picked":["Moonworks:SakisCookie","Moonworks:WindyEnchantment"],"picked":"Moonworks:LulusLuckyEgg","floor":1},{"not_picked":["Moonworks:CompletionReward","Moonworks:IndiscriminateFireSupport"],"picked":"Moonworks:MiracleRedBeanIceCream","floor":3},{"not_picked":["Moonworks:EvilSpyWorkPreparation","Moonworks:CastOff"],"picked":"Moonworks:Heat300Percent","floor":4},{"not_picked":["Moonworks:MiracleRedBeanIceCream","Moonworks:JonathanRush"],"picked":"Moonworks:CloudOfSeagulls","floor":7},{"not_picked":["Moonworks:Assault","Moonworks:BigMagnum+1","Moonworks:ExtendedPhotonRifle"],"picked":"SKIP","floor":10},{"not_picked":["Moonworks:DeployBits+1","Moonworks:JonathanRush"],"picked":"Moonworks:BackdoorTrade+1","floor":11},{"not_picked":["Moonworks:ShieldCounter","Moonworks:BackdoorTrade+1"],"picked":"Moonworks:CookingTime","floor":13},{"not_picked":["Moonworks:DeployBits+1","Moonworks:FullSpeedAlicianrone","Moonworks:MiracleRedBeanIceCream+1"],"picked":"SKIP","floor":14},{"not_picked":["Moonworks:ReflectiveShell","Moonworks:OutOfAmmo"],"picked":"Moonworks:MetallicMonocoque","floor":16},{"not_picked":["Moonworks:MiracleRedBeanIceCream+1","Moonworks:EvilSpyWorkPreparation+1"],"picked":"Moonworks:BigMagnum+1","floor":18},{"not_picked":["Moonworks:EvilSpyWorkPreparation+1","Moonworks:WindyEnchantment+1","Moonworks:JonathanRush"],"picked":"SKIP","floor":20},{"not_picked":["Moonworks:BigMagnum+1","Moonworks:Dash+1","Moonworks:UnpaidWork+1"],"picked":"SKIP","floor":21},{"not_picked":["Moonworks:WindyEnchantment+1","Moonworks:DeployBits+1"],"picked":"Moonworks:TreasureThief+1","floor":22},{"not_picked":["Moonworks:DeployBits+1","Moonworks:BackdoorTrade+1","Moonworks:WindyEnchantment+1"],"picked":"SKIP","floor":23},{"not_picked":["Moonworks:IndiscriminateFireSupport","Moonworks:CloudOfSeagulls"],"picked":"Moonworks:LulusLuckyEgg+1","floor":29},{"not_picked":["Moonworks:Poppoformation+1","Moonworks:HolyNight","Moonworks:NicePresent+1"],"picked":"SKIP","floor":31},{"not_picked":["Moonworks:OutOfAmmo","Moonworks:Gamble"],"picked":"Moonworks:AccelHyper+1","floor":33},{"not_picked":["Moonworks:EvilSpyWorkPreparation+1","Moonworks:ImOnFire+1","Moonworks:ScrambledEve+1"],"picked":"SKIP","floor":35},{"not_picked":["Moonworks:BigMagnum+1","Moonworks:ImmovableObject+1","Moonworks:NicePresent+1"],"picked":"SKIP","floor":39},{"not_picked":["Moonworks:RedAndBlue+1","Moonworks:Accelerator","Moonworks:ImOnFire+1"],"picked":"SKIP","floor":40},{"not_picked":["Moonworks:BigMagnum+1","Moonworks:TreasureThief+1","Moonworks:DeployBits+1"],"picked":"SKIP","floor":42},{"not_picked":["Moonworks:NicePresent+1","Moonworks:EvilSpyWorkPreparation+1","Moonworks:SealedMemories+1"],"picked":"SKIP","floor":44},{"not_picked":["Moonworks:WindyEnchantment+1","Moonworks:ImOnFire+1","Moonworks:CloudOfSeagulls"],"picked":"SKIP","floor":48}],"player_experience":90918,"relics_obtained":[{"floor":9,"key":"Toxic Egg 2"},{"floor":10,"key":"Eternal Feather"},{"floor":26,"key":"War Paint"},{"floor":31,"key":"Pen Nib"},{"floor":37,"key":"Incense Burner"},{"floor":40,"key":"StrikeDummy"},{"floor":42,"key":"Meat on the Bone"},{"floor":43,"key":"Shuriken"}],"event_choices":[{"damage_healed":0,"gold_gain":0,"player_choice":"Take Wound","damage_taken":0,"relics_obtained":["Golden Idol"],"max_hp_gain":0,"max_hp_loss":0,"event_name":"Golden Idol","floor":2,"gold_loss":0,"cards_obtained":["Injury"]},{"cards_removed":["Injury"],"damage_healed":0,"gold_gain":0,"player_choice":"Removed Curses","damage_taken":0,"max_hp_gain":0,"max_hp_loss":0,"event_name":"Fountain of Cleansing","floor":19,"gold_loss":0},{"damage_healed":0,"gold_gain":0,"player_choice":"Inject Mutagens","damage_taken":0,"relics_obtained":["MutagenicStrength"],"max_hp_gain":0,"max_hp_loss":0,"event_name":"Drug Dealer","floor":30,"gold_loss":0},{"damage_healed":15,"gold_gain":0,"player_choice":"Writhe","damage_taken":0,"max_hp_gain":0,"max_hp_loss":0,"event_name":"Winding Halls","floor":36,"gold_loss":0,"cards_obtained":["Writhe"]},{"damage_healed":0,"gold_gain":0,"player_choice":"Fight","damage_taken":0,"max_hp_gain":0,"max_hp_loss":0,"event_name":"Mysterious Sphere","floor":37,"gold_loss":0},{"damage_healed":0,"gold_gain":0,"player_choice":"Memory 1","damage_taken":0,"max_hp_gain":0,"max_hp_loss":0,"event_name":"SensoryStone","floor":46,"gold_loss":0}],"is_beta":false,"boss_relics":[{"not_picked":["Tiny House","Cursed Key"],"picked":"Coffee Dripper"},{"not_picked":["Astrolabe","Snecko Eye"],"picked":"SlaversCollar"}],"items_purged_floors":[5,24,38],"is_endless":false,"potions_floor_spawned":[3,7,10,14,16,20,21,22,37,42,44,48],"ascension_level":0}}