{"host":"gg","time":1610252170,"event":{"mods":["BaseMod","Colored Map","Googly Eyes","Minty Spire (QoL Compilation)","Permanent Neow","Relic Stats","The IronCluck"],"gold_per_floor":[113,130,130,130,141,141,170,170,193,231,259,279,294,319,319,397,397,397,397,397,397,397,397,397,397,397,397,397,397,397,397,397,397,397,397,397,397,50,50,50,50,50,50,50,50,50,50,50,50,50,50,50,50,7,7,7],"floor_reached":57,"playtime":6219,"items_purged":[],"score":3088,"play_id":"84967575-a848-4779-9cbd-e79ab8d10330","local_time":"20210109201610","is_ascension_mode":true,"campfire_choices":[{"data":"Eruption","floor":6.0,"key":"SMITH"},{"data":"Consecrate","floor":8.0,"key":"SMITH"},{"data":"Brilliance","floor":15.0,"key":"SMITH"},{"data":"Adaptation","floor":27.0,"key":"SMITH"},{"data":"Vault","floor":32.0,"key":"SMITH"},{"data":"SpiritShield","floor":41.0,"key":"SMITH"},{"data":"SpiritShield","floor":45.0,"key":"SMITH"},{"floor":49.0,"key":"RECALL"},{"data":"CrushJoints","floor":53.0,"key":"SMITH"}],"circlet_count":0,"master_deck":["AscendersBane","Strike_P","Strike_P","Strike_P","Strike_P","Defend_P","Defend_P","Defend_P","Eruption+1","Vigilance","Weave","Consecrate+1","FlurryOfBlows","EmptyFist","Wireheading","Brilliance+1","SpiritShield+1","ForeignInfluence+1","WaveOfTheHand","WheelKick","InnerPeace","Adaptation+1","Vault+1","CutThroughFate+1","SpiritShield+1","Tantrum","ClearTheMind","CrushJoints+1","CutThroughFate","Sanctity"],"relics":["Runic Pyramid","CloakClasp","Thread and Needle","PreservedInsect","Potion Belt","MealTicket","Ectoplasm","HornCleat","Calipers","Tiny Chest","Regal Pillow","Philosopher\u0027s Stone","Ginger","Membership Card","Matryoshka","Eternal Feather","Anchor","Bottled Lightning","Pen Nib","Strawberry","Lantern","Ornamental Fan"],"acts_visited":["Exordium","TheCity","TheBeyond","TheEnding"],"potions_floor_usage":[56,56],"damage_taken":[{"damage":2.0,"enemies":"Jaw Worm","floor":1.0,"turns":3.0},{"damage":4.0,"enemies":"Small Slimes","floor":2.0,"turns":3.0},{"damage":0.0,"enemies":"Cultist","floor":5.0,"turns":3.0},{"damage":2.0,"enemies":"Lagavulin","floor":7.0,"turns":5.0},{"damage":0.0,"enemies":"Gremlin Gang","floor":10.0,"turns":3.0},{"damage":0.0,"enemies":"3 Sentries","floor":11.0,"turns":2.0},{"damage":2.0,"enemies":"Exordium Thugs","floor":12.0,"turns":4.0},{"damage":0.0,"enemies":"Red Slaver","floor":13.0,"turns":2.0},{"damage":1.0,"enemies":"Gremlin Nob","floor":14.0,"turns":3.0},{"damage":8.0,"enemies":"Hexaghost","floor":16.0,"turns":7.0},{"damage":0.0,"enemies":"Chosen","floor":18.0,"turns":3.0},{"damage":0.0,"enemies":"2 Thieves","floor":20.0,"turns":1.0},{"damage":9.0,"enemies":"Snecko","floor":21.0,"turns":5.0},{"damage":0.0,"enemies":"Centurion and Healer","floor":22.0,"turns":4.0},{"damage":0.0,"enemies":"Slavers","floor":23.0,"turns":4.0},{"damage":17.0,"enemies":"Snake Plant","floor":24.0,"turns":5.0},{"damage":7.0,"enemies":"Gremlin Leader","floor":25.0,"turns":5.0},{"damage":0.0,"enemies":"3 Cultists","floor":28.0,"turns":4.0},{"damage":10.0,"enemies":"Slavers","floor":29.0,"turns":3.0},{"damage":15.0,"enemies":"Centurion and Healer","floor":31.0,"turns":4.0},{"damage":5.0,"enemies":"Collector","floor":33.0,"turns":6.0},{"damage":5.0,"enemies":"3 Shapes","floor":35.0,"turns":3.0},{"damage":0.0,"enemies":"Giant Head","floor":40.0,"turns":5.0},{"damage":0.0,"enemies":"Orb Walker","floor":42.0,"turns":2.0},{"damage":0.0,"enemies":"Sphere and 2 Shapes","floor":44.0,"turns":4.0},{"damage":0.0,"enemies":"Nemesis","floor":47.0,"turns":4.0},{"damage":0.0,"enemies":"Maw","floor":48.0,"turns":5.0},{"damage":0.0,"enemies":"Donu and Deca","floor":50.0,"turns":6.0},{"damage":32.0,"enemies":"Awakened One","floor":51.0,"turns":13.0},{"damage":0,"enemies":"Shield and Spear","floor":55,"turns":4},{"damage":120,"enemies":"The Heart","floor":56,"turns":12}],"seed_played":"-3292086191599645704","potions_obtained":[{"floor":1.0,"key":"ColorlessPotion"},{"floor":2.0,"key":"Strength Potion"},{"floor":12.0,"key":"Regen Potion"},{"floor":19.0,"key":"SpeedPotion"},{"floor":19.0,"key":"Regen Potion"},{"floor":21.0,"key":"CultistPotion"},{"floor":23.0,"key":"FearPotion"},{"floor":25.0,"key":"FairyPotion"},{"floor":44.0,"key":"LiquidBronze"},{"floor":48.0,"key":"FearPotion"},{"floor":55,"key":"FairyPotion"}],"is_trial":false,"path_per_floor":["M","M","?","T","M","R","E","R","T","M","E","M","M","E","R","B",null,"M","?","M","M","M","E","M","E","T","R","M","E","T","M","R","B",null,"M","T","$","$","T","E","R","M","T","M","R","?","E","M","R","B","B",null,"R","$","E","B",null],"character_chosen":"WATCHER","items_purchased":["Membership Card","Matryoshka","Tantrum","Dexterity Potion","CutThroughFate"],"campfire_rested":0,"item_purchase_floors":[38,38,38,54,54],"current_hp_per_floor":[59,55,60,60,60,60,58,58,58,58,58,56,56,55,55,47,67,67,67,67,58,58,58,53,46,46,46,46,36,36,21,21,16,59,54,54,69,73,73,73,73,73,80,80,80,80,80,80,80,80,48,72,80,80,80,10],"gold":7,"neow_bonus":"BOSS_RELIC","is_daily":false,"chose_seed":false,"campfire_upgraded":8,"win_rate":0.0,"timestamp":1610252170,"path_taken":["M","M","?","?","M","R","E","R","T","?","E","M","M","E","R","BOSS","M","?","?","?","?","E","M","E","T","R","M","E","?","M","R","BOSS","M","?","?","$","?","E","R","M","T","M","R","?","E","M","R","BOSS","BOSS","R","$","E","BOSS"],"items_purchased_type":["Relic","Relic","Card","Potion","Card"],"build_version":"2020-12-18","purchased_purges":0,"victory":true,"max_hp_per_floor":[68,68,73,73,73,73,73,73,73,73,73,73,73,73,73,73,73,73,73,73,73,73,73,73,73,73,73,73,73,73,73,73,73,73,73,73,73,73,73,73,73,73,80,80,80,80,80,80,80,80,80,80,80,80,80,80],"relic_stats":{"Regal Pillow":0,"counters":[31,137],"Ornamental Fan":[28],"MealTicket":19,"Tiny Chest":1,"Eternal Feather":8,"PreservedInsect":444,"Ectoplasm":514,"Pen Nib":[17],"CloakClasp":[435],"Ginger":[8],"obtain_stats":[{"Potion Belt":11,"Regal Pillow":30,"Lantern":47,"Calipers":25,"Thread and Needle":7,"Eternal Feather":39,"PreservedInsect":9,"Pen Nib":43,"CloakClasp":4,"Ginger":36,"Anchor":39,"HornCleat":23,"Matryoshka":38,"Ornamental Fan":55,"Strawberry":43,"MealTicket":14,"Tiny Chest":29,"Philosopher\u0027s Stone":34,"Ectoplasm":17,"Membership Card":38,"Bottled Lightning":40,"PureWater":0,"Runic Pyramid":0},{"Potion Belt":6,"Regal Pillow":19,"Lantern":26,"Calipers":17,"Thread and Needle":4,"Eternal Feather":22,"PreservedInsect":4,"Pen Nib":24,"CloakClasp":2,"Ginger":22,"Anchor":22,"HornCleat":15,"Matryoshka":22,"Ornamental Fan":30,"Strawberry":24,"MealTicket":9,"Tiny Chest":19,"Philosopher\u0027s Stone":21,"Ectoplasm":10,"Membership Card":22,"Bottled Lightning":23,"PureWater":0,"Runic Pyramid":0},{"Potion Belt":19,"Regal Pillow":69,"Lantern":97,"Calipers":62,"Thread and Needle":14,"Eternal Feather":82,"PreservedInsect":14,"Pen Nib":89,"CloakClasp":6,"Ginger":82,"Anchor":82,"HornCleat":52,"Matryoshka":82,"Ornamental Fan":125,"Strawberry":89,"MealTicket":28,"Tiny Chest":69,"Philosopher\u0027s Stone":79,"Ectoplasm":35,"Membership Card":82,"Bottled Lightning":87,"PureWater":0,"Runic Pyramid":0}]},"card_choices":[{"not_picked":["Evaluate","ThirdEye"],"picked":"Weave","floor":1.0},{"not_picked":["EmptyFist","Protect"],"picked":"Consecrate","floor":2.0},{"not_picked":["Evaluate","PathToVictory","ClearTheMind"],"picked":"SKIP","floor":5.0},{"not_picked":["SashWhip","Nirvana"],"picked":"FlurryOfBlows","floor":7.0},{"not_picked":["Pray","Protect"],"picked":"EmptyFist","floor":10.0},{"not_picked":["EmptyBody","JustLucky"],"picked":"Wireheading","floor":12.0},{"not_picked":["FlyingSleeves","EmptyMind","ReachHeaven"],"picked":"SKIP","floor":13.0},{"not_picked":["DeceiveReality","Perseverance"],"picked":"Brilliance","floor":14.0},{"not_picked":["DevaForm","Vault"],"picked":"SpiritShield","floor":16.0},{"not_picked":["ThirdEye","Halt"],"picked":"ForeignInfluence+1","floor":18.0},{"not_picked":["Protect","Vengeance+1","FollowUp"],"picked":"SKIP","floor":20.0},{"not_picked":["Evaluate","DeceiveReality"],"picked":"WaveOfTheHand","floor":21.0},{"not_picked":["Sanctity","Vengeance"],"picked":"WheelKick","floor":22.0},{"not_picked":["SashWhip","MasterReality"],"picked":"InnerPeace","floor":23.0},{"not_picked":["Protect","EmptyBody"],"picked":"Adaptation","floor":24.0},{"not_picked":["ThirdEye","Evaluate"],"picked":"Vault","floor":25.0},{"not_picked":["ThirdEye","EmptyFist+1","Worship"],"picked":"SKIP","floor":28.0},{"not_picked":["ClearTheMind","WreathOfFlame","Study"],"picked":"SKIP","floor":29.0},{"not_picked":["Halt","DeceiveReality"],"picked":"CutThroughFate+1","floor":31.0},{"not_picked":["Omniscience","Alpha"],"picked":"SpiritShield","floor":33.0},{"not_picked":["FlyingSleeves","Fasting2","Crescendo+1"],"picked":"SKIP","floor":35.0},{"not_picked":["Consecrate","WreathOfFlame+1","DeusExMachina"],"picked":"SKIP","floor":40.0},{"not_picked":["SignatureMove","Crescendo","WheelKick"],"picked":"SKIP","floor":42.0},{"not_picked":["Consecrate","BowlingBash","ReachHeaven"],"picked":"SKIP","floor":44.0},{"not_picked":["Study","Adaptation","WindmillStrike"],"picked":"SKIP","floor":47.0},{"not_picked":["WindmillStrike+1","Collect+1"],"picked":"CrushJoints","floor":48.0},{"not_picked":["Ragnarok","Conclude+1"],"picked":"Sanctity","floor":55}],"player_experience":1137302,"relics_obtained":[{"floor":4.0,"key":"CloakClasp"},{"floor":7.0,"key":"Thread and Needle"},{"floor":9.0,"key":"PreservedInsect"},{"floor":11.0,"key":"Potion Belt"},{"floor":14.0,"key":"MealTicket"},{"floor":23.0,"key":"HornCleat"},{"floor":25.0,"key":"Calipers"},{"floor":29.0,"key":"Tiny Chest"},{"floor":30.0,"key":"Regal Pillow"},{"floor":36.0,"key":"Ginger"},{"floor":39.0,"key":"Eternal Feather"},{"floor":39.0,"key":"Anchor"},{"floor":40.0,"key":"Bottled Lightning"},{"floor":43.0,"key":"Pen Nib"},{"floor":43.0,"key":"Strawberry"},{"floor":47.0,"key":"Lantern"},{"floor":55,"key":"Ornamental Fan"}],"event_choices":[{"damage_healed":0.0,"max_hp_gain":5.0,"max_hp_loss":0.0,"gold_gain":0.0,"event_name":"Big Fish","player_choice":"Donut","floor":3.0,"gold_loss":0.0,"damage_taken":0.0},{"damage_healed":0.0,"max_hp_gain":0.0,"max_hp_loss":0.0,"gold_gain":0.0,"event_name":"Lab","player_choice":"Got Potions","floor":19.0,"gold_loss":0.0,"damage_taken":0.0},{"damage_healed":0.0,"max_hp_gain":0.0,"max_hp_loss":0.0,"gold_gain":0.0,"cards_transformed":["Defend_P"],"event_name":"Transmorgrifier","player_choice":"Transformed","floor":46.0,"gold_loss":0.0,"damage_taken":0.0,"cards_obtained":["ClearTheMind"]}],"is_beta":true,"boss_relics":[{"not_picked":["Sozu","Empty Cage"],"picked":"Ectoplasm"},{"not_picked":["Fusion Hammer","Tiny House"],"picked":"Philosopher\u0027s Stone"}],"items_purged_floors":[],"is_endless":false,"potions_floor_spawned":[1,2,12,21,23,25,44,48,55],"ascension_level":20}}