{"host":"rcus31dlwi4i4y2l","time":1610284008,"event":{"mods":["BaseMod","Googly Eyes","Hermit","Minty Spire (QoL Compilation)","StSLib","The Cursed"],"gold_per_floor":[111,129,129,147,97,97,127,146,146,146,163,173,50,50,50,155,155,168,168,179,94,94,94,122,140,187,206,206,206,226,236,236,335,335,351,370,123,123,138,154,171,196,196,196,216,241,241,241,241,241],"floor_reached":51,"playtime":4404,"items_purged":["Strike_B","Defend_B"],"score":676,"play_id":"fce91ccd-625d-42af-b0ec-087036270268","local_time":"20210110070648","is_ascension_mode":false,"campfire_choices":[{"data":"Sunder","floor":6,"key":"SMITH"},{"data":"Gash","floor":10,"key":"SMITH"},{"data":"Gash","floor":15,"key":"SMITH"},{"data":"Seek","floor":23,"key":"SMITH"},{"data":"Gash","floor":29,"key":"SMITH"},{"data":"Echo Form","floor":32,"key":"SMITH"},{"data":"Conserve Battery","floor":44,"key":"SMITH"},{"data":"Beam Cell","floor":47,"key":"SMITH"},{"data":"Beam Cell","floor":49,"key":"SMITH"}],"circlet_count":0,"master_deck":["Zap+1","Sunder+1","Gash+1","Self Repair","Beam Cell+1","Gash+1","Leap","Gash+1","Leap","Seek+1","Hologram+1","Rebound+1","Streamline+1","Heatsinks+1","Stack","Beam Cell+1","Echo Form+1","Electrodynamics","Conserve Battery+1","Loop+1","Scrape+1","Conserve Battery+1","Loop+1","Beam Cell+1"],"relics":["Cracked Core","Dream Catcher","Ice Cream","FossilizedHelix","Empty Cage","Ginger","Lizard Tail","Letter Opener","War Paint","Runic Pyramid","Nunchaku","Blood Vial","Singing Bowl","Mercury Hourglass"],"acts_visited":["Exordium","TheCity","TheBeyond"],"potions_floor_usage":[18,18,27,31,33,33,50,50,50],"damage_taken":[{"damage":1,"enemies":"Cultist","floor":1,"turns":3},{"damage":6,"enemies":"Jaw Worm","floor":2,"turns":3},{"damage":0,"enemies":"2 Louse","floor":4,"turns":1},{"damage":49,"enemies":"Lagavulin","floor":7,"turns":7},{"damage":9,"enemies":"Blue Slaver","floor":8,"turns":3},{"damage":0,"enemies":"Looter","floor":11,"turns":3},{"damage":0,"enemies":"Red Slaver","floor":12,"turns":2},{"damage":12,"enemies":"Hexaghost","floor":16,"turns":9},{"damage":0,"enemies":"3 Byrds","floor":18,"turns":3},{"damage":0,"enemies":"Spheric Guardian","floor":20,"turns":3},{"damage":25,"enemies":"Slavers","floor":24,"turns":4},{"damage":29,"enemies":"Centurion and Healer","floor":25,"turns":5},{"damage":0,"enemies":"Snake Plant","floor":27,"turns":3},{"damage":0,"enemies":"Chosen and Byrds","floor":30,"turns":4},{"damage":0,"enemies":"Snecko","floor":31,"turns":3},{"damage":18,"enemies":"Collector","floor":33,"turns":6},{"damage":0,"enemies":"Orb Walker","floor":35,"turns":3},{"damage":0,"enemies":"3 Shapes","floor":36,"turns":3},{"damage":0,"enemies":"Maw","floor":39,"turns":5},{"damage":36,"enemies":"4 Shapes","floor":40,"turns":4},{"damage":11,"enemies":"Sphere and 2 Shapes","floor":41,"turns":4},{"damage":14,"enemies":"Spire Growth","floor":45,"turns":5},{"damage":6,"enemies":"Reptomancer","floor":46,"turns":5},{"damage":33,"enemies":"Awakened One","floor":50,"turns":9}],"seed_played":"-3924119365449819277","potions_obtained":[{"floor":4,"key":"Dexterity Potion"},{"floor":12,"key":"DistilledChaos"},{"floor":16,"key":"Explosive Potion"},{"floor":25,"key":"SkillPotion"},{"floor":27,"key":"EssenceOfDarkness"},{"floor":30,"key":"ColorlessPotion"},{"floor":31,"key":"EssenceOfDarkness"},{"floor":35,"key":"PotionOfCapacity"},{"floor":45,"key":"DuplicationPotion"},{"floor":46,"key":"Swift Potion"},{"floor":48,"key":"BlessingOfTheForge"}],"is_trial":false,"path_per_floor":["M","M","?","M","?","R","E","M","T","R","M","M","$","?","R","B",null,"M","?","M","?","?","R","E","M","T","M","?","R","M","M","R","B",null,"M","M","$","?","M","M","M","T","T","R","M","E","R","?","R","B",null],"character_chosen":"DEFECT","items_purchased":["Leap","Nunchaku"],"campfire_rested":0,"item_purchase_floors":[13,37],"current_hp_per_floor":[74,68,68,68,68,68,26,24,24,24,31,38,38,31,31,19,75,75,75,75,75,75,75,57,35,35,42,42,42,49,49,49,38,75,75,75,75,75,75,46,35,35,35,35,39,49,49,49,49,18],"gold":241,"neow_bonus":"RANDOM_COMMON_RELIC","is_daily":false,"chose_seed":false,"campfire_upgraded":9,"win_rate":0.0,"timestamp":1610284008,"path_taken":["M","M","?","?","?","R","E","M","T","R","M","M","?","?","R","BOSS","M","?","M","?","?","R","E","M","T","?","?","R","M","M","R","BOSS","M","M","$","?","?","?","M","?","T","R","M","E","R","?","R","BOSS"],"items_purchased_type":["Card","Relic"],"build_version":"2020-12-22","purchased_purges":2,"victory":true,"max_hp_per_floor":[75,75,75,75,75,75,75,75,75,75,75,75,75,75,75,75,75,75,75,75,75,75,75,75,75,75,75,75,75,75,75,75,75,75,75,75,75,75,75,75,75,75,75,75,77,77,77,77,77,77],"card_choices":[{"not_picked":["Hologram","Steam"],"picked":"Sunder","floor":1},{"not_picked":["BootSequence","Rip and Tear"],"picked":"Gash","floor":2},{"not_picked":["Hologram","Hello World"],"picked":"Self Repair","floor":4},{"not_picked":["Genetic Algorithm","Turbo"],"picked":"Beam Cell","floor":7},{"not_picked":["Streamline","Fusion"],"picked":"Gash","floor":8},{"not_picked":["Recycle","Redo"],"picked":"Leap","floor":11},{"not_picked":["Redo","Coolheaded"],"picked":"Gash","floor":12},{"not_picked":["Fission","Buffer"],"picked":"Seek","floor":16},{"not_picked":["Double Energy","Cold Snap","Conserve Battery"],"picked":"SKIP","floor":18},{"not_picked":["Compile Driver","Ball Lightning"],"picked":"Rebound+1","floor":20},{"not_picked":["Coolheaded","Barrage","Ball Lightning+1"],"picked":"SKIP","floor":24},{"not_picked":["FTL+1","Rebound"],"picked":"Streamline+1","floor":25},{"not_picked":["Leap","Rebound"],"picked":"Heatsinks+1","floor":27},{"not_picked":["Compile Driver","Barrage"],"picked":"Beam Cell","floor":30},{"not_picked":["Steam","Sweeping Beam"],"picked":"Echo Form","floor":31},{"not_picked":["Echo Form","Core Surge"],"picked":"Electrodynamics","floor":33},{"not_picked":["Leap","Cold Snap+1"],"picked":"Conserve Battery+1","floor":35},{"not_picked":["Chill","Sweeping Beam+1"],"picked":"Loop","floor":36},{"not_picked":["Chill+1","Coolheaded+1"],"picked":"Scrape+1","floor":39},{"not_picked":["Redo","Barrage"],"picked":"Conserve Battery","floor":40},{"not_picked":["Fusion","Sweeping Beam"],"picked":"Loop+1","floor":41},{"not_picked":["Chill+1","Fission","Stack+1"],"picked":"Singing Bowl","floor":45},{"not_picked":["Redo","Glacier+1"],"picked":"Beam Cell+1","floor":46}],"player_experience":98592,"relics_obtained":[{"floor":7,"key":"Ice Cream"},{"floor":9,"key":"FossilizedHelix"},{"floor":24,"key":"Letter Opener"},{"floor":26,"key":"War Paint"},{"floor":42,"key":"Blood Vial"},{"floor":43,"key":"Singing Bowl"},{"floor":46,"key":"Mercury Hourglass"}],"event_choices":[{"cards_removed":["Strike_B"],"damage_healed":0,"gold_gain":0,"player_choice":"Purged","damage_taken":0,"max_hp_gain":0,"max_hp_loss":0,"event_name":"Purifier","floor":3,"gold_loss":0},{"cards_removed":["Defend_B"],"damage_healed":0,"gold_gain":0,"player_choice":"Card Removal","damage_taken":0,"max_hp_gain":0,"max_hp_loss":0,"event_name":"The Cleric","floor":5,"gold_loss":50},{"cards_removed":["Strike_B"],"damage_healed":0,"gold_gain":0,"player_choice":"Card Removal","damage_taken":7,"max_hp_gain":0,"max_hp_loss":0,"event_name":"Golden Wing","floor":14,"gold_loss":0},{"damage_healed":0,"gold_gain":0,"cards_transformed":["Defend_B","Defend_B"],"player_choice":"Became Test Subject","damage_taken":0,"max_hp_gain":0,"max_hp_loss":0,"event_name":"Drug Dealer","floor":19,"gold_loss":0,"cards_obtained":["Defragment","Hologram"]},{"damage_healed":0,"gold_gain":0,"player_choice":"Obtained Relic","damage_taken":0,"relics_obtained":["Ginger"],"max_hp_gain":0,"max_hp_loss":0,"event_name":"Addict","floor":21,"gold_loss":85},{"damage_healed":0,"gold_gain":0,"player_choice":"Gave Potion","damage_taken":0,"relics_obtained":["Lizard Tail"],"max_hp_gain":0,"max_hp_loss":0,"event_name":"WeMeetAgain","floor":22,"gold_loss":0},{"damage_healed":0,"gold_gain":0,"cards_transformed":["Defragment"],"player_choice":"Transformed","damage_taken":0,"max_hp_gain":0,"max_hp_loss":0,"event_name":"Transmorgrifier","floor":28,"gold_loss":0,"cards_obtained":["Stack"]},{"damage_healed":0,"gold_gain":0,"player_choice":"Forge","damage_taken":0,"max_hp_gain":0,"max_hp_loss":0,"event_name":"Accursed Blacksmith","floor":38,"gold_loss":0,"cards_upgraded":["Loop"]},{"damage_healed":0,"gold_gain":0,"player_choice":"Got Potions","damage_taken":0,"max_hp_gain":0,"max_hp_loss":0,"event_name":"Lab","floor":48,"gold_loss":0}],"is_beta":false,"boss_relics":[{"not_picked":["Ectoplasm","Cursed Key"],"picked":"Empty Cage"},{"not_picked":["Snecko Eye","Fusion Hammer"],"picked":"Runic Pyramid"}],"items_purged_floors":[13,37],"is_endless":false,"potions_floor_spawned":[4,12,16,25,27,30,31,35,45,46],"ascension_level":0}}