{"host":"h8izngm1rsk9a7df","time":1610238484,"event":{"mods":["AchievementEnabler","BaseMod","Colored Map","Colored Powertips","DeckTracker","Downfall","Hubris","Minty Spire (QoL Compilation)","Relic Sorter","StSLib","The Bug Knight","The Disciple","The Necromancer"],"gold_per_floor":[99,99,99,99,110,125,125,144,14,14,48,64,64,164,177,273,273,123,135,146,146,158,175,175,175,186,8,27,12,12,12,26,124,124,124,144,161,40,51,15,15,15,15,15],"floor_reached":42,"playtime":4532,"items_purged":[],"score":450,"play_id":"b58afe15-79a7-4b68-a8ba-e3053843acb9","local_time":"20210109162804","is_ascension_mode":false,"campfire_choices":[{"floor":1.0,"key":"RECALL"},{"floor":13.0,"key":"REST"},{"data":"Slimebound:Overexert","floor":18.0,"key":"SMITH"},{"floor":25.0,"key":"REST"},{"data":"Slimebound:RallyTheTroops","floor":35,"key":"SMITH"}],"circlet_count":0,"master_deck":["Slimebound:Tackle","Slimebound:Defend_Slimebound+1","Slimebound:Defend_Slimebound+1","Slimebound:Defend_Slimebound+1","Slimebound:Defend_Slimebound+1","Slimebound:Split","Slimebound:CorrosiveSpit","Slimebound:SplitAcid","Slimebound:Dissolve","Slimebound:SplitLeeching","Slimebound:BestDefense","Slimebound:Grow","Slimebound:SlimeTap","Slimebound:RejuvenatingLick","Slimebound:PrepareCrush+1","Slimebound:ComboTackle","Slimebound:Gluttony","Slimebound:Overexert+1","Slimebound:GrowthPunch","Slimebound:OneTwoCombo","Slimebound:SlimeBarrage","Slimebound:FirmFortitude","Bite","Bite","Bite","Bite","Bite","Slimebound:FinishingTackle+1","Slimebound:GoopTackle","Slimebound:Equalize","Slimebound:SplitMire+1","Slimebound:MassFeed","Slimebound:SlimeSpikes+1","Slimebound:ViciousTackle+1","Slimebound:Schlurp+1","Slimebound:RallyTheTroops+1","Slimebound:LeechEnergy+1","Slimebound:SpikyOuterGoop","Slimebound:RainOfGoop+1","Slimebound:Prepare+1","Slimebound:Equalize","Slimebound:GoopSpray+1","Slimebound:SlimeSpikes+1","expansioncontent:Corrupt+1","Slimebound:Chomp"],"relics":["Slimebound:AbsorbEndCombat","downfall:HeartsMalice","Thread and Needle","hubris:Backtick","Slimebound:SelfDamagePreventRelic","downfall:HeartBlessingRed","downfall:HeartBlessingBlue","Toxic Egg 2","Black Star","Bag of Preparation","Molten Egg 2"],"acts_visited":["Exordium","TheCity","TheBeyond"],"potions_floor_usage":[42,42],"damage_taken":[{"damage":0.0,"enemies":"Cultist","floor":2.0,"turns":1.0},{"damage":0.0,"enemies":"Small Slimes","floor":3.0,"turns":1.0},{"damage":0.0,"enemies":"Jaw Worm","floor":4.0,"turns":1.0},{"damage":31.0,"enemies":"Lots of Slimes","floor":5.0,"turns":4.0},{"damage":11.0,"enemies":"Exordium Wildlife","floor":6.0,"turns":2.0},{"damage":16.0,"enemies":"Blue Slaver","floor":8.0,"turns":4.0},{"damage":16.0,"enemies":"downfall:FleeingMerchant","floor":9.0,"turns":4.0},{"damage":37.0,"enemies":"Lagavulin","floor":11.0,"turns":4.0},{"damage":5.0,"enemies":"3 Louse","floor":12.0,"turns":2.0},{"damage":20.0,"enemies":"Exordium Thugs","floor":15.0,"turns":4.0},{"damage":41.0,"enemies":"downfall:Watcher","floor":16.0,"turns":6.0},{"damage":25.0,"enemies":"Spheric Guardian","floor":19.0,"turns":5.0},{"damage":4.0,"enemies":"Snake Plant","floor":20.0,"turns":4.0},{"damage":44.0,"enemies":"Cultist and Chosen","floor":22.0,"turns":5.0},{"damage":30.0,"enemies":"Centurion and Healer","floor":23.0,"turns":6.0},{"damage":19.0,"enemies":"Snecko","floor":26.0,"turns":3.0},{"damage":4.0,"enemies":"downfall:FleeingMerchant","floor":27.0,"turns":4.0},{"damage":22.0,"enemies":"3 Cultists","floor":28.0,"turns":3.0},{"damage":16.0,"enemies":"downfall:FleeingMerchant","floor":29.0,"turns":4.0},{"damage":30.0,"enemies":"Shelled Parasite and Fungi","floor":32.0,"turns":5.0},{"damage":38.0,"enemies":"downfall:Defect","floor":33.0,"turns":7.0},{"damage":13,"enemies":"Orb Walker","floor":36,"turns":3},{"damage":45,"enemies":"3 Darklings","floor":37,"turns":5},{"damage":17,"enemies":"downfall:FleeingMerchant","floor":38,"turns":4},{"damage":26,"enemies":"4 Shapes","floor":39,"turns":4},{"damage":0,"enemies":"downfall:FleeingMerchant","floor":40,"turns":1},{"damage":68,"enemies":"2 Orb Walkers","floor":42,"turns":5}],"seed_played":"404925087834154760","potions_obtained":[{"floor":6.0,"key":"Dexterity Potion"},{"floor":11.0,"key":"SkillPotion"},{"floor":15.0,"key":"DistilledChaos"},{"floor":16.0,"key":"FairyPotion"},{"floor":19.0,"key":"Weak Potion"},{"floor":20.0,"key":"champ:CounterPotion"},{"floor":30.0,"key":"CultistPotion"},{"floor":39,"key":"Guardian:BlockOnCardUsePotion"}],"is_trial":false,"path_per_floor":["R","M","M","M","M","M","T","M","$","?","E","M","R","?","M","B",null,"R","M","M","?","M","M","T","R","M","$","M","$","?","?","M","B",null,"R","M","M","$","M","$","T","?"],"character_chosen":"SLIMEBOUND","items_purchased":["Slimebound:PrepareCrush","Slimebound:ComboTackle","Slimebound:MassFeed","Slimebound:Prepare+1","Slimebound:Equalize","Bag of Preparation","expansioncontent:Corrupt+1","Slimebound:Chomp"],"campfire_rested":2,"item_purchase_floors":[9,9,27,38,38,40,40,40],"current_hp_per_floor":[60,60,60,60,43,44,44,40,42,42,23,22,40,40,38,11,60,70,57,63,49,20,14,14,28,21,33,21,29,29,29,31,29,49,49,45,34,31,21,23,23,0,0,0],"gold":15,"neow_bonus":"THREE_ENEMY_KILL","is_daily":false,"chose_seed":false,"campfire_upgraded":2,"win_rate":0.0,"timestamp":1610238484,"path_taken":["R","M","M","M","M","M","T","M","?","?","E","?","R","?","M","BOSS","R","M","M","?","M","M","T","R","M","$","M","$","?","?","M","BOSS","R","M","M","$","M","$","T","?"],"items_purchased_type":["Card","Card","Card","Card","Card","Relic","Card","Card"],"build_version":"2020-12-22","purchased_purges":0,"victory":false,"max_hp_per_floor":[60,60,60,60,60,60,60,60,60,60,60,60,60,60,60,60,60,70,70,70,49,49,49,49,49,49,49,49,49,49,49,49,49,49,49,52,52,52,52,52,52,52,52,52],"card_choices":[{"not_picked":["Slimebound:SpikyOuterGoop","Slimebound:GrowthPunch"],"picked":"Slimebound:SplitAcid","floor":2.0},{"not_picked":["Slimebound:Nibble","Slimebound:ComboTackle"],"picked":"Slimebound:Dissolve","floor":3.0},{"not_picked":["Slimebound:LeechEnergy","Slimebound:SplitMire"],"picked":"Slimebound:SplitLeeching","floor":4.0},{"not_picked":["Slimebound:ComboTackle","Slimebound:SplitMire"],"picked":"Slimebound:BestDefense","floor":5.0},{"not_picked":["Slimebound:SplitLeeching","Slimebound:SplitAcid"],"picked":"Slimebound:Grow","floor":6.0},{"not_picked":["Slimebound:Equalize","Slimebound:Schlurp"],"picked":"Slimebound:SlimeTap","floor":8.0},{"not_picked":["Slimebound:ItLooksTasty","Slimebound:BestDefense"],"picked":"Slimebound:RejuvenatingLick","floor":9.0},{"not_picked":["Slimebound:ForwardTackle","Slimebound:SlimeSpikes"],"picked":"Slimebound:Gluttony","floor":11.0},{"not_picked":["Slimebound:LeechEnergy","Slimebound:SplitAcid"],"picked":"Slimebound:Overexert","floor":12.0},{"not_picked":["Slimebound:PressTheAttack","Slimebound:SplitBruiser"],"picked":"Slimebound:GrowthPunch","floor":15.0},{"not_picked":["Slimebound:PrepareCrush","Slimebound:RallyTheTroops"],"picked":"Slimebound:OneTwoCombo","floor":16.0},{"not_picked":["Slimebound:SpikyOuterGoop","Slimebound:ComboTackle"],"picked":"Slimebound:SlimeBarrage","floor":19.0},{"not_picked":["Slimebound:SamplingLick","Slimebound:SlimeSpikes"],"picked":"Slimebound:FirmFortitude","floor":20.0},{"not_picked":["Slimebound:LeadByExample","Slimebound:Schlurp+1"],"picked":"Slimebound:FinishingTackle+1","floor":22.0},{"not_picked":["Slimebound:Gluttony","Slimebound:ComboTackle"],"picked":"Slimebound:GoopTackle","floor":23.0},{"not_picked":["Slimebound:ItLooksTasty","Slimebound:GoopTackle+1"],"picked":"Slimebound:Equalize","floor":26.0},{"not_picked":["Slimebound:SlimeTap+1","Slimebound:ForwardTackle"],"picked":"Slimebound:SplitMire+1","floor":27.0},{"not_picked":["Slimebound:LeechingTouch+1","Slimebound:PrepareCrush+1"],"picked":"Slimebound:SlimeSpikes+1","floor":28.0},{"not_picked":["Slimebound:SplitBruiser+1","Slimebound:LeechEnergy"],"picked":"Slimebound:ViciousTackle+1","floor":29.0},{"not_picked":["Slimebound:PressTheAttack","Slimebound:Equalize+1"],"picked":"Slimebound:Schlurp+1","floor":32.0},{"not_picked":["Slimebound:DuplicatedForm","Slimebound:MassFeed"],"picked":"Slimebound:RallyTheTroops","floor":33.0},{"not_picked":["Slimebound:SplitLeeching+1","Slimebound:FinishingTackle"],"picked":"Slimebound:LeechEnergy+1","floor":36},{"not_picked":["Slimebound:Replication+1","Slimebound:SplitMire+1"],"picked":"Slimebound:SpikyOuterGoop","floor":37},{"not_picked":["Slimebound:PressTheAttack+1","Slimebound:FinishingTackle"],"picked":"Slimebound:RainOfGoop+1","floor":38},{"not_picked":["Slimebound:GrowthPunch+1","Slimebound:Dissolve+1"],"picked":"Slimebound:GoopSpray+1","floor":39},{"not_picked":["Slimebound:HauntingLick+1","Slimebound:SplitMire+1"],"picked":"Slimebound:SlimeSpikes+1","floor":40}],"player_experience":94941,"relics_obtained":[{"floor":11.0,"key":"Thread and Needle"},{"floor":24.0,"key":"Toxic Egg 2"},{"floor":41,"key":"Molten Egg 2"}],"event_choices":[{"damage_healed":0.0,"max_hp_gain":0.0,"max_hp_loss":0.0,"gold_gain":0.0,"event_name":"Accursed Blacksmith","player_choice":"Forge","floor":10.0,"gold_loss":0.0,"damage_taken":0.0,"cards_upgraded":["Slimebound:PrepareCrush"]},{"damage_healed":0.0,"max_hp_gain":0.0,"max_hp_loss":21.0,"gold_gain":0.0,"event_name":"Vampires","player_choice":"Became a vampire","floor":21.0,"gold_loss":0.0,"damage_taken":0.0,"cards_obtained":["Bite","Bite","Bite","Bite","Bite"]},{"damage_healed":0.0,"max_hp_gain":0.0,"max_hp_loss":0.0,"gold_gain":0.0,"event_name":"Back to Basics","player_choice":"Simplicity","floor":31.0,"gold_loss":0.0,"damage_taken":0.0,"cards_upgraded":["Slimebound:Defend_Slimebound","Slimebound:Defend_Slimebound","Slimebound:Defend_Slimebound","Slimebound:Defend_Slimebound"]},{"damage_healed":0,"gold_gain":0,"player_choice":"Fight","damage_taken":0,"max_hp_gain":0,"max_hp_loss":0,"event_name":"Mysterious Sphere","floor":42,"gold_loss":0}],"is_beta":false,"boss_relics":[{"not_picked":["Pandora\u0027s Box","SacredBark"],"picked":"hubris:Backtick"},{"not_picked":["hubris:CrackedHourglass","Slimebound:TarBlob"],"picked":"Black Star"}],"items_purged_floors":[],"is_endless":false,"potions_floor_spawned":[6,11,15,16,19,20,22,39],"killed_by":"2 Orb Walkers","ascension_level":0}}