{"host":"os7ajuuouznx3pj7","time":1610292583,"event":{"mods":["AchievementEnabler","BaseMod","Bestiary","Block Reminder","Colored Map","Colored Powertips","Keyboard Shortcuts","Minty Spire (QoL Compilation)","Quick Restart","Relic Sorter","Relic Stats","SuperFastMode"],"gold_per_floor":[118,118,118,118,139,139,170,95,148,189,189,189,189,207,207,335,335,354,354,368,368,219,219,230,230,304,316,316,45,45,45,45,140,140,157,66,66,66,84,84,104,0,0,20,20,20,30,30,30,30],"floor_reached":51,"playtime":1181,"items_purged":["Strike_P","Strike_P","Strike_P"],"score":751,"play_id":"ab50338c-e82d-45e0-9dca-992664a527e0","local_time":"20210110132943","is_ascension_mode":false,"campfire_choices":[{"data":"Eruption","floor":6.0,"key":"SMITH"},{"data":"PathToVictory","floor":11.0,"key":"SMITH"},{"data":"BowlingBash","floor":13.0,"key":"SMITH"},{"data":"PathToVictory","floor":15.0,"key":"SMITH"},{"data":"PathToVictory","floor":28.0,"key":"SMITH"},{"data":"ThirdEye","floor":32.0,"key":"SMITH"},{"floor":40.0,"key":"REST"},{"floor":45.0,"key":"REST"},{"floor":49.0,"key":"REST"}],"circlet_count":0,"master_deck":["Defend_P+1","Defend_P+1","Vigilance+1","BowlingBash+1","FollowUp+1","PathToVictory+1","PathToVictory+1","ThirdEye+1","PathToVictory+1","ThirdEye+1","EmptyFist+1","Trip+1","ThirdEye+1","SashWhip+1"],"relics":["PureWater","NeowsBlessing","Lantern","Bloody Idol","Strawberry","Orichalcum","Molten Egg 2","Philosopher\u0027s Stone","Kunai","Anchor","Empty Cage","Mark of the Bloom","Red Mask","Meat on the Bone"],"acts_visited":["Exordium","TheCity","TheBeyond"],"potions_floor_usage":[50,50],"damage_taken":[{"damage":0.0,"enemies":"2 Louse","floor":1.0,"turns":1.0},{"damage":0.0,"enemies":"Small Slimes","floor":5.0,"turns":1.0},{"damage":0.0,"enemies":"Gremlin Nob","floor":7.0,"turns":1.0},{"damage":10.0,"enemies":"Lagavulin","floor":10.0,"turns":4.0},{"damage":1.0,"enemies":"Jaw Worm","floor":14.0,"turns":2.0},{"damage":51.0,"enemies":"Hexaghost","floor":16.0,"turns":7.0},{"damage":9.0,"enemies":"Shell Parasite","floor":18.0,"turns":4.0},{"damage":7.0,"enemies":"2 Thieves","floor":20.0,"turns":3.0},{"damage":15.0,"enemies":"Snecko","floor":24.0,"turns":4.0},{"damage":14.0,"enemies":"Centurion and Healer","floor":27.0,"turns":3.0},{"damage":0.0,"enemies":"3 Cultists","floor":30.0,"turns":1.0},{"damage":6.0,"enemies":"Colosseum Slavers","floor":31.0,"turns":3.0},{"damage":43.0,"enemies":"Champ","floor":33.0,"turns":6.0},{"damage":0.0,"enemies":"Orb Walker","floor":35.0,"turns":2.0},{"damage":0.0,"enemies":"3 Shapes","floor":39.0,"turns":3.0},{"damage":5.0,"enemies":"Jaw Worm Horde","floor":41.0,"turns":3.0},{"damage":4.0,"enemies":"Maw","floor":44.0,"turns":6.0},{"damage":9.0,"enemies":"Writhing Mass","floor":47.0,"turns":4.0},{"damage":57,"enemies":"Donu and Deca","floor":50,"turns":8}],"seed_played":"6417563731687103002","potions_obtained":[{"floor":1.0,"key":"Swift Potion"},{"floor":5.0,"key":"EssenceOfSteel"},{"floor":14.0,"key":"EssenceOfSteel"},{"floor":24.0,"key":"GamblersBrew"},{"floor":27.0,"key":"SmokeBomb"},{"floor":35.0,"key":"LiquidMemories"}],"is_trial":false,"path_per_floor":["M","?","?","?","M","R","E","$","T","E","R","?","R","M","R","B",null,"M","?","M","?","$","?","M","?","T","M","R","$","M","?","R","B",null,"M","$","?","?","M","R","M","?","T","M","R","?","M","?","R","B",null],"character_chosen":"WATCHER","items_purchased":["PathToVictory","Anchor","Trip"],"campfire_rested":3,"item_purchase_floors":[22,29,36],"current_hp_per_floor":[72,69,67,54,54,54,61,61,61,51,51,56,56,55,55,4,79,70,70,63,63,63,63,53,79,79,70,70,70,70,64,64,26,79,79,79,79,79,79,79,74,74,74,70,70,70,61,61,61,4],"gold":30,"neow_bonus":"THREE_ENEMY_KILL","is_daily":false,"chose_seed":false,"campfire_upgraded":6,"win_rate":0.0,"timestamp":1610292583,"path_taken":["M","?","?","?","M","R","E","$","T","E","R","?","R","M","R","BOSS","M","?","M","?","?","?","M","?","T","M","R","$","?","?","R","BOSS","M","$","?","?","M","R","M","?","T","M","R","?","M","?","R","BOSS"],"items_purchased_type":["Card","Relic","Card"],"build_version":"2020-12-22","purchased_purges":3,"victory":true,"max_hp_per_floor":[72,72,67,67,67,67,74,74,74,74,74,79,79,79,79,79,79,79,79,79,79,79,79,79,79,79,79,79,79,79,79,79,79,79,79,79,79,79,79,79,79,79,79,79,79,79,79,79,79,79],"relic_stats":{"Mark of the Bloom":101,"counters":[19,66],"Bloody Idol":15,"Kunai":[2],"Orichalcum":[72],"obtain_stats":[{"Lantern":2,"Mark of the Bloom":38,"NeowsBlessing":0,"Golden Idol":3,"Orichalcum":9,"Empty Cage":34,"Anchor":29,"Strawberry":7,"Bloody Idol":21,"Molten Egg 2":10,"Philosopher\u0027s Stone":17,"Red Mask":42,"Kunai":26,"PureWater":0,"Meat on the Bone":43},{"Lantern":1,"Mark of the Bloom":14,"NeowsBlessing":0,"Golden Idol":1,"Orichalcum":3,"Empty Cage":13,"Anchor":10,"Strawberry":3,"Bloody Idol":8,"Molten Egg 2":4,"Philosopher\u0027s Stone":6,"Red Mask":16,"Kunai":9,"PureWater":0,"Meat on the Bone":16},{"Lantern":1,"Mark of the Bloom":42,"NeowsBlessing":0,"Golden Idol":1,"Orichalcum":3,"Empty Cage":40,"Anchor":30,"Strawberry":3,"Bloody Idol":23,"Molten Egg 2":7,"Philosopher\u0027s Stone":16,"Red Mask":48,"Kunai":27,"PureWater":0,"Meat on the Bone":48}],"Meat on the Bone":0},"card_choices":[{"not_picked":["Perseverance","SandsOfTime","FearNoEvil"],"picked":"SKIP","floor":1.0},{"not_picked":["Evaluate","ThirdEye"],"picked":"BowlingBash","floor":5.0},{"not_picked":["Crescendo","JustLucky"],"picked":"FollowUp","floor":7.0},{"not_picked":["Halt","Consecrate+1"],"picked":"PathToVictory","floor":10.0},{"not_picked":["WheelKick+1","CutThroughFate+1"],"picked":"PathToVictory","floor":14.0},{"not_picked":["Pray","WreathOfFlame+1","JustLucky+1"],"picked":"SKIP","floor":18.0},{"not_picked":["Indignation","CutThroughFate+1"],"picked":"ThirdEye","floor":20.0},{"not_picked":["WreathOfFlame+1","SignatureMove+1","Consecrate+1"],"picked":"SKIP","floor":24.0},{"not_picked":["Worship","Study"],"picked":"ThirdEye","floor":27.0},{"not_picked":["Nirvana","Halt"],"picked":"EmptyFist+1","floor":35.0},{"not_picked":["Perseverance+1","Halt+1"],"picked":"ThirdEye+1","floor":39.0},{"not_picked":["Protect","EmptyBody"],"picked":"SashWhip+1","floor":41.0},{"not_picked":["Vengeance+1","SandsOfTime+1","EmptyFist+1"],"picked":"SKIP","floor":44.0},{"not_picked":["FlyingSleeves+1","Tantrum+1","CrushJoints+1"],"picked":"SKIP","floor":47.0}],"player_experience":904615,"relics_obtained":[{"floor":7.0,"key":"Strawberry"},{"floor":9.0,"key":"Orichalcum"},{"floor":10.0,"key":"Molten Egg 2"},{"floor":26.0,"key":"Kunai"},{"floor":43.0,"key":"Meat on the Bone"}],"event_choices":[{"damage_healed":0.0,"max_hp_gain":0.0,"max_hp_loss":0.0,"gold_gain":0.0,"event_name":"Scrap Ooze","player_choice":"Success","floor":2.0,"gold_loss":0.0,"damage_taken":3.0,"relics_obtained":["Lantern"]},{"damage_healed":0.0,"max_hp_gain":0.0,"max_hp_loss":5.0,"gold_gain":0.0,"event_name":"Golden Idol","player_choice":"Lose Max HP","floor":3.0,"gold_loss":0.0,"damage_taken":0.0,"relics_obtained":["Golden Idol"]},{"damage_healed":0.0,"max_hp_gain":0.0,"max_hp_loss":0.0,"gold_gain":0.0,"event_name":"Shining Light","player_choice":"Entered Light","floor":4.0,"gold_loss":0.0,"damage_taken":13.0,"cards_upgraded":["Defend_P","Defend_P"]},{"damage_healed":0.0,"max_hp_gain":5.0,"max_hp_loss":0.0,"gold_gain":0.0,"event_name":"Big Fish","player_choice":"Donut","floor":12.0,"gold_loss":0.0,"damage_taken":0.0},{"cards_removed":["Strike_P"],"damage_healed":0.0,"max_hp_gain":0.0,"max_hp_loss":0.0,"gold_gain":0.0,"event_name":"Back to Basics","player_choice":"Elegance","floor":19.0,"gold_loss":0.0,"damage_taken":0.0},{"damage_healed":0.0,"max_hp_gain":0.0,"max_hp_loss":0.0,"gold_gain":0.0,"event_name":"Forgotten Altar","player_choice":"Gave Idol","floor":21.0,"relics_lost":["Golden Idol"],"gold_loss":0.0,"damage_taken":0.0,"relics_obtained":["Bloody Idol"]},{"damage_healed":0.0,"max_hp_gain":0.0,"max_hp_loss":0.0,"gold_gain":0.0,"event_name":"Ghosts","player_choice":"Ignored","floor":23.0,"gold_loss":0.0,"damage_taken":0.0},{"damage_healed":26.0,"max_hp_gain":0.0,"max_hp_loss":0.0,"gold_gain":0.0,"event_name":"The Library","player_choice":"Heal","floor":25.0,"gold_loss":0.0,"damage_taken":0.0},{"damage_healed":0.0,"max_hp_gain":0.0,"max_hp_loss":0.0,"gold_gain":0.0,"event_name":"Colosseum","player_choice":"Fight","floor":31.0,"gold_loss":0.0,"damage_taken":0.0},{"damage_healed":0.0,"max_hp_gain":0.0,"max_hp_loss":0.0,"gold_gain":0.0,"event_name":"Colosseum","player_choice":"Fled From Nobs","floor":31.0,"gold_loss":0.0,"damage_taken":0.0},{"cards_removed":["Eruption"],"damage_healed":0.0,"max_hp_gain":0.0,"max_hp_loss":0.0,"gold_gain":0.0,"event_name":"Falling","player_choice":"Removed Attack","floor":37.0,"gold_loss":0.0,"damage_taken":0.0},{"damage_healed":0.0,"max_hp_gain":0.0,"max_hp_loss":0.0,"gold_gain":0.0,"event_name":"MindBloom","player_choice":"Upgrade","floor":38.0,"gold_loss":0.0,"damage_taken":0.0,"cards_upgraded":["Vigilance","FollowUp","ThirdEye","Trip"],"relics_obtained":["Mark of the Bloom"]},{"damage_healed":0.0,"max_hp_gain":0.0,"max_hp_loss":0.0,"gold_gain":0.0,"event_name":"Tomb of Lord Red Mask","player_choice":"Paid","floor":42.0,"gold_loss":104.0,"damage_taken":0.0,"relics_obtained":["Red Mask"]},{"damage_healed":0.0,"max_hp_gain":0.0,"max_hp_loss":0.0,"gold_gain":0.0,"event_name":"SensoryStone","player_choice":"Memory 1","floor":46.0,"gold_loss":0.0,"damage_taken":0.0},{"damage_healed":0.0,"max_hp_gain":0.0,"max_hp_loss":0.0,"gold_gain":0.0,"event_name":"Mysterious Sphere","player_choice":"Ignored","floor":48.0,"gold_loss":0.0,"damage_taken":0.0}],"is_beta":false,"boss_relics":[{"not_picked":["Velvet Choker","Astrolabe"],"picked":"Philosopher\u0027s Stone"},{"not_picked":["SlaversCollar","SacredBark"],"picked":"Empty Cage"}],"items_purged_floors":[8,22,29],"is_endless":false,"potions_floor_spawned":[1,5,14,24,27,31,35],"ascension_level":0}}