{"host":"jm9833yuloeli2yd","time":1610294793,"event":{"mods":["BaseMod","Better Altar","Better Match","Better Note","Better Sensory Stone","Better Skull","Better Third Choice","Better Vampires","BetterRewards","Colored Map","Colored Powertips","DeckTracker","Minty Spire (QoL Compilation)","Permanent Neow","Quick Restart","Slay-I","StSLib","SuperFastMode"],"gold_per_floor":[111,130,144,20,32,65,65,65,91,116,127,127,165,189,189,277,277,305,378,63,85,135,135,170,170,170,220,248,298,357,11,11,95,95,122,227,36,86,86,86],"floor_reached":39,"playtime":1030,"items_purged":["Strike_G","Strike_G","Strike_G"],"score":855,"play_id":"b745f56c-d783-45aa-a52a-1bac5e6159d0","local_time":"20210110110633","is_ascension_mode":true,"campfire_choices":[{"data":"Neutralize","floor":7.0,"key":"SMITH"},{"data":"Calculated Gamble","floor":15.0,"key":"SMITH"},{"floor":23.0,"key":"REST"},{"floor":25,"key":"REST"},{"data":"Catalyst","floor":32,"key":"SMITH"}],"circlet_count":0,"master_deck":["AscendersBane","Defend_G","Defend_G","Defend_G","Defend_G","Defend_G","Survivor","Neutralize+1","CurseOfTheBell","Dagger Throw","Blade Dance","Noxious Fumes+1","Calculated Gamble+1","Predator","Predator","Deflect","Blur","Corpse Explosion","Caltrops+1","Envenom+1","Catalyst+1","Footwork+1","Escape Plan","Accuracy+1","Well Laid Plans+1","Wraith Form v2+1","Leg Sweep","After Image+1","Blade Dance","Blur"],"relics":["Calling Bell","Bronze Scales","Frozen Egg 2","FossilizedHelix","Snake Skull","Art of War","Regal Pillow","SsserpentHead","CeramicFish","Sozu","Juzu Bracelet","Dream Catcher","Bag of Marbles","Orichalcum","Oddly Smooth Stone","TwistedFunnel","Empty Cage","Tough Bandages"],"acts_visited":["Exordium","TheCity","TheBeyond"],"potions_floor_usage":[24],"damage_taken":[{"damage":0.0,"enemies":"2 Louse","floor":1.0,"turns":3.0},{"damage":0.0,"enemies":"Jaw Worm","floor":2.0,"turns":4.0},{"damage":0.0,"enemies":"Cultist","floor":3.0,"turns":4.0},{"damage":1.0,"enemies":"Gremlin Gang","floor":5.0,"turns":4.0},{"damage":7.0,"enemies":"3 Sentries","floor":6.0,"turns":5.0},{"damage":5.0,"enemies":"Lagavulin","floor":10.0,"turns":6.0},{"damage":0.0,"enemies":"3 Louse","floor":11.0,"turns":2.0},{"damage":13.0,"enemies":"Gremlin Nob","floor":13.0,"turns":4.0},{"damage":0.0,"enemies":"Red Slaver","floor":14.0,"turns":2.0},{"damage":21.0,"enemies":"Slime Boss","floor":16.0,"turns":6.0},{"damage":11.0,"enemies":"2 Thieves","floor":18.0,"turns":2.0},{"damage":40.0,"enemies":"Spheric Guardian","floor":21.0,"turns":6.0},{"damage":32,"enemies":"Book of Stabbing","floor":24,"turns":5},{"damage":16,"enemies":"Centurion and Healer","floor":28,"turns":5},{"damage":19,"enemies":"Automaton","floor":33,"turns":10},{"damage":0,"enemies":"3 Shapes","floor":35,"turns":5},{"damage":50,"enemies":"2 Orb Walkers","floor":36,"turns":3},{"damage":23,"enemies":"3 Darklings","floor":39,"turns":2}],"seed_played":"8759489713777834374","potions_obtained":[{"floor":2.0,"key":"Ancient Potion"},{"floor":3.0,"key":"SteroidPotion"},{"floor":10.0,"key":"EssenceOfSteel"},{"floor":11.0,"key":"PowerPotion"},{"floor":16.0,"key":"BlessingOfTheForge"}],"is_trial":false,"path_per_floor":["M","M","M","$","M","E","R","?","T","E","M","?","E","M","R","B",null,"M","T","$","M","?","R","E","R","T","?","M","?","?","$","R","B",null,"M","?","$","?","M"],"character_chosen":"THE_SILENT","items_purchased":["Noxious Fumes+1","Calculated Gamble","Footwork+1","Dream Catcher","Leg Sweep","TwistedFunnel","Blur"],"campfire_rested":2,"item_purchase_floors":[4,4,20,20,31,31,37],"current_hp_per_floor":[59,59,59,59,58,51,51,56,56,51,51,51,38,38,38,17,58,47,47,47,7,7,43,11,47,47,47,31,81,61,61,61,42,71,71,21,21,21,0,0],"gold":86,"neow_bonus":"BOSS_RELIC","is_daily":false,"chose_seed":false,"campfire_upgraded":3,"win_rate":0.0,"timestamp":1610294793,"path_taken":["M","M","M","$","M","E","R","?","T","E","M","?","E","M","R","BOSS","M","?","$","M","?","R","E","R","T","?","M","?","?","$","R","BOSS","M","?","$","?","M"],"items_purchased_type":["Card","Card","Card","Relic","Card","Relic","Card"],"build_version":"2020-12-22","purchased_purges":3,"victory":false,"max_hp_per_floor":[66,66,66,66,66,66,66,71,71,71,71,71,71,71,71,71,71,71,71,71,71,71,71,71,71,71,71,71,81,81,81,81,81,81,81,81,81,81,81,81],"card_choices":[{"not_picked":["Flechettes","All Out Attack"],"picked":"Die Die Die","floor":1.0},{"not_picked":["Outmaneuver","Backflip"],"picked":"Dagger Throw","floor":2.0},{"not_picked":["Riddle With Holes","Concentrate"],"picked":"Blade Dance","floor":3.0},{"not_picked":["All Out Attack","Underhanded Strike"],"picked":"Predator","floor":5.0},{"not_picked":["Underhanded Strike","Slice"],"picked":"Predator","floor":6.0},{"not_picked":["Prepared","Expertise"],"picked":"Deflect","floor":10.0},{"not_picked":["Dodge and Roll","Distraction"],"picked":"Blur","floor":11.0},{"not_picked":["Slice","Accuracy+1"],"picked":"Corpse Explosion","floor":13.0},{"not_picked":["Quick Slash","Prepared"],"picked":"Caltrops+1","floor":14.0},{"not_picked":["A Thousand Cuts+1","Phantasmal Killer"],"picked":"Envenom+1","floor":16.0},{"not_picked":["Eviscerate","Prepared"],"picked":"Catalyst","floor":18.0},{"not_picked":["Eviscerate","Bane"],"picked":"Escape Plan","floor":21.0},{"not_picked":["Unload","Poisoned Stab"],"picked":"Accuracy+1","floor":24},{"not_picked":["Blade Dance","Prepared"],"picked":"Well Laid Plans+1","floor":28},{"not_picked":["Bullet Time","Storm of Steel"],"picked":"After Image+1","floor":33},{"not_picked":["Outmaneuver","Leg Sweep"],"picked":"Blade Dance","floor":35}],"player_experience":1298144,"relics_obtained":[{"floor":0.0,"key":"Bronze Scales"},{"floor":0.0,"key":"Frozen Egg 2"},{"floor":0.0,"key":"FossilizedHelix"},{"floor":6.0,"key":"Snake Skull"},{"floor":9.0,"key":"Art of War"},{"floor":10.0,"key":"Regal Pillow"},{"floor":13.0,"key":"CeramicFish"},{"floor":19.0,"key":"Juzu Bracelet"},{"floor":24,"key":"Bag of Marbles"},{"floor":26,"key":"Orichalcum"},{"floor":27,"key":"Oddly Smooth Stone"},{"floor":36,"key":"Tough Bandages"}],"event_choices":[{"damage_healed":0.0,"max_hp_gain":5.0,"max_hp_loss":0.0,"gold_gain":0.0,"event_name":"Big Fish","player_choice":"Donut","floor":8.0,"gold_loss":0.0,"damage_taken":0.0},{"damage_healed":0.0,"max_hp_gain":0.0,"max_hp_loss":0.0,"gold_gain":0.0,"event_name":"FaceTrader","player_choice":"Trade","floor":12.0,"gold_loss":0.0,"damage_taken":0.0,"relics_obtained":["SsserpentHead"]},{"damage_healed":0.0,"max_hp_gain":0.0,"max_hp_loss":0.0,"gold_gain":0.0,"event_name":"Cursed Tome","player_choice":"Ignored","floor":22.0,"gold_loss":0.0,"damage_taken":0.0},{"damage_healed":0,"gold_gain":0,"player_choice":"Relic","damage_taken":0,"max_hp_gain":0,"max_hp_loss":0,"event_name":"Wheel of Change","floor":27,"gold_loss":0},{"cards_removed":["Die Die Die"],"damage_healed":40,"gold_gain":0,"player_choice":"Offered Rare","damage_taken":0,"max_hp_gain":10,"max_hp_loss":0,"event_name":"Bonfire Elementals","floor":29,"gold_loss":0},{"damage_healed":0,"gold_gain":2,"player_choice":"2","damage_taken":0,"max_hp_gain":0,"max_hp_loss":20,"event_name":"betterStone:BetterStone","floor":30,"gold_loss":0},{"damage_healed":0,"gold_gain":0,"player_choice":"Fight","damage_taken":0,"max_hp_gain":0,"max_hp_loss":0,"event_name":"Mysterious Sphere","floor":36,"gold_loss":0},{"damage_healed":0,"gold_gain":0,"player_choice":"Got Potions","damage_taken":0,"max_hp_gain":0,"max_hp_loss":0,"event_name":"Lab","floor":38,"gold_loss":0}],"is_beta":false,"boss_relics":[{"not_picked":["Busted Crown","SacredBark"],"picked":"Sozu"},{"not_picked":["WristBlade","Runic Dome"],"picked":"Empty Cage"}],"items_purged_floors":[20,31,37],"is_endless":false,"potions_floor_spawned":[2,3,10,11,13,16,18,21,35],"killed_by":"3 Darklings","ascension_level":20}}