{"host":"d61fcf2p3sjwe6yo","time":1610298226,"event":{"mods":["AchievementEnabler","BaseMod","Colored Map","Minty Spire (QoL Compilation)","StSLib","SuperFastMode"],"gold_per_floor":[214,234,244,169,169,198,198,233,245,284,307,354,366,396,408,525,537,567,56,76,95,111,142,142,142,216,251,251,261,295,313,313,415,415,434,447,447,457,127,161,180,206,206,220,220,220,236,261,261,261,261,261,58,86,86,86],"floor_reached":55,"playtime":4084,"items_purged":["Defend_P","Defend_P","Parasite"],"score":1349,"play_id":"5aab57fc-49b5-45ed-8a15-5559e22990b9","local_time":"20210110200346","is_ascension_mode":true,"campfire_choices":[{"data":"Eruption","floor":7.0,"key":"SMITH"},{"data":"CrushJoints","floor":13.0,"key":"SMITH"},{"data":"SandsOfTime","floor":15.0,"key":"SMITH"},{"data":"Devotion","floor":24.0,"key":"SMITH"},{"floor":28.0,"key":"REST"},{"floor":32.0,"key":"REST"},{"data":"Vault","floor":45.0,"key":"SMITH"},{"floor":49,"key":"RECALL"},{"data":"TalkToTheHand","floor":52,"key":"SMITH"}],"circlet_count":0,"master_deck":["AscendersBane","Eruption+1","Vigilance","ClearTheMind","CrushJoints+1","SandsOfTime+1","Tantrum","Adaptation","Perseverance","EmptyBody","Devotion+1","FlurryOfBlows","Wallop","Crescendo","EmptyBody","Evaluate+1","Vault+1","FlurryOfBlows+1","Perseverance+1","Wallop","TalkToTheHand+1","Perseverance","DeceiveReality","WindmillStrike+1","FlurryOfBlows+1"],"relics":["PureWater","Thread and Needle","Darkstone Periapt","MawBank","Incense Burner","Blood Vial","Lantern","Empty Cage","Vajra","Lee\u0027s Waffle","The Courier","Letter Opener","Singing Bowl","CloakClasp","Dream Catcher","Pandora\u0027s Box","Gambling Chip","Art of War","Oddly Smooth Stone","Strawberry","Damaru","InkBottle"],"acts_visited":["Exordium","TheCity","TheBeyond","TheEnding"],"potions_floor_usage":[48,48,48,50,55],"damage_taken":[{"damage":2.0,"enemies":"Cultist","floor":1.0,"turns":3.0},{"damage":0.0,"enemies":"Small Slimes","floor":2.0,"turns":3.0},{"damage":0.0,"enemies":"2 Louse","floor":3.0,"turns":3.0},{"damage":8.0,"enemies":"Lagavulin","floor":6.0,"turns":7.0},{"damage":21.0,"enemies":"Gremlin Nob","floor":8.0,"turns":4.0},{"damage":18.0,"enemies":"3 Sentries","floor":10.0,"turns":5.0},{"damage":0.0,"enemies":"Red Slaver","floor":11.0,"turns":3.0},{"damage":0.0,"enemies":"Gremlin Nob","floor":12.0,"turns":2.0},{"damage":2.0,"enemies":"3 Louse","floor":14.0,"turns":3.0},{"damage":2.0,"enemies":"Hexaghost","floor":16.0,"turns":7.0},{"damage":21.0,"enemies":"3 Byrds","floor":18.0,"turns":6.0},{"damage":0.0,"enemies":"Spheric Guardian","floor":20.0,"turns":3.0},{"damage":0.0,"enemies":"Snecko","floor":21.0,"turns":5.0},{"damage":12.0,"enemies":"Snake Plant","floor":22.0,"turns":3.0},{"damage":23.0,"enemies":"Book of Stabbing","floor":23.0,"turns":4.0},{"damage":35.0,"enemies":"Slavers","floor":27.0,"turns":6.0},{"damage":0.0,"enemies":"Shelled Parasite and Fungi","floor":29.0,"turns":5.0},{"damage":21.0,"enemies":"Gremlin Leader","floor":30.0,"turns":5.0},{"damage":0.0,"enemies":"Snecko","floor":31.0,"turns":4.0},{"damage":12.0,"enemies":"Champ","floor":33.0,"turns":8.0},{"damage":0.0,"enemies":"Orb Walker","floor":35.0,"turns":4.0},{"damage":4.0,"enemies":"3 Darklings","floor":36.0,"turns":8.0},{"damage":1.0,"enemies":"Writhing Mass","floor":38.0,"turns":8.0},{"damage":28.0,"enemies":"Reptomancer","floor":40.0,"turns":11.0},{"damage":0.0,"enemies":"Sphere and 2 Shapes","floor":41.0,"turns":7.0},{"damage":2.0,"enemies":"Giant Head","floor":42.0,"turns":7.0},{"damage":0.0,"enemies":"4 Shapes","floor":44.0,"turns":7.0},{"damage":16.0,"enemies":"Spire Growth","floor":47.0,"turns":5.0},{"damage":28,"enemies":"Reptomancer","floor":48,"turns":7},{"damage":20,"enemies":"Awakened One","floor":50,"turns":24},{"damage":12,"enemies":"Shield and Spear","floor":54,"turns":6},{"damage":79,"enemies":"The Heart","floor":55,"turns":9}],"seed_played":"-2091980020187394798","potions_obtained":[{"floor":6.0,"key":"SpeedPotion"},{"floor":8.0,"key":"DistilledChaos"},{"floor":10.0,"key":"FearPotion"},{"floor":12.0,"key":"PowerPotion"},{"floor":21.0,"key":"SpeedPotion"},{"floor":22.0,"key":"EntropicBrew"},{"floor":29.0,"key":"AttackPotion"},{"floor":30.0,"key":"LiquidBronze"},{"floor":41.0,"key":"Strength Potion"},{"floor":46.0,"key":"PowerPotion"},{"floor":46.0,"key":"DistilledChaos"},{"floor":47.0,"key":"StancePotion"},{"floor":48,"key":"ColorlessPotion"}],"is_trial":false,"path_per_floor":["M","M","M","$","?","E","R","E","T","E","M","E","R","M","R","B",null,"M","$","M","M","M","E","R","T","T","E","R","M","E","M","R","B",null,"M","M","?","M","$","E","M","E","T","M","R","?","M","E","R","B",null,"R","$","E","B"],"character_chosen":"WATCHER","items_purchased":["Vajra","Wallop","Crescendo","Lee\u0027s Waffle","Gambling Chip","Damaru","Ambrosia"],"campfire_rested":2,"item_purchase_floors":[19,19,19,19,39,53,53],"current_hp_per_floor":[63,63,63,63,63,55,55,34,34,16,18,20,20,20,20,20,59,40,79,79,79,67,46,46,46,46,13,36,40,21,23,47,39,72,76,74,74,83,83,59,63,65,65,69,69,69,57,40,40,22,87,87,87,77,0,0],"gold":86,"neow_bonus":"HUNDRED_GOLD","is_daily":false,"chose_seed":false,"campfire_upgraded":6,"win_rate":0.0,"timestamp":1610298226,"path_taken":["M","M","?","$","?","E","R","E","T","E","M","E","R","?","R","BOSS","M","$","M","M","?","E","R","?","T","E","R","M","E","M","R","BOSS","M","M","?","M","$","E","M","E","T","?","R","?","M","E","R","BOSS","R","$","E","BOSS"],"items_purchased_type":["Relic","Card","Card","Relic","Relic","Relic","Potion"],"build_version":"2020-12-22","purchased_purges":3,"victory":false,"max_hp_per_floor":[72,72,72,72,72,72,72,72,72,72,72,72,72,72,72,72,72,72,79,79,79,79,79,79,79,79,79,79,81,81,81,81,83,83,85,85,85,93,90,92,94,96,96,98,98,98,100,109,109,109,109,109,109,109,109,109],"card_choices":[{"not_picked":["EmptyFist","Wireheading"],"picked":"ClearTheMind","floor":1.0},{"not_picked":["Weave","ClearTheMind"],"picked":"Prostrate","floor":2.0},{"not_picked":["Nirvana","Pray"],"picked":"CrushJoints","floor":3.0},{"not_picked":["Evaluate","Wireheading","Halt"],"picked":"SKIP","floor":6.0},{"not_picked":["SashWhip","Meditate"],"picked":"SandsOfTime","floor":8.0},{"not_picked":["ForeignInfluence","Halt"],"picked":"Tantrum","floor":10.0},{"not_picked":["Halt","EmptyFist"],"picked":"Adaptation","floor":11.0},{"not_picked":["Adaptation","CutThroughFate"],"picked":"Perseverance","floor":12.0},{"not_picked":["Consecrate","Prostrate"],"picked":"EmptyBody","floor":14.0},{"not_picked":["Brilliance","Scrawl"],"picked":"Devotion","floor":16.0},{"not_picked":["BowlingBash+1","WaveOfTheHand"],"picked":"FlurryOfBlows","floor":18.0},{"not_picked":["Vengeance","ReachHeaven","Crescendo"],"picked":"SKIP","floor":20.0},{"not_picked":["SandsOfTime","Consecrate","LikeWater"],"picked":"SKIP","floor":21.0},{"not_picked":["ThirdEye","Consecrate","CrushJoints"],"picked":"SKIP","floor":22.0},{"not_picked":["Crescendo","Nirvana+1"],"picked":"EmptyBody","floor":23.0},{"not_picked":["CrushJoints","PathToVictory"],"picked":"Evaluate+1","floor":27.0},{"not_picked":["BowlingBash","ThirdEye+1","EmptyBody"],"picked":"Singing Bowl","floor":29.0},{"not_picked":["Prostrate","Evaluate"],"picked":"Vault","floor":30.0},{"not_picked":["Protect","ThirdEye"],"picked":"FlurryOfBlows+1","floor":31.0},{"not_picked":["Protect","EmptyBody"],"picked":"Perseverance+1","floor":32.0},{"not_picked":["Blasphemy","DeusExMachina","ConjureBlade"],"picked":"Singing Bowl","floor":33.0},{"not_picked":["EmptyFist","SashWhip","PathToVictory"],"picked":"Singing Bowl","floor":35.0},{"not_picked":["Crescendo","FlyingSleeves"],"picked":"WindmillStrike+1","floor":36.0},{"not_picked":["Evaluate","Protect","Halt+1"],"picked":"Singing Bowl","floor":38.0},{"not_picked":["ReachHeaven","FlurryOfBlows","CarveReality"],"picked":"Singing Bowl","floor":40.0},{"not_picked":["CrushJoints+1","ThirdEye+1","Nirvana+1"],"picked":"Singing Bowl","floor":41.0},{"not_picked":["BowlingBash+1","BattleHymn","CutThroughFate"],"picked":"Singing Bowl","floor":42.0},{"not_picked":["FollowUp+1","Meditate","SignatureMove"],"picked":"Singing Bowl","floor":44.0},{"not_picked":["LikeWater+1","FlyingSleeves+1","Prostrate"],"picked":"Singing Bowl","floor":47.0},{"not_picked":["WreathOfFlame","EmptyFist","WindmillStrike"],"picked":"Singing Bowl","floor":48},{"not_picked":["FollowUp+1","PathToVictory+1"],"picked":"FlurryOfBlows+1","floor":54}],"player_experience":181618,"relics_obtained":[{"floor":6.0,"key":"Darkstone Periapt"},{"floor":8.0,"key":"MawBank"},{"floor":9.0,"key":"Incense Burner"},{"floor":10.0,"key":"Blood Vial"},{"floor":12.0,"key":"Lantern"},{"floor":23.0,"key":"The Courier"},{"floor":25.0,"key":"Letter Opener"},{"floor":26.0,"key":"Singing Bowl"},{"floor":27.0,"key":"CloakClasp"},{"floor":30.0,"key":"Dream Catcher"},{"floor":40.0,"key":"Art of War"},{"floor":42.0,"key":"Oddly Smooth Stone"},{"floor":48,"key":"Strawberry"},{"floor":54,"key":"InkBottle"}],"event_choices":[{"cards_removed":["Prostrate"],"damage_healed":0.0,"max_hp_gain":0.0,"max_hp_loss":0.0,"gold_gain":0.0,"event_name":"WeMeetAgain","player_choice":"Gave Card","floor":5.0,"gold_loss":0.0,"damage_taken":0.0,"relics_obtained":["Thread and Needle"]},{"damage_healed":0.0,"max_hp_gain":0.0,"max_hp_loss":0.0,"gold_gain":0.0,"event_name":"SecretPortal","player_choice":"Ignored","floor":37.0,"gold_loss":0.0,"damage_taken":0.0},{"damage_healed":0.0,"max_hp_gain":0.0,"max_hp_loss":0.0,"gold_gain":0.0,"event_name":"Lab","player_choice":"Got Potions","floor":46.0,"gold_loss":0.0,"damage_taken":0.0}],"is_beta":false,"boss_relics":[{"not_picked":["Ectoplasm","Cursed Key"],"picked":"Empty Cage"},{"not_picked":["Runic Dome","VioletLotus"],"picked":"Pandora\u0027s Box"}],"items_purged_floors":[4,19,39],"is_endless":false,"potions_floor_spawned":[6,8,10,12,21,22,29,30,41,44,47,48],"killed_by":"The Heart","ascension_level":10}}