{"host":"hxqmxu97ax4h93y4","time":1610311704,"event":{"mods":["BaseMod","Downfall","Hermit","Marisa????????","Minty Spire (QoL Compilation)","Random Character Button","StSLib","The Cursed","The Necromancer","The Runesmith"],"gold_per_floor":[116,129,146,159,170,170,189,189,215,215,215,215,215,236,236,236,236],"floor_reached":16,"playtime":488,"items_purged":[],"score":94,"play_id":"a91ae5bc-59bd-4a4a-a2af-a07049933f8a","local_time":"20210110124824","is_ascension_mode":false,"campfire_choices":[{"data":"Infernal Blade","floor":6,"key":"SMITH"},{"data":"Cleave","floor":10,"key":"SMITH"},{"floor":12,"key":"REST"},{"data":"Searing Blow","floor":15,"key":"SMITH"}],"circlet_count":0,"master_deck":["Strike_R","Strike_R","Strike_R","Strike_R","Defend_R","Defend_R","Defend_R","Defend_R","Bash","Pommel Strike","Uppercut","Rampage","Searing Blow+1","Infernal Blade+1","Cleave+1","Battle Trance"],"relics":["Burning Blood","NeowsBlessing","Runesmith:AutoHammer","Golden Idol"],"acts_visited":["Exordium"],"potions_floor_usage":[5,7,14],"damage_taken":[{"damage":0,"enemies":"Jaw Worm","floor":1,"turns":1},{"damage":0,"enemies":"Small Slimes","floor":2,"turns":1},{"damage":0,"enemies":"2 Louse","floor":3,"turns":1},{"damage":26,"enemies":"Exordium Thugs","floor":4,"turns":4},{"damage":0,"enemies":"3 Louse","floor":5,"turns":4},{"damage":7,"enemies":"Large Slime","floor":7,"turns":7},{"damage":5,"enemies":"Looter","floor":14,"turns":3},{"damage":71,"enemies":"Hexaghost","floor":16,"turns":11}],"seed_played":"-6063439463873328498","potions_obtained":[{"floor":2,"key":"SpeedPotion"},{"floor":3,"key":"ColorlessPotion"},{"floor":4,"key":"SpeedPotion"}],"is_trial":false,"path_per_floor":["M","M","M","M","M","R","M","?","T","R","?","R","?","M","R","B"],"character_chosen":"IRONCLAD","items_purchased":[],"campfire_rested":1,"item_purchase_floors":[],"current_hp_per_floor":[80,80,80,60,66,66,65,65,65,65,45,69,69,70,70,0,0],"gold":236,"neow_bonus":"THREE_ENEMY_KILL","is_daily":false,"chose_seed":false,"campfire_upgraded":3,"win_rate":0.0,"timestamp":1610311704,"path_taken":["M","M","M","M","M","R","M","?","T","R","?","R","?","?","R","BOSS"],"items_purchased_type":[],"build_version":"2020-12-22","purchased_purges":0,"victory":false,"max_hp_per_floor":[80,80,80,80,80,80,80,80,80,80,80,80,80,80,80,80,80],"card_choices":[{"not_picked":["Disarm","Clash"],"picked":"Pommel Strike","floor":1},{"not_picked":["Heavy Blade","Warcry"],"picked":"Uppercut","floor":2},{"not_picked":["Iron Wave","Clothesline"],"picked":"Rampage","floor":3},{"not_picked":["Clothesline","Shockwave"],"picked":"Searing Blow","floor":4},{"not_picked":["Anger","Body Slam"],"picked":"Infernal Blade","floor":5},{"not_picked":["Warcry","Burning Pact"],"picked":"Cleave","floor":7},{"not_picked":["Clash","Twin Strike"],"picked":"Battle Trance","floor":14}],"player_experience":41471,"relics_obtained":[{"floor":9,"key":"Runesmith:AutoHammer"}],"event_choices":[{"cards_removed":["Strike_R"],"damage_healed":0,"gold_gain":0,"player_choice":"Forget","damage_taken":0,"max_hp_gain":0,"max_hp_loss":0,"event_name":"Living Wall","floor":8,"gold_loss":0},{"damage_healed":0,"gold_gain":0,"player_choice":"Take Damage","damage_taken":20,"relics_obtained":["Golden Idol"],"max_hp_gain":0,"max_hp_loss":0,"event_name":"Golden Idol","floor":11,"gold_loss":0},{"damage_healed":0,"gold_gain":0,"player_choice":"Ignored","damage_taken":0,"max_hp_gain":0,"max_hp_loss":0,"event_name":"Liars Game","floor":13,"gold_loss":0}],"is_beta":false,"boss_relics":[],"items_purged_floors":[],"is_endless":false,"potions_floor_spawned":[2,3,4],"killed_by":"Hexaghost","ascension_level":0}}