{"host":"2tgyrzvaa7l04o2e","time":1610287197,"event":{"mods":["BaseMod","Highlight Path","Minty Spire (QoL Compilation)","Permanent Neow","Relic Stats"],"gold_per_floor":[109,126,201,26,45,80,80,114,114,139,151,169,169,181,181,181,181],"floor_reached":16,"playtime":1024,"items_purged":[],"score":183,"play_id":"54d684bb-bcc7-4abc-b643-6235cfb68d80","local_time":"20210110145957","is_ascension_mode":true,"campfire_choices":[{"floor":7,"key":"REST"},{"data":"Uppercut","floor":13,"key":"SMITH"},{"floor":15,"key":"REST"}],"circlet_count":0,"master_deck":["AscendersBane","Strike_R","Strike_R","Strike_R","Strike_R","Strike_R","Defend_R","Defend_R","Defend_R","Defend_R","Bash","Carnage","Shockwave","Warcry","Whirlwind","Spot Weakness","Clothesline","Uppercut+1"],"relics":["Burning Blood","StoneCalendar","Oddly Smooth Stone","HornCleat","MealTicket","Question Card","Nunchaku"],"acts_visited":["Exordium"],"potions_floor_usage":[2,6,10],"damage_taken":[{"damage":3,"enemies":"Jaw Worm","floor":1,"turns":5},{"damage":2,"enemies":"2 Louse","floor":2,"turns":3},{"damage":0,"enemies":"Cultist","floor":5,"turns":3},{"damage":27,"enemies":"Lagavulin","floor":6,"turns":6},{"damage":24,"enemies":"3 Sentries","floor":8,"turns":7},{"damage":15,"enemies":"Gremlin Nob","floor":10,"turns":4},{"damage":0,"enemies":"Lots of Slimes","floor":11,"turns":1},{"damage":2,"enemies":"3 Louse","floor":12,"turns":3},{"damage":19,"enemies":"Red Slaver","floor":14,"turns":5},{"damage":56,"enemies":"Slime Boss","floor":16,"turns":6}],"seed_played":"-5516777896076261944","potions_obtained":[{"floor":1,"key":"SkillPotion"},{"floor":2,"key":"DuplicationPotion"},{"floor":6,"key":"FearPotion"}],"is_trial":false,"path_per_floor":["M","M","?","$","M","E","R","E","T","E","M","M","R","M","R","B"],"character_chosen":"IRONCLAD","items_purchased":["Warcry","Oddly Smooth Stone"],"campfire_rested":2,"item_purchase_floors":[4,4],"current_hp_per_floor":[54,58,47,47,53,32,56,38,38,29,35,39,39,26,50,0,0],"gold":181,"neow_bonus":"ONE_RARE_RELIC","is_daily":false,"chose_seed":false,"campfire_upgraded":1,"win_rate":0.0,"timestamp":1610287197,"path_taken":["M","M","?","$","M","E","R","E","T","E","M","M","R","M","R","BOSS"],"items_purchased_type":["Card","Relic"],"build_version":"2020-12-22","purchased_purges":0,"victory":false,"max_hp_per_floor":[80,80,80,80,80,80,80,80,80,80,80,80,80,80,80,80,80],"relic_stats":{"Nunchaku":[2],"counters":[10,43],"StoneCalendar":[0],"MealTicket":0,"Question Card":4,"obtain_stats":[{"Nunchaku":10,"HornCleat":6,"Oddly Smooth Stone":4,"StoneCalendar":0,"MealTicket":8,"Question Card":9,"Burning Blood":0},{"Nunchaku":6,"HornCleat":4,"Oddly Smooth Stone":2,"StoneCalendar":0,"MealTicket":5,"Question Card":5,"Burning Blood":0},{"Nunchaku":28,"HornCleat":17,"Oddly Smooth Stone":8,"StoneCalendar":0,"MealTicket":24,"Question Card":24,"Burning Blood":0}],"Burning Blood":54},"card_choices":[{"not_picked":["Thunderclap","Cleave"],"picked":"Carnage","floor":1},{"not_picked":["Wild Strike","Armaments"],"picked":"Shockwave","floor":2},{"not_picked":["Pommel Strike","Clothesline"],"picked":"Whirlwind","floor":5},{"not_picked":["Pommel Strike","Sentinel"],"picked":"Spot Weakness","floor":6},{"not_picked":["Havoc","Wild Strike","Evolve"],"picked":"SKIP","floor":8},{"not_picked":["Twin Strike","Wild Strike","Iron Wave"],"picked":"Clothesline","floor":10},{"not_picked":["True Grit","Bludgeon","Iron Wave"],"picked":"Uppercut","floor":11},{"not_picked":["Clothesline","Infernal Blade","Pommel Strike","Headbutt"],"picked":"SKIP","floor":12},{"not_picked":["Cleave","Havoc","Juggernaut","Wild Strike"],"picked":"SKIP","floor":14}],"player_experience":564871,"relics_obtained":[{"floor":6,"key":"HornCleat"},{"floor":8,"key":"MealTicket"},{"floor":9,"key":"Question Card"},{"floor":10,"key":"Nunchaku"}],"event_choices":[{"damage_healed":0,"gold_gain":75,"player_choice":"Gather Gold","damage_taken":11,"max_hp_gain":0,"max_hp_loss":0,"event_name":"World of Goop","floor":3,"gold_loss":0}],"is_beta":false,"boss_relics":[],"items_purged_floors":[],"is_endless":false,"potions_floor_spawned":[1,2,6],"killed_by":"Slime Boss","ascension_level":10}}