{"host":"hxqmxu97ax4h93y4","time":1610321067,"event":{"mods":["BaseMod","Downfall","Hermit","Marisa????????","Minty Spire (QoL Compilation)","Random Character Button","StSLib","The Cursed","The Necromancer","The Runesmith"],"gold_per_floor":[111,131,56,66,82,82,97,126,152,185,185,203,278,289,289,386,386,403,423,437,437,437],"floor_reached":21,"playtime":1277,"items_purged":["Strike_R"],"score":195,"play_id":"e0cfea44-612a-4049-a7de-3ddbb14db1c1","local_time":"20210110152427","is_ascension_mode":false,"campfire_choices":[{"data":"Anger","floor":6,"key":"SMITH"},{"floor":11,"key":"REST"},{"floor":15,"key":"REST"}],"circlet_count":0,"master_deck":["Strike_R","Strike_R","Strike_R","Strike_R","Defend_R","Defend_R","Defend_R","Defend_R","Bash","Pummel","Anger+1","Warcry","Clash","Sword Boomerang","Metallicize","Cleave","Cleave","Iron Wave","Feed","Infernal Blade","Twin Strike","Flex+1"],"relics":["Burning Blood","Blood Vial","Toy Ornithopter","Pen Nib","SacredBark"],"acts_visited":["Exordium","TheCity"],"potions_floor_usage":[8,8,16,16,21],"damage_taken":[{"damage":7,"enemies":"Cultist","floor":1,"turns":5},{"damage":6,"enemies":"Jaw Worm","floor":2,"turns":3},{"damage":0,"enemies":"Small Slimes","floor":4,"turns":3},{"damage":13,"enemies":"Red Slaver","floor":5,"turns":2},{"damage":0,"enemies":"Large Slime","floor":7,"turns":3},{"damage":23,"enemies":"Gremlin Nob","floor":8,"turns":5},{"damage":26,"enemies":"3 Sentries","floor":10,"turns":10},{"damage":28,"enemies":"Exordium Thugs","floor":12,"turns":4},{"damage":0,"enemies":"3 Louse","floor":14,"turns":1},{"damage":22,"enemies":"Slime Boss","floor":16,"turns":6},{"damage":14,"enemies":"3 Byrds","floor":18,"turns":6},{"damage":12,"enemies":"Chosen","floor":19,"turns":4},{"damage":57,"enemies":"Centurion and Healer","floor":20,"turns":8},{"damage":44,"enemies":"Snake Plant","floor":21,"turns":5}],"seed_played":"2615536217341589967","potions_obtained":[{"floor":2,"key":"SpeedPotion"},{"floor":7,"key":"hexamod:EctoCoolerPotion"},{"floor":12,"key":"ColorlessPotion"},{"floor":14,"key":"PowerPotion"},{"floor":16,"key":"Dexterity Potion"},{"floor":19,"key":"SmokeBomb"}],"is_trial":false,"path_per_floor":["M","M","$","M","M","R","M","E","T","E","R","M","?","M","R","B",null,"M","M","M","M"],"character_chosen":"IRONCLAD","items_purchased":[],"campfire_rested":2,"item_purchase_floors":[],"current_hp_per_floor":[87,87,87,88,81,81,87,70,70,52,78,58,47,55,81,72,88,83,82,33,0,0],"gold":437,"neow_bonus":"TEN_PERCENT_HP_BONUS","is_daily":false,"chose_seed":false,"campfire_upgraded":1,"win_rate":0.0,"timestamp":1610321067,"path_taken":["M","M","?","?","M","R","M","E","T","E","R","M","?","M","R","BOSS","M","M","M","M"],"items_purchased_type":[],"build_version":"2020-12-22","purchased_purges":1,"victory":false,"max_hp_per_floor":[88,88,88,88,88,88,88,88,88,88,88,88,88,88,88,88,88,91,94,94,94,94],"card_choices":[{"not_picked":["Heavy Blade","Clothesline"],"picked":"Pummel","floor":1},{"not_picked":["Warcry","Perfected Strike"],"picked":"Anger","floor":2},{"not_picked":["Clash","Power Through"],"picked":"Warcry","floor":4},{"not_picked":["True Grit","Body Slam"],"picked":"Clash","floor":5},{"not_picked":["Clash","Searing Blow"],"picked":"Sword Boomerang","floor":7},{"not_picked":["Ghostly Armor","Sword Boomerang"],"picked":"Metallicize","floor":8},{"not_picked":["Clash","Juggernaut"],"picked":"Cleave","floor":10},{"not_picked":["Clothesline","Clash"],"picked":"Cleave","floor":12},{"not_picked":["Pommel Strike","Sword Boomerang"],"picked":"Iron Wave","floor":14},{"not_picked":["Fiend Fire","Berserk"],"picked":"Feed","floor":16},{"not_picked":["Body Slam","Heavy Blade+1"],"picked":"Infernal Blade","floor":18},{"not_picked":["Searing Blow","Heavy Blade+1"],"picked":"Twin Strike","floor":19},{"not_picked":["Rupture","Sword Boomerang"],"picked":"Flex+1","floor":20}],"player_experience":44626,"relics_obtained":[{"floor":8,"key":"Blood Vial"},{"floor":9,"key":"Toy Ornithopter"},{"floor":10,"key":"Pen Nib"}],"event_choices":[{"damage_healed":0,"gold_gain":75,"player_choice":"Gather Gold","damage_taken":11,"max_hp_gain":0,"max_hp_loss":0,"event_name":"World of Goop","floor":13,"gold_loss":0}],"is_beta":false,"boss_relics":[{"not_picked":["SlaversCollar","Velvet Choker"],"picked":"SacredBark"}],"items_purged_floors":[3],"is_endless":false,"potions_floor_spawned":[2,7,12,14,16,19],"killed_by":"Snake Plant","ascension_level":0}}