{"host":"343qqg62n5k3n5g2","time":1610284797,"event":{"mods":["ATMod(°¢èªMod)","Ascension Reborn","Aspiration","BaseMod","Challenge The Spire","Colored Powertips","Conspire","Jedi Mod","KomeijiMod","Minty Spire (QoL Compilation)","Quick Restart","Replay The Spire","SIMod","Spicy Shops","StSLib","TestMod","UnlockEverythingMod","vexMod","¡¾ÒÅÎï¿¨ÅÆ¡¿REMEMod","óô»ðÖ¸ÄÏ"],"gold_per_floor":[170,181,181,181,156,10,10,45,45,69,92,131,131,174,230,30,30,154,154,170,170,190,465,484,26,49,49,49,49,6,105,0,23,23,119,119,128,128,43,27,27,27,27,27,27,27,27,27,27,27,27,27,27,7,7,7,7,7,7],"floor_reached":60,"playtime":5012,"items_purged":["Regret","Writhe","Doubt","Strike_Remiria"],"score":1443,"play_id":"ed9cfea8-a542-4ae9-aa97-f76a2d44ffc1","local_time":"20210110211957","is_ascension_mode":true,"campfire_choices":[{"data":"DemonsDinnerFork_Remiria","floor":9.0,"key":"SMITH"},{"floor":13.0,"key":"REST"},{"floor":53,"key":"RECALL"},{"data":"Agarareta+1","floor":56,"key":"SWEEP"}],"circlet_count":1,"master_deck":["Strike_Remiria","Strike_Remiria+1","Strike_Remiria","Defend_Remirira","Defend_Remirira","Defend_Remirira","Defend_Remirira","Absorbed","Scratch","AT_TearsDenial","Impatience+1","BloodSurge","TricksterDevil","DemonsDinnerFork_Remiria+1","ThePrice+1","Impregnable","Culling","Feint","BathedInBlood","Offensive","Warpath","BadLadyScramble","ServantFlier","FastHealing","RemiliaStretch_Remiria","Madness","BodyStrengthen","testmod-CardIndex","NightDance","Offensive","DamonLordCradle_Remiria","SealingFear","VampireClaw","Feed+1","Madness+1","Madness","ReplayTheSpireMod:IOU","ChainGang","Tearing","StigmaNizer","FastHealing","NaturallyHealing","Madness+1","Boundary+1","Agarareta+1","Calculated Gamble+1"],"relics":["ThirstyCrossSpe","AT_ATBox","testmod-TestBox","REME_ComplimentaryCards","testmod-CyclicPeriapt","Membership Card","Bloody Idol","AT_TimeSand","AT_BellDemon","vexMod:Dragonfruit","testmod-ArcanaOfDestiny","War Paint","testmod-Muramasa","testmod-Motorcycle","Chemical X","jedi:cryingmask","Gremlin Food","Circlet","testmod-CrystalShield","Replay:Bronze Core","Replay:Baseball","Ancient Tea Set","ReplayFunnel","aspiration:ArtOfWarUpgrade","Lee\u0027s Waffle","jedi:shrinkray","jedi:fakemustache","Lizard Tail","PrismaticShard","Meat on the Bone","REME_OnlineShoppingPlatform","testmod-Charity","REME_HandOfSuture","Replay:Wax Seal","Busted Crown","Toy Ornithopter","Bird Faced Urn","AT_BellowingDragoncrestRing","jedi:ominousloannote","ReplayTheSpireMod:Ninjato","Sling","Whetstone","Pet Ghost","Orichalcum","Lantern","Replay:Bottled Snecko","conspire:TopHat","AT_GuinsooRageblade","Centennial Puzzle","testmod-Brilliant","Iron Hammer"],"acts_visited":["Exordium","TheCity","TheBeyond","TheEnding"],"potions_floor_usage":[54],"damage_taken":[{"damage":1.0,"enemies":"Small Slimes","floor":1.0,"turns":5.0},{"damage":12.0,"enemies":"conspire:RoseBush","floor":2.0,"turns":3.0},{"damage":23.0,"enemies":"Replay:BlueRogue","floor":8.0,"turns":7.0},{"damage":8.0,"enemies":"Jaw Worm","floor":10.0,"turns":3.0},{"damage":46.0,"enemies":"Lagavulin","floor":12.0,"turns":7.0},{"damage":4.0,"enemies":"Gremlin Nob","floor":14.0,"turns":3.0},{"damage":78.0,"enemies":"The Guardian","floor":18.0,"turns":6.0},{"damage":21.0,"enemies":"Chosen","floor":20.0,"turns":3.0},{"damage":0.0,"enemies":"conspire:FuzzyDice","floor":22.0,"turns":3.0},{"damage":42.0,"enemies":"Centurion and Healer","floor":24.0,"turns":4.0},{"damage":0.0,"enemies":"Sentry and Sphere","floor":26.0,"turns":1.0},{"damage":54.0,"enemies":"conspire:MysteriousRune","floor":35.0,"turns":6.0},{"damage":27.0,"enemies":"Orb Walker","floor":37.0,"turns":3.0},{"damage":0.0,"enemies":"3 Darklings","floor":39.0,"turns":5.0},{"damage":0.0,"enemies":"Transient","floor":41.0,"turns":5.0},{"damage":1.0,"enemies":"R_Hoarder","floor":43.0,"turns":3.0},{"damage":0.0,"enemies":"Spire Growth","floor":44.0,"turns":2.0},{"damage":0.0,"enemies":"Giant Head","floor":48.0,"turns":3.0},{"damage":7.0,"enemies":"Maw","floor":49.0,"turns":4.0},{"damage":0.0,"enemies":"Transient","floor":50.0,"turns":5.0},{"damage":0.0,"enemies":"3 Darklings","floor":51.0,"turns":1.0},{"damage":53,"enemies":"Time Eater","floor":54,"turns":5},{"damage":4,"enemies":"Shield and Spear","floor":58,"turns":2},{"damage":47,"enemies":"The Heart","floor":59,"turns":3}],"seed_played":"-780307436233433898","potions_obtained":[{"floor":1.0,"key":"EssenceOfSteel"},{"floor":8.0,"key":"Block Potion"},{"floor":14.0,"key":"EssenceOfSteel"},{"floor":17.0,"key":"jedi:mysterypotion"},{"floor":24.0,"key":"Energy Potion"}],"is_trial":false,"path_per_floor":["M","M","PTL","PTL","?","$","?","E","R","M","T","E","R","E","?","$","R","B",null,"M","?","M","?","M","R","M","?","T","?","$","?","$","T","R","B",null,"M","?","M","$","M","R","E","M","T","PTL","PTL","E","M","M","M","?","R","B",null,"R","$","E","B",null],"character_chosen":"RemiriaScarlet","items_purchased":["Membership Card","Offensive","Warpath","Chemical X","jedi:cryingmask","Gremlin Food","Dead Branch","Art of War","testmod-CardIndex","Lee\u0027s Waffle","jedi:shrinkray","jedi:fakemustache","NightDance","REME_OnlineShoppingPlatform","SealingFear","testmod-Charity","VampireClaw","AT_BellowingDragoncrestRing","ChainGang","jedi:ominousloannote","ReplayTheSpireMod:Ninjato","Sling","Tearing","StigmaNizer","FastHealing","NaturallyHealing"],"campfire_rested":1,"item_purchase_floors":[6,16,16,16,16,16,16,25,25,25,25,25,25,30,30,32,32,40,40,40,40,40,40,40,40,40],"current_hp_per_floor":[109,97,97,97,97,97,70,47,47,39,39,15,49,45,45,45,45,2,115,94,94,94,94,52,122,122,114,114,114,122,122,122,123,123,75,124,103,103,126,128,128,128,127,127,127,127,127,127,122,128,132,132,132,88,132,132,132,128,85],"gold":7,"neow_bonus":"TEN_PERCENT_HP_BONUS","is_daily":false,"chose_seed":false,"campfire_upgraded":1,"win_rate":0.0,"timestamp":1610284797,"path_taken":["M","M","PTL","PTL","?","$","?","E","R","?","T","E","R","E","?","?","R","BOSS","M","?","?","?","?","R","M","?","T","?","$","?","$","?","R","BOSS","M","?","M","$","?","R","E","M","T","PTL","PTL","E","M","?","M","?","R","BOSS","R","$","E","BOSS"],"items_purchased_type":["Relic","Card","Card","Relic","Relic","Relic","Relic","Relic","Card","Relic","Relic","Relic","Card","Relic","Card","Relic","Card","Relic","Card","Relic","Relic","Relic","Card","Card","Card","Card"],"build_version":"2020-12-22","purchased_purges":4,"victory":true,"max_hp_per_floor":[110,110,110,110,110,110,110,110,110,110,110,115,115,115,115,115,115,115,115,115,115,115,115,115,122,122,122,122,122,122,122,122,123,123,124,124,125,125,126,128,128,128,128,128,128,128,128,128,128,128,132,132,132,132,132,132,132,132,132],"card_choices":[{"not_picked":["StigmaNizer","Feint"],"picked":"BloodSurge","floor":1.0},{"not_picked":["VampireKiss_Remiria","RocketKickup"],"picked":"TricksterDevil","floor":2.0},{"not_picked":["QueenOfMidnight","HeartBreak_Remiria"],"picked":"DemonsDinnerFork_Remiria","floor":8.0},{"not_picked":["Feint","Warpath"],"picked":"ThePrice","floor":10.0},{"not_picked":["LifeBreak","RocketKickup"],"picked":"Impregnable","floor":12.0},{"not_picked":["ThePrice","Reaper_Remiria"],"picked":"Culling","floor":14.0},{"not_picked":["FierceSweep","NaturallyHealing"],"picked":"Feint","floor":15.0},{"not_picked":["SealingFear","LifeBreak"],"picked":"BathedInBlood","floor":15.0},{"not_picked":["Septette","FateSonata"],"picked":"BadLadyScramble","floor":18.0},{"not_picked":["RocketKickup","Paradox"],"picked":"ServantFlier","floor":20.0},{"not_picked":["FierceSweep","FateMeister"],"picked":"BodyStrengthen","floor":22.0},{"not_picked":["QueenOfMidnight","Cripple","BloodCleaner"],"picked":"SKIP","floor":24.0},{"not_picked":["Cripple","DamonLordCradle_Remiria"],"picked":"Offensive","floor":26.0},{"not_picked":["BodyStrengthen","Paradox"],"picked":"DamonLordCradle_Remiria","floor":27.0},{"not_picked":["Hemogenesis","JigokuNoTaiyou"],"picked":"Feed","floor":35.0},{"not_picked":[],"picked":"ats:Charging Defense+1","floor":37.0},{"not_picked":[],"picked":"expansioncontent:LastStand","floor":39.0},{"not_picked":[],"picked":"Replay:SS_fish_3+1","floor":41.0},{"not_picked":["champ:HeartStrike+1"],"picked":"SKIP","floor":43.0},{"not_picked":["Guardian:ShieldSpikes+1"],"picked":"SKIP","floor":44.0},{"not_picked":[],"picked":"DochyakuKami+1","floor":48.0},{"not_picked":[],"picked":"Boundary+1","floor":49.0},{"not_picked":["REME_Repentance"],"picked":"SKIP","floor":50.0},{"not_picked":["RashStunts+1"],"picked":"SKIP","floor":51.0},{"not_picked":[],"picked":"Calculated Gamble+1","floor":58}],"player_experience":7526,"relics_obtained":[{"floor":8.0,"key":"AT_TimeSand"},{"floor":11.0,"key":"AT_BellDemon"},{"floor":12.0,"key":"vexMod:Dragonfruit"},{"floor":12.0,"key":"testmod-ArcanaOfDestiny"},{"floor":14.0,"key":"War Paint"},{"floor":14.0,"key":"testmod-Muramasa"},{"floor":15.0,"key":"testmod-Motorcycle"},{"floor":18.0,"key":"testmod-CrystalShield"},{"floor":20.0,"key":"Replay:Baseball"},{"floor":22.0,"key":"Ancient Tea Set"},{"floor":24.0,"key":"ReplayFunnel"},{"floor":26.0,"key":"Lizard Tail"},{"floor":27.0,"key":"PrismaticShard"},{"floor":28.0,"key":"Meat on the Bone"},{"floor":33.0,"key":"REME_HandOfSuture"},{"floor":35.0,"key":"Replay:Wax Seal"},{"floor":37.0,"key":"Toy Ornithopter"},{"floor":39.0,"key":"Bird Faced Urn"},{"floor":41.0,"key":"Whetstone"},{"floor":43.0,"key":"Pet Ghost"},{"floor":43.0,"key":"Orichalcum"},{"floor":44.0,"key":"Lantern"},{"floor":48.0,"key":"Replay:Bottled Snecko"},{"floor":48.0,"key":"conspire:TopHat"},{"floor":49.0,"key":"AT_GuinsooRageblade"},{"floor":50.0,"key":"Centennial Puzzle"},{"floor":51.0,"key":"testmod-Brilliant"},{"floor":58,"key":"Iron Hammer"}],"event_choices":[{"damage_healed":0.0,"max_hp_gain":0.0,"max_hp_loss":0.0,"gold_gain":0.0,"event_name":"Golden Idol","player_choice":"Take Damage","floor":7.0,"gold_loss":0.0,"damage_taken":27.0,"relics_obtained":["Golden Idol"]},{"damage_healed":0.0,"max_hp_gain":0.0,"max_hp_loss":0.0,"gold_gain":0.0,"event_name":"Lab","player_choice":"Got Potions","floor":17.0,"gold_loss":0.0,"damage_taken":0.0},{"damage_healed":0.0,"max_hp_gain":0.0,"max_hp_loss":0.0,"gold_gain":0.0,"event_name":"Match and Keep!","player_choice":"3 cards matched","floor":21.0,"gold_loss":0.0,"damage_taken":0.0,"cards_obtained":["FastHealing","RemiliaStretch_Remiria","expansioncontent:DefensiveStance"]},{"damage_healed":0.0,"max_hp_gain":0.0,"max_hp_loss":0.0,"gold_gain":275.0,"event_name":"Golden Shrine","player_choice":"Desecrate","floor":23.0,"gold_loss":0.0,"damage_taken":0.0,"cards_obtained":["Regret"]},{"damage_healed":0.0,"max_hp_gain":0.0,"max_hp_loss":0.0,"gold_gain":0.0,"event_name":"Forgotten Altar","player_choice":"Gave Idol","floor":29.0,"relics_lost":["Golden Idol"],"gold_loss":0.0,"damage_taken":0.0,"relics_obtained":["Bloody Idol"]},{"damage_healed":0.0,"max_hp_gain":0.0,"max_hp_loss":0.0,"gold_gain":99.0,"event_name":"Nest","player_choice":"Stole From Cult","floor":31.0,"gold_loss":0.0,"damage_taken":0.0},{"damage_healed":0.0,"max_hp_gain":0.0,"max_hp_loss":0.0,"gold_gain":0.0,"event_name":"The Woman in Blue","player_choice":"Bought 0 Potions","floor":38.0,"gold_loss":0.0,"damage_taken":0.0},{"damage_healed":0,"gold_gain":0,"player_choice":"Leave","damage_taken":0,"max_hp_gain":0,"max_hp_loss":0,"event_name":"conspire:Investor","floor":52,"gold_loss":0}],"is_beta":false,"boss_relics":[{"not_picked":["aspiration:SecretTechniqueScroll","ReplayTheSpireMod:DimensionalGlitch"],"picked":"Replay:Bronze Core"},{"not_picked":["Fusion Hammer","Empty Cage"],"picked":"Busted Crown"}],"items_purged_floors":[25,25,40,40],"is_endless":false,"potions_floor_spawned":[1,8,14,22,24,26,35,39,48,49,50],"ascension_level":0}}