{"host":"pi8b3ffzwvxqztac","time":1610302024,"event":{"mods":["BaseMod","Colored Map","Downfall","Minty Spire (QoL Compilation)","StSLib"],"gold_per_floor":[99,115,115,3,15,15,15,165,50,50,82,7,27,45,55,129,129,54,65,65,65,84,84,84,104,122,137,137,137,150,170,170,170,170],"floor_reached":32,"playtime":1790,"items_purged":["Pain","Doubt"],"score":427,"play_id":"7d0acd10-d852-43b6-8b0e-5438f7cc3b18","local_time":"20210111070704","is_ascension_mode":true,"campfire_choices":[{"floor":1,"key":"RECALL"},{"data":"hexamod:Float","floor":6,"key":"SMITH"},{"data":"hexamod:CatchUp","floor":10,"key":"SMITH"},{"floor":12,"key":"REST"},{"data":"expansioncontent:Chronoboost","floor":18,"key":"SMITH"},{"data":"hexamod:GhostLash","floor":23,"key":"SMITH"},{"floor":29,"key":"REST"}],"circlet_count":0,"master_deck":["AscendersBane","hexamod:Strike","hexamod:Strike","hexamod:Strike","hexamod:Strike","hexamod:Defend","hexamod:Defend","hexamod:Defend","hexamod:Defend","hexamod:Sear","hexamod:Float+1","expansioncontent:Chronoboost+1","hexamod:FastForward","hexamod:CatchUp+1","hexamod:GhostLash+1","hexamod:ThermalTransfer","hexamod:FastForward","hexamod:SkipABeat","hexamod:StepThrough","hexamod:GhostflameBarrier","hexamod:WildfireWeapon","hexamod:RecurringNightmare+1","hexamod:DynamicBlow","hexamod:SoulSteal","Decay","hexamod:Hexaguard"],"relics":["hexamod:SpiritBrand","WarpedTongs","Centennial Puzzle","downfall:HeartBlessingBlue","Busted Crown","downfall:HeartBlessingRed","StoneCalendar"],"acts_visited":["Exordium","TheCity"],"potions_floor_usage":[22],"damage_taken":[{"damage":0,"enemies":"2 Louse","floor":2,"turns":3},{"damage":7,"enemies":"downfall:FleeingMerchant","floor":4,"turns":4},{"damage":0,"enemies":"Cultist","floor":5,"turns":3},{"damage":4,"enemies":"downfall:FleeingMerchant","floor":9,"turns":4},{"damage":13,"enemies":"3 Sentries","floor":11,"turns":7},{"damage":1,"enemies":"Small Slimes","floor":13,"turns":3},{"damage":7,"enemies":"Blue Slaver","floor":14,"turns":3},{"damage":6,"enemies":"Exordium Thugs","floor":15,"turns":4},{"damage":7,"enemies":"downfall:Watcher","floor":16,"turns":10},{"damage":2,"enemies":"Chosen","floor":19,"turns":5},{"damage":0,"enemies":"3 Byrds","floor":22,"turns":5},{"damage":20,"enemies":"Snecko","floor":25,"turns":6},{"damage":12,"enemies":"Centurion and Healer","floor":26,"turns":6},{"damage":30,"enemies":"Shelled Parasite and Fungi","floor":27,"turns":5},{"damage":15,"enemies":"Snake Plant","floor":30,"turns":3},{"damage":3,"enemies":"3 Cultists","floor":31,"turns":5},{"damage":6,"enemies":"Centurion and Healer","floor":32,"turns":3}],"seed_played":"691122778633988184","potions_obtained":[{"floor":14,"key":"Ancient Potion"},{"floor":16,"key":"DistilledChaos"},{"floor":22,"key":"FearPotion"}],"is_trial":false,"path_per_floor":["R","M","?","$","M","R","T","?","$","R","E","R","M","M","M","B",null,"R","M","?","?","M","R","T","M","M","M","?","R","M","M","M"],"character_chosen":"THE_SPIRIT","items_purchased":["hexamod:GhostLash"],"campfire_rested":2,"item_purchase_floors":[4],"current_hp_per_floor":[57,57,57,50,50,50,50,50,46,46,33,64,63,56,50,43,66,66,64,64,64,64,64,64,44,32,2,2,23,8,5,0,0,0],"gold":170,"neow_bonus":"RANDOM_COLORLESS","is_daily":false,"chose_seed":false,"campfire_upgraded":4,"win_rate":0.0,"timestamp":1610302024,"path_taken":["R","M","?","?","M","R","T","?","$","R","E","R","M","M","M","BOSS","R","M","?","?","M","R","T","M","M","M","?","R","M","M","M"],"items_purchased_type":["Card"],"build_version":"2020-12-22","purchased_purges":2,"victory":false,"max_hp_per_floor":[63,63,63,63,63,63,63,63,63,63,63,73,73,73,73,73,73,73,73,73,73,73,73,73,73,73,73,73,73,73,73,73,73,73],"card_choices":[{"not_picked":["expansioncontent:PrepareCrush","expansioncontent:GuardianWhirl"],"picked":"expansioncontent:Chronoboost","floor":0},{"not_picked":["hexamod:SwordOfDarkness","hexamod:NecessarySacrifice"],"picked":"hexamod:FastForward","floor":2},{"not_picked":["hexamod:ExtraCrispy","hexamod:SixthSeal"],"picked":"hexamod:CatchUp","floor":4},{"not_picked":["hexamod:HeatCrush","hexamod:SpectersWail"],"picked":"hexamod:ThermalTransfer","floor":5},{"not_picked":["hexamod:RainOfEmbers","hexamod:SwordOfDarkness"],"picked":"hexamod:FastForward","floor":9},{"not_picked":["hexamod:GhostLash","hexamod:Rewind"],"picked":"hexamod:SkipABeat","floor":11},{"not_picked":["hexamod:NightmareGuise","hexamod:Hexaguard"],"picked":"hexamod:StepThrough","floor":13},{"not_picked":["hexamod:FourthSeal","hexamod:BurningTouch"],"picked":"hexamod:GhostflameBarrier","floor":14},{"not_picked":["hexamod:BurningTouch","hexamod:SwordOfDarkness","hexamod:RainOfEmbers"],"picked":"SKIP","floor":15},{"not_picked":["hexamod:CrushingStance","hexamod:ParanormalForm"],"picked":"hexamod:WildfireWeapon","floor":16},{"not_picked":[],"picked":"hexamod:RecurringNightmare+1","floor":19},{"not_picked":["hexamod:SkipABeat"],"picked":"SKIP","floor":22},{"not_picked":[],"picked":"hexamod:DynamicBlow","floor":25},{"not_picked":["hexamod:AdvancingGuard"],"picked":"SKIP","floor":26},{"not_picked":[],"picked":"hexamod:SoulSteal","floor":27},{"not_picked":[],"picked":"hexamod:Hexaguard","floor":30},{"not_picked":["hexamod:RetreatToShadows"],"picked":"SKIP","floor":31}],"player_experience":495202,"relics_obtained":[{"floor":11,"key":"Centennial Puzzle"},{"floor":24,"key":"StoneCalendar"}],"event_choices":[{"damage_healed":0,"gold_gain":0,"player_choice":"Rummage","damage_taken":0,"relics_obtained":["WarpedTongs"],"max_hp_gain":0,"max_hp_loss":0,"event_name":"Accursed Blacksmith","floor":3,"gold_loss":0,"cards_obtained":["Pain"]},{"damage_healed":0,"gold_gain":0,"player_choice":"Cursed","damage_taken":0,"max_hp_gain":0,"max_hp_loss":0,"event_name":"Wheel of Change","floor":28,"gold_loss":0,"cards_obtained":["Decay"]}],"is_beta":false,"boss_relics":[{"not_picked":["Snecko Eye","Runic Pyramid"],"picked":"Busted Crown"}],"items_purged_floors":[4,9],"is_endless":false,"potions_floor_spawned":[14,16,22],"killed_by":"Centurion and Healer","ascension_level":15}}