{"host":"3ikutf0nfngyhvfs","time":1610257018,"event":{"mods":["AchievementEnabler","BaseMod","Downfall","Duelist Mod","Hermit","Minty Spire (QoL Compilation)","Shop Mod","StSLib","The Bug Knight","The Construct","The Cursed","The Disciple","The Hierophant","The Necromancer","The Poker Player","The Runesmith"],"gold_per_floor":[118,133,148,148,118,151,151,181,233,259,273,290,290,260,260,260,260],"floor_reached":16,"playtime":2167,"items_purged":[],"score":145,"play_id":"42aef744-96d6-4d44-93ab-8b34a276c3e8","local_time":"20210109233658","is_ascension_mode":false,"campfire_choices":[{"data":"LockedTornado","floor":7,"key":"SMITH"},{"data":"PrimeTime","floor":15,"key":"SMITH"}],"circlet_count":0,"master_deck":["Strike_Br","Strike_Br","Strike_Br","Strike_Br","Defend_Br","Defend_Br","Defend_Br","SecondHand","PatternShift","LockedOrichalcum","LockedWhetstone","LockedTornado+1","LockedUrn","LockedPlans","DaylightSavings","LockedThread","EscortCommand","PrimeTime+1","LockedLightning"],"relics":["Chronometer","White Beast Statue","Happy Flower","Boot"],"acts_visited":["Exordium"],"potions_floor_usage":[6,10,10,12,16,16],"damage_taken":[{"damage":0,"enemies":"Jaw Worm","floor":1,"turns":6},{"damage":5,"enemies":"Cultist","floor":2,"turns":5},{"damage":7,"enemies":"2 Louse","floor":3,"turns":3},{"damage":0,"enemies":"Looter","floor":5,"turns":4},{"damage":0,"enemies":"HollowMod:MossKnight","floor":6,"turns":10},{"damage":40,"enemies":"3 Sentries","floor":8,"turns":14},{"damage":7,"enemies":"HollowMod:MossKnight","floor":10,"turns":10},{"damage":0,"enemies":"Large Slime","floor":11,"turns":8},{"damage":11,"enemies":"Blue Slaver","floor":12,"turns":7},{"damage":4,"enemies":"Looter","floor":14,"turns":4},{"damage":38,"enemies":"Hexaghost","floor":16,"turns":11}],"seed_played":"-3910701117901146805","potions_obtained":[{"floor":3,"key":"Strength Potion"},{"floor":6,"key":"Energy Potion"},{"floor":8,"key":"Weak Potion"},{"floor":10,"key":"sneckomod:MuddlingPotion"},{"floor":11,"key":"SpeedPotion"},{"floor":12,"key":"construct:ShiftPotion"},{"floor":14,"key":"FearPotion"}],"is_trial":false,"path_per_floor":["M","M","M","?","M","E","R","E","T","E","M","M","?","M","R","B"],"character_chosen":"CHRONO_CLASS","items_purchased":[],"campfire_rested":0,"item_purchase_floors":[],"current_hp_per_floor":[71,66,59,59,59,61,61,25,25,24,32,29,29,29,29,0,0],"gold":260,"neow_bonus":"TEN_PERCENT_HP_BONUS","is_daily":false,"chose_seed":false,"campfire_upgraded":2,"win_rate":0.0,"timestamp":1610257018,"path_taken":["M","M","M","?","M","E","R","E","T","E","M","M","?","?","R","BOSS"],"items_purchased_type":[],"build_version":"2020-12-22","purchased_purges":0,"victory":false,"max_hp_per_floor":[71,71,71,71,71,71,71,71,71,71,71,71,71,71,71,71,71],"card_choices":[{"not_picked":["ReapSow","Echoward"],"picked":"LockedOrichalcum","floor":1},{"not_picked":["BiteCommand","LockedMedicine"],"picked":"LockedWhetstone","floor":2},{"not_picked":["LockedCalendar","AlternateTimeline"],"picked":"LockedTornado","floor":3},{"not_picked":["ReapSow","Stagnate"],"picked":"LockedUrn","floor":5},{"not_picked":["LockedAnchor","Tempo"],"picked":"LockedPlans","floor":6},{"not_picked":["LockedAnchor","CrunchTime"],"picked":"DaylightSavings","floor":8},{"not_picked":["LockedAnchor","Engulf"],"picked":"LockedThread","floor":10},{"not_picked":["PrimeTime","ShortSighted"],"picked":"EscortCommand","floor":11},{"not_picked":["LockedPlans","Parity"],"picked":"PrimeTime","floor":12},{"not_picked":["WindUp","ReapSow"],"picked":"LockedLightning","floor":14}],"player_experience":453965,"relics_obtained":[{"floor":6,"key":"White Beast Statue"},{"floor":8,"key":"Happy Flower"},{"floor":10,"key":"Boot"}],"event_choices":[{"damage_healed":0,"gold_gain":0,"player_choice":"Ignored","damage_taken":0,"max_hp_gain":0,"max_hp_loss":0,"event_name":"Liars Game","floor":4,"gold_loss":0},{"cards_removed":["Defend_Br"],"damage_healed":0,"gold_gain":0,"player_choice":"Purged","damage_taken":0,"max_hp_gain":0,"max_hp_loss":0,"event_name":"Purifier","floor":13,"gold_loss":0}],"is_beta":false,"boss_relics":[],"items_purged_floors":[],"is_endless":false,"potions_floor_spawned":[3,6,8,10,11,12,14],"killed_by":"Hexaghost","ascension_level":0}}