{"host":"qekv59dthhdg54sz","time":1610264181,"event":{"mods":["AchievementEnabler","BaseMod","Colored Map","DeckTracker","KOR Keyword Fix","Minty Spire (QoL Compilation)","Rare Cards Sparkle","StSLib","SuperFastMode"],"gold_per_floor":[10,10,10,23,37,64,64,92,92,92,112,124,124,136,136,213,213,233,53,1,18,38,38,65,65,91,91,91],"floor_reached":27,"playtime":610,"items_purged":["Strike_G"],"score":486,"play_id":"7efcb091-36be-4c0e-8532-35328c5b034e","local_time":"20210110163621","is_ascension_mode":true,"campfire_choices":[{"data":"Deadly Poison","floor":7.0,"key":"SMITH"},{"data":"Dagger Spray","floor":10.0,"key":"SMITH"},{"data":"Tactician","floor":13.0,"key":"SMITH"},{"floor":15.0,"key":"REST"},{"floor":23.0,"key":"REST"},{"data":"Bouncing Flask","floor":25.0,"key":"SMITH"}],"circlet_count":0,"master_deck":["AscendersBane","Strike_G","Strike_G","Defend_G","Defend_G","Defend_G","Defend_G","Defend_G","Survivor","Neutralize","Envenom+1","Poisoned Stab","Deadly Poison+1","Tactician+1","Dagger Spray+1","Prepared","After Image","Catalyst+1","Backflip","Bouncing Flask+1","Bane+1"],"relics":["Ring of the Snake","Snake Skull","Paper Crane","Pen Nib","Empty Cage","Du-Vu Doll","Tingsha","Vajra"],"acts_visited":["Exordium","TheCity"],"potions_floor_usage":[],"damage_taken":[{"damage":3.0,"enemies":"Cultist","floor":1.0,"turns":5.0},{"damage":6.0,"enemies":"Jaw Worm","floor":4.0,"turns":5.0},{"damage":0.0,"enemies":"Small Slimes","floor":5.0,"turns":4.0},{"damage":9.0,"enemies":"Gremlin Nob","floor":6.0,"turns":4.0},{"damage":9.0,"enemies":"Lagavulin","floor":8.0,"turns":6.0},{"damage":4.0,"enemies":"Exordium Wildlife","floor":11.0,"turns":3.0},{"damage":0.0,"enemies":"3 Louse","floor":12.0,"turns":1.0},{"damage":0.0,"enemies":"2 Fungi Beasts","floor":14.0,"turns":2.0},{"damage":39.0,"enemies":"Slime Boss","floor":16.0,"turns":11.0},{"damage":14.0,"enemies":"Shell Parasite","floor":18.0,"turns":7.0},{"damage":5.0,"enemies":"Chosen","floor":21.0,"turns":4.0},{"damage":6.0,"enemies":"Snake Plant","floor":22.0,"turns":2.0},{"damage":14.0,"enemies":"Slavers","floor":24.0,"turns":6.0},{"damage":55,"enemies":"Shelled Parasite and Fungi","floor":27,"turns":4}],"seed_played":"-6530473035904003739","potions_obtained":[{"floor":4.0,"key":"PowerPotion"},{"floor":11.0,"key":"DistilledChaos"},{"floor":12.0,"key":"Swift Potion"},{"floor":18.0,"key":"Strength Potion"},{"floor":22.0,"key":"PowerPotion"}],"is_trial":false,"path_per_floor":["M","$","?","M","M","E","R","E","T","R","M","M","R","M","R","B",null,"M","$","?","M","M","R","E","R","T","M"],"character_chosen":"THE_SILENT","items_purchased":["Backflip","Bouncing Flask"],"campfire_rested":2,"item_purchase_floors":[19,19],"current_hp_per_floor":[56,56,56,50,50,41,41,32,32,32,28,28,28,28,47,8,52,38,38,38,33,27,46,32,32,32,0,0],"gold":91,"neow_bonus":"THREE_RARE_CARDS","is_daily":false,"chose_seed":true,"campfire_upgraded":4,"win_rate":0.0,"timestamp":1610264181,"path_taken":["M","$","?","M","M","E","R","E","T","R","M","?","R","M","R","BOSS","M","$","?","M","M","R","E","R","T","M"],"items_purchased_type":["Card","Card"],"build_version":"2020-12-22","purchased_purges":1,"victory":false,"max_hp_per_floor":[66,66,66,66,66,66,66,66,66,66,66,66,66,66,66,66,66,66,66,66,66,66,66,66,66,66,66,66],"card_choices":[{"not_picked":["Night Terror","Unload"],"picked":"Envenom","floor":0.0},{"not_picked":["Quick Slash","Dodge and Roll"],"picked":"Poisoned Stab","floor":1.0},{"not_picked":["Finisher","Concentrate"],"picked":"Deadly Poison","floor":4.0},{"not_picked":["Underhanded Strike","Endless Agony","Outmaneuver"],"picked":"SKIP","floor":5.0},{"not_picked":["Deflect","Slice"],"picked":"Tactician","floor":6.0},{"not_picked":["Prepared","Deadly Poison"],"picked":"Dagger Spray","floor":8.0},{"not_picked":["Blade Dance","Slice","Skewer"],"picked":"SKIP","floor":11.0},{"not_picked":["Outmaneuver","Flying Knee","Eviscerate"],"picked":"SKIP","floor":12.0},{"not_picked":["Expertise","Masterful Stab"],"picked":"Prepared","floor":14.0},{"not_picked":["Adrenaline","Storm of Steel"],"picked":"After Image","floor":16.0},{"not_picked":["Tactician","Dagger Spray"],"picked":"Catalyst+1","floor":18.0},{"not_picked":["Outmaneuver","Poisoned Stab"],"picked":"Bane+1","floor":21.0},{"not_picked":["Prepared","Dagger Throw","Slice"],"picked":"SKIP","floor":22.0},{"not_picked":["Bane","Slice","Bullet Time"],"picked":"SKIP","floor":24.0}],"player_experience":764393,"relics_obtained":[{"floor":6.0,"key":"Snake Skull"},{"floor":8.0,"key":"Paper Crane"},{"floor":9.0,"key":"Pen Nib"},{"floor":24.0,"key":"Tingsha"},{"floor":26.0,"key":"Vajra"}],"event_choices":[{"damage_healed":0.0,"max_hp_gain":0.0,"max_hp_loss":0.0,"gold_gain":0.0,"event_name":"Upgrade Shrine","player_choice":"Upgraded","floor":3.0,"gold_loss":0.0,"damage_taken":0.0,"cards_upgraded":["Envenom"]},{"damage_healed":0.0,"max_hp_gain":0.0,"max_hp_loss":0.0,"gold_gain":0.0,"event_name":"WeMeetAgain","player_choice":"Paid Gold","floor":20.0,"gold_loss":52.0,"damage_taken":0.0,"relics_obtained":["Du-Vu Doll"]}],"is_beta":false,"boss_relics":[{"not_picked":["WristBlade","SacredBark"],"picked":"Empty Cage"}],"items_purged_floors":[19],"is_endless":false,"potions_floor_spawned":[4,11,12,18,22],"killed_by":"Shelled Parasite and Fungi","ascension_level":20}}