{"host":"ek3xvuouaw6vk9if","time":1610259576,"event":{"mods":["BaseMod","BetterRewards","Minty Spire (QoL Compilation)","Permanent Neow","Quick Restart","Relic Stats","Replay The Spire","StSLib","The Disciple"],"gold_per_floor":[115,132,307,322,337,337,370,370,370,59,59,59,86,86,86,187,187,197,197,211,211,233,133,145,156,180,227,250,262,307,194,194,309,309,319,350,397,101,101,101,101,101],"floor_reached":41,"playtime":2736,"items_purged":["Doubt","Pain","Defend_Br"],"score":540,"play_id":"35f1cf0f-8f0d-443d-ac27-8738a42992bc","local_time":"20210110011936","is_ascension_mode":true,"campfire_choices":[{"data":"Analog","floor":6,"key":"SMITH"},{"data":"Panache","floor":8,"key":"SMITH"},{"data":"VestedLegacy","floor":11,"key":"SMITH"},{"floor":15,"key":"REST"},{"floor":29,"key":"REST"},{"floor":32,"key":"REST"},{"floor":40,"key":"REST"}],"circlet_count":0,"master_deck":["Strike_Br","Defend_Br","SecondHand","PatternShift","Panache+1","Parity","VestedLegacy","Analog+1","Accruing","EscortCommand","VestedLegacy+1","Panache","OldTimer","LockedLightning","HandsUpB","Echoward","OracleForm","DaylightSavings+7","RageCommand","Cuckoo","HandsUpB","SlimeSpray"],"relics":["Chronograph","Art of War","Matryoshka","Unceasing Top","Bag of Preparation","Replay:PocketPolymizer","Fusion Hammer","Nilry\u0027s Codex","WarpedTongs","Replay:Bottled Flurry","MawBank","Replay:Kaleidoscope","Vajra","Replay:Grab Bag","Philosopher\u0027s Stone","Sozu","Torii","ReplayTheSpireMod:Shallot"],"acts_visited":["Exordium","TheCity","TheBeyond"],"potions_floor_usage":[30,37],"damage_taken":[{"damage":4,"enemies":"2 Louse","floor":1,"turns":4},{"damage":0,"enemies":"Small Slimes","floor":2,"turns":3},{"damage":0,"enemies":"Jaw Worm","floor":4,"turns":5},{"damage":8,"enemies":"Exordium Wildlife","floor":5,"turns":5},{"damage":14,"enemies":"3 Sentries","floor":7,"turns":11},{"damage":3,"enemies":"Gremlin Nob","floor":13,"turns":5},{"damage":0,"enemies":"Slime Boss","floor":16,"turns":5},{"damage":0,"enemies":"Shell Parasite","floor":18,"turns":5},{"damage":2,"enemies":"Spheric Guardian","floor":20,"turns":3},{"damage":4,"enemies":"Chosen and Byrds","floor":22,"turns":6},{"damage":3,"enemies":"Snake Plant","floor":24,"turns":3},{"damage":0,"enemies":"Centurion and Healer","floor":25,"turns":5},{"damage":1,"enemies":"Replay:Snechameleon","floor":27,"turns":4},{"damage":0,"enemies":"3 Cultists","floor":28,"turns":2},{"damage":7,"enemies":"Gremlin Leader","floor":30,"turns":6},{"damage":21,"enemies":"Champ","floor":33,"turns":7},{"damage":0,"enemies":"3 Shapes","floor":35,"turns":2},{"damage":0,"enemies":"Orb Walker","floor":36,"turns":3},{"damage":26,"enemies":"2 Orb Walkers","floor":37,"turns":4},{"damage":49,"enemies":"Giant Head","floor":41,"turns":6}],"seed_played":"-2949413199223918522","potions_obtained":[{"floor":1,"key":"Strength Potion"},{"floor":5,"key":"HastePotion"},{"floor":7,"key":"Block Potion"},{"floor":16,"key":"Dexterity Potion"},{"floor":30,"key":"HastePotion"}],"is_trial":false,"path_per_floor":["M","M","?","M","M","R","E","R","T","$","R","?","E","T","R","B",null,"M","?","M","?","M","$","M","M","T","E","M","R","E","$","R","B",null,"M","M","?","$","?","R","E"],"character_chosen":"CHRONO_CLASS","items_purchased":["VestedLegacy","Panache","ReplayTheSpireMod:Shallot","HandsUpB"],"campfire_rested":4,"item_purchase_floors":[10,10,38,38],"current_hp_per_floor":[55,55,55,55,47,47,33,33,33,33,33,26,23,23,40,40,59,59,43,41,41,37,37,34,34,34,33,33,50,43,43,59,38,59,59,59,33,33,33,49,0,0],"gold":101,"neow_bonus":"RANDOM_COLORLESS_2","is_daily":false,"chose_seed":false,"campfire_upgraded":3,"win_rate":0.0,"timestamp":1610259576,"path_taken":["M","M","?","M","M","R","E","R","T","$","R","?","E","?","R","BOSS","M","?","M","?","M","$","M","?","T","E","M","R","E","$","R","BOSS","M","?","?","$","?","R","E"],"items_purchased_type":["Card","Card","Relic","Card"],"build_version":"2020-12-22","purchased_purges":3,"victory":false,"max_hp_per_floor":[59,59,59,59,59,59,59,59,59,59,59,59,59,59,59,59,59,59,59,59,59,59,59,59,59,59,59,59,59,59,59,59,59,59,59,59,59,59,56,56,56,56],"relic_stats":{"Sozu":1,"Torii":0,"counters":[20,94],"Art of War":[18],"Bag of Preparation":[28],"MawBank":60,"obtain_stats":[{"Replay:PocketPolymizer":14,"Torii":37,"Nilry\u0027s Codex":19,"Replay:Grab Bag":34,"Vajra":30,"Bag of Preparation":14,"Replay:Kaleidoscope":27,"MawBank":26,"WarpedTongs":21,"Chronograph":34,"Sozu":34,"Matryoshka":9,"ReplayTheSpireMod:Shallot":38,"Chronometer":0,"Philosopher\u0027s Stone":34,"Fusion Hammer":17,"Art of War":7,"Replay:Bottled Flurry":26,"Unceasing Top":13},{"Replay:PocketPolymizer":6,"Torii":19,"Nilry\u0027s Codex":8,"Replay:Grab Bag":16,"Vajra":15,"Bag of Preparation":6,"Replay:Kaleidoscope":13,"MawBank":12,"WarpedTongs":9,"Chronograph":16,"Sozu":16,"Matryoshka":5,"ReplayTheSpireMod:Shallot":19,"Chronometer":0,"Philosopher\u0027s Stone":16,"Fusion Hammer":7,"Art of War":5,"Replay:Bottled Flurry":12,"Unceasing Top":6},{"Replay:PocketPolymizer":33,"Torii":88,"Nilry\u0027s Codex":43,"Replay:Grab Bag":79,"Vajra":72,"Bag of Preparation":33,"Replay:Kaleidoscope":64,"MawBank":60,"WarpedTongs":46,"Chronograph":79,"Sozu":79,"Matryoshka":28,"ReplayTheSpireMod:Shallot":88,"Chronometer":0,"Philosopher\u0027s Stone":79,"Fusion Hammer":38,"Art of War":28,"Replay:Bottled Flurry":60,"Unceasing Top":33}],"Unceasing Top":[15],"WarpedTongs":[48]},"card_choices":[{"not_picked":["Transmutation","Master of Strategy"],"picked":"Panache","floor":0},{"not_picked":["Engulf","BlueShift"],"picked":"Parity","floor":1},{"not_picked":["WindUp","ShortSighted"],"picked":"VestedLegacy","floor":2},{"not_picked":["Parity","BiteCommand"],"picked":"Analog","floor":4},{"not_picked":["PrimeTime","LockedAstrolabe"],"picked":"Accruing","floor":5},{"not_picked":["LockedMedicine","LockedAnchor"],"picked":"EscortCommand","floor":7},{"not_picked":["BlueShift","HandsUpC","LockedMercury"],"picked":"SKIP","floor":13},{"not_picked":["OracleForm","OldTimer"],"picked":"LockedLightning","floor":16},{"not_picked":["Stagnate","Recurrance+1"],"picked":"HandsUpB","floor":18},{"not_picked":["WakeUpCall","HandsUpC","LockedTornado"],"picked":"SKIP","floor":20},{"not_picked":["PrimeTime","AlternateTimeline"],"picked":"Echoward","floor":22},{"not_picked":["SlimeSpray","Tempo","ReapSow"],"picked":"SKIP","floor":24},{"not_picked":["Backlash","Tempo"],"picked":"OracleForm","floor":25},{"not_picked":["HandsUpC","LockedUrn","LockedTurtyl"],"picked":"SKIP","floor":27},{"not_picked":["LockedScales","WindUp"],"picked":"DaylightSavings+1","floor":28},{"not_picked":["HandsUpB","ExoVibe","SlimeSpray"],"picked":"SKIP","floor":30},{"not_picked":["LockedScales+1","AlternateTimeline+1","LockedTurtyl"],"picked":"SKIP","floor":35},{"not_picked":["ReapSow+1","CrunchTime","Goo+1"],"picked":"SKIP","floor":36}],"player_experience":525669,"relics_obtained":[{"floor":7,"key":"Art of War"},{"floor":9,"key":"Matryoshka"},{"floor":13,"key":"Unceasing Top"},{"floor":14,"key":"Bag of Preparation"},{"floor":14,"key":"Replay:PocketPolymizer"},{"floor":19,"key":"Nilry\u0027s Codex"},{"floor":26,"key":"Replay:Bottled Flurry"},{"floor":26,"key":"MawBank"},{"floor":27,"key":"Replay:Kaleidoscope"},{"floor":30,"key":"Vajra"},{"floor":37,"key":"Torii"}],"event_choices":[{"damage_healed":0,"gold_gain":175,"player_choice":"AGREE","damage_taken":0,"max_hp_gain":0,"max_hp_loss":0,"event_name":"Liars Game","floor":3,"gold_loss":0,"cards_obtained":["Doubt"]},{"cards_removed":["Strike_Br"],"damage_healed":0,"gold_gain":0,"player_choice":"Card Removal","damage_taken":7,"max_hp_gain":0,"max_hp_loss":0,"event_name":"Golden Wing","floor":12,"gold_loss":0},{"damage_healed":0,"gold_gain":0,"player_choice":"Obtained Book","damage_taken":16,"max_hp_gain":0,"max_hp_loss":0,"event_name":"Cursed Tome","floor":19,"gold_loss":0},{"damage_healed":0,"gold_gain":0,"player_choice":"Rummage","damage_taken":0,"relics_obtained":["WarpedTongs"],"max_hp_gain":0,"max_hp_loss":0,"event_name":"Accursed Blacksmith","floor":21,"gold_loss":0,"cards_obtained":["Pain"]},{"damage_healed":0,"gold_gain":0,"player_choice":"Fight","damage_taken":0,"max_hp_gain":0,"max_hp_loss":0,"event_name":"Mysterious Sphere","floor":37,"gold_loss":0},{"damage_healed":0,"gold_gain":0,"player_choice":"Max HP","damage_taken":0,"max_hp_gain":0,"max_hp_loss":3,"event_name":"Winding Halls","floor":39,"gold_loss":0}],"is_beta":false,"boss_relics":[{"not_picked":["Runic Pyramid","HangingClock"],"picked":"Fusion Hammer"},{"not_picked":["SacredBark","Astrolabe"],"picked":"Replay:Grab Bag"},{"not_picked":["Busted Crown","Replay:Bronze Core"],"picked":"Philosopher\u0027s Stone"},{"not_picked":["ReplayTheSpireMod:Onyx Gauntlets","Cursed Key"],"picked":"Sozu"},{"not_picked":["Snecko Eye","Snecko Heart"],"picked":"Chronograph"}],"items_purged_floors":[10,23,31],"is_endless":false,"potions_floor_spawned":[1,5,7,16,25,27,28,30,33,36],"killed_by":"Giant Head","ascension_level":1}}