{"host":"61ejhfsushs0xmcl","time":1610251917,"event":{"mods":["ATMod(°¢èªMod)","Act Like it!","BaseMod","Colored Map","Gold Saver","Minty Spire (QoL Compilation)","MostiFishMod","Spicy Shops","StSLib","TestMod","Waifu the Spire","[IsaacMod]ÒÔÈö¼âËþ","vexMod","¡¾ÒÅÎï¿¨ÅÆ¡¿REMEMod","óô»ðÖ¸ÄÏ"],"gold_per_floor":[1565,1097,1097,1113,1113,1146,1146,1176,1246,1257,1257,1282,1298,1325,900,978,1644,1659,1704,1754,966,976,1005,1027,1027,1027,1038,1038,1069,1090,1108,489,572,572,597,201,221,243,256,290,44,83,154,104,145,164,164,190,199,227,381,381,390,72,132,503],"floor_reached":57,"playtime":4002,"items_purged":["Strike_P","Defend_P","Strike_P","Defend_P","Strike_P","testmod-Envy","testmod-Wrath","testmod-Sloth"],"score":3899,"play_id":"7ec3ede9-2932-4acd-b1d9-b69ee61ac130","local_time":"20210110121157","is_ascension_mode":true,"campfire_choices":[{"data":"MostiFishMod:SephirahHod","floor":7.0,"key":"SMITH"},{"floor":11.0,"key":"RECALL"},{"floor":25.0,"key":"REST"},{"floor":49,"key":"REST"},{"floor":53,"key":"REST"}],"circlet_count":0,"master_deck":["AscendersBane","Strike_P","Defend_P","Eruption","Vigilance","Pride","testmod-Lust","testmod-Greed","testmod-Gluttony","testmod-Gluttony","MostiFishMod:SephirahHod+1","AT_Desolate","Hyperbeam","FearNoEvil","BattleHymn","Regret","testmod-Gluttony","AT_WindFlip","AT_BodySlamDance","Shrug It Off","Burning Pact","Burst","MostiFishMod:KamiSmash","DevaForm","MostiFishMod:Moonprays","testmod-PainDetonator","AT_BodySlamDance+1","Crescendo+1","MostiFishMod:Galeforce","Beam Cell+1","ForeignInfluence+1","Decay","testmod-Gluttony","MostiFishMod:Culaccino","Skim+1","Wallop","Tantrum+1","AT_PowerWithin+1","Parasite","testmod-Gluttony","testmod-Gluttony","Parasite","testmod-Gluttony","Dark Embrace","MentalFortress+1","testmod-Gluttony","testmod-Gluttony","Injury","testmod-Gluttony","vexMod:EmailVexCard","testmod-Gluttony"],"relics":["PureWater","testmod-TestBox","DaveBox","AT_ATBox","REME_ComplimentaryCards","HushsDoor","testmod-SevenDeadlySins","Du-Vu Doll","Darkstone Periapt","Blue Candle","MostiFishMod:Hod","GuppysTail","SynthV:TestCard","Mummified Hand","PrismaticShard","TheBean","Oddly Smooth Stone","Nunchaku","Damaru","D6","TheBible","SynthV:C4","AT_PhaseBoots","AT_BellDemon","UnicornStump","NightmareShop","vexMod:RockOfEvil","GuppysHairball","BelialBook","Akabeko","Bag of Marbles","vexMod:InvisibilityCloak","Anchor","D4","AT_ChloranthyRing","CeramicFish","InkBottle","Matryoshka","Blood Vial","REME_HourglassOfDeath","HowToJump","Medical Kit","MealTicket","Gremlin Horn","AT_TrinityForce","testmod-Fanaticism","GuppysHead","MegaBlast","Tiny Chest","testmod-IndustrialRevolution","StrikeDummy","Orichalcum","Potion Belt","vexMod:TimeEaterHat","Singing Bowl","AT_DeathDance","Bag of Preparation","testmod-Justice","Pen Nib","SalivaCoin","Dream Catcher","Omamori","WarpedTongs","testmod-LifeArmor","vexMod:Dragonfruit","DoctorsRemote","AT_ImmortalShieldbow","AT_SunfireAegis"],"acts_visited":["Exordium","TheCity","TheBeyond","TheEnding"],"potions_floor_usage":[56,56],"damage_taken":[{"damage":8.0,"enemies":"2 Louse","floor":1.0,"turns":2.0},{"damage":2.0,"enemies":"Cultist","floor":4.0,"turns":2.0},{"damage":3.0,"enemies":"Gremlin Nob","floor":6.0,"turns":2.0},{"damage":3.0,"enemies":"3 Sentries","floor":8.0,"turns":1.0},{"damage":2.0,"enemies":"Small Slimes","floor":10.0,"turns":1.0},{"damage":0.0,"enemies":"Gremlin Nob","floor":12.0,"turns":1.0},{"damage":2.0,"enemies":"Red Slaver","floor":13.0,"turns":1.0},{"damage":3.0,"enemies":"Lagavulin","floor":14.0,"turns":4.0},{"damage":2.0,"enemies":"The Guardian","floor":16.0,"turns":3.0},{"damage":0.0,"enemies":"3 Byrds","floor":18.0,"turns":1.0},{"damage":47.0,"enemies":"Chosen","floor":19.0,"turns":5.0},{"damage":2.0,"enemies":"Snake Plant","floor":22.0,"turns":1.0},{"damage":31.0,"enemies":"Book of Stabbing","floor":23.0,"turns":3.0},{"damage":1.0,"enemies":"Cultist and Chosen","floor":24.0,"turns":1.0},{"damage":2.0,"enemies":"Snecko","floor":27.0,"turns":1.0},{"damage":0.0,"enemies":"REME_1_Revenger","floor":29.0,"turns":2.0},{"damage":2.0,"enemies":"Centurion and Healer","floor":30.0,"turns":1.0},{"damage":1.0,"enemies":"Collector","floor":33.0,"turns":1.0},{"damage":0.0,"enemies":"3 Darklings","floor":35.0,"turns":1.0},{"damage":4.0,"enemies":"3 Shapes","floor":37.0,"turns":1.0},{"damage":0.0,"enemies":"Spire Growth","floor":38.0,"turns":2.0},{"damage":1.0,"enemies":"4 Shapes","floor":39.0,"turns":1.0},{"damage":1,"enemies":"Giant Head","floor":40,"turns":1},{"damage":0,"enemies":"Reptomancer","floor":42,"turns":1},{"damage":0,"enemies":"Nemesis","floor":45,"turns":2},{"damage":0,"enemies":"Writhing Mass","floor":46,"turns":1},{"damage":0,"enemies":"Sphere and 2 Shapes","floor":48,"turns":1},{"damage":14,"enemies":"Donu and Deca","floor":50,"turns":3},{"damage":30,"enemies":"Awakened One","floor":51,"turns":2},{"damage":3,"enemies":"Shield and Spear","floor":55,"turns":2},{"damage":214,"enemies":"Delirium","floor":56,"turns":7}],"seed_played":"3823145812946079911","potions_obtained":[{"floor":1.0,"key":"testmod-TestPotion"},{"floor":6.0,"key":"Explosive Potion"},{"floor":8.0,"key":"Fire Potion"},{"floor":13.0,"key":"ColorlessPotion"},{"floor":14.0,"key":"FearPotion"},{"floor":16.0,"key":"Block Potion"},{"floor":23.0,"key":"Fire Potion"},{"floor":24.0,"key":"SmokeBomb"},{"floor":30.0,"key":"AttackPotion"},{"floor":35.0,"key":"Ambrosia"},{"floor":45,"key":"BlessingOfTheForge"},{"floor":48,"key":"Dexterity Potion"}],"is_trial":false,"path_per_floor":["M","$","?","M","?","E","R","E","T","M","R","E","M","E","R","B",null,"M","M","?","$","M","E","M","R","T","M","T","E","M","?","R","B",null,"M","$","M","M","M","E","$","E","T","R","E","M","?","M","R","B","B",null,"R","$","E","B",null],"character_chosen":"WATCHER","items_purchased":["Mummified Hand","PrismaticShard","BattleHymn","AT_SpeedBoots","AT_BellDemon","GuppysHairball","BelialBook","MostiFishMod:KamiSmash","DevaForm","MostiFishMod:Moonprays","EntropicBrew","testmod-PainDetonator","vexMod:InvisibilityCloak","MostiFishMod:Galeforce","Anchor","AttackPotion","Medical Kit","MealTicket","Regen Potion","GuppysHead","MegaBlast","testmod-IndustrialRevolution","Wallop","vexMod:TimeEaterHat","Pen Nib","vexMod:Dragonfruit","DoctorsRemote","vexMod:EmailVexCard"],"campfire_rested":3,"item_purchase_floors":[2,2,2,15,15,17,17,17,17,17,17,17,21,21,21,21,32,32,32,34,34,36,36,41,44,54,54,54],"current_hp_per_floor":[101,101,113,111,93,90,90,87,87,85,85,85,83,80,80,78,84,84,37,37,37,35,4,3,28,28,26,26,26,26,38,38,39,41,41,41,39,41,40,41,53,61,61,73,73,75,75,75,83,69,83,83,91,108,113,116],"gold":503,"neow_bonus":"REMOVE_CARD","is_daily":false,"chose_seed":false,"campfire_upgraded":1,"win_rate":0.0,"timestamp":1610251917,"path_taken":["M","$","?","?","?","E","R","E","T","M","R","E","M","E","R","BOSS","M","M","?","$","M","E","?","R","T","M","?","E","M","?","R","BOSS","M","$","M","M","M","E","$","E","T","R","E","?","?","M","R","BOSS","BOSS","R","$","E","BOSS"],"items_purchased_type":["Relic","Relic","Card","Relic","Relic","Relic","Relic","Card","Card","Card","Potion","Card","Relic","Card","Relic","Potion","Relic","Relic","Potion","Relic","Relic","Relic","Card","Relic","Relic","Relic","Relic","Card"],"build_version":"2020-12-22","purchased_purges":8,"victory":true,"max_hp_per_floor":[116,116,128,128,128,128,128,128,128,128,128,128,128,128,128,128,86,86,86,86,86,86,86,86,86,86,86,86,86,86,98,98,98,41,41,41,41,41,41,41,53,61,61,73,73,75,75,75,83,83,83,83,91,108,116,116],"card_choices":[{"not_picked":[],"picked":"Bomb","floor":0.0},{"not_picked":["MostiFishMod:Nomercy","Nirvana"],"picked":"FearNoEvil","floor":1.0},{"not_picked":["Feed","Redo","REME_ShortnessOfBreath","AT_KneejerkReflex","MostiFishMod:Speedup"],"picked":"SKIP","floor":4.0},{"not_picked":["Perfected Strike","REME_SingleHolding","Wild Strike","LikeWater","Headbutt"],"picked":"SKIP","floor":6.0},{"not_picked":["Whirlwind","FollowUp","Coolheaded","SignatureMove"],"picked":"AT_WindFlip","floor":8.0},{"not_picked":["MostiFishMod:PerfectParry","Catalyst","Noxious Fumes","Backstab"],"picked":"AT_BodySlamDance","floor":10.0},{"not_picked":["ClearTheMind","Blind","Envenom","Streamline"],"picked":"Shrug It Off","floor":12.0},{"not_picked":["Doom and Gloom","MostiFishMod:Clarity","MostiFishMod:SupremeArchaeology","Ball Lightning","Thunderclap"],"picked":"SKIP","floor":13.0},{"not_picked":["Hologram","Warcry","REME_Cut","EmptyBody"],"picked":"Burning Pact","floor":14.0},{"not_picked":["MostiFishMod:MusicBox","MostiFishMod:OneDayCity","Corruption","The Bomb"],"picked":"Burst","floor":16.0},{"not_picked":["CutThroughFate","Wild Strike","Flex","Underhanded Strike"],"picked":"AT_BodySlamDance+1","floor":18.0},{"not_picked":["Cleave","Barrage","testmod-Reflect","PathToVictory"],"picked":"Crescendo+1","floor":19.0},{"not_picked":["Pommel Strike","PiercingWail","Crescendo","MentalFortress","AT_WindFlip"],"picked":"SKIP","floor":22.0},{"not_picked":["Rebound","testmod-Automaton","DevaForm","ThirdEye","Iron Wave"],"picked":"SKIP","floor":23.0},{"not_picked":["CrushJoints","Calculated Gamble","Reinforced Body","REME_GreenPollution"],"picked":"Beam Cell+1","floor":24.0},{"not_picked":["Compile Driver","Seeing Red","Warcry","Sweeping Beam+1","Hologram"],"picked":"SKIP","floor":27.0},{"not_picked":["Steam","Wish","MostiFishMod:GatherIntelligence","Multi-Cast","Prepared"],"picked":"SKIP","floor":29.0},{"not_picked":["Streamline","AT_DiedThrough","BattleHymn","Outmaneuver"],"picked":"ForeignInfluence+1","floor":30.0},{"not_picked":["Grand Finale","Multi-Cast","Battery","MostiFishMod:OrdinaryWorld"],"picked":"MostiFishMod:Culaccino","floor":33.0},{"not_picked":["Headbutt","Pommel Strike","Reckless Charge","FollowUp"],"picked":"Skim+1","floor":35.0},{"not_picked":["Warcry","Halt+1","AT_BodySlamDance","AT_RealFormLess","Devotion"],"picked":"SKIP","floor":37.0},{"not_picked":["PathToVictory","Deflect","MostiFishMod:SupremeArchaeology+1","AT_IchimonjiDouble"],"picked":"Tantrum+1","floor":38.0},{"not_picked":["Gash","Enlightenment+1","Go for the Eyes","Meditate","Thunderclap+1"],"picked":"SKIP","floor":39},{"not_picked":["Cleave","ElectricPowerLearning","EmptyBody","Stack"],"picked":"AT_PowerWithin+1","floor":40},{"not_picked":["Clothesline","Pommel Strike","Prepared+1","Glass Knife","AT_HeatAcrobatics+1"],"picked":"Singing Bowl","floor":42},{"not_picked":["Protect","AT_WomanClash","Dropkick+1","Deadly Poison"],"picked":"Dark Embrace","floor":45},{"not_picked":["testmod-PocketStoneCalender","Whirlwind","Cold Snap","Stack+1","DeceiveReality"],"picked":"Singing Bowl","floor":46},{"not_picked":["AT_HeatAcrobatics","Deflect","FTL","Poisoned Stab"],"picked":"MentalFortress+1","floor":48},{"not_picked":["Conclude+1","WheelKick","Eviscerate","AT_WarpDrive","Sanctity"],"picked":"Singing Bowl","floor":49},{"not_picked":["Beam Cell","Masterful Stab","Armaments","BowlingBash","Clash"],"picked":"Singing Bowl","floor":53},{"not_picked":["MostiFishMod:PushDownKick","Dagger Throw+1","MostiFishMod:Wind","Body Slam","MostiFishMod:FluxCapactior"],"picked":"Singing Bowl","floor":55}],"player_experience":801462,"relics_obtained":[{"floor":1.0,"key":"SynthV:TestCard"},{"floor":6.0,"key":"Nunchaku"},{"floor":8.0,"key":"Damaru"},{"floor":9.0,"key":"D6"},{"floor":12.0,"key":"TheBible"},{"floor":14.0,"key":"SynthV:C4"},{"floor":16.0,"key":"UnicornStump"},{"floor":18.0,"key":"Akabeko"},{"floor":19.0,"key":"Bag of Marbles"},{"floor":22.0,"key":"D4"},{"floor":23.0,"key":"AT_ChloranthyRing"},{"floor":23.0,"key":"CeramicFish"},{"floor":24.0,"key":"InkBottle"},{"floor":28.0,"key":"Matryoshka"},{"floor":29.0,"key":"Blood Vial"},{"floor":29.0,"key":"REME_HourglassOfDeath"},{"floor":30.0,"key":"HowToJump"},{"floor":33.0,"key":"Gremlin Horn"},{"floor":35.0,"key":"Tiny Chest"},{"floor":38.0,"key":"StrikeDummy"},{"floor":40,"key":"Orichalcum"},{"floor":40,"key":"Potion Belt"},{"floor":42,"key":"Singing Bowl"},{"floor":42,"key":"AT_DeathDance"},{"floor":43,"key":"Bag of Preparation"},{"floor":43,"key":"testmod-Justice"},{"floor":45,"key":"SalivaCoin"},{"floor":45,"key":"Dream Catcher"},{"floor":46,"key":"Omamori"},{"floor":48,"key":"testmod-LifeArmor"},{"floor":55,"key":"AT_ImmortalShieldbow"},{"floor":55,"key":"AT_SunfireAegis"}],"event_choices":[{"damage_healed":0.0,"max_hp_gain":0.0,"max_hp_loss":0.0,"gold_gain":0.0,"event_name":"Big Fish","player_choice":"Box","floor":3.0,"gold_loss":0.0,"damage_taken":0.0,"relics_obtained":["TheBean"],"cards_obtained":["Regret"]},{"damage_healed":0.0,"max_hp_gain":0.0,"max_hp_loss":0.0,"gold_gain":0.0,"event_name":"Scrap Ooze","player_choice":"Success","floor":5.0,"gold_loss":0.0,"damage_taken":18.0,"relics_obtained":["Oddly Smooth Stone"]},{"damage_healed":0.0,"max_hp_gain":0.0,"max_hp_loss":0.0,"gold_gain":50.0,"event_name":"Nest","player_choice":"Stole From Cult","floor":20.0,"gold_loss":0.0,"damage_taken":0.0},{"damage_healed":0.0,"max_hp_gain":0.0,"max_hp_loss":0.0,"gold_gain":0.0,"event_name":"Forgotten Altar","player_choice":"Smashed Altar","floor":31.0,"gold_loss":0.0,"damage_taken":0.0,"cards_obtained":["Decay"]},{"damage_healed":0,"gold_gain":0,"player_choice":"Rummage","damage_taken":0,"relics_obtained":["WarpedTongs"],"max_hp_gain":0,"max_hp_loss":0,"event_name":"Accursed Blacksmith","floor":47,"gold_loss":0,"cards_obtained":["Pain"]}],"is_beta":false,"boss_relics":[{"not_picked":["ShadowXiaoBlade","testmod-EnergyCheck"],"picked":"vexMod:RockOfEvil"},{"not_picked":[]},{"not_picked":["MoonlightInvasionPlan","OneHitWonderSystem"],"picked":"testmod-Fanaticism"},{"not_picked":[]}],"items_purged_floors":[2,15,17,21,32,34,36,41],"is_endless":false,"potions_floor_spawned":[1,6,8,13,14,16,23,24,30,35,38,45,48],"ascension_level":20}}