{"host":"922zt4fjsmmy4kg9","time":1610240843,"event":{"mods":["A Magickal Journey","Act Like it!","BaseMod","Better Third Choice","Downfall","Friendly Minions","Hermit","HololiveMod","Hubris","Jorbs\u0027s Wanderer Trilogy","Kiyohime????","Koishi","Marisa????????","Minty Spire (QoL Compilation)","Quick Restart","Reimu??????","Shop Mod","Spicy Shops","StSLib","SuperFastMode","The Animator","The Disciple","The Runesmith"],"gold_per_floor":[99,99,99,99,99,133,133,118,118,118,118,118],"floor_reached":10,"playtime":191,"items_purged":[],"score":69,"play_id":"c6cbc37f-ec63-40ba-a43a-95546ada900f","local_time":"20210110120723","is_ascension_mode":true,"campfire_choices":[{"data":"Slimebound:CorrosiveSpit","floor":1,"key":"SMITH"}],"circlet_count":0,"master_deck":["Slimebound:Strike_Slimebound","Slimebound:Strike_Slimebound","Slimebound:Strike_Slimebound","Slimebound:Tackle","Slimebound:Defend_Slimebound","Slimebound:Defend_Slimebound","Slimebound:Defend_Slimebound","Slimebound:Defend_Slimebound","Slimebound:Split","Slimebound:CorrosiveSpit+1","Slimebound:SplitBruiser","Slimebound:MegaLick","Slimebound:Replication","Slimebound:CheckThePlaybook","Slimebound:TongueLash"],"relics":["Slimebound:AbsorbEndCombat","downfall:HeartsMalice","downfall:BrokenWingStatue","Bag of Marbles","Blue Candle","hubris:Towel"],"acts_visited":["Exordium"],"potions_floor_usage":[],"damage_taken":[{"damage":0,"enemies":"Small Slimes","floor":2,"turns":1},{"damage":0,"enemies":"2 Louse","floor":4,"turns":1},{"damage":0,"enemies":"Cultist","floor":5,"turns":1},{"damage":40,"enemies":"Gremlin Nob","floor":6,"turns":4},{"damage":27,"enemies":"downfall:FleeingMerchant","floor":8,"turns":4},{"damage":28,"enemies":"Lagavulin","floor":10,"turns":2}],"seed_played":"-6608908745994406908","potions_obtained":[],"is_trial":false,"path_per_floor":["R","M","?","M","M","E","T","$","?","E"],"character_chosen":"SLIMEBOUND","items_purchased":[],"campfire_rested":0,"item_purchase_floors":[],"current_hp_per_floor":[60,60,60,60,60,26,26,11,11,0,0,0],"gold":118,"neow_bonus":"THREE_ENEMY_KILL","is_daily":false,"chose_seed":false,"campfire_upgraded":1,"win_rate":0.0,"timestamp":1610240843,"path_taken":["R","M","?","M","M","E","T","$","?","E"],"items_purchased_type":[],"build_version":"2020-12-22","purchased_purges":0,"victory":false,"max_hp_per_floor":[60,60,60,60,60,60,60,60,60,60,60,60],"card_choices":[{"not_picked":["Slimebound:GrowthPunch","Slimebound:ComboTackle"],"picked":"Slimebound:SplitBruiser","floor":2},{"not_picked":["Slimebound:SlimeSpikes","Slimebound:SplitLeeching"],"picked":"Slimebound:MegaLick","floor":4},{"not_picked":["Slimebound:LeechingTouch","Slimebound:MegaLick"],"picked":"Slimebound:Replication","floor":5},{"not_picked":["Slimebound:LeechingTouch","Slimebound:FinishingTackle"],"picked":"Slimebound:CheckThePlaybook","floor":6},{"not_picked":["Slimebound:GoopTackle","Slimebound:SplitAcid"],"picked":"Slimebound:TongueLash","floor":8}],"player_experience":1337806,"relics_obtained":[{"floor":6,"key":"Bag of Marbles"},{"floor":7,"key":"Blue Candle"}],"event_choices":[],"is_beta":false,"boss_relics":[],"items_purged_floors":[],"is_endless":false,"potions_floor_spawned":[],"killed_by":"Lagavulin","ascension_level":3}}