{"host":"qhhcmep1unj6mpf7","time":1610254809,"event":{"mods":["2.2 Compatiblity","AchievementEnabler","BaseMod","Colored Map","DeckTracker","Highlight Path","Keyboard Shortcuts","Minty Spire (QoL Compilation)","Permanent Neow","Quick Restart","Random Character Button","StSLib","SuperFastMode","everything is the same but u backflip on backflip"],"gold_per_floor":[111,125,141,156,12,44,44,44,44],"floor_reached":8,"playtime":312,"items_purged":[],"score":99,"play_id":"6c18dec6-cb63-412e-9955-fb2e825f9039","local_time":"20210110140009","is_ascension_mode":true,"campfire_choices":[{"floor":7,"key":"REST"}],"circlet_count":0,"master_deck":["AscendersBane","Strike_R","Strike_R","Strike_R","Defend_R","Defend_R","Defend_R","Defend_R","Bash","Bloodletting","Impervious","Fire Breathing","Shrug It Off","Power Through","True Grit","Offering","Wild Strike"],"relics":["Burning Blood","Nunchaku"],"acts_visited":["Exordium"],"potions_floor_usage":[6],"damage_taken":[{"damage":3.0,"enemies":"Small Slimes","floor":1.0,"turns":3.0},{"damage":31.0,"enemies":"Jaw Worm","floor":2.0,"turns":7.0},{"damage":0.0,"enemies":"2 Louse","floor":3.0,"turns":5.0},{"damage":6.0,"enemies":"Looter","floor":4.0,"turns":5.0},{"damage":21,"enemies":"Lagavulin","floor":6,"turns":7},{"damage":47,"enemies":"Gremlin Nob","floor":8,"turns":5}],"seed_played":"-6264949600057849061","potions_obtained":[{"floor":1.0,"key":"SpeedPotion"},{"floor":2.0,"key":"FearPotion"},{"floor":4.0,"key":"ColorlessPotion"}],"is_trial":false,"path_per_floor":["M","M","M","M","$","E","R","E"],"character_chosen":"IRONCLAD","items_purchased":["Offering"],"campfire_rested":1,"item_purchase_floors":[5],"current_hp_per_floor":[53,28,34,34,34,19,41,0,0],"gold":44,"neow_bonus":"TRANSFORM_TWO_CARDS","is_daily":false,"chose_seed":false,"campfire_upgraded":0,"win_rate":0.0,"timestamp":1610254809,"path_taken":["M","M","M","M","$","E","R","E"],"items_purchased_type":["Card"],"build_version":"2020-12-22","purchased_purges":0,"victory":false,"max_hp_per_floor":[75,75,75,75,75,75,75,75,75],"card_choices":[{"not_picked":["Iron Wave","Searing Blow"],"picked":"Fire Breathing","floor":1.0},{"not_picked":["Hemokinesis","Bloodletting"],"picked":"Shrug It Off","floor":2.0},{"not_picked":["Flex","Disarm"],"picked":"Power Through","floor":3.0},{"not_picked":["Flex","Perfected Strike"],"picked":"True Grit","floor":4.0},{"not_picked":["Dropkick","Anger"],"picked":"Wild Strike","floor":6}],"player_experience":340709,"relics_obtained":[{"floor":6,"key":"Nunchaku"}],"event_choices":[],"is_beta":false,"boss_relics":[],"items_purged_floors":[],"is_endless":false,"potions_floor_spawned":[1,2,4],"killed_by":"Gremlin Nob","ascension_level":14}}