{"host":"z9mq1tf06lkrncmk","time":1610246825,"event":{"mods":["Aspiration","BaseMod","Conspire","GifTheSpireLib","Hermit","Hubris","Minty Spire (QoL Compilation)","RatMod","Remilia??????","Replay The Spire","Robot Space Explorer","Shade Mod","StSLib","Td1madao Mod","The Cursed","The Disciple","The Dragon Tamer","The Hierophant","The Jungle","The Marked","The Necromancer","The Senshi","The Servant 0.9.4"],"gold_per_floor":[109,128,138,62,81,81,112,91,117,117,82,82,95,111,111,214,214,224,224,238,161,176,176,176],"floor_reached":23,"playtime":1001,"items_purged":[],"score":193,"play_id":"cdafcf1b-f2ec-4631-9d98-8c06b3a7dfd4","local_time":"20210109214705","is_ascension_mode":false,"campfire_choices":[{"data":"hermit:GhostlyPresence","floor":6,"key":"SMITH"},{"floor":10,"key":"REST"},{"data":"hermit:Determination","floor":12,"key":"SMITH"}],"circlet_count":0,"master_deck":["hermit:Strike_Hermit","hermit:Strike_Hermit","hermit:Strike_Hermit","hermit:Strike_Hermit","hermit:Defend_Hermit","hermit:Defend_Hermit","hermit:Defend_Hermit","hermit:Defend_Hermit","hermit:Snapshot+1","hermit:Covet","hermit:Misfire+1","hermit:ItchyTrigger","hermit:Determination+1","hermit:GhostlyPresence+1","hermit:Shortfuse","hermit:Gestalt","hermit:EternalForm","hermit:Maintenance+1","hermit:Snapshot+1","hermit:BodyArmor+1","hermit:Showdown","hermit:Roughhouse"],"relics":["hermit:Momento","CaptainsWheel","aspiration:ChemicalBlood","hermit:BartenderGlass"],"acts_visited":["Exordium","TheCity"],"potions_floor_usage":[16,16,18,18,20,22,23,23,23],"damage_taken":[{"damage":1,"enemies":"Cultist","floor":1,"turns":5},{"damage":2,"enemies":"2 Louse","floor":2,"turns":2},{"damage":0,"enemies":"Small Slimes","floor":3,"turns":2},{"damage":10,"enemies":"Looter","floor":5,"turns":2},{"damage":45,"enemies":"Lagavulin","floor":7,"turns":7},{"damage":7,"enemies":"Blue Slaver","floor":13,"turns":5},{"damage":10,"enemies":"Lots of Slimes","floor":14,"turns":4},{"damage":51,"enemies":"Fading Forest","floor":16,"turns":11},{"damage":2,"enemies":"Chosen","floor":18,"turns":4},{"damage":12,"enemies":"Spheric Guardian","floor":20,"turns":6},{"damage":34,"enemies":"Snake Plant","floor":22,"turns":5},{"damage":30,"enemies":"Slavers","floor":23,"turns":2}],"seed_played":"-1935111829855127268","potions_obtained":[{"floor":3,"key":"Venom Potion"},{"floor":7,"key":"DuplicationPotion"},{"floor":16,"key":"LiquidBronze"},{"floor":16,"key":"EssenceOfSteel"},{"floor":20,"key":"Languid Potion"},{"floor":22,"key":"Block Potion"},{"floor":22,"key":"LiquidBronze"},{"floor":22,"key":"hermit:BlackBile"}],"is_trial":false,"path_per_floor":["M","M","M","$","M","R","E","?","T","R","?","R","M","M","R","B",null,"M","?","M","$","M","E"],"character_chosen":"HERMIT","items_purchased":["hermit:Determination","hermit:Showdown"],"campfire_rested":1,"item_purchase_floors":[4,21],"current_hp_per_floor":[74,72,72,72,62,62,17,17,17,39,57,57,50,40,62,21,75,73,73,61,61,27,0,0],"gold":176,"neow_bonus":"RANDOM_EVENT","is_daily":false,"chose_seed":false,"campfire_upgraded":2,"win_rate":0.0,"timestamp":1610246825,"path_taken":["M","M","?","?","M","R","E","?","T","R","?","R","M","M","R","BOSS","M","?","M","$","?","E"],"items_purchased_type":["Card","Card"],"build_version":"2020-12-22","purchased_purges":0,"victory":false,"max_hp_per_floor":[75,75,75,75,75,75,75,75,75,75,75,75,75,75,75,75,75,75,75,75,75,75,75,75],"card_choices":[{"not_picked":["hermit:LowProfile","hermit:Virtue","hermit:HoleUp"],"picked":"SKIP","floor":1},{"not_picked":["hermit:Manifest","hermit:TakeCover"],"picked":"hermit:Misfire","floor":2},{"not_picked":["hermit:Desperado","hermit:NoHoldsBarred"],"picked":"hermit:ItchyTrigger","floor":3},{"not_picked":["hermit:TrackingShot","hermit:Ricochet"],"picked":"hermit:GhostlyPresence","floor":5},{"not_picked":["hermit:Coalescence","hermit:Snipe","hermit:Misfire"],"picked":"SKIP","floor":7},{"not_picked":["hermit:Coalescence","hermit:TakeCover"],"picked":"hermit:Shortfuse","floor":13},{"not_picked":["hermit:Ricochet","hermit:HighCaliber"],"picked":"hermit:Gestalt","floor":14},{"not_picked":["hermit:Gambit","hermit:Purgatory"],"picked":"hermit:EternalForm","floor":16},{"not_picked":["hermit:Feint","hermit:CalledShot"],"picked":"hermit:Maintenance+1","floor":18},{"not_picked":["hermit:Feint","hermit:Maintenance"],"picked":"hermit:BodyArmor+1","floor":20},{"not_picked":["hermit:LoneWolf","hermit:DeadMansHand"],"picked":"hermit:Roughhouse","floor":22}],"player_experience":409782,"relics_obtained":[{"floor":7,"key":"CaptainsWheel"},{"floor":9,"key":"aspiration:ChemicalBlood"}],"event_choices":[{"damage_healed":0,"gold_gain":0,"player_choice":"Grow","damage_taken":0,"max_hp_gain":0,"max_hp_loss":0,"event_name":"Living Wall","floor":0,"gold_loss":0,"cards_upgraded":["hermit:Snapshot"]},{"damage_healed":0,"gold_gain":0,"player_choice":"Left Gold","damage_taken":0,"max_hp_gain":0,"max_hp_loss":0,"event_name":"World of Goop","floor":8,"gold_loss":21},{"damage_healed":18,"gold_gain":0,"player_choice":"Healed","damage_taken":0,"max_hp_gain":0,"max_hp_loss":0,"event_name":"The Cleric","floor":11,"gold_loss":35},{"damage_healed":0,"gold_gain":0,"player_choice":"Copied","damage_taken":0,"max_hp_gain":0,"max_hp_loss":0,"event_name":"Duplicator","floor":19,"gold_loss":0,"cards_obtained":["hermit:Snapshot"]}],"is_beta":false,"boss_relics":[{"not_picked":["Painkiller Herb","hermit:DentedPlate"],"picked":"hermit:BartenderGlass"}],"items_purged_floors":[],"is_endless":false,"potions_floor_spawned":[3,7,16,22],"killed_by":"Slavers","ascension_level":0}}