{"host":"4c7oxphrh4ok8x7u","time":1610293586,"event":{"mods":["100% Spire Juice","2.2 Compatiblity","Act Like it!","Arknights The Spire","Aspiration","BaseMod","Better Skull","Better Vampires","BetterRewards","Challenge The Spire","Conjunction","Conspire","Custom Start","Dota2Spire","Ekko","Evolution","Fiend Mod","Friendly Minions","FruityMod","GifTheSpireLib","Good Game Mod","Halation","Hermit","HololiveMod","Hubris","Hyrulean Relics","Jedi Mod","Jess\u0027s Bottle","Kratos Character Expansion","Minty Spire (QoL Compilation)","MostiFishMod","Permanent Neow","Poor People Problems","Prisma Mod","Quarter Circle Forward PUNCH!","RatMod","Replay The Spire","Robot Space Explorer","SCP261 Mod","Shade Mod","Slay the Relics Exporter","Small Relic Pack","Spicy Shops","Spikes Relics","Spires And Sneckos","StSLib","Stuff the Spire","The Animator","The Blue Laboratory","The Death Knight","The Edgeheg","The Exalted","The Fake Hero","The Trickster","TheVacant","TheWitcher","Wandering Minibosses"],"gold_per_floor":[110,110,110,125,125,137,170,170,170,170,200,200,219,235,235,339,339,359,370,383,9,9,9],"floor_reached":22,"playtime":1081,"items_purged":[],"score":246,"play_id":"b8ab8dcc-af9f-4552-8566-c6cb41b380bb","local_time":"20210110184626","is_ascension_mode":false,"campfire_choices":[{"data":"White Noise","floor":8,"key":"SMITH"},{"floor":10,"key":"RECALL"},{"data":"BasicCrystalCard","floor":12,"key":"SMITH"},{"data":"DiskWipe","floor":15,"key":"SMITH"}],"circlet_count":0,"master_deck":["jedi:BurstLightning","jedi:BurstLightning","jedi:BurstLightning","jedi:BurstLightning","Defend_B","Defend_B","Defend_B","Defend_B","Zap","White Noise+1","BootSequence","Glacier","Conserve Battery","BasicCrystalCard+1","Compile Driver","DiskWipe+1","Biased Cognition","MostiFishMod:GatherIntelligence","Turbo+1","Loop","hubris:PowerSurge"],"relics":["Cracked Core","EVO:Axolotl","DaveBox","REME:ComplimentaryCards","SynthV:TestCard","JellyFishMachine","Bromod:ArcaneNullifier","Dota2Spire:MaskOfMadness","hubris:OldNail","Dota2Spire:Bloodstone","Replay:Bandana","Raider\u0027s Mask"],"acts_visited":["Exordium","TheCity"],"potions_floor_usage":[],"damage_taken":[{"damage":10,"enemies":"Jaw Worm","floor":1,"turns":4},{"damage":7,"enemies":"2 Louse","floor":4,"turns":3},{"damage":1,"enemies":"Cultist","floor":6,"turns":4},{"damage":6,"enemies":"Lagavulin","floor":7,"turns":9},{"damage":0,"enemies":"3 Sentries","floor":11,"turns":9},{"damage":0,"enemies":"Lots of Slimes","floor":13,"turns":3},{"damage":0,"enemies":"conspire:2 RoseBushes","floor":14,"turns":4},{"damage":15,"enemies":"Hexaghost","floor":16,"turns":10},{"damage":3,"enemies":"2 Thieves","floor":18,"turns":4},{"damage":0,"enemies":"Shell Parasite","floor":19,"turns":5},{"damage":47,"enemies":"conspire:HollyBat","floor":20,"turns":8}],"seed_played":"1021766518451238310","potions_obtained":[{"floor":5,"key":"EssenceOfSteel"},{"floor":5,"key":"Reflective Coating"},{"floor":5,"key":"EssenceOfDarkness"},{"floor":6,"key":"Ancient Potion"}],"is_trial":false,"path_per_floor":["M","?","$","M","?","M","E","R","T","R","E","R","M","M","R","B",null,"M","M","M","$","?"],"character_chosen":"DEFECT","items_purchased":["hubris:PowerSurge","Replay:Bandana","Raider\u0027s Mask"],"campfire_rested":0,"item_purchase_floors":[21,21,21],"current_hp_per_floor":[65,66,66,59,59,58,52,52,52,52,52,52,52,52,52,37,76,73,73,26,26,0,0],"gold":9,"neow_bonus":"TRANSFORM_CARD","is_daily":false,"chose_seed":false,"campfire_upgraded":3,"win_rate":0.0,"timestamp":1610293586,"path_taken":["M","?","?","?","?","M","E","R","T","R","E","R","?","M","R","BOSS","M","?","M","$","?"],"items_purchased_type":["Card","Relic","Relic"],"build_version":"2020-12-22","purchased_purges":0,"victory":false,"max_hp_per_floor":[75,76,76,76,76,76,76,76,76,76,76,76,76,76,76,76,76,76,76,76,76,76,76],"card_choices":[{"not_picked":["MostiFishMod:PushDownKick","Compile Driver","StuffTheSpire:NuclearReactor"],"picked":"SKIP","floor":1},{"not_picked":["Static Discharge","Barrage","Tempest","Hologram"],"picked":"BootSequence","floor":4},{"not_picked":["Skim","Conserve Battery","Beam Cell","jedi:locknload"],"picked":"Glacier","floor":6},{"not_picked":["MostiFishMod:GatherIntelligence","Barrage","Ball Lightning","Leap"],"picked":"Conserve Battery","floor":7},{"not_picked":["Panic Button","Streamline","Heatsinks","FTL"],"picked":"BasicCrystalCard","floor":11},{"not_picked":["StuffTheSpire:Coldhearted","jedi:blockon","RefreshScreen","Panic Button"],"picked":"Compile Driver","floor":13},{"not_picked":["Recycle","Sunder","Mirror Shield","Compile Driver"],"picked":"DiskWipe","floor":14},{"not_picked":["MostiFishMod:Tomorrow","MostiFishMod:TalkingToTheRain","All For One","Mirror Shield"],"picked":"Biased Cognition","floor":16},{"not_picked":["MostiFishMod:PushDownKick","MostiFishMod:GatherIntelligence","Rebound","Redo","jedi:hex"],"picked":"SKIP","floor":18},{"not_picked":["MostiFishMod:PushDownKick","Rebound","Redo","jedi:hex"],"picked":"MostiFishMod:GatherIntelligence","floor":18},{"not_picked":["Ball Lightning","conspire:Rain","Leap","Conserve Battery"],"picked":"Turbo+1","floor":19},{"not_picked":["Sweeping Beam+1","Go for the Eyes","StuffTheSpire:Plugnplay","RefreshScreen"],"picked":"Loop","floor":20}],"player_experience":691557,"relics_obtained":[{"floor":1,"key":"SynthV:TestCard"},{"floor":7,"key":"Bromod:ArcaneNullifier"},{"floor":9,"key":"Dota2Spire:MaskOfMadness"},{"floor":11,"key":"hubris:OldNail"}],"event_choices":[{"damage_healed":0,"gold_gain":0,"player_choice":"Got Potions","damage_taken":0,"max_hp_gain":0,"max_hp_loss":0,"event_name":"Lab","floor":5,"gold_loss":0}],"is_beta":false,"boss_relics":[{"not_picked":["hubris:BlackHole","GreenFoldingFan"],"picked":"Dota2Spire:Bloodstone"}],"items_purged_floors":[],"is_endless":false,"potions_floor_spawned":[6,7,13,14,19],"ascension_level":0}}