{"host":"c97twqu0op5dg8i4","time":1610271421,"event":{"mods":["BaseMod","Minty Spire (QoL Compilation)","Permanent Neow"],"gold_per_floor":[110,60,60,6,21,53,53,79,79,106,106,119,119,131,131,131,131],"floor_reached":16,"playtime":406,"items_purged":[],"score":148,"play_id":"3ea8bf4c-e712-430c-a37c-c347118e38da","local_time":"20210110043701","is_ascension_mode":true,"campfire_choices":[{"floor":7,"key":"REST"},{"data":"Dramatic Entrance","floor":11,"key":"SMITH"},{"floor":15,"key":"REST"}],"circlet_count":0,"master_deck":["Strike_R","Strike_R","Strike_R+1","Strike_R","Defend_R","Defend_R+1","Defend_R","Bash","Dramatic Entrance+1","Sword Boomerang","Shrug It Off","Thunderclap"],"relics":["Burning Blood","Singing Bowl","Akabeko","Anchor","Incense Burner"],"acts_visited":["Exordium"],"potions_floor_usage":[6,16,16],"damage_taken":[{"damage":2,"enemies":"Jaw Worm","floor":1,"turns":3},{"damage":0,"enemies":"Small Slimes","floor":5,"turns":2},{"damage":58,"enemies":"Lagavulin","floor":6,"turns":7},{"damage":20,"enemies":"Gremlin Nob","floor":8,"turns":4},{"damage":15,"enemies":"3 Sentries","floor":10,"turns":8},{"damage":0,"enemies":"Cultist","floor":12,"turns":2},{"damage":11,"enemies":"Large Slime","floor":14,"turns":7},{"damage":33,"enemies":"Hexaghost","floor":16,"turns":11}],"seed_played":"-7374766548562094196","potions_obtained":[{"floor":1,"key":"Fire Potion"},{"floor":5,"key":"HeartOfIron"},{"floor":12,"key":"Weak Potion"}],"is_trial":false,"path_per_floor":["M","?","?","$","M","E","R","E","T","E","R","M","?","M","R","B"],"character_chosen":"IRONCLAD","items_purchased":["Shrug It Off"],"campfire_rested":2,"item_purchase_floors":[4],"current_hp_per_floor":[80,80,73,73,79,29,53,41,41,34,34,42,24,19,45,12,12],"gold":131,"neow_bonus":"RANDOM_COLORLESS","is_daily":false,"chose_seed":false,"campfire_upgraded":1,"win_rate":0.0,"timestamp":1610271421,"path_taken":["M","?","?","$","M","E","R","E","T","E","R","M","?","?","R","BOSS"],"items_purchased_type":["Card"],"build_version":"2020-12-22","purchased_purges":0,"victory":false,"max_hp_per_floor":[80,80,80,80,80,82,82,84,84,86,86,88,88,88,88,88,88],"card_choices":[{"not_picked":["Purity","Dark Shackles"],"picked":"Dramatic Entrance","floor":0},{"not_picked":["Havoc","Flex"],"picked":"Sword Boomerang","floor":1},{"not_picked":["Evolve","Heavy Blade","Havoc"],"picked":"SKIP","floor":5},{"not_picked":["Berserk","Blood for Blood","Perfected Strike"],"picked":"Singing Bowl","floor":6},{"not_picked":["Heavy Blade","Infernal Blade","Bloodletting"],"picked":"Singing Bowl","floor":8},{"not_picked":["Second Wind","Warcry","Intimidate"],"picked":"Singing Bowl","floor":10},{"not_picked":["Wild Strike","Havoc","Power Through"],"picked":"Singing Bowl","floor":12},{"not_picked":["Warcry","Shrug It Off"],"picked":"Thunderclap","floor":14}],"player_experience":288100,"relics_obtained":[{"floor":6,"key":"Singing Bowl"},{"floor":8,"key":"Akabeko"},{"floor":9,"key":"Anchor"},{"floor":10,"key":"Incense Burner"}],"event_choices":[{"cards_removed":["Strike_R"],"damage_healed":0,"gold_gain":0,"player_choice":"Card Removal","damage_taken":0,"max_hp_gain":0,"max_hp_loss":0,"event_name":"The Cleric","floor":2,"gold_loss":50},{"cards_removed":["Defend_R"],"damage_healed":0,"gold_gain":0,"player_choice":"Card Removal","damage_taken":7,"max_hp_gain":0,"max_hp_loss":0,"event_name":"Golden Wing","floor":3,"gold_loss":0},{"damage_healed":0,"gold_gain":0,"player_choice":"Entered Light","damage_taken":18,"max_hp_gain":0,"max_hp_loss":0,"event_name":"Shining Light","floor":13,"gold_loss":0,"cards_upgraded":["Strike_R","Defend_R"]}],"is_beta":false,"boss_relics":[],"items_purged_floors":[],"is_endless":false,"potions_floor_spawned":[1,5,12],"killed_by":"Hexaghost","ascension_level":5}}