{"host":"0c0tcjtxlzcpk4zv","time":1610263116,"event":{"mods":["BaseMod","BetterRewards","Highlight Path","Minty Spire (QoL Compilation)","Quick Restart","Shop Mod","StSLib","SuperFastMode"],"gold_per_floor":[214,214,268,280,296,296,327,277,277,291,307,322,339,350,350,350,350],"floor_reached":16,"playtime":609,"items_purged":[],"score":156,"play_id":"b6671fd2-ab89-4e0d-a9e5-0245f18f4fb3","local_time":"20210110021836","is_ascension_mode":false,"campfire_choices":[{"data":"Strike_R","floor":6.0,"key":"SMITH"},{"floor":15,"key":"REST"}],"circlet_count":0,"master_deck":["Strike_R+1","Strike_R","Strike_R","Strike_R","Defend_R","Defend_R","Defend_R","Bash","Rampage","True Grit","Ghostly Armor","Cleave","Uppercut","Anger","Iron Wave","Flex"],"relics":["Burning Blood","Centennial Puzzle","Anchor","Bird Faced Urn"],"acts_visited":["Exordium"],"potions_floor_usage":[10,10,16],"damage_taken":[{"damage":1.0,"enemies":"2 Louse","floor":1.0,"turns":4.0},{"damage":10.0,"enemies":"Jaw Worm","floor":4.0,"turns":5.0},{"damage":2.0,"enemies":"Small Slimes","floor":5.0,"turns":4.0},{"damage":21,"enemies":"3 Sentries","floor":7,"turns":9},{"damage":6,"enemies":"2 Fungi Beasts","floor":10,"turns":4},{"damage":12,"enemies":"Blue Slaver","floor":11,"turns":3},{"damage":12,"enemies":"3 Louse","floor":12,"turns":3},{"damage":3,"enemies":"Lots of Slimes","floor":13,"turns":3},{"damage":3,"enemies":"Looter","floor":14,"turns":3}],"seed_played":"-9169948187881512602","potions_obtained":[{"floor":5.0,"key":"SkillPotion"},{"floor":7,"key":"LiquidMemories"},{"floor":10,"key":"SmokeBomb"},{"floor":12,"key":"SpeedPotion"}],"is_trial":false,"path_per_floor":["M","?","T","M","M","R","E","?","T","M","M","M","M","M","R","B"],"character_chosen":"IRONCLAD","items_purchased":[],"campfire_rested":1,"item_purchase_floors":[],"current_hp_per_floor":[80,73,73,69,73,73,58,58,58,58,52,46,49,52,76,0,0],"gold":350,"neow_bonus":"HUNDRED_GOLD","is_daily":false,"chose_seed":false,"campfire_upgraded":1,"win_rate":0.0,"timestamp":1610263116,"path_taken":["M","?","?","M","M","R","E","?","T","M","M","M","M","M","R","BOSS"],"items_purchased_type":[],"build_version":"2020-12-22","purchased_purges":0,"victory":false,"max_hp_per_floor":[80,80,80,80,80,80,80,80,80,80,80,80,80,80,80,80,80],"card_choices":[{"not_picked":["Twin Strike","Ghostly Armor"],"picked":"Rampage","floor":1.0},{"not_picked":["Twin Strike","Wild Strike"],"picked":"True Grit","floor":4.0},{"not_picked":["Entrench","Anger"],"picked":"Ghostly Armor","floor":5.0},{"not_picked":["Feel No Pain","Anger"],"picked":"Cleave","floor":7},{"not_picked":["Twin Strike","Juggernaut"],"picked":"Uppercut","floor":10},{"not_picked":["Ghostly Armor","Dropkick"],"picked":"Anger","floor":11},{"not_picked":["True Grit","Cleave","Rupture"],"picked":"SKIP","floor":12},{"not_picked":["Headbutt","Feel No Pain"],"picked":"Iron Wave","floor":13},{"not_picked":["Body Slam","Perfected Strike"],"picked":"Flex","floor":14}],"player_experience":23980,"relics_obtained":[{"floor":3.0,"key":"Centennial Puzzle"},{"floor":7,"key":"Anchor"},{"floor":9,"key":"Bird Faced Urn"}],"event_choices":[{"cards_removed":["Strike_R"],"damage_healed":0.0,"max_hp_gain":0.0,"max_hp_loss":0.0,"gold_gain":0.0,"event_name":"Golden Wing","player_choice":"Card Removal","floor":2.0,"gold_loss":0.0,"damage_taken":7.0},{"cards_removed":["Defend_R"],"damage_healed":0,"gold_gain":0,"player_choice":"Card Removal","damage_taken":0,"max_hp_gain":0,"max_hp_loss":0,"event_name":"The Cleric","floor":8,"gold_loss":50}],"is_beta":false,"boss_relics":[],"items_purged_floors":[],"is_endless":false,"potions_floor_spawned":[5,7,10,12],"killed_by":"The Guardian","ascension_level":0}}