{"host":"nptej036rrbiurf5","time":1610251843,"event":{"mods":["BaseMod","Colored Map","Colored Powertips","DeckTracker","Minty Spire (QoL Compilation)","StSLib","SuperFastMode"],"gold_per_floor":[114,18,93,39,53,53,86,100,100,100,129,143,160,179,179,256,256,269,302,9,9,22,22,22,22],"floor_reached":24,"playtime":477,"items_purged":[],"score":487,"play_id":"dff1ae42-90e7-4736-8c2d-f3e447ff1964","local_time":"20210110131043","is_ascension_mode":true,"campfire_choices":[{"data":"Perfected Strike","floor":6.0,"key":"SMITH"},{"data":"Perfected Strike","floor":15.0,"key":"SMITH"},{"floor":23,"key":"REST"}],"circlet_count":0,"master_deck":["AscendersBane","Strike_R","Strike_R","Strike_R","Strike_R","Strike_R","Defend_R","Defend_R","Defend_R","Defend_R","Bash","Perfected Strike","Perfected Strike+1","Power Through","Twin Strike","Battle Trance","Perfected Strike+1","Twin Strike","Twin Strike","Shockwave","Flame Barrier","CurseOfTheBell","Evolve+1","Perfected Strike","Mayhem+1","Writhe"],"relics":["Burning Blood","NeowsBlessing","The Courier","Potion Belt","Calling Bell","Vajra","Frozen Egg 2","Turnip","Red Mask","Lantern","Bag of Preparation"],"acts_visited":["Exordium","TheCity"],"potions_floor_usage":[24,24],"damage_taken":[{"damage":0.0,"enemies":"2 Louse","floor":1.0,"turns":1.0},{"damage":0.0,"enemies":"Jaw Worm","floor":5.0,"turns":1.0},{"damage":0.0,"enemies":"3 Sentries","floor":7.0,"turns":2.0},{"damage":3.0,"enemies":"Small Slimes","floor":8.0,"turns":2.0},{"damage":20.0,"enemies":"Lagavulin","floor":11.0,"turns":7.0},{"damage":1.0,"enemies":"2 Fungi Beasts","floor":12.0,"turns":3.0},{"damage":18.0,"enemies":"3 Louse","floor":13.0,"turns":4.0},{"damage":11.0,"enemies":"Exordium Thugs","floor":14.0,"turns":3.0},{"damage":16.0,"enemies":"Hexaghost","floor":16.0,"turns":7.0},{"damage":12.0,"enemies":"Chosen","floor":18.0,"turns":3.0},{"damage":46,"enemies":"Masked Bandits","floor":19,"turns":5},{"damage":11,"enemies":"Spheric Guardian","floor":22,"turns":3},{"damage":43,"enemies":"Gremlin Leader","floor":24,"turns":3}],"seed_played":"-8421535669600735675","potions_obtained":[{"floor":1.0,"key":"ColorlessPotion"},{"floor":12.0,"key":"AttackPotion"},{"floor":13.0,"key":"DuplicationPotion"},{"floor":22,"key":"PowerPotion"}],"is_trial":false,"path_per_floor":["M","$","?","$","M","R","E","M","T","?","E","M","M","M","R","B",null,"M","?","$","?","M","R","E"],"character_chosen":"IRONCLAD","items_purchased":["Perfected Strike","Power Through","Twin Strike","Lantern","Mayhem+1"],"campfire_rested":1,"item_purchase_floors":[2,2,4,20,20],"current_hp_per_floor":[74,74,63,63,69,69,75,75,75,75,61,66,54,49,49,39,66,60,20,20,20,15,37,0,0],"gold":22,"neow_bonus":"THREE_ENEMY_KILL","is_daily":false,"chose_seed":false,"campfire_upgraded":2,"win_rate":0.0,"timestamp":1610251843,"path_taken":["M","$","?","$","M","R","E","M","T","?","E","M","M","M","R","BOSS","M","?","$","?","M","R","E"],"items_purchased_type":["Card","Card","Card","Relic","Card"],"build_version":"2020-12-22","purchased_purges":0,"victory":false,"max_hp_per_floor":[75,75,75,75,75,75,75,75,75,75,75,75,75,75,75,75,75,75,75,75,75,75,75,75,75],"card_choices":[{"not_picked":["Shockwave","Headbutt"],"picked":"Perfected Strike","floor":1.0},{"not_picked":["Flex","Headbutt"],"picked":"Battle Trance","floor":5.0},{"not_picked":["Sword Boomerang","Body Slam"],"picked":"Perfected Strike","floor":7.0},{"not_picked":["Body Slam","Thunderclap"],"picked":"Twin Strike","floor":8.0},{"not_picked":["Flex","Burning Pact"],"picked":"Twin Strike","floor":11.0},{"not_picked":["Flex","Iron Wave"],"picked":"Shockwave","floor":12.0},{"not_picked":["Anger","Demon Form"],"picked":"Flame Barrier","floor":13.0},{"not_picked":["Shrug It Off","Headbutt","Sentinel"],"picked":"SKIP","floor":14.0},{"not_picked":["Headbutt+1","Cleave"],"picked":"Evolve+1","floor":18.0},{"not_picked":["Sword Boomerang","Metallicize+1"],"picked":"Perfected Strike","floor":19},{"not_picked":["Shrug It Off","Armaments","Anger"],"picked":"SKIP","floor":22}],"player_experience":886528,"relics_obtained":[{"floor":7.0,"key":"The Courier"},{"floor":11.0,"key":"Potion Belt"},{"floor":17.0,"key":"Vajra"},{"floor":17.0,"key":"Frozen Egg 2"},{"floor":17.0,"key":"Turnip"},{"floor":19,"key":"Red Mask"}],"event_choices":[{"damage_healed":0.0,"max_hp_gain":0.0,"max_hp_loss":0.0,"gold_gain":75.0,"event_name":"World of Goop","player_choice":"Gather Gold","floor":3.0,"gold_loss":0.0,"damage_taken":11.0},{"damage_healed":0.0,"max_hp_gain":0.0,"max_hp_loss":0.0,"gold_gain":0.0,"event_name":"Liars Game","player_choice":"Ignored","floor":10.0,"gold_loss":0.0,"damage_taken":0.0},{"damage_healed":0,"gold_gain":0,"player_choice":"Fought Bandits","damage_taken":0,"max_hp_gain":0,"max_hp_loss":0,"event_name":"Masked Bandits","floor":19,"gold_loss":0},{"damage_healed":0,"gold_gain":0,"player_choice":"Opened","damage_taken":0,"relics_obtained":["Bag of Preparation"],"max_hp_gain":0,"max_hp_loss":0,"event_name":"The Mausoleum","floor":21,"gold_loss":0,"cards_obtained":["Writhe"]}],"is_beta":false,"boss_relics":[{"not_picked":["Black Star","Sozu"],"picked":"Calling Bell"}],"items_purged_floors":[],"is_endless":false,"potions_floor_spawned":[1,12,13,22],"killed_by":"Gremlin Leader","ascension_level":20}}