{"host":"e7upbuhwuqf8lf45","time":1610316616,"event":{"mods":["AchievementEnabler","BaseMod","Better Third Choice","Colored Map","Colored Powertips","GifTheSpireLib","Minty Spire (QoL Compilation)","Relic Sorter","StSLib"],"gold_per_floor":[119,119,119,136,156,156,168,93,93,108,108,125,125,138,138,240,240,251,270,10,22,22,32,32,32,32],"floor_reached":25,"playtime":1373,"items_purged":["Feel No Pain"],"score":197,"play_id":"bb682d87-0509-4478-abba-1e6ce6441e46","local_time":"20210110171016","is_ascension_mode":false,"campfire_choices":[{"data":"Armaments","floor":6,"key":"SMITH"},{"floor":13,"key":"RECALL"},{"data":"Disarm","floor":15,"key":"SMITH"},{"floor":24,"key":"REST"}],"circlet_count":0,"master_deck":["Strike_R","Strike_R","Strike_R","Strike_R","Defend_R","Defend_R","Defend_R","Defend_R","Bash","Iron Wave","Thunderclap","Thunderclap","Armaments+1","Disarm+1","Flex","Heavy Blade","Entrench","Barricade","Flex","Anger+1","Cleave"],"relics":["Burning Blood","Runic Cube","StrikeDummy"],"acts_visited":["Exordium","TheCity"],"potions_floor_usage":[7,7,16,16,16,19,21,23,23],"damage_taken":[{"damage":1,"enemies":"Jaw Worm","floor":1,"turns":5},{"damage":0,"enemies":"Small Slimes","floor":4,"turns":3},{"damage":4,"enemies":"Cultist","floor":5,"turns":4},{"damage":17,"enemies":"Gremlin Gang","floor":7,"turns":3},{"damage":6,"enemies":"3 Louse","floor":10,"turns":3},{"damage":0,"enemies":"Lots of Slimes","floor":12,"turns":3},{"damage":6,"enemies":"Red Slaver","floor":14,"turns":3},{"damage":26,"enemies":"Hexaghost","floor":16,"turns":8},{"damage":22,"enemies":"Shell Parasite","floor":18,"turns":10},{"damage":15,"enemies":"Chosen","floor":19,"turns":6},{"damage":22,"enemies":"Snake Plant","floor":21,"turns":5},{"damage":38,"enemies":"Cultist and Chosen","floor":23,"turns":7},{"damage":52,"enemies":"Centurion and Healer","floor":25,"turns":4}],"seed_played":"-683999180330347624","potions_obtained":[{"floor":0,"key":"EntropicBrew"},{"floor":0,"key":"Fire Potion"},{"floor":0,"key":"LiquidBronze"},{"floor":7,"key":"Ancient Potion"},{"floor":12,"key":"PowerPotion"},{"floor":19,"key":"Explosive Potion"},{"floor":21,"key":"HeartOfIron"}],"is_trial":false,"path_per_floor":["M","?","?","M","M","R","M","$","T","M","$","M","R","M","R","B",null,"M","M","$","M","?","M","R","M"],"character_chosen":"IRONCLAD","items_purchased":["StrikeDummy"],"campfire_rested":1,"item_purchase_floors":[20],"current_hp_per_floor":[80,80,80,80,80,80,69,69,69,69,69,75,75,75,75,55,80,64,55,55,55,55,23,47,0,0],"gold":32,"neow_bonus":"THREE_SMALL_POTIONS","is_daily":false,"chose_seed":false,"campfire_upgraded":2,"win_rate":0.0,"timestamp":1610316616,"path_taken":["M","?","?","?","M","R","M","$","T","M","$","M","R","M","R","BOSS","M","?","$","M","?","?","R","M"],"items_purchased_type":["Relic"],"build_version":"2020-12-22","purchased_purges":1,"victory":false,"max_hp_per_floor":[80,80,80,80,80,80,80,80,80,80,80,80,80,80,80,80,80,80,80,80,80,80,80,80,80,80],"card_choices":[{"not_picked":["Second Wind","Twin Strike"],"picked":"Iron Wave","floor":1},{"not_picked":["Limit Break","Pommel Strike"],"picked":"Thunderclap","floor":4},{"not_picked":["Sentinel","Heavy Blade"],"picked":"Armaments","floor":5},{"not_picked":["Clash","Rupture"],"picked":"Disarm","floor":7},{"not_picked":["Perfected Strike","Wild Strike"],"picked":"Flex","floor":10},{"not_picked":["Body Slam","Clash"],"picked":"Heavy Blade","floor":12},{"not_picked":["True Grit","Havoc"],"picked":"Entrench","floor":14},{"not_picked":["Limit Break","Berserk"],"picked":"Barricade","floor":16},{"not_picked":["True Grit","Thunderclap"],"picked":"Flex","floor":18},{"not_picked":["Pommel Strike","Perfected Strike"],"picked":"Anger+1","floor":19},{"not_picked":["Warcry","Havoc"],"picked":"Cleave","floor":21},{"not_picked":["Clothesline","Sword Boomerang","Body Slam"],"picked":"SKIP","floor":23}],"player_experience":311165,"relics_obtained":[],"event_choices":[{"damage_healed":0,"gold_gain":0,"player_choice":"Ignored","damage_taken":0,"max_hp_gain":0,"max_hp_loss":0,"event_name":"Golden Wing","floor":2,"gold_loss":0},{"damage_healed":0,"gold_gain":0,"player_choice":"2 cards matched","damage_taken":0,"max_hp_gain":0,"max_hp_loss":0,"event_name":"Match and Keep!","floor":3,"gold_loss":0,"cards_obtained":["Feel No Pain","Thunderclap"]},{"cards_removed":["Strike_R"],"damage_healed":0,"gold_gain":0,"player_choice":"Offered Basic","damage_taken":0,"max_hp_gain":0,"max_hp_loss":0,"event_name":"Bonfire Elementals","floor":22,"gold_loss":0}],"is_beta":false,"boss_relics":[{"not_picked":["Pandora\u0027s Box","Runic Pyramid"],"picked":"Runic Cube"}],"items_purged_floors":[8],"is_endless":false,"potions_floor_spawned":[1,7,12,19,21],"killed_by":"Centurion and Healer","ascension_level":0}}