{"host":"ucb2bgl3b4dpz2q7","time":1610268056,"event":{"mods":["Act Like it!","BaseMod","Custom Start","Gensokyo","Hallownest","Hermit","Koishi","Lobotomy","LobotomyExtend","Marisa£®ÏF”Í°°ƒß¿Ì…≥£©","Minty Spire (QoL Compilation)","Reimu£®≤©¿ˆ¡È√Œ£©","Remilia£®¿Ÿ√◊¿Ú—«£©","StSLib","The Administrix","The Bug Knight","The Servant 0.9.4","Waifu the Spire","Yakumo Yukari mod","Youmu£®ªÍ∆«—˝√Œ£©"],"gold_per_floor":[131,144,163,238,238,272,272,286,340,354,374,403,419,438,438,541,541,555,323,323,69,69,69,86,111,135,135,135,235,250,33,33,134,134,149,149,161,161,172,172,172,172],"floor_reached":41,"playtime":2791,"items_purged":["AT_purpleEX","Defend_purpleEX","AT_purpleEX"],"score":575,"play_id":"5b302ffe-73ae-411e-83a3-75dd7b44b047","local_time":"20210110164056","is_ascension_mode":true,"campfire_choices":[{"floor":7.0,"key":"REST"},{"data":"Nest_LightFlightworm_purple","floor":15.0,"key":"SMITH"},{"data":"WangLiang_OokamiKakushi_purple","floor":23.0,"key":"SMITH"},{"floor":27.0,"key":"RECALL"},{"data":"Observe_purple_2","floor":32,"key":"SMITH"},{"data":"Observe_purple_1","floor":40,"key":"SMITH"}],"circlet_count":0,"master_deck":["AT_purpleEX","AT_purpleEX","Defend_purpleEX","Defend_purpleEX","Defend_purpleEX","Observe_purple_1+1","Observe_purple_2+1","Mirror_FormAndEmptin_purple+1","WangLiang_OokamiKakushi_purple+1","Nest_LightFlightworm_purple+1","MeetDecomposer_purple+1","Boundary_LifeAndDeath_purple","ContainerChange_purple+1","WangLiang_OokamiKakushi_purple","Parasite"],"relics":["Boundary_crack","Memoryfragments_purpleEX","RabbitCall","LetterFromLob","Letter Opener","War Paint","RuthlessExorcism:ReiMu","Busted Crown","Bag of Preparation","TentaclePot:ReiMu","The Courier","Juzu Bracelet","MutagenicStrength","ThegodofHakurei_purpleEX","Thread and Needle","Orrery","Sozu"],"acts_visited":["Exordium","TheCity","TheBeyond"],"potions_floor_usage":[29,29],"damage_taken":[{"damage":0.0,"enemies":"Cultist","floor":1.0,"turns":4.0},{"damage":0.0,"enemies":"2 Louse","floor":2.0,"turns":3.0},{"damage":6.0,"enemies":"Jaw Worm","floor":3.0,"turns":4.0},{"damage":18.0,"enemies":"Lagavulin","floor":6.0,"turns":7.0},{"damage":2.0,"enemies":"Blue Slaver","floor":8.0,"turns":3.0},{"damage":4.0,"enemies":"Exordium Thugs","floor":10.0,"turns":5.0},{"damage":0.0,"enemies":"2 Fungi Beasts","floor":11.0,"turns":4.0},{"damage":14.0,"enemies":"Gremlin Nob","floor":12.0,"turns":3.0},{"damage":0.0,"enemies":"3 Louse","floor":13.0,"turns":2.0},{"damage":0.0,"enemies":"Blue Slaver","floor":14.0,"turns":3.0},{"damage":4.0,"enemies":"Slime Boss","floor":16.0,"turns":8.0},{"damage":1.0,"enemies":"3 Byrds","floor":18.0,"turns":4.0},{"damage":0.0,"enemies":"Shell Parasite","floor":24.0,"turns":6.0},{"damage":21.0,"enemies":"Book of Stabbing","floor":25.0,"turns":3.0},{"damage":1,"enemies":"Colosseum Slavers","floor":29,"turns":4},{"damage":0,"enemies":"Colosseum Nobs","floor":29,"turns":3},{"damage":0,"enemies":"Cultist and Chosen","floor":30,"turns":3},{"damage":0,"enemies":"Automaton","floor":33,"turns":8},{"damage":0,"enemies":"Orb Walker","floor":35,"turns":2},{"damage":0,"enemies":"3 Shapes","floor":37,"turns":3},{"damage":0,"enemies":"Writhing Mass","floor":39,"turns":2},{"damage":110,"enemies":"Jaw Worm Horde","floor":41,"turns":3}],"seed_played":"7336758861039583115","potions_obtained":[{"floor":1.0,"key":"AttackPotion"},{"floor":6.0,"key":"Ancient Potion"},{"floor":10.0,"key":"SpeedPotion"},{"floor":12.0,"key":"Block Potion"},{"floor":13.0,"key":"Energy Potion"},{"floor":16.0,"key":"SkillPotion"},{"floor":24.0,"key":"Strength Potion"},{"floor":30,"key":"Regen Potion"},{"floor":33,"key":"Fire Potion"}],"is_trial":false,"path_per_floor":["M","M","M","?","?","E","R","M","T","M","M","E","M","M","R","B",null,"M","$","?","$","T","R","M","E","T","R","?","?","M","$","R","B",null,"M","?","M","?","M","R","M"],"character_chosen":"Youkari","items_purchased":["Bag of Preparation","TentaclePot:ReiMu","Orrery"],"campfire_rested":1,"item_purchase_floors":[19,21,31],"current_hp_per_floor":[70,70,65,54,38,23,44,45,45,42,45,31,31,35,35,36,70,70,70,70,70,70,70,70,49,49,49,49,50,52,52,52,57,70,70,66,66,66,66,66,0,0],"gold":172,"neow_bonus":"","is_daily":false,"chose_seed":false,"campfire_upgraded":4,"win_rate":0.0,"timestamp":1610268056,"path_taken":["M","?","?","?","?","E","R","M","T","?","M","E","M","M","R","BOSS","M","$","?","$","?","R","M","E","T","R","?","?","M","$","R","BOSS","M","?","M","?","M","R","M"],"items_purchased_type":["Relic","Relic","Relic"],"build_version":"2020-12-22","purchased_purges":3,"victory":false,"max_hp_per_floor":[70,70,70,70,70,70,70,70,70,70,70,70,70,70,70,70,70,70,70,70,70,70,70,70,70,70,70,70,70,70,70,70,70,70,70,66,66,66,66,66,66,66],"card_choices":[{"not_picked":["EighthInstrument_OneDividesIntoTwo_purple","Line_surface_state_purple"],"picked":"Mirror_FormAndEmptin_purple","floor":1.0},{"not_picked":["ExistenceContinue_purple","AdvanceAttack_purple"],"picked":"WangLiang_OokamiKakushi_purple","floor":2.0},{"not_picked":["Mirror_WaveAndshot_purple","OmniscientAndOmnipotent_Monster_purple"],"picked":"Nest_LightFlightworm_purple","floor":3.0},{"not_picked":["WangLiang_OokamiKakushi_purple","Worldmountain_purple","StateDuplicate_purple"],"picked":"SKIP","floor":6.0},{"not_picked":["WangLiang_OokamiKakushi_purple","Worldmountain_purple","StateDuplicate_purple"],"picked":"SKIP","floor":6.0},{"not_picked":["Mirror_FormAndEmptin_purple","StateErode_purple"],"picked":"MeetDecomposer_purple","floor":8.0},{"not_picked":["Boundary_DynamicStaticEquilibrium_purple","MonsterNeedle_purple","MNeedle_purple"],"picked":"SKIP","floor":10.0},{"not_picked":["WeekHit_purple","Realm_recovery_purpleEX","Charmbait_purple"],"picked":"SKIP","floor":11.0},{"not_picked":["Boundary_LightAndDark_purple","PurpleNeedle_purple","WeekHit_purple"],"picked":"SKIP","floor":12.0},{"not_picked":["SfantasyHide_purple","Charmbait_purple","Mirror_FormAndEmptin_purple"],"picked":"SKIP","floor":13.0},{"not_picked":["Mirror_Drifter_purple","Line_surface_state_purple"],"picked":"Boundary_LifeAndDeath_purple","floor":14.0},{"not_picked":["UniverseChoice_purple","Boundary_LifeAndDeath_purple"],"picked":"ContainerChange_purple","floor":16.0},{"not_picked":["Worldmountain_purple"],"picked":"SKIP","floor":18.0},{"not_picked":["SfantasyHide_purple"],"picked":"SKIP","floor":24.0},{"not_picked":["StateErode_purple"],"picked":"SKIP","floor":25.0},{"not_picked":["StateErode_purple+1"],"picked":"SKIP","floor":30},{"not_picked":[],"picked":"WangLiang_OokamiKakushi_purple","floor":33},{"not_picked":["Realm_recovery_purpleEX+1"],"picked":"SKIP","floor":35},{"not_picked":["Erosivefilter_purple"],"picked":"SKIP","floor":37},{"not_picked":["RuptureOfTimeAndSpace_purple+1"],"picked":"SKIP","floor":39}],"player_experience":598943,"relics_obtained":[{"floor":1.0,"key":"LetterFromLob"},{"floor":6.0,"key":"Letter Opener"},{"floor":9.0,"key":"War Paint"},{"floor":12.0,"key":"RuthlessExorcism:ReiMu"},{"floor":25.0,"key":"The Courier"},{"floor":26.0,"key":"Juzu Bracelet"},{"floor":29,"key":"ThegodofHakurei_purpleEX"},{"floor":29,"key":"Thread and Needle"}],"event_choices":[{"damage_healed":0.0,"max_hp_gain":0.0,"max_hp_loss":0.0,"gold_gain":75.0,"event_name":"World of Goop","player_choice":"Gather Gold","floor":4.0,"gold_loss":0.0,"damage_taken":11.0},{"damage_healed":0.0,"max_hp_gain":0.0,"max_hp_loss":0.0,"gold_gain":0.0,"event_name":"Accursed Blacksmith","player_choice":"Forge","floor":20.0,"gold_loss":0.0,"damage_taken":0.0,"cards_upgraded":["ContainerChange_purple"]},{"damage_healed":0,"gold_gain":0,"player_choice":"Inject Mutagens","damage_taken":0,"relics_obtained":["MutagenicStrength"],"max_hp_gain":0,"max_hp_loss":0,"event_name":"Drug Dealer","floor":28,"gold_loss":0},{"damage_healed":0,"gold_gain":0,"player_choice":"Fight","damage_taken":0,"max_hp_gain":0,"max_hp_loss":0,"event_name":"Colosseum","floor":29,"gold_loss":0},{"damage_healed":0,"gold_gain":0,"player_choice":"Fought Nobs","damage_taken":0,"max_hp_gain":0,"max_hp_loss":0,"event_name":"Colosseum","floor":29,"gold_loss":0},{"damage_healed":0,"gold_gain":0,"player_choice":"Max HP","damage_taken":0,"max_hp_gain":0,"max_hp_loss":4,"event_name":"Winding Halls","floor":36,"gold_loss":0},{"damage_healed":0,"gold_gain":0,"player_choice":"Memory 1","damage_taken":0,"max_hp_gain":0,"max_hp_loss":0,"event_name":"SensoryStone","floor":38,"gold_loss":0}],"is_beta":false,"boss_relics":[{"not_picked":["Snecko Eye","Fusion Hammer"],"picked":"Busted Crown"},{"not_picked":["Seventeenyearold_girl_Forever","Philosopher\u0027s Stone"],"picked":"Sozu"}],"items_purged_floors":[19,21,31],"is_endless":false,"potions_floor_spawned":[1,6,10,12,13,16,24,30,33,35,37,39],"killed_by":"Jaw Worm Horde","ascension_level":1}}