{"host":"uceopoba4zvqsgiy","time":1610297853,"event":{"mods":["Act Like it!","BaseMod","Better Skull","Better Third Choice","Elementarium","Evolution","GifTheSpireLib","Hermit","Humility","Infinite Spire","Jorbs\u0027s Wanderer Trilogy","Marked Mod","Minty Spire (QoL Compilation)","Potionbrewer","Replay The Spire","Robot Space Explorer","Shade Mod","Spicy Shops","StSLib","Stuff the Spire","The Blue Laboratory","The Caster","The Cursed","The Dragon Tamer","The Hierophant","The Judge","The Jungle","Wandering Minibosses"],"gold_per_floor":[109,125,125,143,161,194,194,369,369,369,369],"floor_reached":10,"playtime":456,"items_purged":[],"score":99,"play_id":"26c2959d-c482-4dea-a038-f0e85def1c07","local_time":"20210111032733","is_ascension_mode":true,"campfire_choices":[{"data":"Static Discharge","floor":7.0,"key":"SMITH"}],"circlet_count":0,"master_deck":["Strike_B","Strike_B","Strike_B","Strike_B","Defend_B","Defend_B","Defend_B","Defend_B","Zap","Dualcast","Coolheaded","ReplaySolidLightProjector","StuffTheSpire:EventHorizon","Madness","Static Discharge+1","Doubt"],"relics":["Cracked Core","EVO:Axolotl","NeowsBlessing","StuffTheSpire:Wildfire","Eternal Feather"],"acts_visited":["Exordium"],"potions_floor_usage":[],"damage_taken":[{"damage":0.0,"enemies":"2 Louse","floor":1.0,"turns":1.0},{"damage":0.0,"enemies":"Cultist","floor":2.0,"turns":1.0},{"damage":0.0,"enemies":"Small Slimes","floor":4.0,"turns":1.0},{"damage":5.0,"enemies":"Exordium Wildlife","floor":5.0,"turns":4.0},{"damage":58.0,"enemies":"Replay:BlueRogue","floor":6.0,"turns":10.0},{"damage":8,"enemies":"3 Sentries","floor":10,"turns":1}],"seed_played":"941246832017824821","potions_obtained":[{"floor":1.0,"key":"blueLaboratory:LouseDecoction"},{"floor":3.0,"key":"EssenceOfSteel"},{"floor":3.0,"key":"blueLaboratory:ExaltedPotion"},{"floor":6.0,"key":"FocusPotion"}],"is_trial":false,"path_per_floor":["M","M","?","M","M","E","R","?","T","E"],"character_chosen":"DEFECT","items_purchased":[],"campfire_rested":0,"item_purchase_floors":[],"current_hp_per_floor":[68,68,68,68,63,5,5,5,5,0,0],"gold":369,"neow_bonus":"THREE_ENEMY_KILL","is_daily":false,"chose_seed":false,"campfire_upgraded":1,"win_rate":0.0,"timestamp":1610297853,"path_taken":["M","M","?","M","?","E","R","?","T","E"],"items_purchased_type":[],"build_version":"2020-12-22","purchased_purges":0,"victory":false,"max_hp_per_floor":[75,75,75,75,75,75,75,75,75,75,75],"card_choices":[{"not_picked":["Rip and Tear","Conserve Battery"],"picked":"Coolheaded","floor":1.0},{"not_picked":["Steam","Streamline"],"picked":"ReplaySolidLightProjector","floor":2.0},{"not_picked":["ReplayTheSpireMod:GoodbyeWorld","Scrape"],"picked":"StuffTheSpire:EventHorizon","floor":4.0},{"not_picked":["Rebound","Panic Button"],"picked":"StuffTheSpire:SnapShoot","floor":5.0},{"not_picked":["Hologram","Coolheaded"],"picked":"Static Discharge","floor":6.0}],"player_experience":1619370,"relics_obtained":[{"floor":6.0,"key":"StuffTheSpire:Wildfire"},{"floor":9.0,"key":"Eternal Feather"}],"event_choices":[{"damage_healed":0.0,"max_hp_gain":0.0,"max_hp_loss":0.0,"gold_gain":0.0,"event_name":"Lab","player_choice":"Got Potions","floor":3.0,"gold_loss":0.0,"damage_taken":0.0},{"damage_healed":0.0,"max_hp_gain":0.0,"max_hp_loss":0.0,"gold_gain":175.0,"event_name":"betterThird:BetterSerpent","player_choice":"AGREE","floor":8.0,"gold_loss":0.0,"damage_taken":194.0}],"is_beta":false,"boss_relics":[],"items_purged_floors":[],"is_endless":false,"potions_floor_spawned":[1,5,6],"killed_by":"3 Sentries","ascension_level":9}}