{"host":"dlqyscxstsnu98l1","time":1610297813,"event":{"mods":["BaseMod","Bestiary","Colored Map","Colored Powertips","Conspire","Downfall","GifTheSpireLib","Hermit","Highlight Path","Minty Spire (QoL Compilation)","Random Character Button","Replay The Spire","SacredBarkPlus","StSLib","everything is the same but u backflip on backflip"],"gold_per_floor":[117,129,145,145,155,155,57,57,57,57,85,85,97,128,128,223,223,240,258,275,275,275],"floor_reached":21,"playtime":1026,"items_purged":["Strike_B"],"score":191,"play_id":"56235657-34e9-4bcb-b6f8-caeaf5095e61","local_time":"20210110105653","is_ascension_mode":false,"campfire_choices":[{"data":"Streamline","floor":6,"key":"SMITH"},{"data":"Gash","floor":8,"key":"SMITH"},{"data":"Streamline","floor":10,"key":"SMITH"},{"data":"All For One","floor":12,"key":"SMITH"},{"data":"Hologram","floor":15,"key":"SMITH"}],"circlet_count":0,"master_deck":["Strike_B","Defend_B","Defend_B","Defend_B","Defend_B","Zap","Dualcast","All For One+1","Ball Lightning+1","Reprogram+1","Streamline+1","Streamline+1","Gash+1","Go for the Eyes+1","Auto Shields","Hologram+1","Streamline+1"],"relics":["Cracked Core","Molten Egg 2","Meat on the Bone","Boot","Empty Cage"],"acts_visited":["Exordium","TheCity"],"potions_floor_usage":[11,14,14,20],"damage_taken":[{"damage":7,"enemies":"Jaw Worm","floor":1,"turns":4},{"damage":0,"enemies":"Small Slimes","floor":2,"turns":2},{"damage":1,"enemies":"2 Louse","floor":3,"turns":3},{"damage":16,"enemies":"Red Slaver","floor":5,"turns":3},{"damage":6,"enemies":"Gremlin Nob","floor":11,"turns":3},{"damage":0,"enemies":"3 Louse","floor":13,"turns":2},{"damage":18,"enemies":"Replay:BlueRogue","floor":14,"turns":4},{"damage":33,"enemies":"Hexaghost","floor":16,"turns":8},{"damage":27,"enemies":"conspire:FuzzyDice","floor":18,"turns":7},{"damage":25,"enemies":"2 Thieves","floor":19,"turns":4},{"damage":28,"enemies":"Sentry and Sphere","floor":20,"turns":7},{"damage":25,"enemies":"Centurion and Healer","floor":21,"turns":4}],"seed_played":"-3551073381177206962","potions_obtained":[{"floor":1,"key":"Reflective Coating"},{"floor":2,"key":"CultistPotion"},{"floor":3,"key":"FearPotion"},{"floor":19,"key":"Toxic Potion"}],"is_trial":false,"path_per_floor":["M","M","M","?","M","R","$","R","T","R","E","R","M","E","R","B",null,"M","M","M","M"],"character_chosen":"DEFECT","items_purchased":["Gash"],"campfire_rested":0,"item_purchase_floors":[7],"current_hp_per_floor":[68,68,67,52,36,36,36,36,36,36,30,30,42,36,36,15,75,48,35,19,0,0],"gold":275,"neow_bonus":"ONE_RANDOM_RARE_CARD","is_daily":false,"chose_seed":false,"campfire_upgraded":5,"win_rate":0.0,"timestamp":1610297813,"path_taken":["M","M","M","?","M","R","$","R","T","R","E","R","M","E","R","BOSS","M","M","M","M"],"items_purchased_type":["Card"],"build_version":"2020-12-22","purchased_purges":1,"victory":false,"max_hp_per_floor":[75,75,75,75,75,75,75,75,75,75,75,75,75,75,75,75,75,75,75,75,75,75],"card_choices":[{"not_picked":["Static Discharge","Redo"],"picked":"Ball Lightning","floor":1},{"not_picked":["Steam Power","Double Energy"],"picked":"Reprogram","floor":2},{"not_picked":["Loop","Steam"],"picked":"Streamline","floor":3},{"not_picked":["Melter","Buffer"],"picked":"Streamline","floor":5},{"not_picked":["Steam","Thunder Strike+1"],"picked":"Go for the Eyes+1","floor":11},{"not_picked":["ReplaySort","Cold Snap+1"],"picked":"Auto Shields","floor":13},{"not_picked":["Doom and Gloom+1","Compile Driver+1"],"picked":"Hologram","floor":14},{"not_picked":["Stack","Lockon+1","Crystallizer"],"picked":"SKIP","floor":18},{"not_picked":["BasicCrystalCard","Undo","ReplayTheSpireMod:GoodbyeWorld+1"],"picked":"SKIP","floor":19},{"not_picked":["Leap","Panic Button"],"picked":"Streamline+1","floor":20}],"player_experience":28181,"relics_obtained":[{"floor":9,"key":"Molten Egg 2"},{"floor":11,"key":"Meat on the Bone"},{"floor":14,"key":"Boot"}],"event_choices":[{"damage_healed":0,"gold_gain":0,"player_choice":"Entered Light","damage_taken":15,"max_hp_gain":0,"max_hp_loss":0,"event_name":"Shining Light","floor":4,"gold_loss":0,"cards_upgraded":["Reprogram","Ball Lightning"]}],"is_beta":false,"boss_relics":[{"not_picked":["FrozenCore","conspire:SeveredTorchhead"],"picked":"Empty Cage"}],"items_purged_floors":[7],"is_endless":false,"potions_floor_spawned":[1,2,3,5,19],"killed_by":"Centurion and Healer","ascension_level":0}}