{"host":"51mqhfpmwwd4kxyt","time":1610252241,"event":{"mods":["BaseMod","Downfall","Googly Eyes","Highlight Path","Minty Spire (QoL Compilation)","READ ME - Guardian Mod","StSLib","The Cursed","The Servant 0.9.4"],"gold_per_floor":[119,131,91,101,147,147,161,175,175,175,189,206,27,27,27,27,27],"floor_reached":16,"playtime":553,"items_purged":[],"score":127,"play_id":"33c1738f-bdc1-424d-ba81-6dd40f51d899","local_time":"20210109231721","is_ascension_mode":true,"campfire_choices":[{"data":"Neutralize","floor":6,"key":"SMITH"},{"floor":15,"key":"REST"}],"circlet_count":0,"master_deck":["Strike_G","Strike_G","Strike_G","Strike_G","Strike_G","Defend_G","Defend_G","Defend_G","Defend_G","Defend_G","Survivor","Neutralize+1","Parasite","Prepared","Blur","Caltrops","Prepared","Acrobatics","Neutralize","Heel Hook","Die Die Die","Mayhem","Backflip"],"relics":["Ring of the Snake","Ginger","Dream Catcher","Happy Flower"],"acts_visited":["Exordium"],"potions_floor_usage":[16,16,16],"damage_taken":[{"damage":6,"enemies":"Cultist","floor":1,"turns":5},{"damage":2,"enemies":"Jaw Worm","floor":2,"turns":5},{"damage":0,"enemies":"Small Slimes","floor":4,"turns":4},{"damage":0,"enemies":"Blue Slaver","floor":7,"turns":6},{"damage":11,"enemies":"3 Louse","floor":8,"turns":5},{"damage":15,"enemies":"Exordium Wildlife","floor":11,"turns":7},{"damage":1,"enemies":"2 Fungi Beasts","floor":12,"turns":4},{"damage":25,"enemies":"The Guardian","floor":16,"turns":6}],"seed_played":"-4224954487327455005","potions_obtained":[{"floor":4,"key":"LiquidBronze"},{"floor":7,"key":"SpeedPotion"},{"floor":12,"key":"Guardian:BlockOnCardUsePotion"}],"is_trial":false,"path_per_floor":["M","M","?","M","T","R","M","M","T","?","M","M","$","?","R","B"],"character_chosen":"THE_SILENT","items_purchased":["Mayhem"],"campfire_rested":1,"item_purchase_floors":[13],"current_hp_per_floor":[57,55,55,55,55,55,55,44,44,44,29,28,28,3,24,0,0],"gold":27,"neow_bonus":"ONE_RARE_RELIC","is_daily":false,"chose_seed":false,"campfire_upgraded":1,"win_rate":0.0,"timestamp":1610252241,"path_taken":["M","?","?","M","?","R","M","M","T","?","M","?","?","?","R","BOSS"],"items_purchased_type":["Card"],"build_version":"2020-12-22","purchased_purges":0,"victory":false,"max_hp_per_floor":[70,70,70,70,70,70,70,70,70,70,70,70,70,70,70,70,70],"card_choices":[{"not_picked":["PiercingWail","Slice"],"picked":"Prepared","floor":1},{"not_picked":["Sucker Punch","Deadly Poison"],"picked":"Blur","floor":2},{"not_picked":["Deadly Poison","PiercingWail"],"picked":"Caltrops","floor":4},{"not_picked":["Flechettes","Finisher"],"picked":"Prepared","floor":7},{"not_picked":["Calculated Gamble","Skewer"],"picked":"Acrobatics","floor":8},{"not_picked":["Distraction","Prepared"],"picked":"Heel Hook","floor":11},{"not_picked":["Bane","Flying Knee"],"picked":"Die Die Die","floor":12},{"not_picked":["Terror","Dagger Spray"],"picked":"Backflip","floor":15}],"player_experience":376673,"relics_obtained":[{"floor":5,"key":"Dream Catcher"},{"floor":9,"key":"Happy Flower"}],"event_choices":[{"damage_healed":0,"gold_gain":0,"player_choice":"Left Gold","damage_taken":0,"max_hp_gain":0,"max_hp_loss":0,"event_name":"World of Goop","floor":3,"gold_loss":40},{"damage_healed":0,"gold_gain":0,"player_choice":"1 cards matched","damage_taken":0,"max_hp_gain":0,"max_hp_loss":0,"event_name":"Match and Keep!","floor":10,"gold_loss":0,"cards_obtained":["Neutralize"]},{"damage_healed":0,"gold_gain":0,"player_choice":"Fled","damage_taken":25,"max_hp_gain":0,"max_hp_loss":0,"event_name":"Scrap Ooze","floor":14,"gold_loss":0}],"is_beta":false,"boss_relics":[],"items_purged_floors":[],"is_endless":false,"potions_floor_spawned":[4,7,12],"killed_by":"The Guardian","ascension_level":7}}