{"host":"k67zwea37tbl4jhz","time":1610275821,"event":{"mods":["AchievementEnabler","Act Like it!","Aspiration","BaseMod","Better Altar","Better Match","Better Note","Better Sensory Stone","Better Skull","Better Third Choice","BetterRewards","CCEM","Clawfect","Colored Map","Conspire","Downfall","GifTheSpireLib","Googly Eyes","Halation","Highlight Path","Hubris","Mimic Mod","Minty Spire (QoL Compilation)","Permanent Neow","Replay The Spire","Shop Mod","Spicy Shops","StSLib","Stuff the Spire","Unceasing Turn Reminder","everything is the same but u backflip on backflip"],"gold_per_floor":[99,115,135,135,153,183,183,194,109,119,119,44,55,70,87,182,182,182,200,200,212,212,224,261,261,261,261],"floor_reached":25,"playtime":2076,"items_purged":[],"score":257,"play_id":"f1d13411-42bf-487e-bf97-4f2ddd09ff67","local_time":"20210110055021","is_ascension_mode":false,"campfire_choices":[{"floor":1.0,"key":"RECALL"},{"data":"champ:Aggression","floor":12.0,"key":"SMITH"},{"data":"champ:Lariat","floor":18.0,"key":"SMITH"}],"circlet_count":0,"master_deck":["champ:Strike","champ:Strike","champ:Strike","champ:Strike","champ:Defend","champ:Defend","champ:Defend","champ:Execute","champ:Taunt+1","champ:Backstep","champ:Aggression+1","champ:GutPunch+1","champ:BerserkerStyle+1","champ:DeathBlow","champ:DefensiveStyle","champ:LastStand+1","champ:Lariat+1","champ:ShieldThrow+1","champ:BerserkerStyle","champ:FightOn"],"relics":["StuffTheSpire:OccultApparatus","Golden Egg","downfall:HeartBlessingRed","SlaversCollar"],"acts_visited":["Exordium","TheCity"],"potions_floor_usage":[],"damage_taken":[{"damage":13.0,"enemies":"Jaw Worm","floor":2.0,"turns":6.0},{"damage":7.0,"enemies":"2 Louse","floor":3.0,"turns":4.0},{"damage":39.0,"enemies":"Cultist","floor":5.0,"turns":7.0},{"damage":47.0,"enemies":"Gremlin Nob","floor":6.0,"turns":6.0},{"damage":48.0,"enemies":"Large Slime","floor":8.0,"turns":7.0},{"damage":17.0,"enemies":"downfall:FleeingMerchant","floor":9.0,"turns":4.0},{"damage":35.0,"enemies":"2 Fungi Beasts","floor":10.0,"turns":4.0},{"damage":48.0,"enemies":"Lots of Slimes","floor":13.0,"turns":4.0},{"damage":18.0,"enemies":"Red Slaver","floor":14.0,"turns":4.0},{"damage":30.0,"enemies":"Exordium Wildlife","floor":15.0,"turns":3.0},{"damage":62.0,"enemies":"downfall:Watcher","floor":16.0,"turns":9.0},{"damage":33.0,"enemies":"Shell Parasite","floor":19.0,"turns":4.0},{"damage":50.0,"enemies":"Spheric Guardian","floor":21.0,"turns":4.0},{"damage":81,"enemies":"Cultist and Chosen","floor":23,"turns":8},{"damage":21,"enemies":"Shelled Parasite and Fungi","floor":24,"turns":7},{"damage":11,"enemies":"Shelled Parasite and Fungi","floor":25,"turns":1}],"seed_played":"-1249618000358182375","potions_obtained":[{"floor":2.0,"key":"SpeedPotion"},{"floor":6.0,"key":"champ:CounterPotion"},{"floor":10.0,"key":"sneckomod:MuddlingPotion"}],"is_trial":false,"path_per_floor":["R","M","M","?","M","E","T","M","$","M","?","R","M","M","M","B",null,"R","M","?","M","?","M","MIM","M"],"character_chosen":"THE_CHAMP","items_purchased":["champ:BerserkerStyle"],"campfire_rested":0,"item_purchase_floors":[9],"current_hp_per_floor":[90,87,85,85,79,46,46,29,29,29,90,90,72,63,63,63,90,90,85,85,68,68,20,9,0,0,0],"gold":261,"neow_bonus":"UPGRADE_CARD","is_daily":false,"chose_seed":false,"campfire_upgraded":2,"win_rate":0.0,"timestamp":1610275821,"path_taken":["R","M","M","?","M","E","T","M","?","M","?","R","M","?","M","BOSS","R","M","?","M","?","?","MIM","M"],"items_purchased_type":["Card"],"build_version":"2020-12-22","purchased_purges":0,"victory":false,"max_hp_per_floor":[90,90,90,90,90,90,90,90,90,90,90,90,90,90,90,90,90,90,90,90,90,90,90,90,90,90,90],"card_choices":[{"not_picked":["champ:Haymaker","champ:DefensiveShout"],"picked":"champ:Backstep","floor":2.0},{"not_picked":["champ:GutPunch","champ:StanceDance"],"picked":"champ:Aggression","floor":3.0},{"not_picked":["champ:CheapShot","champ:FlashCut"],"picked":"champ:CalledShot","floor":5.0},{"not_picked":["champ:StanceDance","champ:EndlessRage","champ:BladeFlurry"],"picked":"SKIP","floor":6.0},{"not_picked":["champ:FanOfKnives","champ:BladeFlurry","champ:DefensiveShout"],"picked":"SKIP","floor":8.0},{"not_picked":["champ:Circumvent","champ:PerfectedStrike"],"picked":"champ:GutPunch","floor":9.0},{"not_picked":["champ:Haymaker","champ:CrookedStrike"],"picked":"champ:DeathBlow","floor":10.0},{"not_picked":["champ:Balance","champ:RecklessLeap"],"picked":"champ:DefensiveStyle","floor":13.0},{"not_picked":["champ:FalseCounter","champ:AdrenalArmor"],"picked":"champ:LastStand","floor":14.0},{"not_picked":["champ:FalseCounter","champ:BerserkerStyle"],"picked":"champ:Lariat","floor":15.0},{"not_picked":["champ:MurderStrike","champ:Devastate"],"picked":"champ:ShieldThrow","floor":16.0},{"not_picked":["champ:ShieldWall+1","champ:CrookedStrike"],"picked":"champ:BerserkerStyle","floor":19.0},{"not_picked":["champ:EnGarde","champ:PerfectedStrike","champ:FanOfKnives"],"picked":"SKIP","floor":21.0},{"not_picked":["champ:HeartStrike","champ:ViciousMockery","champ:FalseCounter+1"],"picked":"SKIP","floor":23}],"player_experience":174863,"relics_obtained":[{"floor":7.0,"key":"Golden Egg"}],"event_choices":[{"cards_removed":["champ:CalledShot"],"damage_healed":61.0,"max_hp_gain":0.0,"max_hp_loss":0.0,"gold_gain":0.0,"event_name":"Bonfire Elementals","player_choice":"Offered Uncommon","floor":11.0,"gold_loss":0.0,"damage_taken":0.0},{"damage_healed":0.0,"max_hp_gain":0.0,"max_hp_loss":0.0,"gold_gain":0.0,"cards_transformed":["champ:Defend"],"event_name":"Transmorgrifier","player_choice":"Transformed","floor":20.0,"gold_loss":0.0,"damage_taken":0.0,"cards_obtained":["champ:FightOn"]},{"cards_removed":["champ:Taunt"],"damage_healed":0,"gold_gain":0,"player_choice":"Give","damage_taken":0,"max_hp_gain":0,"max_hp_loss":0,"event_name":"betterNote:BetterNote","floor":22,"gold_loss":0,"cards_obtained":["None"]}],"is_beta":false,"boss_relics":[{"not_picked":["halation:Risk","CCEMRelics:GreenEgg"],"picked":"SlaversCollar"}],"items_purged_floors":[],"is_endless":false,"potions_floor_spawned":[2,6,10,13,15],"killed_by":"Shelled Parasite and Fungi","ascension_level":0}}