{"host":"j7au2ovow4c9pz79","time":1610305159,"event":{"mods":["AchievementEnabler","BaseMod","Better Third Choice","BetterRewards","Colored Powertips","Defuse TimeMaze Blight","Energized Spire","Googly Eyes","Hubris","Infinite Spire","Minty Spire (QoL Compilation)","Quick Restart","Replay The Spire","Spicy Shops","StSLib","SuperFastMode","Transform Curses"],"gold_per_floor":[113,113,113,113,113,113,13,13,13,41,54,54,54,45,45,140,140,158,176,190,190,204,204,404,404,455,485,485,497,516,530,530,530,530],"floor_reached":33,"playtime":1749,"items_purged":[],"score":288,"play_id":"58d0e6ac-54bd-4247-8fb3-16665a3b3a1b","local_time":"20210110195919","is_ascension_mode":false,"campfire_choices":[{"data":"Bash","floor":6,"key":"SMITH"},{"data":"Defragment","floor":8,"key":"SMITH"},{"data":"Shockwave","floor":12,"key":"SMITH"},{"data":"Flash of Steel","floor":15,"key":"SMITH"},{"data":"Clash","floor":23,"key":"SMITH"},{"data":"Fiend Fire","floor":25,"key":"SMITH"},{"data":"Cleave","floor":28,"key":"SMITH"},{"data":"Iron Wave","floor":32,"key":"SMITH"}],"circlet_count":0,"master_deck":["Strike_R","Strike_R","Strike_R","Strike_R","Strike_R","Defend_R","Defend_R","Defend_R","Defend_R","Bash+1","Armaments","Self Repair+1","Defragment+1","Twin Strike","Shockwave+1","Flash of Steel+1","Fiend Fire+1","Iron Wave","Clash+1","Dropkick+1","Cleave+1","Flex+1","Clash","Iron Wave+1","Clash"],"relics":["NeowsBlessing","Iron Core","Shuriken","Eternal Feather","Mummified Hand","hubris:ScarierMask","Chameleon Ring","hubris:TenFootPole","Sundial"],"acts_visited":["Exordium","TheCity"],"potions_floor_usage":[16,27,29,33,33],"damage_taken":[{"damage":0,"enemies":"Jaw Worm","floor":1,"turns":1},{"damage":0,"enemies":"Gremlin Nob","floor":10,"turns":1},{"damage":0,"enemies":"Small Slimes","floor":11,"turns":1},{"damage":62,"enemies":"Slime Boss","floor":16,"turns":13},{"damage":31,"enemies":"Chosen","floor":18,"turns":7},{"damage":0,"enemies":"3 Byrds","floor":19,"turns":6},{"damage":6,"enemies":"Centurion and Healer","floor":20,"turns":4},{"damage":0,"enemies":"Sentry and Sphere","floor":22,"turns":2},{"damage":28,"enemies":"Slavers","floor":27,"turns":7},{"damage":37,"enemies":"Snake Plant","floor":29,"turns":4},{"damage":0,"enemies":"3 Cultists","floor":30,"turns":3},{"damage":31,"enemies":"Snecko","floor":31,"turns":5},{"damage":83,"enemies":"Champ","floor":33,"turns":10}],"seed_played":"4376354596772955984","potions_obtained":[{"floor":10,"key":"DistilledChaos"},{"floor":18,"key":"FearPotion"},{"floor":27,"key":"BlessingOfTheForge"},{"floor":29,"key":"Regen Potion"},{"floor":31,"key":"Block Potion"}],"is_trial":false,"path_per_floor":["M","?","?","?","$","R","$","R","T","E","M","R","T","$","R","B",null,"M","M","M","AVR","M","R","?","R","T","E","R","M","M","M","R","B"],"character_chosen":"IRONCLAD","items_purchased":["Defragment","Flash of Steel"],"campfire_rested":0,"item_purchase_floors":[7,14],"current_hp_per_floor":[80,80,80,80,80,80,80,80,80,80,80,80,80,80,80,28,80,59,69,73,73,73,80,80,80,80,62,74,47,57,36,51,0,0],"gold":530,"neow_bonus":"THREE_ENEMY_KILL","is_daily":false,"chose_seed":false,"campfire_upgraded":8,"win_rate":0.0,"timestamp":1610305159,"path_taken":["M","?","?","?","$","R","$","R","T","E","?","R","?","$","R","BOSS","M","M","M","AVR","M","R","?","R","T","E","R","M","?","?","R","BOSS"],"items_purchased_type":["Card","Card"],"build_version":"2020-12-22","purchased_purges":0,"victory":false,"max_hp_per_floor":[80,80,80,80,80,80,80,80,80,80,80,80,80,80,80,80,80,80,80,80,80,80,80,80,80,80,80,80,80,80,80,80,80,80],"card_choices":[{"not_picked":["Life Link","Warcry"],"picked":"Armaments","floor":1},{"not_picked":["Berserk","ReplayTheSpireMod:Muscle Training"],"picked":"Twin Strike","floor":10},{"not_picked":["Shrug It Off","Life Link"],"picked":"Shockwave","floor":11},{"not_picked":["Eclipse","Brutality"],"picked":"Fiend Fire","floor":16},{"not_picked":["Clothesline","hubris:ReadiedAction"],"picked":"Iron Wave","floor":18},{"not_picked":["ReplayTheSpireMod:Limb From Limb","Warcry"],"picked":"Clash","floor":19},{"not_picked":["Pummel","Replay:Undeath\u0027s Touch+1"],"picked":"Dropkick+1","floor":20},{"not_picked":["True Grit","Dropkick"],"picked":"Cleave","floor":22},{"not_picked":["hubris:ReadiedAction","Intimidate+1"],"picked":"Flex+1","floor":27},{"not_picked":["Pommel Strike+1","Twin Strike"],"picked":"Clash","floor":29},{"not_picked":["Heavy Blade","Rupture"],"picked":"Iron Wave","floor":30},{"not_picked":["Sword Boomerang","Run Through+1"],"picked":"Clash","floor":31}],"player_experience":1883633,"relics_obtained":[{"floor":9,"key":"Shuriken"},{"floor":10,"key":"Eternal Feather"},{"floor":13,"key":"Mummified Hand"},{"floor":26,"key":"hubris:TenFootPole"},{"floor":27,"key":"Sundial"}],"event_choices":[{"damage_healed":80,"gold_gain":0,"player_choice":"Embrace Burn","damage_taken":0,"max_hp_gain":0,"max_hp_loss":80,"event_name":"betterThird:BetterShining","floor":3,"gold_loss":0},{"cards_removed":["Burn"],"damage_healed":0,"gold_gain":0,"player_choice":"Purged","damage_taken":0,"max_hp_gain":0,"max_hp_loss":0,"event_name":"Purifier","floor":4,"gold_loss":0},{"damage_healed":0,"gold_gain":250,"player_choice":"Bet on Owner","damage_taken":0,"max_hp_gain":0,"max_hp_loss":0,"event_name":"The Joust","floor":24,"gold_loss":50}],"is_beta":false,"boss_relics":[{"not_picked":["hubris:CrackedHourglass","ReplayTheSpireMod:SealedPack"],"picked":"hubris:ScarierMask"}],"items_purged_floors":[],"is_endless":false,"potions_floor_spawned":[10,18,27,29,31],"killed_by":"Champ","ascension_level":0}}