{"host":"sc0o2qwpf9j16a4i","time":1610271511,"event":{"mods":["AchievementEnabler","BaseMod","BetterRewards","Block Reminder","Colored Map","Colored Powertips","Custom Start","Highlight Path","Minty Spire (QoL Compilation)","Relic Stats"],"gold_per_floor":[119,138,138,103,103,103,131,146,173,173,184,218,228,243,243,320,320,336,356,0,11,11,11,24,24,24],"floor_reached":25,"playtime":628,"items_purged":["Strike_B"],"score":630,"play_id":"85f06f43-c071-4611-8168-3046ead372a1","local_time":"20210110113831","is_ascension_mode":true,"campfire_choices":[{"floor":6,"key":"REST"},{"floor":10,"key":"REST"},{"data":"Defragment","floor":15,"key":"SMITH"},{"floor":23,"key":"REST"}],"circlet_count":0,"master_deck":["AscendersBane","Strike_B","Strike_B","Strike_B","Defend_B","Defend_B","Defend_B","Defend_B","Zap","Dualcast","Doom and Gloom+1","Lockon+1","Defragment+1","Conserve Battery","Static Discharge","FTL+1","Genetic Algorithm","Genetic Algorithm","Electrodynamics","Auto Shields","Sweeping Beam+1","Apotheosis","Self Repair","Conserve Battery+1","Injury","Chill"],"relics":["Cracked Core","Molten Egg 2","MealTicket","PreservedInsect","WarpedTongs","FossilizedHelix","Anchor","Mango","Velvet Choker"],"acts_visited":["Exordium","TheCity"],"potions_floor_usage":[11,24],"damage_taken":[{"damage":7,"enemies":"Jaw Worm","floor":1,"turns":2},{"damage":7,"enemies":"Small Slimes","floor":2,"turns":3},{"damage":9,"enemies":"Gremlin Nob","floor":7,"turns":3},{"damage":2,"enemies":"2 Louse","floor":8,"turns":2},{"damage":2,"enemies":"Exordium Thugs","floor":11,"turns":4},{"damage":12,"enemies":"3 Sentries","floor":12,"turns":3},{"damage":0,"enemies":"2 Fungi Beasts","floor":13,"turns":3},{"damage":34,"enemies":"Gremlin Gang","floor":14,"turns":4},{"damage":14,"enemies":"Hexaghost","floor":16,"turns":7},{"damage":4,"enemies":"3 Byrds","floor":18,"turns":1},{"damage":11,"enemies":"2 Thieves","floor":19,"turns":2},{"damage":43,"enemies":"Cultist and Chosen","floor":21,"turns":5},{"damage":7,"enemies":"Shelled Parasite and Fungi","floor":24,"turns":3},{"damage":56,"enemies":"Gremlin Leader","floor":25,"turns":4}],"seed_played":"6194353963476831659","potions_obtained":[{"floor":1,"key":"Block Potion"},{"floor":16,"key":"EssenceOfSteel"}],"is_trial":false,"path_per_floor":["M","M","?","?","?","R","E","M","T","R","M","E","M","M","R","B",null,"M","M","$","M","?","R","M","E"],"character_chosen":"DEFECT","items_purchased":["Molten Egg 2","MealTicket","Doom and Gloom+1","SteroidPotion","Apotheosis","Self Repair"],"campfire_rested":3,"item_purchase_floors":[0,0,0,0,20,20],"current_hp_per_floor":[39,32,21,38,38,59,50,48,48,69,67,69,69,35,35,21,69,65,54,69,36,36,61,54,0,0],"gold":24,"neow_bonus":"","is_daily":false,"chose_seed":false,"campfire_upgraded":1,"win_rate":0.0,"timestamp":1610271511,"path_taken":["M","M","?","?","?","R","E","M","T","R","M","E","M","?","R","BOSS","M","M","$","M","?","R","M","E"],"items_purchased_type":["Relic","Relic","Card","Potion","Card","Card"],"build_version":"2020-12-22","purchased_purges":1,"victory":false,"max_hp_per_floor":[71,71,71,71,71,71,71,71,71,71,71,85,85,85,85,85,85,85,85,85,85,85,85,85,85,85],"relic_stats":{"counters":[84,396],"MealTicket":15,"PreservedInsect":358,"obtain_stats":[{"Calipers":38,"Gremlin Horn":19,"CeramicFish":27,"Runic Capacitor":54,"Ginger":0,"Centennial Puzzle":36,"HornCleat":25,"Sundial":13,"Strawberry":31,"MealTicket":10,"Happy Flower":54,"Oddly Smooth Stone":12,"Velvet Choker":17,"Eternal Feather":0,"Pen Nib":0,"War Paint":9,"Akabeko":26,"Cables":23,"WarpedTongs":5,"OrangePellets":11,"SlaversCollar":17,"Snecko Eye":17,"Molten Egg 2":0,"Black Star":34,"Symbiotic Virus":45,"Lantern":19,"Mango":12,"Bag of Preparation":0,"Ancient Tea Set":0,"Smiling Mask":8,"Cursed Key":17,"ClockworkSouvenir":12,"Emotion Chip":55,"Matryoshka":0,"Shovel":14,"Mummified Hand":0,"Tiny Chest":0,"Cracked Core":0,"InkBottle":10,"Potion Belt":24,"Golden Idol":3,"PreservedInsect":3,"Omamori":0,"Frozen Egg 2":0,"MawBank":7,"Anchor":9,"DataDisk":14,"FossilizedHelix":13,"Toy Ornithopter":55},{"Calipers":35,"Gremlin Horn":24,"CeramicFish":28,"Runic Capacitor":42,"Ginger":44,"Centennial Puzzle":33,"HornCleat":27,"Sundial":21,"Strawberry":56,"MealTicket":49,"Happy Flower":42,"Oddly Smooth Stone":12,"Velvet Choker":79,"Eternal Feather":16,"Pen Nib":61,"War Paint":5,"Akabeko":27,"Cables":26,"WarpedTongs":72,"OrangePellets":6,"SlaversCollar":51,"Snecko Eye":15,"Molten Egg 2":70,"Black Star":32,"Symbiotic Virus":38,"Lantern":68,"Mango":76,"Bag of Preparation":44,"Ancient Tea Set":44,"Smiling Mask":48,"Cursed Key":67,"ClockworkSouvenir":49,"Emotion Chip":43,"Matryoshka":61,"Shovel":66,"Mummified Hand":61,"Tiny Chest":44,"Cracked Core":0,"InkBottle":6,"Potion Belt":54,"Golden Idol":2,"PreservedInsect":72,"Omamori":44,"Frozen Egg 2":61,"MawBank":10,"Anchor":21,"DataDisk":22,"FossilizedHelix":13,"Toy Ornithopter":43},{"Calipers":162,"Gremlin Horn":115,"CeramicFish":132,"Runic Capacitor":212,"Ginger":219,"Centennial Puzzle":156,"HornCleat":129,"Sundial":95,"Strawberry":276,"MealTicket":241,"Happy Flower":212,"Oddly Smooth Stone":48,"Velvet Choker":381,"Eternal Feather":77,"Pen Nib":321,"War Paint":17,"Akabeko":129,"Cables":123,"WarpedTongs":355,"OrangePellets":24,"SlaversCollar":250,"Snecko Eye":74,"Molten Egg 2":350,"Black Star":152,"Symbiotic Virus":179,"Lantern":345,"Mango":367,"Bag of Preparation":219,"Ancient Tea Set":219,"Smiling Mask":235,"Cursed Key":341,"ClockworkSouvenir":241,"Emotion Chip":216,"Matryoshka":321,"Shovel":337,"Mummified Hand":321,"Tiny Chest":219,"Cracked Core":0,"InkBottle":24,"Potion Belt":267,"Golden Idol":6,"PreservedInsect":355,"Omamori":219,"Frozen Egg 2":321,"MawBank":41,"Anchor":95,"DataDisk":102,"FossilizedHelix":58,"Toy Ornithopter":216}],"WarpedTongs":[155]},"card_choices":[{"not_picked":["Fusion","Redo"],"picked":"Lockon+1","floor":1},{"not_picked":["Beam Cell+1","Leap"],"picked":"Defragment","floor":2},{"not_picked":["Rebound+1","Sweeping Beam+1"],"picked":"Conserve Battery","floor":7},{"not_picked":["Streamline+1","Turbo","Conserve Battery"],"picked":"SKIP","floor":8},{"not_picked":["Conserve Battery","Redo"],"picked":"Static Discharge","floor":11},{"not_picked":["Static Discharge","Steam"],"picked":"FTL+1","floor":12},{"not_picked":["Leap","Ball Lightning+1"],"picked":"Genetic Algorithm","floor":13},{"not_picked":["Turbo","Steam"],"picked":"Genetic Algorithm","floor":14},{"not_picked":["Creative AI","Core Surge+1"],"picked":"Electrodynamics","floor":16},{"not_picked":["Barrage+1","Conserve Battery"],"picked":"Auto Shields","floor":18},{"not_picked":["Streamline+1","Lockon+1"],"picked":"Sweeping Beam+1","floor":19},{"not_picked":["Sweeping Beam+1","Steam"],"picked":"Conserve Battery+1","floor":21},{"not_picked":["Conserve Battery","Auto Shields"],"picked":"Chill","floor":24}],"player_experience":577246,"relics_obtained":[{"floor":7,"key":"FossilizedHelix"},{"floor":9,"key":"Anchor"},{"floor":12,"key":"Mango"}],"event_choices":[{"damage_healed":0,"gold_gain":0,"player_choice":"Success","damage_taken":11,"relics_obtained":["PreservedInsect"],"max_hp_gain":0,"max_hp_loss":0,"event_name":"Scrap Ooze","floor":3,"gold_loss":0},{"damage_healed":17,"gold_gain":0,"player_choice":"Healed","damage_taken":0,"max_hp_gain":0,"max_hp_loss":0,"event_name":"The Cleric","floor":4,"gold_loss":35},{"damage_healed":0,"gold_gain":0,"player_choice":"Rummage","damage_taken":0,"relics_obtained":["WarpedTongs"],"max_hp_gain":0,"max_hp_loss":0,"event_name":"Accursed Blacksmith","floor":5,"gold_loss":0,"cards_obtained":["Pain"]},{"damage_healed":0,"gold_gain":0,"cards_transformed":["Pain"],"player_choice":"Transformed","damage_taken":0,"max_hp_gain":0,"max_hp_loss":0,"event_name":"Transmorgrifier","floor":22,"gold_loss":0,"cards_obtained":["Injury"]}],"is_beta":false,"boss_relics":[{"not_picked":["Busted Crown","Black Star"],"picked":"Velvet Choker"}],"items_purged_floors":[20],"is_endless":false,"potions_floor_spawned":[1,2,8,16,19,21],"killed_by":"Gremlin Leader","ascension_level":20}}