{"host":"yaxsefyig1et0yi2","time":1610266023,"event":{"mods":["Aspiration","BaseMod","BetterRewards","Colored Powertips","Conspire","Displayed Cursed Tome","Downfall","Halation","Hubris","Infinite Spire","JesterMod","Minty Spire (QoL Compilation)","Quick Restart","RatMod","Replay The Spire","Reworked Bosses","Spikes Relics","StSLib","The Jungle"],"gold_per_floor":[111,130,144,144,71,98,108,120,147,166,166,182,195,211,211,306,306,306,16,0,0,0,0,0,0,0,0,0,0,0,0,0,0,0,0,0,0,0,0,0,0,0,0,0,0,0,0],"floor_reached":45,"playtime":4415,"items_purged":[],"score":547,"play_id":"9c5513ea-f969-4486-a1a0-24c3ffec1752","local_time":"20210110030703","is_ascension_mode":false,"campfire_choices":[{"data":"Slimebound:CorrosiveSpit","floor":15,"key":"SMITH"},{"data":"Replay:SS_forest_6","floor":24,"key":"SMITH"},{"data":"Slimebound:OozeBath","floor":27,"key":"SMITH"},{"data":"Slimebound:RainOfGoop","floor":32,"key":"SMITH"},{"data":"Slimebound:SamplingLick","floor":40,"key":"SMITH"},{"data":"Slimebound:SamplingLick","floor":44,"key":"SMITH"}],"circlet_count":0,"master_deck":["Slimebound:Strike_Slimebound","Slimebound:Strike_Slimebound","Slimebound:Strike_Slimebound","Slimebound:Tackle+1","Slimebound:Defend_Slimebound","Slimebound:Defend_Slimebound","Slimebound:Defend_Slimebound+1","Slimebound:Defend_Slimebound","Slimebound:Split+1","Slimebound:CorrosiveSpit+1","Guardian:CurlUp","Slimebound:SamplingLick+1","Slimebound:LivingWall","Slimebound:RainOfGoop","Slimebound:RainOfGoop+1","Slimebound:LeechingTouch","Slimebound:SamplingLick+1","Slimebound:SamplingLick","Slimebound:OozeBath+1","Slimebound:Schlurp","Slimebound:SplitBruiser","Slimebound:LeechLife","Slimebound:PressTheAttack+1","Slimebound:TongueLash+1","Slimebound:ItLooksTasty","Replay:SS_forest_6+1","Slimebound:GoopSpray","Slimebound:SplitAcid","Slimebound:LeadByExample+1","Slimebound:Schlurp+1","Slimebound:LevelUp","Slimebound:MassFeed+1","Slimebound:Overexert","Slimebound:Replication","Slimebound:SplitLeeching","Slimebound:SplitBruiser+1","Slimebound:FirmFortitude+1","Slimebound:SplitMire+1"],"relics":["Slimebound:AbsorbEndCombat","FossilizedHelix","Orichalcum","Ectoplasm","Singing Bowl","conspire:TopHat","halation:HeavySnake","halation:EternalFortune","halation:TwoAmDonut"],"acts_visited":["Exordium","TheCity","TheBeyond"],"potions_floor_usage":[33,37],"damage_taken":[{"damage":0,"enemies":"2 Louse","floor":1,"turns":2},{"damage":3,"enemies":"Cultist","floor":2,"turns":3},{"damage":4,"enemies":"Jaw Worm","floor":3,"turns":5},{"damage":31,"enemies":"3 Sentries","floor":6,"turns":7},{"damage":7,"enemies":"Blue Slaver","floor":7,"turns":5},{"damage":4,"enemies":"Exordium Wildlife","floor":8,"turns":5},{"damage":18,"enemies":"Gremlin Gang","floor":10,"turns":6},{"damage":4,"enemies":"Large Slime","floor":12,"turns":4},{"damage":8,"enemies":"Lots of Slimes","floor":13,"turns":5},{"damage":0,"enemies":"3 Louse","floor":14,"turns":3},{"damage":33,"enemies":"Slime Boss","floor":16,"turns":8},{"damage":8,"enemies":"Shell Parasite","floor":18,"turns":4},{"damage":12,"enemies":"2 Thieves","floor":20,"turns":4},{"damage":7,"enemies":"Snake Plant","floor":21,"turns":3},{"damage":8,"enemies":"conspire:Head Lice","floor":23,"turns":7},{"damage":26,"enemies":"Shelled Parasite and Fungi","floor":25,"turns":5},{"damage":31,"enemies":"Chosen and Byrds","floor":29,"turns":7},{"damage":22,"enemies":"Cultist and Chosen","floor":31,"turns":7},{"damage":65,"enemies":"bossMod:newChamp","floor":33,"turns":15},{"damage":37,"enemies":"3 Shapes","floor":35,"turns":5},{"damage":30,"enemies":"Orb Walker","floor":36,"turns":4},{"damage":32,"enemies":"Sphere and 2 Shapes","floor":37,"turns":5},{"damage":60,"enemies":"Transient","floor":38,"turns":5},{"damage":42,"enemies":"4 Shapes","floor":39,"turns":4},{"damage":40,"enemies":"Jaw Worm Horde","floor":41,"turns":4},{"damage":35,"enemies":"3 Darklings","floor":45,"turns":2}],"seed_played":"-5002956777939147335","potions_obtained":[{"floor":2,"key":"Flashbang"},{"floor":6,"key":"PowerPotion"},{"floor":8,"key":"SteroidPotion"},{"floor":33,"key":"Adrenaline Potion"},{"floor":37,"key":"Elixir"},{"floor":38,"key":"FearPotion"}],"is_trial":false,"path_per_floor":["M","M","M","?","$","E","M","M","T","M","?","M","M","M","R","B",null,"M","$","M","M","?","E","R","M","T","R","?","M","?","M","R","B",null,"M","M","M","M","M","R","M","?","T","R","M"],"character_chosen":"SLIMEBOUND","items_purchased":["Slimebound:RainOfGoop","Slimebound:TongueLash","Slimebound:ItLooksTasty","Replay:SS_forest_6","Slimebound:GoopSpray"],"campfire_rested":0,"item_purchase_floors":[5,19,19,19,19],"current_hp_per_floor":[60,60,60,60,60,41,42,50,50,44,44,52,60,60,60,43,60,60,60,60,60,60,62,62,62,62,62,62,62,62,52,52,15,64,59,55,62,30,43,43,31,34,34,34,0,0,0],"gold":0,"neow_bonus":"ONE_RARE_RELIC","is_daily":false,"chose_seed":false,"campfire_upgraded":6,"win_rate":0.0,"timestamp":1610266023,"path_taken":["M","M","M","?","$","E","M","?","T","M","?","M","M","M","R","BOSS","M","$","M","M","?","E","R","M","T","R","?","?","?","M","R","BOSS","M","M","M","M","M","R","?","?","T","R","M"],"items_purchased_type":["Card","Card","Card","Card","Card"],"build_version":"2020-12-22","purchased_purges":0,"victory":false,"max_hp_per_floor":[60,60,60,60,60,60,60,60,60,60,60,60,60,60,60,60,60,60,60,60,60,60,62,62,62,62,62,62,62,62,64,64,64,64,64,66,66,66,74,74,74,77,77,77,77,77,77],"card_choices":[{"not_picked":["Slimebound:AcidTongue","Slimebound:BestDefense"],"picked":"Slimebound:SamplingLick","floor":1},{"not_picked":["Slimebound:ComboTackle","Slimebound:SplitAcid"],"picked":"Slimebound:LivingWall","floor":2},{"not_picked":["Slimebound:ComboTackle","Slimebound:DisruptingSlam","Slimebound:LeechEnergy"],"picked":"SKIP","floor":3},{"not_picked":["Slimebound:SplitMire","Slimebound:ProtectTheBoss"],"picked":"Slimebound:RainOfGoop","floor":6},{"not_picked":["Slimebound:PressTheAttack","Slimebound:Schlurp"],"picked":"Slimebound:LeechingTouch","floor":7},{"not_picked":["Slimebound:PressTheAttack","Slimebound:SlimeTap"],"picked":"Slimebound:SamplingLick","floor":8},{"not_picked":["Slimebound:LeechingTouch","Slimebound:GoopSpray"],"picked":"Slimebound:SamplingLick","floor":10},{"not_picked":["Slimebound:LeechEnergy","Slimebound:FormOfPuddle"],"picked":"Slimebound:OozeBath","floor":12},{"not_picked":["Slimebound:LevelUp","Slimebound:FlameTackle"],"picked":"Slimebound:Schlurp","floor":13},{"not_picked":["Slimebound:LeadByExample","Slimebound:ProtectTheBoss"],"picked":"Slimebound:SplitBruiser","floor":14},{"not_picked":["Slimebound:SelfFormingGoo","Slimebound:Teamwork"],"picked":"Slimebound:LeechLife","floor":16},{"not_picked":["Slimebound:ComboTackle","Slimebound:FinishingTackle+1"],"picked":"Slimebound:PressTheAttack","floor":18},{"not_picked":["Slimebound:PressTheAttack","Slimebound:GoopSpray"],"picked":"Slimebound:SplitAcid","floor":20},{"not_picked":["Slimebound:PressTheAttack","Slimebound:GoopSpray"],"picked":"Slimebound:LeadByExample+1","floor":21},{"not_picked":["Slimebound:FormOfPuddle","Slimebound:Teamwork","Slimebound:PressTheAttack"],"picked":"Singing Bowl","floor":23},{"not_picked":["Slimebound:SlimeSpikes","Slimebound:SplitBruiser"],"picked":"Slimebound:LevelUp","floor":25},{"not_picked":["Slimebound:HauntingLick+1","Slimebound:PressTheAttack+1"],"picked":"Slimebound:MassFeed","floor":29},{"not_picked":["Slimebound:SlimeTap","Slimebound:Schlurp","Slimebound:RollThrough+1"],"picked":"Singing Bowl","floor":31},{"not_picked":["Slimebound:LeechLife","Slimebound:RallyTheTroops"],"picked":"Slimebound:Overexert","floor":33},{"not_picked":["Slimebound:SamplingLick+1","Slimebound:LivingWall+1"],"picked":"Slimebound:Replication","floor":35},{"not_picked":["Slimebound:GrowthPunch","Slimebound:RainOfGoop","Slimebound:LivingWall"],"picked":"Singing Bowl","floor":36},{"not_picked":["Slimebound:SamplingLick","Slimebound:SlimeSpikes"],"picked":"Slimebound:SplitLeeching","floor":37},{"not_picked":["Slimebound:SlimeSpikes","Slimebound:DisruptingSlam"],"picked":"Slimebound:SplitBruiser+1","floor":38},{"not_picked":["Slimebound:SlimeBrawl","Slimebound:LeechingTouch"],"picked":"Slimebound:FirmFortitude+1","floor":39},{"not_picked":["Slimebound:ProtectTheBoss","Slimebound:FinishingTackle"],"picked":"Slimebound:SplitMire+1","floor":41}],"player_experience":238324,"relics_obtained":[{"floor":6,"key":"Orichalcum"},{"floor":23,"key":"Singing Bowl"},{"floor":26,"key":"conspire:TopHat"},{"floor":43,"key":"halation:TwoAmDonut"}],"event_choices":[{"cards_removed":["Defend_G"],"damage_healed":0,"gold_gain":0,"player_choice":"Offered Basic","damage_taken":0,"max_hp_gain":0,"max_hp_loss":0,"event_name":"Bonfire Elementals","floor":4,"gold_loss":0},{"damage_healed":0,"gold_gain":0,"player_choice":"Leave","damage_taken":0,"max_hp_gain":0,"max_hp_loss":0,"event_name":"conspire:Investor","floor":11,"gold_loss":0},{"damage_healed":0,"gold_gain":0,"player_choice":"Ignored","damage_taken":0,"max_hp_gain":0,"max_hp_loss":0,"event_name":"NoteForYourself","floor":28,"gold_loss":0},{"damage_healed":0,"gold_gain":0,"player_choice":"Upgraded","damage_taken":0,"max_hp_gain":0,"max_hp_loss":0,"event_name":"Upgrade Shrine","floor":30,"gold_loss":0,"cards_upgraded":["Slimebound:MassFeed"]}],"is_beta":false,"boss_relics":[{"not_picked":["hubris:VirtuousBlindfold","conspire:SlowCooker"],"picked":"Ectoplasm"},{"not_picked":["Replay:Fungal Core","hubris:CrackedHourglass"],"picked":"halation:HeavySnake"}],"items_purged_floors":[],"is_endless":false,"potions_floor_spawned":[2,6,8,10,12,14,18,23,33,36,37,38],"killed_by":"3 Darklings","ascension_level":0}}