{"host":"2e3z4r48quhw80cc","time":1610292110,"event":{"mods":["BaseMod","Minty Spire (QoL Compilation)","Quick Restart","StSLib","SuperFastMode"],"gold_per_floor":[115,128,139,154,171,201,163,175,257,269,315,327,339,376,388,498,510,539,570,594,625,637,679,691,733,768,170,170,201,215,225,225,327,327,337,337,337,237,251,277,277,308,334,361,361,106,138,148,148,148],"floor_reached":51,"playtime":2543,"items_purged":["Defend_B","Defend_B"],"score":1269,"play_id":"4ac80311-3ae8-40ac-a73e-1d9496ea99e8","local_time":"20210111002150","is_ascension_mode":true,"campfire_choices":[{"floor":8.0,"key":"REST"},{"data":"Buffer","floor":13.0,"key":"SMITH"},{"data":"Defragment","floor":15.0,"key":"SMITH"},{"floor":24.0,"key":"REST"},{"floor":32.0,"key":"DIG"},{"floor":41.0,"key":"DIG"},{"data":"Apotheosis","floor":49.0,"key":"SMITH"}],"circlet_count":0,"master_deck":["Strike_B+1","Defend_B","Defend_B","Zap","Dualcast","Biased Cognition","Defragment+1","Coolheaded","Lockon","Ball Lightning+1","Buffer+1","Electrodynamics","Undo","Buffer","Force Field","Chaos+1","Defragment","Double Energy+1","Redo+1","Heatsinks+1","Self Repair","Seek","FTL","Amplify","Finesse","Panacea","Conserve Battery+1","Storm+1","Apotheosis+1","Impatience","Chill+1"],"relics":["Cracked Core","MawBank","Meat on the Bone","Whetstone","Inserter","Tiny Chest","Emotion Chip","War Paint","Calipers","Bag of Preparation","Nloth\u0027s Gift","Shovel","Mummified Hand","Runic Pyramid","Letter Opener","Toy Ornithopter","Juzu Bracelet","Bronze Scales","PreservedInsect","Ice Cream","White Beast Statue"],"acts_visited":["Exordium","TheCity","TheBeyond"],"potions_floor_usage":[50],"damage_taken":[{"damage":5.0,"enemies":"2 Louse","floor":1.0,"turns":3.0},{"damage":11.0,"enemies":"Jaw Worm","floor":2.0,"turns":4.0},{"damage":0.0,"enemies":"Cultist","floor":3.0,"turns":3.0},{"damage":19.0,"enemies":"Exordium Thugs","floor":4.0,"turns":5.0},{"damage":2.0,"enemies":"2 Fungi Beasts","floor":5.0,"turns":3.0},{"damage":28.0,"enemies":"Gremlin Nob","floor":6.0,"turns":4.0},{"damage":0.0,"enemies":"Lots of Slimes","floor":10.0,"turns":1.0},{"damage":3.0,"enemies":"Lagavulin","floor":11.0,"turns":6.0},{"damage":0.0,"enemies":"Gremlin Nob","floor":14.0,"turns":3.0},{"damage":20.0,"enemies":"Hexaghost","floor":16.0,"turns":9.0},{"damage":0.0,"enemies":"3 Byrds","floor":18.0,"turns":2.0},{"damage":17.0,"enemies":"Shell Parasite","floor":19.0,"turns":6.0},{"damage":0.0,"enemies":"Snecko","floor":20.0,"turns":4.0},{"damage":10.0,"enemies":"Centurion and Healer","floor":21.0,"turns":6.0},{"damage":28.0,"enemies":"Book of Stabbing","floor":23.0,"turns":6.0},{"damage":29.0,"enemies":"Slavers","floor":25.0,"turns":3.0},{"damage":0.0,"enemies":"Gremlin Leader","floor":29.0,"turns":5.0},{"damage":8.0,"enemies":"Shelled Parasite and Fungi","floor":30.0,"turns":6.0},{"damage":12.0,"enemies":"Cultist and Chosen","floor":31.0,"turns":5.0},{"damage":25.0,"enemies":"Collector","floor":33.0,"turns":7.0},{"damage":0.0,"enemies":"Orb Walker","floor":35.0,"turns":2.0},{"damage":0.0,"enemies":"3 Shapes","floor":39.0,"turns":2.0},{"damage":0.0,"enemies":"Giant Head","floor":40.0,"turns":5.0},{"damage":0.0,"enemies":"Reptomancer","floor":42.0,"turns":5.0},{"damage":0.0,"enemies":"Giant Head","floor":44.0,"turns":6.0},{"damage":0.0,"enemies":"Nemesis","floor":47.0,"turns":4.0},{"damage":0.0,"enemies":"3 Darklings","floor":48.0,"turns":1.0},{"damage":0,"enemies":"Time Eater","floor":50,"turns":4}],"seed_played":"-3218301241492717635","potions_obtained":[{"floor":2.0,"key":"Energy Potion"},{"floor":4.0,"key":"SmokeBomb"},{"floor":6.0,"key":"SteroidPotion"},{"floor":11.0,"key":"SpeedPotion"},{"floor":14.0,"key":"LiquidMemories"},{"floor":18.0,"key":"FocusPotion"},{"floor":23.0,"key":"Fruit Juice"},{"floor":25.0,"key":"SmokeBomb"},{"floor":33.0,"key":"DistilledChaos"},{"floor":39.0,"key":"FairyPotion"}],"is_trial":false,"path_per_floor":["M","M","M","M","M","E","?","R","T","M","E","?","R","E","R","B",null,"M","M","M","M","?","E","R","E","T","$","?","E","M","M","R","B",null,"M","?","T","$","M","E","R","E","T","E","?","$","E","M","R","B",null],"character_chosen":"DEFECT","items_purchased":["Calipers","Self Repair","Bag of Preparation","Apotheosis","Impatience"],"campfire_rested":2,"item_purchase_floors":[27,27,27,46,46],"current_hp_per_floor":[70,59,59,40,38,10,10,32,32,44,41,41,41,41,41,33,75,75,58,58,48,48,37,61,44,44,44,44,51,50,57,57,51,80,80,70,70,70,77,80,80,80,80,80,80,80,80,80,80,80],"gold":148,"neow_bonus":"THREE_RARE_CARDS","is_daily":false,"chose_seed":false,"campfire_upgraded":3,"win_rate":0.0,"timestamp":1610292110,"path_taken":["M","M","M","M","M","E","?","R","T","M","E","?","R","E","R","BOSS","M","?","M","M","?","E","R","E","T","$","?","E","M","?","R","BOSS","M","?","?","$","M","E","R","E","T","E","?","$","E","M","R","BOSS"],"items_purchased_type":["Relic","Card","Relic","Card","Card"],"build_version":"2020-12-22","purchased_purges":2,"victory":true,"max_hp_per_floor":[75,75,75,75,75,75,75,75,75,75,75,75,75,75,75,75,75,75,75,75,75,75,80,80,80,80,80,80,80,80,80,80,80,80,80,80,80,80,80,80,80,80,80,80,80,80,80,80,80,80],"card_choices":[{"not_picked":["Buffer","Amplify"],"picked":"Biased Cognition","floor":0.0},{"not_picked":["Beam Cell","Lockon"],"picked":"Defragment","floor":1.0},{"not_picked":["Rebound","Steam Power"],"picked":"Coolheaded","floor":2.0},{"not_picked":["Coolheaded","Stack"],"picked":"Lockon","floor":3.0},{"not_picked":["Conserve Battery","Hello World"],"picked":"Ball Lightning","floor":4.0},{"not_picked":["Redo","Rebound","Gash"],"picked":"SKIP","floor":5.0},{"not_picked":["Sweeping Beam","Rip and Tear"],"picked":"Buffer","floor":6.0},{"not_picked":["Gash","Turbo","Hologram"],"picked":"SKIP","floor":11.0},{"not_picked":["Hologram","Electrodynamics"],"picked":"Undo","floor":14.0},{"not_picked":["Seek","Multi-Cast"],"picked":"Buffer","floor":16.0},{"not_picked":["Gash+1","Lockon"],"picked":"Force Field","floor":18.0},{"not_picked":["Beam Cell","Leap"],"picked":"Chaos+1","floor":19.0},{"not_picked":["Coolheaded+1","Barrage"],"picked":"Defragment","floor":20.0},{"not_picked":["Blizzard+1","Double Energy","Beam Cell"],"picked":"SKIP","floor":21.0},{"not_picked":["Rebound","Blizzard","Compile Driver"],"picked":"SKIP","floor":23.0},{"not_picked":["Stack","Gash"],"picked":"Heatsinks+1","floor":25.0},{"not_picked":["Doom and Gloom","Turbo+1"],"picked":"Seek","floor":29.0},{"not_picked":["All For One","Heatsinks","Gash"],"picked":"SKIP","floor":30.0},{"not_picked":["Stack+1","Barrage"],"picked":"FTL","floor":31.0},{"not_picked":["All For One","Rainbow"],"picked":"Amplify","floor":33.0},{"not_picked":["Undo","Fusion+1","Steam+1"],"picked":"SKIP","floor":35.0},{"not_picked":["Forethought","Mind Blast"],"picked":"Finesse","floor":36.0},{"not_picked":["Impatience","Trip"],"picked":"Panacea","floor":36.0},{"not_picked":["Beam Cell","Darkness","Barrage"],"picked":"SKIP","floor":39.0},{"not_picked":["Stack","Aggregate"],"picked":"Conserve Battery+1","floor":40.0},{"not_picked":["Double Energy+1","BootSequence","Fission"],"picked":"SKIP","floor":42.0},{"not_picked":["Double Energy+1","BootSequence","Fission"],"picked":"SKIP","floor":42.0},{"not_picked":["Undo+1","Ball Lightning"],"picked":"Storm+1","floor":44.0},{"not_picked":["Go for the Eyes+1","Streamline","Cold Snap+1"],"picked":"SKIP","floor":47.0},{"not_picked":["Stack+1","Auto Shields+1"],"picked":"Chill+1","floor":48.0}],"player_experience":61411,"relics_obtained":[{"floor":6.0,"key":"MawBank"},{"floor":9.0,"key":"Meat on the Bone"},{"floor":11.0,"key":"Lizard Tail"},{"floor":14.0,"key":"Whetstone"},{"floor":23.0,"key":"Tiny Chest"},{"floor":25.0,"key":"Emotion Chip"},{"floor":26.0,"key":"War Paint"},{"floor":29.0,"key":"Shovel"},{"floor":32.0,"key":"Mummified Hand"},{"floor":37.0,"key":"Letter Opener"},{"floor":40.0,"key":"Toy Ornithopter"},{"floor":41.0,"key":"Juzu Bracelet"},{"floor":42.0,"key":"Bronze Scales"},{"floor":43.0,"key":"PreservedInsect"},{"floor":44.0,"key":"Ice Cream"},{"floor":47.0,"key":"White Beast Statue"}],"event_choices":[{"cards_removed":["Clumsy"],"damage_healed":0.0,"max_hp_gain":0.0,"max_hp_loss":0.0,"gold_gain":0.0,"event_name":"The Cleric","player_choice":"Card Removal","floor":7.0,"gold_loss":50.0,"damage_taken":0.0},{"damage_healed":0.0,"max_hp_gain":0.0,"max_hp_loss":0.0,"gold_gain":0.0,"cards_transformed":["Strike_B"],"event_name":"Transmorgrifier","player_choice":"Transformed","floor":12.0,"gold_loss":0.0,"damage_taken":0.0,"cards_obtained":["Electrodynamics"]},{"damage_healed":0.0,"max_hp_gain":0.0,"max_hp_loss":0.0,"gold_gain":0.0,"cards_transformed":["Strike_B","Strike_B"],"event_name":"Drug Dealer","player_choice":"Became Test Subject","floor":22.0,"gold_loss":0.0,"damage_taken":0.0,"cards_obtained":["Double Energy","Redo"]},{"damage_healed":0.0,"max_hp_gain":0.0,"max_hp_loss":0.0,"gold_gain":0.0,"event_name":"N\u0027loth","player_choice":"Traded Relic","floor":28.0,"relics_lost":["Lizard Tail"],"gold_loss":0.0,"damage_taken":0.0,"relics_obtained":["Nloth\u0027s Gift"]},{"damage_healed":0.0,"max_hp_gain":0.0,"max_hp_loss":0.0,"gold_gain":0.0,"event_name":"SensoryStone","player_choice":"Memory 3","floor":36.0,"gold_loss":0.0,"damage_taken":10.0},{"damage_healed":0.0,"max_hp_gain":0.0,"max_hp_loss":0.0,"gold_gain":0.0,"event_name":"SecretPortal","player_choice":"Ignored","floor":45.0,"gold_loss":0.0,"damage_taken":0.0}],"is_beta":false,"boss_relics":[{"not_picked":["Cursed Key","Philosopher\u0027s Stone"],"picked":"Inserter"},{"not_picked":["Busted Crown","Snecko Eye"],"picked":"Runic Pyramid"}],"items_purged_floors":[27,38],"is_endless":false,"potions_floor_spawned":[2,4,6,11,14,18,23,25,31,33,39,47,48],"ascension_level":4}}