{"host":"y36bp6mnm73x3iob","time":1610280213,"event":{"mods":["2.2 Compatiblity","Aspiration","BaseMod","Downfall","GifTheSpireLib","Hermit","Hubris","Marisa????????","Minty Spire (QoL Compilation)","Replay The Spire","Retaliation","StSLib","Stuff the Spire","The Cursed","The Disciple","The Servant 0.9.4"],"gold_per_floor":[109,109,126,143,38,38,73,85,169,181,205,217,248,260,272,384,446,477,263,263,290,290,290,32,32,51,65,92,92,52,52,52],"floor_reached":31,"playtime":950,"items_purged":[],"score":233,"play_id":"bcedb47e-bef1-4d0c-ba60-58b54349353f","local_time":"20210110140333","is_ascension_mode":false,"campfire_choices":[{"data":"MeteoricShower","floor":6,"key":"SMITH"},{"floor":8,"key":"REST"},{"data":"MilkyWay","floor":10,"key":"SMITH"},{"data":"Orbital","floor":15,"key":"SMITH"},{"floor":29,"key":"REST"}],"circlet_count":0,"master_deck":["Strike_MRS+1","Strike_MRS","Strike_MRS","Strike_MRS","Defend_MRS","Defend_MRS","Defend_MRS","Defend_MRS","MasterSpark+1","UpSweep","hubris:Wrath","hubris:Lust","MilkyWay+1","MeteoricShower+1","GravityBeat","Orbital+1","DragonMeteor","Acceleration","SprinkleStarSeal","ManaConvection","UltimateShortwave+1","LuminesStrike","SporeBomb","OpenUniverse","IllusionStar+1","EnergyRecoil+1"],"relics":["MiniHakkero","Philosopher\u0027s Stone","MawBank","Bottled Lightning","WarpedTongs","Tiny House","StuffTheSpire:Saxophone","aspiration:Stabinomicon","ReplayTheSpireMod:Lightbulb","Toxic Egg 2","CeramicFish"],"acts_visited":["Exordium","TheCity"],"potions_floor_usage":[13,16,18,27],"damage_taken":[{"damage":8,"enemies":"Jaw Worm","floor":1,"turns":3},{"damage":0,"enemies":"Cultist","floor":3,"turns":4},{"damage":5,"enemies":"2 Louse","floor":4,"turns":2},{"damage":27,"enemies":"Gremlin Nob","floor":7,"turns":3},{"damage":8,"enemies":"Red Slaver","floor":11,"turns":2},{"damage":6,"enemies":"Exordium Thugs","floor":13,"turns":2},{"damage":65,"enemies":"The Guardian","floor":16,"turns":9},{"damage":28,"enemies":"Shell Parasite","floor":18,"turns":3},{"damage":9,"enemies":"Spheric Guardian","floor":26,"turns":3},{"damage":14,"enemies":"Snake Plant","floor":27,"turns":2},{"damage":14,"enemies":"Centurion and Healer","floor":31,"turns":3}],"seed_played":"1761305745789390206","potions_obtained":[{"floor":3,"key":"SmokeBomb"},{"floor":7,"key":"Fire Potion"},{"floor":11,"key":"Adrenaline Potion"},{"floor":17,"key":"DistilledChaos"},{"floor":26,"key":"DistilledChaos"}],"is_trial":false,"path_per_floor":["M","?","M","M","$","R","E","R","T","R","M","?","M","?","R","B",null,"M","$","?","T","PTL","PTL","$","?","M","M","T","R","?","M"],"character_chosen":"MARISA","items_purchased":["Orbital","DragonMeteor","StuffTheSpire:Saxophone","OpenUniverse","Toxic Egg 2"],"campfire_rested":2,"item_purchase_floors":[5,5,19,19,24],"current_hp_per_floor":[67,67,67,62,62,62,35,57,57,57,49,75,69,69,69,4,80,52,52,36,36,36,36,36,36,27,13,13,37,37,23,23],"gold":52,"neow_bonus":"CURSED_BOSS_RELIC","is_daily":false,"chose_seed":false,"campfire_upgraded":3,"win_rate":0.0,"timestamp":1610280213,"path_taken":["M","?","M","M","$","R","E","R","T","R","M","?","?","?","R","BOSS","M","$","?","?","PTL","PTL","?","?","?","M","T","R","?","?"],"items_purchased_type":["Card","Card","Relic","Card","Relic"],"build_version":"2020-12-22","purchased_purges":0,"victory":false,"max_hp_per_floor":[75,75,75,75,75,75,75,75,75,75,75,75,75,75,75,75,80,80,80,80,80,80,80,80,80,80,80,80,80,80,80,80],"card_choices":[{"not_picked":["AsteroidBelt","DoubleSpark"],"picked":"MilkyWay","floor":1},{"not_picked":["StarlightTyphoon","DeepEcoloBomb"],"picked":"MeteoricShower","floor":3},{"not_picked":["6A","Singularity"],"picked":"GravityBeat","floor":4},{"not_picked":["LuminesStrike","MysteriousBeam"],"picked":"Acceleration","floor":7},{"not_picked":["6A","DoubleSpark"],"picked":"SprinkleStarSeal","floor":11},{"not_picked":["NonDirectionalLaser","OpenUniverse"],"picked":"ManaConvection","floor":13},{"not_picked":["CasketOfStar","EscapeVelocity"],"picked":"UltimateShortwave","floor":16},{"not_picked":["PowerUp","DoubleSpark"],"picked":"LuminesStrike","floor":17},{"not_picked":["AsteroidBelt","UnstableBomb"],"picked":"SporeBomb","floor":18},{"not_picked":["WitchOfGreed","AsteroidBelt+1"],"picked":"IllusionStar+1","floor":26},{"not_picked":["MagicAbsorber+1","BlazeAway+1"],"picked":"EnergyRecoil+1","floor":27}],"player_experience":458039,"relics_obtained":[{"floor":7,"key":"MawBank"},{"floor":9,"key":"Bottled Lightning"},{"floor":20,"key":"aspiration:Stabinomicon"},{"floor":21,"key":"ReplayTheSpireMod:Lightbulb"},{"floor":28,"key":"CeramicFish"}],"event_choices":[{"damage_healed":26,"gold_gain":0,"player_choice":"Full Heal","damage_taken":0,"max_hp_gain":0,"max_hp_loss":0,"event_name":"Wheel of Change","floor":12,"gold_loss":0},{"damage_healed":0,"gold_gain":0,"player_choice":"Rummage","damage_taken":0,"relics_obtained":["WarpedTongs"],"max_hp_gain":0,"max_hp_loss":0,"event_name":"Accursed Blacksmith","floor":14,"gold_loss":0,"cards_obtained":["Pain"]},{"damage_healed":0,"gold_gain":0,"player_choice":"Obtained Book","damage_taken":16,"max_hp_gain":0,"max_hp_loss":0,"event_name":"Cursed Tome","floor":20,"gold_loss":0},{"cards_removed":["Pain"],"damage_healed":0,"gold_gain":0,"player_choice":"Removed Curses","damage_taken":0,"max_hp_gain":0,"max_hp_loss":0,"event_name":"Fountain of Cleansing","floor":25,"gold_loss":0},{"damage_healed":0,"gold_gain":0,"player_choice":"Upgrade","damage_taken":0,"max_hp_gain":0,"max_hp_loss":0,"event_name":"Designer","floor":30,"gold_loss":40,"cards_upgraded":["UltimateShortwave"]}],"is_beta":false,"boss_relics":[{"not_picked":["hubris:TerracottaHorce","hubris:CrackedHourglass"],"picked":"Tiny House"}],"items_purged_floors":[],"is_endless":false,"potions_floor_spawned":[3,7,11,26,31],"killed_by":"Centurion and Healer","ascension_level":0}}