{"host":"d61fcf2p3sjwe6yo","time":1610282956,"event":{"mods":["AchievementEnabler","BaseMod","Colored Map","Minty Spire (QoL Compilation)","StSLib","SuperFastMode"],"gold_per_floor":[114,114,134,134,209,240,240,14,14,14,14,57,57,91,91,212,212,236,335,351,351,276,276,336,361,361,361,384,407,448,479,491,503,503],"floor_reached":33,"playtime":1223,"items_purged":["Strike_G"],"score":452,"play_id":"73c9b7a1-bf65-4f78-9554-e3e62c5afb30","local_time":"20210110154916","is_ascension_mode":true,"campfire_choices":[{"data":"Neutralize","floor":10,"key":"SMITH"},{"data":"Deadly Poison","floor":13,"key":"SMITH"},{"data":"Poisoned Stab","floor":15,"key":"SMITH"},{"data":"Leg Sweep","floor":23,"key":"SMITH"},{"floor":27,"key":"REST"},{"floor":32,"key":"REST"}],"circlet_count":0,"master_deck":["AscendersBane","Strike_G","Strike_G","Defend_G","Defend_G","Defend_G","Defend_G","Survivor","Neutralize+1","Deadly Poison+1","Poisoned Stab+1","Leg Sweep+1","Die Die Die","Backflip"],"relics":["Ring of the Snake","Golden Idol","Bronze Scales","Lee\u0027s Waffle","Frozen Egg 2","Lantern","Toy Ornithopter","Philosopher\u0027s Stone","Nilry\u0027s Codex","WingedGreaves","Mercury Hourglass","MawBank"],"acts_visited":["Exordium","TheCity"],"potions_floor_usage":[6,24,24,30,33,33,33],"damage_taken":[{"damage":3.0,"enemies":"2 Louse","floor":1.0,"turns":4.0},{"damage":1.0,"enemies":"Cultist","floor":3.0,"turns":3.0},{"damage":40,"enemies":"Gremlin Nob","floor":6,"turns":5},{"damage":25,"enemies":"Lagavulin","floor":12,"turns":6},{"damage":22,"enemies":"3 Sentries","floor":14,"turns":10},{"damage":1,"enemies":"Hexaghost","floor":16,"turns":9},{"damage":5,"enemies":"Chosen","floor":18,"turns":4},{"damage":1,"enemies":"Spheric Guardian","floor":20,"turns":3},{"damage":18,"enemies":"Slavers","floor":24,"turns":5},{"damage":8,"enemies":"Snake Plant","floor":25,"turns":4},{"damage":10,"enemies":"3 Cultists","floor":28,"turns":5},{"damage":1,"enemies":"Cultist and Chosen","floor":29,"turns":5},{"damage":14,"enemies":"Gremlin Leader","floor":30,"turns":6},{"damage":9,"enemies":"Shelled Parasite and Fungi","floor":31,"turns":5},{"damage":62,"enemies":"Collector","floor":33,"turns":7}],"seed_played":"-1789316926720383740","potions_obtained":[{"floor":1.0,"key":"Regen Potion"},{"floor":14,"key":"SpeedPotion"},{"floor":16,"key":"ColorlessPotion"},{"floor":18,"key":"Dexterity Potion"},{"floor":28,"key":"SpeedPotion"},{"floor":29,"key":"LiquidMemories"},{"floor":31,"key":"Explosive Potion"}],"is_trial":false,"path_per_floor":["M","?","M","?","?","E","?","$","T","R","$","E","R","E","R","B",null,"M","?","M","?","?","R","E","M","T","R","M","M","E","M","R","B"],"character_chosen":"THE_SILENT","items_purchased":["Lee\u0027s Waffle"],"campfire_rested":2,"item_purchase_floors":[8],"current_hp_per_floor":[60,43,42,42,31,6,3,77,77,77,77,52,52,30,30,29,65,60,60,59,43,43,43,35,27,27,50,40,39,30,21,44,0,0],"gold":503,"neow_bonus":"REMOVE_CARD","is_daily":false,"chose_seed":false,"campfire_upgraded":4,"win_rate":0.0,"timestamp":1610282956,"path_taken":["M","?","M","?","?","E","?","$","T","R","?","E","R","E","R","BOSS","M","?","M","?","?","R","E","M","T","R","M","?","E","M","R","BOSS"],"items_purchased_type":["Relic"],"build_version":"2020-12-22","purchased_purges":1,"victory":false,"max_hp_per_floor":[70,70,70,70,70,70,70,77,77,77,77,77,77,77,77,77,77,77,77,77,77,77,77,77,77,77,77,77,77,77,77,77,77,77],"card_choices":[{"not_picked":["Caltrops","Prepared"],"picked":"Deadly Poison","floor":1.0},{"not_picked":["Eviscerate","Sucker Punch"],"picked":"Poisoned Stab","floor":3.0},{"not_picked":["Endless Agony","Prepared","Dodge and Roll"],"picked":"SKIP","floor":6},{"not_picked":["Deadly Poison","Underhanded Strike"],"picked":"Leg Sweep","floor":12},{"not_picked":["Prepared","Infinite Blades+1","Doppelganger"],"picked":"SKIP","floor":14},{"not_picked":["Night Terror","Grand Finale"],"picked":"Die Die Die","floor":16},{"not_picked":["Cloak And Dagger","Outmaneuver","Slice"],"picked":"SKIP","floor":18},{"not_picked":["Expertise","Choke","Predator"],"picked":"SKIP","floor":20},{"not_picked":["Outmaneuver","Storm of Steel","Flying Knee"],"picked":"SKIP","floor":24},{"not_picked":["Outmaneuver","Storm of Steel","Flying Knee"],"picked":"SKIP","floor":24},{"not_picked":["Underhanded Strike","Prepared","Blade Dance"],"picked":"SKIP","floor":25},{"not_picked":["Poisoned Stab","Endless Agony","Slice+1"],"picked":"SKIP","floor":28},{"not_picked":["Poisoned Stab","Endless Agony","Slice+1"],"picked":"SKIP","floor":28},{"not_picked":["Quick Slash+1","Calculated Gamble+1"],"picked":"Backflip","floor":29},{"not_picked":["Venomology","Underhanded Strike+1","Blade Dance"],"picked":"SKIP","floor":30},{"not_picked":["Slice","Underhanded Strike+1","Outmaneuver"],"picked":"SKIP","floor":31}],"player_experience":177179,"relics_obtained":[{"floor":6,"key":"Bronze Scales"},{"floor":9,"key":"Frozen Egg 2"},{"floor":12,"key":"Lantern"},{"floor":14,"key":"Toy Ornithopter"},{"floor":21,"key":"Nilry\u0027s Codex"},{"floor":24,"key":"WingedGreaves"},{"floor":26,"key":"Mercury Hourglass"},{"floor":30,"key":"MawBank"}],"event_choices":[{"damage_healed":0.0,"max_hp_gain":0.0,"max_hp_loss":0.0,"gold_gain":0.0,"event_name":"Golden Idol","player_choice":"Take Damage","floor":2.0,"gold_loss":0.0,"damage_taken":17.0,"relics_obtained":["Golden Idol"]},{"cards_removed":["Strike_G"],"damage_healed":0.0,"max_hp_gain":0.0,"max_hp_loss":0.0,"gold_gain":0.0,"event_name":"Living Wall","player_choice":"Forget","floor":4.0,"gold_loss":0.0,"damage_taken":0.0},{"damage_healed":0.0,"max_hp_gain":0.0,"max_hp_loss":0.0,"gold_gain":75.0,"event_name":"World of Goop","player_choice":"Gather Gold","floor":5.0,"gold_loss":0.0,"damage_taken":11.0},{"damage_healed":0,"gold_gain":0,"player_choice":"Fled","damage_taken":3,"max_hp_gain":0,"max_hp_loss":0,"event_name":"Scrap Ooze","floor":7,"gold_loss":0},{"damage_healed":0,"gold_gain":99,"player_choice":"Stole From Cult","damage_taken":0,"max_hp_gain":0,"max_hp_loss":0,"event_name":"Nest","floor":19,"gold_loss":0},{"damage_healed":0,"gold_gain":0,"player_choice":"Obtained Book","damage_taken":16,"max_hp_gain":0,"max_hp_loss":0,"event_name":"Cursed Tome","floor":21,"gold_loss":0},{"cards_removed":["Strike_G"],"damage_healed":0,"gold_gain":0,"player_choice":"Gave Gold","damage_taken":0,"max_hp_gain":0,"max_hp_loss":0,"event_name":"Beggar","floor":22,"gold_loss":75}],"is_beta":false,"boss_relics":[{"not_picked":["Empty Cage","Pandora\u0027s Box"],"picked":"Philosopher\u0027s Stone"}],"items_purged_floors":[8],"is_endless":false,"potions_floor_spawned":[1,14,16,18,28,29,31],"killed_by":"Collector","ascension_level":10}}