{"host":"ygfasg9u7olr7skw","time":1610311311,"event":{"mods":["AchievementEnabler","BaseMod","Better Note","Better Vampires","Colored Powertips","Minty Spire (QoL Compilation)","Replay The Spire","Spicy Shops","StSLib","The IronCluck"],"gold_per_floor":[111,129,54,54,73,73,83,83,109,109,141,141,141,73,73,168,168,180,190,203,203,203,232,232,249,249,281,35,64,79,96,96,198,198,211,237,249,24,44,44,44,0,0,11,26,26,26,26,46,65,65,65],"floor_reached":53,"playtime":5882,"items_purged":["Strike_G","Strike_G","Strike_G"],"score":719,"play_id":"9236dc8d-ae9f-4f3d-8997-21a8ce704b6f","local_time":"20210110154151","is_ascension_mode":false,"campfire_choices":[{"data":"Catalyst","floor":6,"key":"SMITH"},{"data":"Draining Mist","floor":8,"key":"SMITH"},{"data":"Deadly Poison","floor":10,"key":"SMITH"},{"floor":12,"key":"REST"},{"data":"Catalyst","floor":15,"key":"SMITH"},{"floor":24,"key":"REST"},{"floor":32,"key":"REST"},{"data":"Toxin Wave","floor":48,"key":"SMITH"},{"floor":51,"key":"REST"}],"circlet_count":0,"master_deck":["Strike_G","Defend_G","Defend_G","Defend_G","Defend_G","Survivor","Neutralize","Toxin Wave+1","Catalyst+1","Draining Mist+1","Deadly Poison+1","Deadly Poison","Catalyst+1","ReplayTheSpireMod:Necrosis+1","Bouncing Flask+1","Parasite","Bouncing Flask+1","Writhe"],"relics":["Ring of the Snake","Happy Flower","Blood Vial","Velvet Choker","Replay:Towering Pillar of Hats","Bronze Scales","Iron Hammer","Replay:Bottled Flurry","ReplayTheSpireMod:Lightbulb","Juzu Bracelet","Red Mask","Sundial"],"acts_visited":["Exordium","TheCity","TheBeyond"],"potions_floor_usage":[7,30,33,33,50,52],"damage_taken":[{"damage":0,"enemies":"Cultist","floor":1,"turns":4},{"damage":1,"enemies":"Jaw Worm","floor":2,"turns":4},{"damage":0,"enemies":"2 Louse","floor":5,"turns":2},{"damage":0,"enemies":"Red Slaver","floor":7,"turns":2},{"damage":26,"enemies":"Lagavulin","floor":11,"turns":4},{"damage":6,"enemies":"Hexaghost","floor":16,"turns":6},{"damage":0,"enemies":"3 Byrds","floor":18,"turns":3},{"damage":0,"enemies":"Chosen","floor":19,"turns":3},{"damage":10,"enemies":"Centurion and Healer","floor":20,"turns":6},{"damage":22,"enemies":"Book of Stabbing","floor":23,"turns":6},{"damage":12,"enemies":"3 Cultists","floor":25,"turns":3},{"damage":0,"enemies":"Replay:Snechameleon","floor":27,"turns":2},{"damage":13,"enemies":"Slavers","floor":29,"turns":3},{"damage":0,"enemies":"Snecko","floor":30,"turns":2},{"damage":12,"enemies":"Centurion and Healer","floor":31,"turns":3},{"damage":16,"enemies":"Automaton","floor":33,"turns":8},{"damage":12,"enemies":"Orb Walker","floor":35,"turns":3},{"damage":17,"enemies":"3 Darklings","floor":37,"turns":4},{"damage":3,"enemies":"Writhing Mass","floor":39,"turns":3},{"damage":0,"enemies":"Transient","floor":44,"turns":5},{"damage":0,"enemies":"4 Shapes","floor":45,"turns":2},{"damage":14,"enemies":"3 Darklings","floor":49,"turns":3},{"damage":0,"enemies":"Sphere and 2 Shapes","floor":50,"turns":3},{"damage":34,"enemies":"Time Eater","floor":52,"turns":3}],"seed_played":"7991177273009280643","potions_obtained":[{"floor":1,"key":"Energy Potion"},{"floor":7,"key":"Reflective Coating"},{"floor":11,"key":"Languid Potion"},{"floor":16,"key":"LiquidBronze"},{"floor":23,"key":"Energy Potion"},{"floor":30,"key":"Strength Potion"},{"floor":33,"key":"CultistPotion"},{"floor":37,"key":"Fire Potion"},{"floor":39,"key":"Fire Potion"},{"floor":44,"key":"Poison Potion"}],"is_trial":false,"path_per_floor":["M","M","$","$","M","R","M","R","T","R","E","R","?","$","R","B",null,"M","M","M","?","?","E","R","M","T","E","$","E","M","M","R","B",null,"M","T","M","$","M","?","?","?","T","M","M","PTL","PTL","R","M","M","R","B",null],"character_chosen":"THE_SILENT","items_purchased":["Catalyst","Replay:Bottled Flurry"],"campfire_rested":4,"item_purchase_floors":[14,28],"current_hp_per_floor":[70,69,69,69,69,69,69,69,69,69,43,64,64,64,64,60,70,70,70,60,60,60,40,61,51,51,53,53,42,44,34,55,41,70,58,58,43,43,42,42,60,60,60,62,64,64,64,64,52,54,70,36],"gold":65,"neow_bonus":"THREE_CARDS","is_daily":false,"chose_seed":false,"campfire_upgraded":5,"win_rate":0.0,"timestamp":1610311311,"path_taken":["M","M","?","$","M","R","M","R","T","R","E","R","?","$","R","BOSS","M","M","M","?","?","E","R","M","T","E","$","E","M","M","R","BOSS","M","?","M","$","M","?","?","?","T","M","M","PTL","PTL","R","M","M","R","BOSS"],"items_purchased_type":["Card","Relic"],"build_version":"2020-12-22","purchased_purges":3,"victory":true,"max_hp_per_floor":[70,70,70,70,70,70,70,70,70,70,70,70,70,70,70,70,70,70,70,70,70,70,70,70,70,70,70,70,70,70,70,70,70,70,70,70,70,70,70,70,70,70,70,70,70,70,70,70,70,70,70,70],"card_choices":[{"not_picked":["Calculated Gamble","Slice"],"picked":"Toxin Wave","floor":1},{"not_picked":["Quick Slash","Riddle With Holes"],"picked":"Catalyst","floor":2},{"not_picked":["Expertise","Sucker Punch"],"picked":"Draining Mist","floor":5},{"not_picked":["Backflip","ReplayTheSpireMod:Shiv Toss"],"picked":"Deadly Poison","floor":7},{"not_picked":["ReplayTheSpireMod:Speed Training","Replay:Poison Smokescreen"],"picked":"Deadly Poison","floor":11},{"not_picked":["Doppelganger","Venomology"],"picked":"ReplayTheSpireMod:Necrosis","floor":16},{"not_picked":["Backflip","PiercingWail","Terror"],"picked":"SKIP","floor":18},{"not_picked":["Prepared","Flying Knee+1","Dagger Spray+1"],"picked":"SKIP","floor":19},{"not_picked":["Underhanded Strike+1","Heel Hook+1"],"picked":"Bouncing Flask+1","floor":20},{"not_picked":["All Out Attack","Tactician","Setup"],"picked":"SKIP","floor":23},{"not_picked":["Deflect+1","Riddle With Holes","Hidden Blade"],"picked":"SKIP","floor":25},{"not_picked":["Crippling Poison","Footwork","Bane"],"picked":"SKIP","floor":27},{"not_picked":["Flying Knee","Deflect+1","Grand Finale"],"picked":"SKIP","floor":29},{"not_picked":["Fluid Movement+1","Deadly Poison","Deflect+1"],"picked":"SKIP","floor":30},{"not_picked":["Outmaneuver","Deflect","ReplayTheSpireMod:Speed Training+1"],"picked":"SKIP","floor":31},{"not_picked":["Bane+1","Dagger Spray","ReplayTheSpireMod:Tripwire"],"picked":"SKIP","floor":35},{"not_picked":["Fluid Movement+1","Dodge and Roll","All Out Attack+1"],"picked":"SKIP","floor":37},{"not_picked":["Bouncing Flask+1","Deadly Poison","Infinite Blades"],"picked":"SKIP","floor":39},{"not_picked":["Deadly Poison","Infinite Blades"],"picked":"Bouncing Flask+1","floor":39},{"not_picked":["Dagger Throw+1","Cloak And Dagger+1","Escape Plan+1"],"picked":"SKIP","floor":44},{"not_picked":["Dodge and Roll+1","Cloak And Dagger","Sucker Punch+1"],"picked":"SKIP","floor":45},{"not_picked":["Fluid Movement","Backstab+1","Finisher"],"picked":"SKIP","floor":49},{"not_picked":["Adrenaline","Reflex","Hidden Blade+1"],"picked":"SKIP","floor":50}],"player_experience":235472,"relics_obtained":[{"floor":9,"key":"Happy Flower"},{"floor":11,"key":"Blood Vial"},{"floor":23,"key":"Replay:Towering Pillar of Hats"},{"floor":26,"key":"Bronze Scales"},{"floor":27,"key":"Iron Hammer"},{"floor":29,"key":"ReplayTheSpireMod:Lightbulb"},{"floor":36,"key":"Juzu Bracelet"},{"floor":43,"key":"Sundial"}],"event_choices":[{"cards_removed":["Strike_G"],"damage_healed":0,"gold_gain":0,"player_choice":"Give","damage_taken":0,"max_hp_gain":0,"max_hp_loss":0,"event_name":"betterNote:BetterNote","floor":13,"gold_loss":0,"cards_obtained":["Strike_G"]},{"cards_removed":["Strike_G"],"damage_healed":0,"gold_gain":0,"player_choice":"Elegance","damage_taken":0,"max_hp_gain":0,"max_hp_loss":0,"event_name":"Back to Basics","floor":21,"gold_loss":0},{"damage_healed":0,"gold_gain":0,"player_choice":"Forge","damage_taken":0,"max_hp_gain":0,"max_hp_loss":0,"event_name":"Accursed Blacksmith","floor":22,"gold_loss":0,"cards_upgraded":["ReplayTheSpireMod:Necrosis"]},{"cards_removed":["Defend_G"],"damage_healed":0,"gold_gain":0,"player_choice":"Removed Skill","damage_taken":0,"max_hp_gain":0,"max_hp_loss":0,"event_name":"Falling","floor":40,"gold_loss":0},{"damage_healed":18,"gold_gain":0,"player_choice":"Writhe","damage_taken":0,"max_hp_gain":0,"max_hp_loss":0,"event_name":"Winding Halls","floor":41,"gold_loss":0,"cards_obtained":["Writhe"]},{"damage_healed":0,"gold_gain":0,"player_choice":"Paid","damage_taken":0,"relics_obtained":["Red Mask"],"max_hp_gain":0,"max_hp_loss":0,"event_name":"Tomb of Lord Red Mask","floor":42,"gold_loss":44}],"is_beta":false,"boss_relics":[{"not_picked":["Replay:Grab Bag","Sozu"],"picked":"Velvet Choker"},{"not_picked":["Busted Crown","Snecko Scales","Snecko Eye"]}],"items_purged_floors":[3,38,38],"is_endless":false,"potions_floor_spawned":[1,7,11,16,19,23,25,27,30,33,37,39,44],"ascension_level":0}}