{"host":"hgkb2zpbo2dcws21","time":1610283757,"event":{"mods":["AchievementEnabler","BaseMod","Colored Map","Colored Powertips","Custom Start","DeckTracker","KOR Keyword Fix","Keyboard Shortcuts","Minty Spire (QoL Compilation)","Relic Stats","StSLib","SuperFastMode"],"gold_per_floor":[119,135,155,205,223,223,258,273,273,273,286,286,296,221,221,298,298,315,334,234,250,250,250,250],"floor_reached":23,"playtime":461,"items_purged":["Pain","Defend_P"],"score":407,"play_id":"5c7091a9-2f26-453e-bb7b-57e33f108262","local_time":"20210110220237","is_ascension_mode":true,"campfire_choices":[{"floor":6,"key":"REST"},{"data":"Eruption","floor":10,"key":"SMITH"},{"data":"MentalFortress","floor":15,"key":"SMITH"}],"circlet_count":0,"master_deck":["AscendersBane","Strike_P","Strike_P","Strike_P","Defend_P","Defend_P","Defend_P","Eruption+1","Vigilance","SashWhip","Indignation","CrushJoints","SignatureMove","Vengeance","FollowUp","InnerPeace","MentalFortress+1","Decay"],"relics":["PureWater","Question Card","Pocketwatch","WarpedTongs","SacredBark"],"acts_visited":["Exordium","TheCity"],"potions_floor_usage":[5,7,23,23],"damage_taken":[{"damage":2,"enemies":"Cultist","floor":1,"turns":3},{"damage":3,"enemies":"Small Slimes","floor":2,"turns":4},{"damage":0,"enemies":"Jaw Worm","floor":3,"turns":4},{"damage":54,"enemies":"Gremlin Gang","floor":5,"turns":5},{"damage":0,"enemies":"Gremlin Nob","floor":7,"turns":1},{"damage":0,"enemies":"Large Slime","floor":8,"turns":1},{"damage":1,"enemies":"3 Louse","floor":11,"turns":3},{"damage":0,"enemies":"Blue Slaver","floor":13,"turns":1},{"damage":4,"enemies":"Hexaghost","floor":16,"turns":5},{"damage":28,"enemies":"2 Thieves","floor":18,"turns":3},{"damage":0,"enemies":"Chosen","floor":19,"turns":2},{"damage":5,"enemies":"Centurion and Healer","floor":21,"turns":4},{"damage":24,"enemies":"Slavers","floor":23,"turns":4}],"seed_played":"-8413733488464516648","potions_obtained":[{"floor":3,"key":"GamblersBrew"},{"floor":5,"key":"BlessingOfTheForge"},{"floor":7,"key":"GamblersBrew"},{"floor":11,"key":"Block Potion"},{"floor":13,"key":"Swift Potion"}],"is_trial":false,"path_per_floor":["M","M","M","?","M","R","E","M","T","R","M","?","M","$","R","B",null,"M","M","$","M","?","E"],"character_chosen":"WATCHER","items_purchased":[],"campfire_rested":1,"item_purchase_floors":[],"current_hp_per_floor":[59,56,56,56,2,22,22,22,22,22,21,21,21,21,21,17,55,27,27,27,22,22,0,0],"gold":250,"neow_bonus":"TRANSFORM_CARD","is_daily":false,"chose_seed":false,"campfire_upgraded":2,"win_rate":0.0,"timestamp":1610283757,"path_taken":["M","M","?","?","M","R","E","M","T","R","?","?","M","$","R","BOSS","M","?","$","M","?","E"],"items_purchased_type":[],"build_version":"2020-12-22","purchased_purges":2,"victory":false,"max_hp_per_floor":[68,68,68,68,68,68,68,68,68,68,68,68,68,68,68,68,68,68,68,68,68,68,68,68],"relic_stats":{"counters":[13,40],"Question Card":7,"obtain_stats":[{"SacredBark":17,"PureWater":0,"Question Card":7,"Pocketwatch":9,"WarpedTongs":12},{"SacredBark":9,"PureWater":0,"Question Card":5,"Pocketwatch":6,"WarpedTongs":7},{"SacredBark":27,"PureWater":0,"Question Card":17,"Pocketwatch":18,"WarpedTongs":21}],"Pocketwatch":[21],"WarpedTongs":[19]},"card_choices":[{"not_picked":["Evaluate","Swivel"],"picked":"Indignation","floor":1},{"not_picked":["Protect","EmptyBody"],"picked":"CrushJoints","floor":2},{"not_picked":["DevaForm","Study"],"picked":"SignatureMove","floor":3},{"not_picked":["PathToVictory","EmptyFist"],"picked":"Vengeance","floor":5},{"not_picked":["CutThroughFate","Vengeance","WindmillStrike"],"picked":"SKIP","floor":7},{"not_picked":["Prostrate","Collect","Tantrum"],"picked":"FollowUp","floor":8},{"not_picked":["SashWhip","Evaluate","EmptyMind"],"picked":"InnerPeace","floor":11},{"not_picked":["Sanctity","Pray","Adaptation"],"picked":"MentalFortress","floor":13},{"not_picked":["JustLucky","LikeWater","Prostrate","CrushJoints"],"picked":"SKIP","floor":18},{"not_picked":["ClearTheMind+1","CutThroughFate","FollowUp","Halt"],"picked":"SKIP","floor":19},{"not_picked":["BowlingBash+1","SashWhip","Fasting2","Halt"],"picked":"SKIP","floor":21}],"player_experience":1137212,"relics_obtained":[{"floor":7,"key":"Question Card"},{"floor":9,"key":"Pocketwatch"}],"event_choices":[{"damage_healed":0,"gold_gain":50,"player_choice":"Pray","damage_taken":0,"max_hp_gain":0,"max_hp_loss":0,"event_name":"Golden Shrine","floor":4,"gold_loss":0},{"damage_healed":0,"gold_gain":0,"player_choice":"Rummage","damage_taken":0,"relics_obtained":["WarpedTongs"],"max_hp_gain":0,"max_hp_loss":0,"event_name":"Accursed Blacksmith","floor":12,"gold_loss":0,"cards_obtained":["Pain"]},{"damage_healed":0,"gold_gain":0,"player_choice":"Smashed Altar","damage_taken":0,"max_hp_gain":0,"max_hp_loss":0,"event_name":"Forgotten Altar","floor":22,"gold_loss":0,"cards_obtained":["Decay"]}],"is_beta":false,"boss_relics":[{"not_picked":["SlaversCollar","Tiny House"],"picked":"SacredBark"}],"items_purged_floors":[14,20],"is_endless":false,"potions_floor_spawned":[3,5,7,11,13,19,21],"killed_by":"Slavers","ascension_level":17}}