{"host":"hspm0s97xpvpwopl","time":1610322839,"event":{"mods":["BaseMod","Better Third Choice","Colored Map","Colored Powertips","Curses Come First","Downfall","Hermit","Minty Spire (QoL Compilation)","Relic Stats","Robot Space Explorer","Shop Mod","Spicy Shops","StSLib","The Cursed","The Runesmith"],"gold_per_floor":[117,127,76,88,106,106,106],"floor_reached":6,"playtime":455,"items_purged":[],"score":38,"play_id":"9b07829e-4470-49e9-85a5-acbf0db4c71c","local_time":"20210110175359","is_ascension_mode":false,"campfire_choices":[],"circlet_count":0,"master_deck":["TheCursedMod:Strike_TheCursed","TheCursedMod:Strike_TheCursed","TheCursedMod:Strike_TheCursed","TheCursedMod:Strike_TheCursed","TheCursedMod:Defend_TheCursed","TheCursedMod:Defend_TheCursed","TheCursedMod:Defend_TheCursed","TheCursedMod:Defend_TheCursed","TheCursedMod:CursedWand","TheCursedMod:CleanUpWorkshop","TheCursedMod:Dregs","Mind Blast","TheCursedMod:HellfireBreathing","TheCursedMod:Grudge","TheCursedMod:CircleOfFlame","TheCursedMod:CircleOfCorruption","TheCursedMod:CircleOfBlood"],"relics":["TheCursedMod:BlackMagic101"],"acts_visited":["Exordium"],"potions_floor_usage":[],"damage_taken":[{"damage":1,"enemies":"Jaw Worm","floor":1,"turns":4},{"damage":11,"enemies":"2 Louse","floor":2,"turns":2},{"damage":2,"enemies":"Small Slimes","floor":4,"turns":4},{"damage":42,"enemies":"Exordium Wildlife","floor":5,"turns":8},{"damage":30,"enemies":"Gremlin Nob","floor":6,"turns":4}],"seed_played":"-5958958821825724083","potions_obtained":[],"is_trial":false,"path_per_floor":["M","M","$","M","M","E"],"character_chosen":"THE_CURSED","items_purchased":["TheCursedMod:CircleOfFlame"],"campfire_rested":0,"item_purchase_floors":[3],"current_hp_per_floor":[74,63,63,61,19,0,0],"gold":106,"neow_bonus":"RANDOM_COLORLESS","is_daily":false,"chose_seed":false,"campfire_upgraded":0,"win_rate":0.0,"timestamp":1610322839,"path_taken":["M","M","$","M","M","E"],"items_purchased_type":["Card"],"build_version":"2020-12-22","purchased_purges":0,"victory":false,"max_hp_per_floor":[75,75,75,75,75,75,75],"relic_stats":{"counters":[5,22],"obtain_stats":[{"TheCursedMod:BlackMagic101":0},{"TheCursedMod:BlackMagic101":0},{"TheCursedMod:BlackMagic101":0}]},"card_choices":[{"not_picked":["Blind","expansioncontent:Hexaburn"],"picked":"Mind Blast","floor":0},{"not_picked":["TheCursedMod:CursedShiv","TheCursedMod:RapidMovement"],"picked":"TheCursedMod:HellfireBreathing","floor":1},{"not_picked":["TheCursedMod:Stigma","TheCursedMod:RapidMovement"],"picked":"TheCursedMod:Grudge","floor":2},{"not_picked":["TheCursedMod:SaltUponWound","TheCursedMod:CircleOfFocus"],"picked":"TheCursedMod:CircleOfCorruption","floor":4},{"not_picked":["TheCursedMod:HellsGateOpen","TheCursedMod:CursedAmulet"],"picked":"TheCursedMod:CircleOfBlood","floor":5}],"player_experience":284150,"relics_obtained":[],"event_choices":[],"is_beta":false,"boss_relics":[],"items_purged_floors":[],"is_endless":false,"potions_floor_spawned":[],"killed_by":"Gremlin Nob","ascension_level":0}}