{"host":"vlqejv0notyktumz","time":1610237231,"event":{"mods":["AchievementEnabler","BaseMod","Googly Eyes","Minty Spire (QoL Compilation)"],"gold_per_floor":[113,132,82,82,93,93,108,33,56,86,86,86,86,106,106,209,209,220,238,255,31,49,49,60,60,108,108,108,123,142,161,161,161,161],"floor_reached":33,"playtime":830,"items_purged":["Strike_B","Gash"],"score":326,"play_id":"bd7cb66b-7e6e-439c-b60d-7ffbce8871a8","local_time":"20210109180711","is_ascension_mode":true,"campfire_choices":[{"data":"Darkness","floor":6,"key":"SMITH"},{"data":"Ball Lightning","floor":12,"key":"SMITH"},{"data":"Defend_B","floor":15,"key":"SMITH"},{"floor":23,"key":"REST"},{"data":"Leap","floor":25,"key":"SMITH"},{"data":"Auto Shields","floor":27,"key":"SMITH"},{"floor":32,"key":"REST"}],"circlet_count":0,"master_deck":["Dualcast","Darkness+1","Ball Lightning+1","Ball Lightning","Darkness","Tempest","Sweeping Beam","Steam Power","Turbo","Loop","Auto Shields+1","Leap+1","Reinforced Body","Stack","Double Energy+1","Leap+1","Core Surge","Reinforced Body"],"relics":["Cracked Core","Bag of Preparation","Strawberry","DataDisk","Pandora\u0027s Box","Akabeko"],"acts_visited":["Exordium","TheCity"],"potions_floor_usage":[10,10,20,24,31,33,33],"damage_taken":[{"damage":0,"enemies":"Jaw Worm","floor":1,"turns":3},{"damage":7,"enemies":"2 Louse","floor":2,"turns":3},{"damage":1,"enemies":"Cultist","floor":5,"turns":3},{"damage":22,"enemies":"Exordium Thugs","floor":7,"turns":4},{"damage":5,"enemies":"3 Sentries","floor":10,"turns":4},{"damage":0,"enemies":"Blue Slaver","floor":14,"turns":2},{"damage":26,"enemies":"Hexaghost","floor":16,"turns":6},{"damage":0,"enemies":"Spheric Guardian","floor":18,"turns":2},{"damage":12,"enemies":"3 Byrds","floor":19,"turns":2},{"damage":20,"enemies":"Centurion and Healer","floor":20,"turns":4},{"damage":6,"enemies":"Cultist and Chosen","floor":22,"turns":3},{"damage":21,"enemies":"Shelled Parasite and Fungi","floor":24,"turns":4},{"damage":17,"enemies":"Centurion and Healer","floor":29,"turns":5},{"damage":0,"enemies":"Sentry and Sphere","floor":30,"turns":3},{"damage":0,"enemies":"Cultist and Chosen","floor":31,"turns":5},{"damage":60,"enemies":"Champ","floor":33,"turns":8}],"seed_played":"-4216234257593477384","potions_obtained":[{"floor":2,"key":"Energy Potion"},{"floor":7,"key":"DuplicationPotion"},{"floor":14,"key":"Swift Potion"},{"floor":18,"key":"SpeedPotion"},{"floor":22,"key":"ColorlessPotion"},{"floor":30,"key":"PowerPotion"},{"floor":31,"key":"GamblersBrew"}],"is_trial":false,"path_per_floor":["M","M","?","?","M","R","M","$","T","E","T","R","?","M","R","B",null,"M","M","M","$","M","R","M","R","T","R","?","M","M","M","R","B"],"character_chosen":"DEFECT","items_purchased":["Reinforced Body","Stack"],"campfire_rested":2,"item_purchase_floors":[21,21],"current_hp_per_floor":[68,61,61,61,60,60,38,38,38,40,40,40,40,40,40,14,65,65,53,33,33,27,51,30,30,30,30,30,13,13,13,37,0,0],"gold":161,"neow_bonus":"UPGRADE_CARD","is_daily":false,"chose_seed":false,"campfire_upgraded":5,"win_rate":0.0,"timestamp":1610237231,"path_taken":["M","M","?","?","?","R","M","$","T","E","?","R","?","?","R","BOSS","M","?","M","$","M","R","M","R","T","R","?","M","M","M","R","BOSS"],"items_purchased_type":["Card","Card"],"build_version":"2020-12-22","purchased_purges":2,"victory":false,"max_hp_per_floor":[75,75,75,75,75,75,75,75,75,82,82,82,82,82,82,82,82,82,82,82,82,82,82,82,82,82,82,82,82,82,82,82,82,82],"card_choices":[{"not_picked":["Barrage","Coolheaded"],"picked":"Darkness","floor":1},{"not_picked":["Skim","Reinforced Body"],"picked":"Ball Lightning","floor":2},{"not_picked":["Capacitor","Go for the Eyes"],"picked":"Gash","floor":5},{"not_picked":["Gash","Rebound"],"picked":"Ball Lightning","floor":7},{"not_picked":["Skim","Sweeping Beam","Glacier"],"picked":"SKIP","floor":10},{"not_picked":["Ball Lightning","Rainbow","Fusion"],"picked":"SKIP","floor":14},{"not_picked":["Sweeping Beam","Barrage+1"],"picked":"Loop","floor":18},{"not_picked":["Sweeping Beam","Lockon"],"picked":"Auto Shields","floor":19},{"not_picked":["Go for the Eyes","Ball Lightning"],"picked":"Leap+1","floor":20},{"not_picked":["Steam","Stack"],"picked":"Double Energy+1","floor":22},{"not_picked":["Chaos","Heatsinks"],"picked":"Leap","floor":24},{"not_picked":["Streamline","Sweeping Beam"],"picked":"Core Surge","floor":29},{"not_picked":["Coolheaded","Ball Lightning","Gash"],"picked":"SKIP","floor":30},{"not_picked":["Consume","Scrape"],"picked":"Reinforced Body","floor":31}],"player_experience":316628,"relics_obtained":[{"floor":9,"key":"Bag of Preparation"},{"floor":10,"key":"Strawberry"},{"floor":11,"key":"DataDisk"},{"floor":26,"key":"Akabeko"}],"event_choices":[{"cards_removed":["Strike_B"],"damage_healed":0,"gold_gain":0,"player_choice":"Card Removal","damage_taken":0,"max_hp_gain":0,"max_hp_loss":0,"event_name":"The Cleric","floor":3,"gold_loss":50},{"damage_healed":0,"gold_gain":0,"player_choice":"Bought 0 Potions","damage_taken":0,"max_hp_gain":0,"max_hp_loss":0,"event_name":"The Woman in Blue","floor":4,"gold_loss":0},{"cards_removed":["Strike_B"],"damage_healed":0,"gold_gain":0,"player_choice":"Purged","damage_taken":0,"max_hp_gain":0,"max_hp_loss":0,"event_name":"Purifier","floor":13,"gold_loss":0},{"cards_removed":["Zap"],"damage_healed":0,"gold_gain":0,"player_choice":"Elegance","damage_taken":0,"max_hp_gain":0,"max_hp_loss":0,"event_name":"Back to Basics","floor":28,"gold_loss":0}],"is_beta":false,"boss_relics":[{"not_picked":["Velvet Choker","Coffee Dripper"],"picked":"Pandora\u0027s Box"}],"items_purged_floors":[8,21],"is_endless":false,"potions_floor_spawned":[2,7,14,18,22,30,31],"killed_by":"Champ","ascension_level":6}}