{"host":"9d9dhukr2jywmy0f","time":1610288330,"event":{"mods":["2.2 Compatiblity","Alarm Clock","BaseMod","Bestiary","Block Reminder","Colored Map","Colored Powertips","Curses Come First","DeckTracker","Energized Spire","Highlight Path","Key Reminder","Minty Spire (QoL Compilation)","Quick Restart","Rare Cards Sparkle","Relic Sorter","Relic Stats","Spire Birthday Party","StSLib","SuperFastMode","Synergy Search","Unceasing Turn Reminder","Unknown Chances"],"gold_per_floor":[119,119,173,193,44,77,90,90,137,137,62,62,73,18,18,96,96,116,128,128,139,215,215,215,0,0,0,12,12,26,26,26],"floor_reached":31,"playtime":799,"items_purged":["Strike_B"],"score":516,"play_id":"2b11fea5-f0ed-48c8-a819-6a0e760d666b","local_time":"20210110221850","is_ascension_mode":true,"campfire_choices":[{"data":"Defragment","floor":8.0,"key":"SMITH"},{"data":"Dualcast","floor":10.0,"key":"SMITH"},{"data":"White Noise","floor":12.0,"key":"SMITH"},{"data":"Streamline","floor":15.0,"key":"SMITH"},{"data":"Self Repair","floor":23.0,"key":"SMITH"},{"data":"Skim","floor":27.0,"key":"SMITH"}],"circlet_count":0,"master_deck":["AscendersBane","Strike_B","Strike_B","Defend_B","Defend_B","Defend_B+1","Defend_B","Zap+1","Dualcast+1","White Noise+1","Defragment+1","Skim+1","Streamline+1","Gash","Echo Form","Self Repair+1","Capacitor"],"relics":["Cracked Core","NeowsBlessing","Tiny Chest","Kunai","Oddly Smooth Stone","energizedSpire:UnstableMolecules","Akabeko","Gremlin Horn","Letter Opener"],"acts_visited":["Exordium","TheCity"],"potions_floor_usage":[30],"damage_taken":[{"damage":0.0,"enemies":"Small Slimes","floor":1.0,"turns":1.0},{"damage":0.0,"enemies":"Jaw Worm","floor":4.0,"turns":1.0},{"damage":0.0,"enemies":"3 Sentries","floor":6.0,"turns":1.0},{"damage":1.0,"enemies":"Cultist","floor":7.0,"turns":4.0},{"damage":2.0,"enemies":"Looter","floor":13.0,"turns":3.0},{"damage":21.0,"enemies":"The Guardian","floor":16.0,"turns":8.0},{"damage":20.0,"enemies":"3 Byrds","floor":18.0,"turns":4.0},{"damage":10.0,"enemies":"2 Thieves","floor":19.0,"turns":3.0},{"damage":18.0,"enemies":"Snecko","floor":21.0,"turns":5.0},{"damage":25.0,"enemies":"Snake Plant","floor":28.0,"turns":3.0},{"damage":22,"enemies":"3 Cultists","floor":30,"turns":4},{"damage":9,"enemies":"Centurion and Healer","floor":31,"turns":2}],"seed_played":"-6874752248714840938","potions_obtained":[{"floor":1.0,"key":"ColorlessPotion"},{"floor":4.0,"key":"PotionOfCapacity"},{"floor":7.0,"key":"Block Potion"},{"floor":18.0,"key":"AttackPotion"},{"floor":19.0,"key":"SteroidPotion"},{"floor":28.0,"key":"LiquidMemories"}],"is_trial":false,"path_per_floor":["M","?","T","M","$","E","M","R","T","R","?","R","M","$","R","B",null,"M","M","?","M","T","R","?","?","T","R","M","$","M","M"],"character_chosen":"DEFECT","items_purchased":["Defragment","Gash"],"campfire_rested":0,"item_purchase_floors":[5,14],"current_hp_per_floor":[64,43,43,43,43,43,42,42,42,42,42,42,40,40,40,19,58,38,35,35,31,31,31,31,31,31,31,26,26,14,5,5],"gold":26,"neow_bonus":"THREE_ENEMY_KILL","is_daily":false,"chose_seed":false,"campfire_upgraded":6,"win_rate":0.0,"timestamp":1610288330,"path_taken":["M","?","?","M","$","E","M","R","T","R","?","R","M","$","R","BOSS","M","M","?","?","?","R","?","?","T","R","?","$","M","M"],"items_purchased_type":["Card","Card"],"build_version":"2020-11-30","purchased_purges":1,"victory":false,"max_hp_per_floor":[71,71,71,71,71,71,71,71,71,71,71,71,71,71,71,71,71,71,71,71,71,71,71,71,71,71,71,71,71,71,71,71],"relic_stats":{"Gremlin Horn":[2,2],"counters":[12,39],"Tiny Chest":1,"Kunai":[6],"Letter Opener":[35],"obtain_stats":[{"energizedSpire:UnstableMolecules":17,"NeowsBlessing":0,"Gremlin Horn":22,"Oddly Smooth Stone":9,"Tiny Chest":3,"Kunai":6,"Letter Opener":26,"Cracked Core":0,"Akabeko":20},{"energizedSpire:UnstableMolecules":6,"NeowsBlessing":0,"Gremlin Horn":9,"Oddly Smooth Stone":4,"Tiny Chest":1,"Kunai":3,"Letter Opener":9,"Cracked Core":0,"Akabeko":8},{"energizedSpire:UnstableMolecules":18,"NeowsBlessing":0,"Gremlin Horn":30,"Oddly Smooth Stone":7,"Tiny Chest":1,"Kunai":3,"Letter Opener":30,"Cracked Core":0,"Akabeko":25}]},"card_choices":[{"not_picked":["Consume","Rip and Tear"],"picked":"White Noise","floor":1.0},{"not_picked":["Compile Driver","Streamline","Redo"],"picked":"SKIP","floor":4.0},{"not_picked":["Thunder Strike","Hologram","Aggregate"],"picked":"SKIP","floor":6.0},{"not_picked":["Sweeping Beam","Stack"],"picked":"Skim","floor":7.0},{"not_picked":["Compile Driver","Steam Power"],"picked":"Streamline","floor":13.0},{"not_picked":["Core Surge","Rainbow"],"picked":"Echo Form","floor":16.0},{"not_picked":["Beam Cell","Ball Lightning"],"picked":"Self Repair","floor":18.0},{"not_picked":["Self Repair","Go for the Eyes","Consume"],"picked":"SKIP","floor":19.0},{"not_picked":["Barrage","Go for the Eyes","Aggregate"],"picked":"SKIP","floor":21.0},{"not_picked":["Rip and Tear","Self Repair"],"picked":"Capacitor","floor":28.0},{"not_picked":["Scrape","Sweeping Beam","Stack"],"picked":"SKIP","floor":30}],"player_experience":817662,"relics_obtained":[{"floor":3.0,"key":"Tiny Chest"},{"floor":6.0,"key":"Kunai"},{"floor":9.0,"key":"Oddly Smooth Stone"},{"floor":22.0,"key":"Gremlin Horn"},{"floor":26.0,"key":"Letter Opener"}],"event_choices":[{"damage_healed":0.0,"max_hp_gain":0.0,"max_hp_loss":0.0,"gold_gain":0.0,"event_name":"Shining Light","player_choice":"Entered Light","floor":2.0,"gold_loss":0.0,"damage_taken":21.0,"cards_upgraded":["Defend_B","Zap"]},{"cards_removed":["Strike_B"],"damage_healed":0.0,"max_hp_gain":0.0,"max_hp_loss":0.0,"gold_gain":0.0,"event_name":"The Cleric","player_choice":"Card Removal","floor":11.0,"gold_loss":75.0,"damage_taken":0.0},{"damage_healed":0.0,"max_hp_gain":0.0,"max_hp_loss":0.0,"gold_gain":0.0,"event_name":"WeMeetAgain","player_choice":"Gave Potion","floor":20.0,"gold_loss":0.0,"damage_taken":0.0,"relics_obtained":["Akabeko"]},{"damage_healed":0.0,"max_hp_gain":0.0,"max_hp_loss":0.0,"gold_gain":0.0,"event_name":"Vampires","player_choice":"Ignored","floor":24.0,"gold_loss":0.0,"damage_taken":0.0},{"damage_healed":0.0,"max_hp_gain":0.0,"max_hp_loss":0.0,"gold_gain":0.0,"event_name":"Masked Bandits","player_choice":"Paid Fearfully","floor":25.0,"gold_loss":215.0,"damage_taken":0.0}],"is_beta":false,"boss_relics":[{"not_picked":["energizedSpire:SpiderWeb","Sozu"],"picked":"energizedSpire:UnstableMolecules"}],"items_purged_floors":[5],"is_endless":false,"potions_floor_spawned":[1,4,7,18,19,28],"killed_by":"Centurion and Healer","ascension_level":20}}