{"host":"s41rn2jhghpwfrvz","time":1610306248,"event":{"mods":["BaseMod","Minty Spire (QoL Compilation)","Quick Restart","Relic Stats","SuperFastMode"],"gold_per_floor":[109,128,128,142,157,190,190,216,262,262,294,12,12,47,59,142,154,186,217,243,268,312,355,367,406,468,480,502,533,563,601,613,702,714,738,769,791,820,1054,1100,613,624,624,659,672,692,720,734,734,734,734,734,734,21,47,47],"floor_reached":57,"playtime":1578,"items_purged":["Ghostly Armor","Intimidate+1","Metallicize"],"score":3951,"play_id":"43423e57-15a5-413b-b761-a047356c3320","local_time":"20210110211728","daily_mods":["SealedDeck","Vintage","DeadlyEvents"],"is_ascension_mode":true,"campfire_choices":[{"data":"Body Slam","floor":7,"key":"SMITH"},{"data":"Body Slam","floor":10,"key":"SMITH"},{"data":"Dark Embrace","floor":13,"key":"SMITH"},{"floor":15,"key":"RECALL"},{"data":"Shrug It Off","floor":24,"key":"SMITH"},{"data":"Rage","floor":27,"key":"SMITH"},{"data":"Feel No Pain","floor":32,"key":"SMITH"},{"data":"Power Through","floor":49,"key":"SMITH"},{"data":"Evolve","floor":53,"key":"SMITH"}],"circlet_count":0,"master_deck":["AscendersBane","Ghostly Armor","Entrench+1","Evolve+1","Shrug It Off+1","Body Slam+1","Rage+1","Body Slam+1","Dark Embrace+1","Feel No Pain+1","Power Through+1"],"relics":["Burning Blood","White Beast Statue","Kunai","War Paint","Strawberry","HornCleat","Art of War","PreservedInsect","Whetstone","Medical Kit","MawBank","Philosopher\u0027s Stone","Sundial","Pen Nib","Bag of Marbles","MealTicket","Red Mask","Pear","Oddly Smooth Stone","Regal Pillow","InkBottle","Eternal Feather","Vajra","SlaversCollar","Mercury Hourglass","CeramicFish","Ginger","Nunchaku","Lantern","Potion Belt","OrangePellets","Shuriken","Question Card","Bag of Preparation","Omamori","Ice Cream","Mango","Turnip","Happy Flower","Bird Faced Urn","Centennial Puzzle"],"acts_visited":["Exordium","TheCity","TheBeyond","TheEnding"],"potions_floor_usage":[6,56,56,56,56],"damage_taken":[{"damage":3,"enemies":"2 Louse","floor":1,"turns":4},{"damage":9,"enemies":"Jaw Worm","floor":2,"turns":4},{"damage":0,"enemies":"Small Slimes","floor":4,"turns":5},{"damage":0,"enemies":"3 Louse","floor":5,"turns":5},{"damage":0,"enemies":"Lagavulin","floor":6,"turns":10},{"damage":1,"enemies":"3 Sentries","floor":8,"turns":6},{"damage":0,"enemies":"Lagavulin","floor":11,"turns":4},{"damage":0,"enemies":"Gremlin Nob","floor":14,"turns":2},{"damage":0,"enemies":"Slime Boss","floor":16,"turns":6},{"damage":0,"enemies":"Spheric Guardian","floor":18,"turns":3},{"damage":0,"enemies":"3 Byrds","floor":19,"turns":7},{"damage":0,"enemies":"Centurion and Healer","floor":20,"turns":3},{"damage":0,"enemies":"3 Cultists","floor":21,"turns":3},{"damage":0,"enemies":"Masked Bandits","floor":22,"turns":4},{"damage":0,"enemies":"Gremlin Leader","floor":23,"turns":4},{"damage":0,"enemies":"Book of Stabbing","floor":25,"turns":3},{"damage":0,"enemies":"Cultist and Chosen","floor":28,"turns":3},{"damage":0,"enemies":"Centurion and Healer","floor":29,"turns":4},{"damage":0,"enemies":"3 Cultists","floor":30,"turns":4},{"damage":0,"enemies":"Gremlin Leader","floor":31,"turns":4},{"damage":1,"enemies":"Collector","floor":33,"turns":7},{"damage":5,"enemies":"3 Shapes","floor":35,"turns":3},{"damage":0,"enemies":"3 Darklings","floor":36,"turns":4},{"damage":9,"enemies":"4 Shapes","floor":37,"turns":4},{"damage":0,"enemies":"Writhing Mass","floor":38,"turns":4},{"damage":3,"enemies":"Reptomancer","floor":40,"turns":2},{"damage":0,"enemies":"Transient","floor":42,"turns":2},{"damage":0,"enemies":"Giant Head","floor":44,"turns":2},{"damage":0,"enemies":"Maw","floor":45,"turns":2},{"damage":0,"enemies":"Spire Growth","floor":46,"turns":2},{"damage":0,"enemies":"Reptomancer","floor":47,"turns":2},{"damage":0,"enemies":"Jaw Worm Horde","floor":48,"turns":3},{"damage":0,"enemies":"Awakened One","floor":50,"turns":3},{"damage":10,"enemies":"Time Eater","floor":51,"turns":5},{"damage":0,"enemies":"Shield and Spear","floor":55,"turns":2},{"damage":0,"enemies":"The Heart","floor":56,"turns":5}],"seed_played":"-2054496199620820343","potions_obtained":[{"floor":2,"key":"SteroidPotion"},{"floor":4,"key":"LiquidBronze"},{"floor":5,"key":"PowerPotion"},{"floor":6,"key":"SteroidPotion"},{"floor":28,"key":"Ancient Potion"},{"floor":42,"key":"Block Potion"},{"floor":44,"key":"SteroidPotion"}],"is_trial":true,"path_per_floor":["M","M","?","M","M","E","R","E","T","R","E","$","R","E","R","B",null,"M","M","M","M","?","E","R","E","T","R","M","M","M","E","R","B",null,"M","M","M","M","?","E","$","M","T","E","M","M","E","M","R","B","B",null,"R","$","E","B",null],"character_chosen":"IRONCLAD","items_purchased":["Medical Kit","Dark Embrace","Potion Belt","OrangePellets","Power Through","Happy Flower","Bird Faced Urn","Ancient Potion"],"campfire_rested":0,"item_purchase_floors":[12,12,41,41,41,54,54,54],"current_hp_per_floor":[71,68,73,79,87,87,87,87,87,87,87,87,87,87,87,87,87,87,87,87,87,87,97,97,97,97,97,97,97,97,97,97,97,97,97,97,94,97,97,97,97,97,97,97,97,97,111,111,111,111,107,110,111,111,111,111],"gold":47,"neow_bonus":"","is_daily":false,"chose_seed":false,"campfire_upgraded":8,"win_rate":0.0,"timestamp":1610306248,"path_taken":["M","M","?","M","M","E","R","E","T","R","E","$","R","E","R","BOSS","M","M","M","M","?","E","R","E","T","R","M","M","M","E","R","BOSS","M","M","M","M","?","E","?","M","T","E","?","M","E","M","R","BOSS","BOSS","R","$","E","BOSS"],"items_purchased_type":["Relic","Card","Relic","Relic","Card","Relic","Relic","Potion"],"build_version":"2020-12-22","purchased_purges":3,"victory":true,"max_hp_per_floor":[75,75,80,80,87,87,87,87,87,87,87,87,87,87,87,87,87,87,87,87,87,87,97,97,97,97,97,97,97,97,97,97,97,97,97,97,97,97,97,97,97,97,97,97,97,97,111,111,111,111,111,111,111,111,111,111],"relic_stats":{"Regal Pillow":0,"CeramicFish":9,"Bag of Preparation":[16],"Whetstone":[],"Ginger":[11],"Burning Blood":44,"Nunchaku":[3],"Centennial Puzzle":[0],"Sundial":[80],"MealTicket":0,"Kunai":[8],"InkBottle":[37],"Happy Flower":[2],"counters":[36,140],"Eternal Feather":1,"PreservedInsect":515,"Pen Nib":[11],"War Paint":["Entrench","Intimidate"],"Medical Kit":[97],"MawBank":324,"Question Card":3,"Mercury Hourglass":[192],"OrangePellets":[0],"Shuriken":[4],"Bird Faced Urn":[0],"Turnip":[3],"Art of War":[16],"obtain_stats":[{"Ice Cream":46,"Regal Pillow":28,"Lantern":40,"CeramicFish":36,"Vajra":31,"Mango":47,"Bag of Preparation":44,"Whetstone":11,"Ginger":37,"Burning Blood":0,"Nunchaku":38,"Centennial Puzzle":55,"HornCleat":6,"Sundial":18,"Strawberry":5,"Philosopher\u0027s Stone":17,"MealTicket":21,"Red Mask":22,"Kunai":2,"InkBottle":29,"Potion Belt":41,"Pear":23,"Happy Flower":54,"Oddly Smooth Stone":25,"Eternal Feather":30,"PreservedInsect":9,"Pen Nib":19,"Omamori":45,"War Paint":4,"Medical Kit":12,"MawBank":14,"Question Card":43,"White Beast Statue":1,"Mercury Hourglass":35,"SlaversCollar":34,"OrangePellets":41,"Shuriken":42,"Bird Faced Urn":54,"Turnip":48,"Art of War":8,"Bag of Marbles":20},{"Ice Cream":30,"Regal Pillow":17,"Lantern":26,"CeramicFish":23,"Vajra":20,"Mango":31,"Bag of Preparation":28,"Whetstone":7,"Ginger":24,"Burning Blood":0,"Nunchaku":25,"Centennial Puzzle":35,"HornCleat":5,"Sundial":10,"Strawberry":4,"Philosopher\u0027s Stone":9,"MealTicket":13,"Red Mask":14,"Kunai":2,"InkBottle":18,"Potion Belt":26,"Pear":15,"Happy Flower":34,"Oddly Smooth Stone":16,"Eternal Feather":19,"PreservedInsect":6,"Pen Nib":11,"Omamori":29,"War Paint":3,"Medical Kit":7,"MawBank":8,"Question Card":27,"White Beast Statue":1,"Mercury Hourglass":22,"SlaversCollar":21,"OrangePellets":26,"Shuriken":27,"Bird Faced Urn":34,"Turnip":32,"Art of War":6,"Bag of Marbles":12},{"Ice Cream":120,"Regal Pillow":76,"Lantern":112,"CeramicFish":102,"Vajra":88,"Mango":122,"Bag of Preparation":116,"Whetstone":38,"Ginger":106,"Burning Blood":0,"Nunchaku":110,"Centennial Puzzle":135,"HornCleat":28,"Sundial":49,"Strawberry":18,"Philosopher\u0027s Stone":46,"MealTicket":62,"Red Mask":66,"Kunai":8,"InkBottle":80,"Potion Belt":112,"Pear":70,"Happy Flower":133,"Oddly Smooth Stone":73,"Eternal Feather":84,"PreservedInsect":34,"Pen Nib":56,"Omamori":118,"War Paint":13,"Medical Kit":38,"MawBank":40,"Question Card":114,"White Beast Statue":4,"Mercury Hourglass":98,"SlaversCollar":95,"OrangePellets":112,"Shuriken":114,"Bird Faced Urn":133,"Turnip":125,"Art of War":34,"Bag of Marbles":59}]},"card_choices":[{"not_picked":["Sentinel","Blood for Blood","Pummel"],"picked":"SKIP","floor":6},{"not_picked":["Intimidate","Carnage","Body Slam"],"picked":"SKIP","floor":8},{"not_picked":["Perfected Strike","Wild Strike","Pummel"],"picked":"SKIP","floor":11},{"not_picked":["Flex","Perfected Strike","Anger"],"picked":"SKIP","floor":14},{"not_picked":["Clothesline","Sever Soul+1"],"picked":"Feel No Pain","floor":23},{"not_picked":["Wild Strike","Clothesline","Flex"],"picked":"SKIP","floor":25},{"not_picked":["Clothesline+1","Clash","Intimidate"],"picked":"SKIP","floor":31},{"not_picked":["Flame Barrier","Clash","Hemokinesis"],"picked":"SKIP","floor":40},{"not_picked":["Body Slam+1","Cleave","Armaments","Shrug It Off"],"picked":"SKIP","floor":44},{"not_picked":["Shrug It Off+1","Clash+1","True Grit","Sword Boomerang+1"],"picked":"SKIP","floor":47},{"not_picked":["Pommel Strike","Rupture","Demon Form","True Grit"],"picked":"SKIP","floor":55}],"player_experience":1711681,"relics_obtained":[{"floor":1,"key":"White Beast Statue"},{"floor":2,"key":"Kunai"},{"floor":4,"key":"War Paint"},{"floor":5,"key":"Strawberry"},{"floor":6,"key":"HornCleat"},{"floor":8,"key":"Art of War"},{"floor":9,"key":"PreservedInsect"},{"floor":11,"key":"Whetstone"},{"floor":14,"key":"MawBank"},{"floor":18,"key":"Sundial"},{"floor":19,"key":"Pen Nib"},{"floor":20,"key":"Bag of Marbles"},{"floor":21,"key":"MealTicket"},{"floor":22,"key":"Red Mask"},{"floor":23,"key":"Pear"},{"floor":25,"key":"Oddly Smooth Stone"},{"floor":28,"key":"Regal Pillow"},{"floor":29,"key":"InkBottle"},{"floor":30,"key":"Eternal Feather"},{"floor":31,"key":"Vajra"},{"floor":35,"key":"Mercury Hourglass"},{"floor":36,"key":"CeramicFish"},{"floor":37,"key":"Ginger"},{"floor":38,"key":"Nunchaku"},{"floor":40,"key":"Lantern"},{"floor":42,"key":"Shuriken"},{"floor":43,"key":"Question Card"},{"floor":44,"key":"Bag of Preparation"},{"floor":45,"key":"Omamori"},{"floor":46,"key":"Ice Cream"},{"floor":47,"key":"Mango"},{"floor":48,"key":"Turnip"},{"floor":55,"key":"Centennial Puzzle"}],"event_choices":[{"damage_healed":0,"gold_gain":0,"player_choice":"Donut","damage_taken":0,"max_hp_gain":5,"max_hp_loss":0,"event_name":"Big Fish","floor":3,"gold_loss":0},{"damage_healed":0,"gold_gain":0,"player_choice":"Fought Bandits","damage_taken":0,"max_hp_gain":0,"max_hp_loss":0,"event_name":"Masked Bandits","floor":22,"gold_loss":0},{"damage_healed":0,"gold_gain":222,"player_choice":"Wore Mask","damage_taken":0,"max_hp_gain":0,"max_hp_loss":0,"event_name":"Tomb of Lord Red Mask","floor":39,"gold_loss":0}],"is_beta":false,"boss_relics":[{"not_picked":["Tiny House","Cursed Key"],"picked":"Philosopher\u0027s Stone"},{"not_picked":["Empty Cage","Velvet Choker"],"picked":"SlaversCollar"}],"items_purged_floors":[12,41,54],"is_endless":false,"potions_floor_spawned":[2,4,5,6,8,11,14,16,18,19,20,21,22,23,25,28,29,30,31,33,35,36,37,38,40,42,44,45,46,47,48,55],"ascension_level":20}}