{"host":"15dd7v8o90xso62x","time":1610322812,"event":{"mods":["BaseMod","Minty Spire (QoL Compilation)","Quick Restart","StSLib","SuperFastMode"],"gold_per_floor":[112,112,28,40,40,40,57,82,109,109,119,148,148,164,164,164,164],"floor_reached":16,"playtime":469,"items_purged":[],"score":220,"play_id":"8f1ddda5-daee-4f2f-ae6e-c0eb0b6b6a9e","local_time":"20210111085332","is_ascension_mode":true,"campfire_choices":[{"data":"Uppercut","floor":6,"key":"SMITH"},{"floor":13,"key":"REST"},{"data":"Feed","floor":15,"key":"SMITH"}],"circlet_count":0,"master_deck":["AscendersBane","Strike_R","Strike_R","Strike_R","Strike_R","Defend_R","Defend_R","Defend_R","Bash","Power Through","Bloodletting","Uppercut+1","Cleave","Feed+1","Fire Breathing","Pommel Strike","Shrug It Off"],"relics":["Burning Blood","Ancient Tea Set","Tiny Chest","Happy Flower","Lantern"],"acts_visited":["Exordium"],"potions_floor_usage":[8,12,16],"damage_taken":[{"damage":19,"enemies":"Jaw Worm","floor":1,"turns":5},{"damage":4,"enemies":"2 Louse","floor":4,"turns":4},{"damage":10,"enemies":"Small Slimes","floor":7,"turns":3},{"damage":28,"enemies":"Lagavulin","floor":8,"turns":7},{"damage":4,"enemies":"3 Louse","floor":11,"turns":3},{"damage":12,"enemies":"Gremlin Nob","floor":12,"turns":3},{"damage":2,"enemies":"Exordium Wildlife","floor":14,"turns":3},{"damage":50,"enemies":"The Guardian","floor":16,"turns":11}],"seed_played":"-2793517243273725376","potions_obtained":[{"floor":7,"key":"Block Potion"},{"floor":8,"key":"DistilledChaos"},{"floor":14,"key":"Weak Potion"}],"is_trial":false,"path_per_floor":["M","?","$","M","?","R","M","E","T","?","M","E","R","M","R","B"],"character_chosen":"IRONCLAD","items_purchased":["Uppercut"],"campfire_rested":1,"item_purchase_floors":[3],"current_hp_per_floor":[55,48,48,50,55,55,51,29,29,18,23,17,41,48,48,0,0],"gold":164,"neow_bonus":"TRANSFORM_TWO_CARDS","is_daily":false,"chose_seed":false,"campfire_upgraded":2,"win_rate":0.0,"timestamp":1610322812,"path_taken":["M","?","$","M","?","R","M","E","T","?","M","E","R","M","R","BOSS"],"items_purchased_type":["Card"],"build_version":"2020-12-22","purchased_purges":0,"victory":false,"max_hp_per_floor":[75,75,75,75,80,80,80,80,80,80,83,83,83,86,86,86,86],"card_choices":[{"not_picked":["Havoc","Thunderclap","Searing Blow"],"picked":"SKIP","floor":1},{"not_picked":["Rage","Heavy Blade"],"picked":"Cleave","floor":4},{"not_picked":["Wild Strike","Perfected Strike","Body Slam"],"picked":"SKIP","floor":7},{"not_picked":["Body Slam","Shrug It Off"],"picked":"Feed","floor":8},{"not_picked":["Hemokinesis","Flex"],"picked":"Fire Breathing","floor":11},{"not_picked":["Infernal Blade","Body Slam"],"picked":"Pommel Strike","floor":12},{"not_picked":["Blood for Blood","Body Slam"],"picked":"Shrug It Off","floor":14}],"player_experience":1022050,"relics_obtained":[{"floor":8,"key":"Ancient Tea Set"},{"floor":9,"key":"Tiny Chest"},{"floor":12,"key":"Lantern"}],"event_choices":[{"cards_removed":["Regret"],"damage_healed":0,"gold_gain":0,"player_choice":"Card Removal","damage_taken":7,"max_hp_gain":0,"max_hp_loss":0,"event_name":"Golden Wing","floor":2,"gold_loss":0},{"damage_healed":0,"gold_gain":0,"player_choice":"Donut","damage_taken":0,"max_hp_gain":5,"max_hp_loss":0,"event_name":"Big Fish","floor":5,"gold_loss":0},{"damage_healed":0,"gold_gain":0,"player_choice":"Success","damage_taken":11,"relics_obtained":["Happy Flower"],"max_hp_gain":0,"max_hp_loss":0,"event_name":"Scrap Ooze","floor":10,"gold_loss":0}],"is_beta":false,"boss_relics":[],"items_purged_floors":[],"is_endless":false,"potions_floor_spawned":[7,8,14],"killed_by":"The Guardian","ascension_level":20}}