{"host":"7xbu8gt067z192g2","time":1610282666,"event":{"mods":["BaseMod","Better Note","Colored Map","Colored Powertips","Googly Eyes","Highlight Path","Minty Spire (QoL Compilation)","Rare Cards Sparkle","Replay The Spire","StSLib","The Bladedancer","The Cursed","The Hierophant","The Valiant","The Wild Card"],"gold_per_floor":[115,115,47,65,82,82,82,82,82,100,128,147,147,164,164,262,262,273,288,288,304,321,321,356,356,424,441,441,441],"floor_reached":28,"playtime":1391,"items_purged":[],"score":307,"play_id":"30279f66-e097-4390-8bdd-776b7d262237","local_time":"20210110074426","is_ascension_mode":true,"campfire_choices":[{"data":"TheCursedMod:VoidForm","floor":6,"key":"SMITH"},{"data":"TheCursedMod:CleanUpWorkshop","floor":8,"key":"SMITH"},{"floor":23,"key":"REST"},{"data":"TheCursedMod:NeowsMight","floor":25,"key":"SMITH"}],"circlet_count":0,"master_deck":["TheCursedMod:Strike_TheCursed","TheCursedMod:Strike_TheCursed+1","TheCursedMod:Strike_TheCursed","TheCursedMod:Strike_TheCursed","TheCursedMod:Defend_TheCursed","TheCursedMod:Defend_TheCursed","TheCursedMod:Defend_TheCursed","TheCursedMod:Defend_TheCursed","TheCursedMod:CursedWand","TheCursedMod:CleanUpWorkshop+1","TheCursedMod:Dregs","TheCursedMod:CursedStaff+1","TheCursedMod:HellfireBreathing","TheCursedMod:SpitefulStrike","TheCursedMod:VoidForm+1","TheCursedMod:ReleasedKnowledge","TheCursedMod:LuckyCharm+1","TheCursedMod:ReleasedStrength","TheCursedMod:HellfireBreathing","TheCursedMod:NeowsMight+1","TheCursedMod:Stretching+1","Decay"],"relics":["TheCursedMod:BlackMagic101","Dead Branch","Ancient Tea Set","TheCursedMod:OminousMark","Gambling Chip","Darkstone Periapt"],"acts_visited":["Exordium","TheCity"],"potions_floor_usage":[2,10,11,12,16,19,22,24],"damage_taken":[{"damage":0,"enemies":"Small Slimes","floor":1,"turns":4},{"damage":0,"enemies":"Cultist","floor":4,"turns":3},{"damage":0,"enemies":"2 Louse","floor":5,"turns":3},{"damage":17,"enemies":"Gremlin Gang","floor":10,"turns":4},{"damage":18,"enemies":"Lagavulin","floor":11,"turns":3},{"damage":9,"enemies":"Large Slime","floor":12,"turns":5},{"damage":10,"enemies":"3 Louse","floor":14,"turns":4},{"damage":12,"enemies":"Fading Forest","floor":16,"turns":11},{"damage":12,"enemies":"Shell Parasite","floor":18,"turns":3},{"damage":36,"enemies":"3 Byrds","floor":19,"turns":4},{"damage":6,"enemies":"Snecko","floor":21,"turns":3},{"damage":18,"enemies":"Sentry and Sphere","floor":22,"turns":4},{"damage":8,"enemies":"Slavers","floor":24,"turns":3},{"damage":14,"enemies":"Centurion and Healer","floor":27,"turns":5},{"damage":26,"enemies":"Gremlin Leader","floor":28,"turns":1}],"seed_played":"-3748934517634920283","potions_obtained":[{"floor":2,"key":"FairyPotion"},{"floor":2,"key":"Fruit Juice"},{"floor":2,"key":"Fire Potion"},{"floor":5,"key":"Toxic Potion"},{"floor":11,"key":"AttackPotion"},{"floor":12,"key":"Death Potion"},{"floor":14,"key":"FearPotion"},{"floor":19,"key":"Energy Potion"},{"floor":21,"key":"LifebloodPotion"},{"floor":22,"key":"Languid Potion"},{"floor":24,"key":"Milkshake"}],"is_trial":false,"path_per_floor":["M","?","$","M","M","R","?","R","T","M","E","M","?","M","R_BF","B",null,"M","M","?","M","M","R","E","R","T","M","E"],"character_chosen":"THE_CURSED","items_purchased":["TheCursedMod:HellfireBreathing"],"campfire_rested":1,"item_purchase_floors":[3],"current_hp_per_floor":[68,73,73,73,73,73,58,58,58,41,23,14,14,4,25,23,73,61,25,25,19,1,22,14,14,14,21,0,0],"gold":441,"neow_bonus":"ONE_RARE_RELIC","is_daily":false,"chose_seed":false,"campfire_upgraded":3,"win_rate":0.0,"timestamp":1610282666,"path_taken":["M","?","$","M","?","R","?","R","T","M","E","M","?","M","R_BF","BOSS","M","?","?","M","M","R","E","R","T","M","E"],"items_purchased_type":["Card"],"build_version":"2020-12-22","purchased_purges":0,"victory":false,"max_hp_per_floor":[68,73,73,73,73,73,73,73,73,73,73,73,73,73,73,73,73,73,73,73,73,73,73,73,73,73,73,73,73],"card_choices":[{"not_picked":["TheCursedMod:CircleOfCorruption","TheCursedMod:Obscuration"],"picked":"TheCursedMod:CursedStaff","floor":1},{"not_picked":["TheCursedMod:CircleOfFlame","TheCursedMod:DoubleShield"],"picked":"TheCursedMod:SpitefulStrike","floor":4},{"not_picked":["TheCursedMod:CircleOfCorruption","TheCursedMod:Wield"],"picked":"TheCursedMod:VoidForm","floor":5},{"not_picked":["TheCursedMod:Stretching","TheCursedMod:VitalStrike"],"picked":"TheCursedMod:ReleasedKnowledge","floor":10},{"not_picked":["TheCursedMod:Evocation","TheCursedMod:CursedArmor"],"picked":"TheCursedMod:LuckyCharm","floor":11},{"not_picked":["TheCursedMod:CursedShiv","TheCursedMod:VitalStrike"],"picked":"TheCursedMod:ReleasedStrength","floor":12},{"not_picked":["TheCursedMod:LuckyCharm","TheCursedMod:FuryStrike"],"picked":"TheCursedMod:HellfireBreathing","floor":14},{"not_picked":["TheCursedMod:DemonicPact","TheCursedMod:UltimatePain"],"picked":"TheCursedMod:NeowsMight","floor":16},{"not_picked":["TheCursedMod:SpitefulStrike","TheCursedMod:Evocation"],"picked":"TheCursedMod:Stretching+1","floor":18},{"not_picked":["TheCursedMod:Stretching","TheCursedMod:CircleOfCorruption","TheCursedMod:Stigma+1"],"picked":"SKIP","floor":19},{"not_picked":["TheCursedMod:TroublousMinions","TheCursedMod:ReleasedStrength","TheCursedMod:CircleOfCorruption"],"picked":"SKIP","floor":21},{"not_picked":["TheCursedMod:VitalStrike+1","TheCursedMod:CursedAmulet+1","TheCursedMod:ManaBullet"],"picked":"SKIP","floor":22},{"not_picked":["TheCursedMod:CursedAmulet+1","TheCursedMod:ReleasedStrength","TheCursedMod:Torture"],"picked":"SKIP","floor":24},{"not_picked":["TheCursedMod:Obscuration","TheCursedMod:PrepareRite","TheCursedMod:FleshFromBone"],"picked":"SKIP","floor":27}],"player_experience":175804,"relics_obtained":[{"floor":11,"key":"Ancient Tea Set"},{"floor":24,"key":"Gambling Chip"},{"floor":26,"key":"Darkstone Periapt"}],"event_choices":[{"damage_healed":0,"gold_gain":0,"player_choice":"Got Potions","damage_taken":0,"max_hp_gain":0,"max_hp_loss":0,"event_name":"Lab","floor":2,"gold_loss":0},{"damage_healed":0,"gold_gain":0,"player_choice":"Entered Light","damage_taken":15,"max_hp_gain":0,"max_hp_loss":0,"event_name":"Shining Light","floor":7,"gold_loss":0,"cards_upgraded":["TheCursedMod:CursedStaff","TheCursedMod:Strike_TheCursed"]},{"damage_healed":0,"gold_gain":0,"player_choice":"Ignored","damage_taken":0,"max_hp_gain":0,"max_hp_loss":0,"event_name":"Fountain of Cleansing","floor":13,"gold_loss":0},{"damage_healed":0,"gold_gain":0,"player_choice":"Smashed Altar","damage_taken":0,"max_hp_gain":0,"max_hp_loss":0,"event_name":"Forgotten Altar","floor":20,"gold_loss":0,"cards_obtained":["Decay"]}],"is_beta":false,"boss_relics":[{"not_picked":["Velvet Choker","Snecko Eye"],"picked":"TheCursedMod:OminousMark"}],"items_purged_floors":[],"is_endless":false,"potions_floor_spawned":[5,11,12,14,19,21,22,24],"killed_by":"Gremlin Leader","ascension_level":1}}