{"host":"skvwuvqqk8x6jusd","time":1610311499,"event":{"mods":["AchievementEnabler","BaseMod","Colored Map","Colored Powertips","Highlight Path","Minty Spire (QoL Compilation)","Relic Stats","Slay-I"],"gold_per_floor":[362,60,70,87,9,9,22,36,36,36,50,50,50,66,66,164,164,184,204,47,47,21,21,48,75,158,170,194,226,264,287,299,413,425,457,469,492,504,516,528,0,12,50,62,93,105,117,145,157,169,169],"floor_reached":50,"playtime":1191,"items_purged":["Defend_R"],"score":497,"play_id":"4658f66d-940f-48cb-aaff-d201633b9871","local_time":"20210110204459","is_ascension_mode":false,"campfire_choices":[{"data":"Inflame","floor":6,"key":"SMITH"},{"data":"Heavy Blade","floor":13,"key":"SMITH"},{"data":"Bash","floor":15,"key":"SMITH"},{"data":"Flex","floor":23,"key":"SMITH"},{"data":"Flex","floor":27,"key":"SMITH"},{"data":"Inflame","floor":32,"key":"SMITH"},{"floor":40,"key":"RECALL"},{"data":"Perfected Strike","floor":47,"key":"SMITH"},{"data":"Master of Strategy","floor":49,"key":"SMITH"}],"circlet_count":0,"master_deck":["Strike_R+1","Strike_R+1","Strike_R+1","Strike_R+1","Strike_R+1","Defend_R+1","Defend_R+1","Defend_R+1","Bash+1","Anger+1","Perfected Strike+1","Cleave+1","Wild Strike+1","Seeing Red+1","Inflame+1","Iron Wave+1","Heavy Blade+1","Whirlwind+1","Rage+1","Reaper+1","Wild Strike+1","Clash+1","Flex+1","Flex+1","True Grit+1","Inflame+1","Offering+1","Double Tap+1","Sword Boomerang+1","Rampage+1","Perfected Strike+1","Master of Strategy+1","Pommel Strike+1"],"relics":["Burning Blood","Nunchaku","Juzu Bracelet","Mark of Pain","Membership Card","War Paint","MawBank","InkBottle","Meat on the Bone","SacredBark","Mark of the Bloom","Red Mask","Toy Ornithopter"],"acts_visited":["Exordium","TheCity","TheBeyond"],"potions_floor_usage":[8,14,24,33,33,45,48,50],"damage_taken":[{"damage":6,"enemies":"Cultist","floor":1,"turns":3},{"damage":0,"enemies":"Small Slimes","floor":3,"turns":2},{"damage":13,"enemies":"Jaw Worm","floor":4,"turns":3},{"damage":7,"enemies":"Blue Slaver","floor":7,"turns":2},{"damage":11,"enemies":"Red Slaver","floor":8,"turns":4},{"damage":2,"enemies":"Large Slime","floor":11,"turns":5},{"damage":0,"enemies":"Exordium Wildlife","floor":14,"turns":3},{"damage":45,"enemies":"The Guardian","floor":16,"turns":8},{"damage":5,"enemies":"Chosen","floor":18,"turns":3},{"damage":21,"enemies":"Spheric Guardian","floor":19,"turns":4},{"damage":25,"enemies":"Slavers","floor":24,"turns":3},{"damage":13,"enemies":"Cultist and Chosen","floor":28,"turns":5},{"damage":0,"enemies":"3 Cultists","floor":29,"turns":3},{"damage":9,"enemies":"Gremlin Leader","floor":30,"turns":4},{"damage":10,"enemies":"Chosen and Byrds","floor":31,"turns":3},{"damage":24,"enemies":"Collector","floor":33,"turns":6},{"damage":10,"enemies":"Orb Walker","floor":35,"turns":2},{"damage":4,"enemies":"3 Darklings","floor":37,"turns":3},{"damage":22,"enemies":"Maw","floor":45,"turns":5},{"damage":0,"enemies":"Transient","floor":48,"turns":5},{"damage":52,"enemies":"Time Eater","floor":50,"turns":5}],"seed_played":"2868415476139316598","potions_obtained":[{"floor":3,"key":"PowerPotion"},{"floor":4,"key":"Fruit Juice"},{"floor":8,"key":"ColorlessPotion"},{"floor":11,"key":"SkillPotion"},{"floor":29,"key":"SkillPotion"},{"floor":30,"key":"SpeedPotion"},{"floor":31,"key":"Block Potion"},{"floor":33,"key":"FearPotion"},{"floor":35,"key":"Energy Potion"},{"floor":45,"key":"FearPotion"}],"is_trial":false,"path_per_floor":["M","$","M","M","$","R","M","M","T","?","M","?","R","M","R","B",null,"M","M","$","?","$","R","E","T","T","R","M","M","E","M","R","B",null,"M","?","M","?","?","R","?","$","T","?","M","?","R","M","R","B"],"character_chosen":"IRONCLAD","items_purchased":["Perfected Strike","Nunchaku","Cleave","Inflame","Membership Card","Flex","Flex"],"campfire_rested":0,"item_purchase_floors":[2,2,2,5,20,20,22],"current_hp_per_floor":[72,72,72,65,65,65,64,64,64,64,68,68,68,74,74,35,77,77,62,62,55,55,55,43,43,43,43,41,68,69,65,65,47,77,73,73,69,69,69,69,69,69,69,69,47,47,47,47,47,0,0],"gold":169,"neow_bonus":"TWO_FIFTY_GOLD","is_daily":false,"chose_seed":false,"campfire_upgraded":8,"win_rate":0.0,"timestamp":1610311499,"path_taken":["M","$","M","M","$","R","?","M","T","?","M","?","R","M","R","BOSS","M","M","$","?","?","R","E","?","T","R","M","M","E","M","R","BOSS","M","?","M","?","?","R","?","?","T","?","M","?","R","M","R","BOSS"],"items_purchased_type":["Card","Relic","Card","Card","Relic","Card","Card"],"build_version":"2020-12-22","purchased_purges":1,"victory":false,"max_hp_per_floor":[72,72,72,72,72,72,72,77,77,77,77,77,77,77,77,77,77,77,77,77,77,77,77,77,77,77,77,77,77,77,77,77,77,77,77,77,77,77,77,77,77,77,77,73,73,73,73,73,73,73,73],"relic_stats":{"Nunchaku":[17],"Mark of the Bloom":50,"counters":[21,81],"Juzu Bracelet":3,"War Paint":["Defend_R","Defend_R"],"MawBank":300,"obtain_stats":[{"Mark of the Bloom":36,"SacredBark":34,"Juzu Bracelet":9,"War Paint":24,"MawBank":25,"Burning Blood":0,"Nunchaku":2,"Mark of Pain":17,"Red Mask":41,"Membership Card":20,"InkBottle":26,"Toy Ornithopter":43,"Meat on the Bone":30},{"Mark of the Bloom":17,"SacredBark":16,"Juzu Bracelet":5,"War Paint":11,"MawBank":11,"Burning Blood":0,"Nunchaku":1,"Mark of Pain":8,"Red Mask":18,"Membership Card":10,"InkBottle":11,"Toy Ornithopter":18,"Meat on the Bone":14},{"Mark of the Bloom":63,"SacredBark":61,"Juzu Bracelet":14,"War Paint":40,"MawBank":40,"Burning Blood":0,"Nunchaku":3,"Mark of Pain":30,"Red Mask":66,"Membership Card":37,"InkBottle":40,"Toy Ornithopter":66,"Meat on the Bone":52}],"Burning Blood":95,"InkBottle":[15],"Toy Ornithopter":0,"Meat on the Bone":0},"card_choices":[{"not_picked":["Thunderclap","Shrug It Off"],"picked":"Anger","floor":1},{"not_picked":["Headbutt","Flame Barrier"],"picked":"Wild Strike","floor":3},{"not_picked":["Shrug It Off","Body Slam"],"picked":"Seeing Red","floor":4},{"not_picked":["Shockwave","Evolve"],"picked":"Iron Wave","floor":7},{"not_picked":["Armaments","Shrug It Off"],"picked":"Heavy Blade","floor":8},{"not_picked":["Cleave","Searing Blow"],"picked":"Whirlwind","floor":11},{"not_picked":["Metallicize","Fire Breathing"],"picked":"Rage","floor":14},{"not_picked":["Fiend Fire","Impervious"],"picked":"Reaper","floor":16},{"not_picked":["Twin Strike","Burning Pact"],"picked":"Wild Strike","floor":18},{"not_picked":["Sever Soul+1","Cleave"],"picked":"Clash","floor":19},{"not_picked":["Impervious","Warcry"],"picked":"True Grit+1","floor":24},{"not_picked":["Havoc","Sword Boomerang","Body Slam+1"],"picked":"SKIP","floor":28},{"not_picked":["Searing Blow","Shrug It Off+1"],"picked":"Inflame","floor":29},{"not_picked":["Rampage","Body Slam+1","Seeing Red+1"],"picked":"SKIP","floor":30},{"not_picked":["Havoc","Thunderclap+1"],"picked":"Offering","floor":31},{"not_picked":["Immolate","Berserk"],"picked":"Double Tap","floor":33},{"not_picked":["Flame Barrier+1","Clothesline"],"picked":"Sword Boomerang+1","floor":35},{"not_picked":["Cleave","Entrench"],"picked":"Rampage+1","floor":37},{"not_picked":["Heavy Blade","Cleave+1"],"picked":"Perfected Strike","floor":45},{"not_picked":["Enlightenment","Purity"],"picked":"Master of Strategy","floor":46},{"not_picked":["Shrug It Off","Clothesline"],"picked":"Pommel Strike+1","floor":48}],"player_experience":609068,"relics_obtained":[{"floor":9,"key":"Juzu Bracelet"},{"floor":24,"key":"War Paint"},{"floor":25,"key":"MawBank"},{"floor":26,"key":"InkBottle"},{"floor":30,"key":"Meat on the Bone"},{"floor":43,"key":"Toy Ornithopter"}],"event_choices":[{"damage_healed":0,"gold_gain":0,"player_choice":"Upgraded","damage_taken":0,"max_hp_gain":0,"max_hp_loss":0,"event_name":"Upgrade Shrine","floor":10,"gold_loss":0,"cards_upgraded":["Perfected Strike"]},{"damage_healed":0,"gold_gain":0,"player_choice":"Forge","damage_taken":0,"max_hp_gain":0,"max_hp_loss":0,"event_name":"Accursed Blacksmith","floor":12,"gold_loss":0,"cards_upgraded":["Whirlwind"]},{"damage_healed":0,"gold_gain":0,"player_choice":"Damaged","damage_taken":7,"max_hp_gain":0,"max_hp_loss":0,"event_name":"Wheel of Change","floor":21,"gold_loss":0},{"damage_healed":0,"gold_gain":0,"player_choice":"Upgrade","damage_taken":0,"relics_obtained":["Mark of the Bloom"],"max_hp_gain":0,"max_hp_loss":0,"event_name":"MindBloom","floor":36,"gold_loss":0,"cards_upgraded":["Strike_R","Strike_R","Strike_R","Strike_R","Strike_R","Defend_R","Anger","Cleave","Wild Strike","Seeing Red","Iron Wave","Rage","Reaper","Wild Strike","Clash","Offering","Double Tap"]},{"damage_healed":0,"gold_gain":0,"player_choice":"Ignored","damage_taken":0,"max_hp_gain":0,"max_hp_loss":0,"event_name":"Transmorgrifier","floor":38,"gold_loss":0},{"damage_healed":0,"gold_gain":0,"player_choice":"Ignored","damage_taken":0,"max_hp_gain":0,"max_hp_loss":0,"event_name":"Mysterious Sphere","floor":39,"gold_loss":0},{"damage_healed":0,"gold_gain":0,"player_choice":"Paid","damage_taken":0,"relics_obtained":["Red Mask"],"max_hp_gain":0,"max_hp_loss":0,"event_name":"Tomb of Lord Red Mask","floor":41,"gold_loss":540},{"damage_healed":0,"gold_gain":0,"player_choice":"Max HP","damage_taken":0,"max_hp_gain":0,"max_hp_loss":4,"event_name":"Winding Halls","floor":44,"gold_loss":0},{"damage_healed":0,"gold_gain":0,"player_choice":"Memory 1","damage_taken":0,"max_hp_gain":0,"max_hp_loss":0,"event_name":"SensoryStone","floor":46,"gold_loss":0}],"is_beta":false,"boss_relics":[{"not_picked":["Black Star","Busted Crown"],"picked":"Mark of Pain"},{"not_picked":["Runic Dome","Pandora\u0027s Box"],"picked":"SacredBark"}],"items_purged_floors":[2],"is_endless":false,"potions_floor_spawned":[3,4,8,11,29,30,31,33,35,45],"killed_by":"Time Eater","ascension_level":0}}