{"host":"9be782jbh3sa3sl1","time":1610258792,"event":{"mods":["AchievementEnabler","BaseMod","BetterRewards","Hubris","Minty Spire (QoL Compilation)","Shop Mod","StSLib","The Hierophant","The Marked","The Poker Player"],"gold_per_floor":[117,117,117,132,132,160,160,189,214,248,8,28,28,54,54,151,151,167,183,183,196,211,245,173,173,173,28,28,47,63,79,79,181,181,198,198,23,23,23,23,53,85,97,109,121,150,162,174,186],"floor_reached":51,"playtime":2619,"items_purged":["Regret"],"score":921,"play_id":"8eac87b9-b64f-499e-a063-843cfac45e87","local_time":"20210110010632","is_ascension_mode":true,"campfire_choices":[{"floor":7.0,"key":"REST"},{"floor":13.0,"key":"REST"},{"floor":15.0,"key":"REST"},{"data":"Die Die Die","floor":25.0,"key":"SMITH"},{"data":"Accuracy","floor":32.0,"key":"SMITH"},{"data":"After Image","floor":40,"key":"SMITH"},{"floor":44,"key":"REST"},{"floor":46,"key":"REST"},{"data":"Cloak And Dagger","floor":49,"key":"SMITH"}],"circlet_count":0,"master_deck":["Strike_G","Strike_G","Strike_G","Defend_G","Defend_G","Defend_G","Defend_G","Defend_G","Survivor","Neutralize+1","Cloak And Dagger+1","Choke","Flying Knee","Backstab","Blade Dance+1","Backstab","Terror+1","Outmaneuver+1","Flying Knee","Concentrate+1","Storm of Steel+1","Cloak And Dagger+1","Cloak And Dagger+1","Die Die Die+1","Blade Dance+1","Cloak And Dagger+1","Venomology+1","Footwork","Blade Dance+1","Slice+1","Accuracy+1","After Image+1","Accuracy+1","Violence+1","Madness+1","Outmaneuver+1","Finisher","Slice+1"],"relics":["Ring of the Snake","Orichalcum","Sundial","Vajra","Unceasing Top","Juzu Bracelet","Toxic Egg 2","Pen Nib","hubris:VirtuousBlindfold","hubris:Teleporter","hubris:Reverence","Happy Flower","Cursed Key","MawBank"],"acts_visited":["Exordium","TheCity","TheBeyond"],"potions_floor_usage":[41,47,47,50,50],"damage_taken":[{"damage":3.0,"enemies":"Small Slimes","floor":1.0,"turns":7.0},{"damage":7.0,"enemies":"2 Louse","floor":4.0,"turns":3.0},{"damage":16.0,"enemies":"3 Sentries","floor":6.0,"turns":7.0},{"damage":16.0,"enemies":"Lagavulin","floor":8.0,"turns":7.0},{"damage":31.0,"enemies":"3 Sentries","floor":10.0,"turns":7.0},{"damage":0.0,"enemies":"Cultist","floor":12.0,"turns":2.0},{"damage":8.0,"enemies":"Gremlin Nob","floor":14.0,"turns":3.0},{"damage":8.0,"enemies":"Hexaghost","floor":16.0,"turns":5.0},{"damage":10.0,"enemies":"Shell Parasite","floor":18.0,"turns":3.0},{"damage":0.0,"enemies":"Chosen","floor":19.0,"turns":2.0},{"damage":0.0,"enemies":"Snecko","floor":21.0,"turns":2.0},{"damage":0.0,"enemies":"Shelled Parasite and Fungi","floor":22.0,"turns":1.0},{"damage":4.0,"enemies":"Book of Stabbing","floor":23.0,"turns":3.0},{"damage":8.0,"enemies":"Centurion and Healer","floor":29.0,"turns":2.0},{"damage":0.0,"enemies":"Chosen and Byrds","floor":30.0,"turns":3.0},{"damage":0.0,"enemies":"Shelled Parasite and Fungi","floor":31.0,"turns":1.0},{"damage":37.0,"enemies":"Champ","floor":33.0,"turns":5.0},{"damage":18.0,"enemies":"3 Shapes","floor":35.0,"turns":2.0},{"damage":29,"enemies":"Nemesis","floor":41,"turns":3},{"damage":2,"enemies":"3 Darklings","floor":42,"turns":2},{"damage":0,"enemies":"Transient","floor":47,"turns":5},{"damage":0,"enemies":"Donu and Deca","floor":50,"turns":4}],"seed_played":"-603850973964481283","potions_obtained":[{"floor":1.0,"key":"Block Potion"},{"floor":3.0,"key":"Dexterity Potion"},{"floor":3.0,"key":"Fire Potion"},{"floor":3.0,"key":"Explosive Potion"},{"floor":4.0,"key":"CunningPotion"},{"floor":10.0,"key":"BlessingOfTheForge"},{"floor":18.0,"key":"DistilledChaos"},{"floor":22.0,"key":"FearPotion"},{"floor":23.0,"key":"DuplicationPotion"},{"floor":29.0,"key":"AttackPotion"},{"floor":42,"key":"SteroidPotion"},{"floor":47,"key":"Explosive Potion"}],"is_trial":false,"path_per_floor":["M","?","?","M","?","E","R","E","T","E","$","M","R","E","R","B",null,"M","M","?","M","M","E","$","R","T","$","?","M","M","M","R","B",null,"M","?","$","?","$","R","E","M","T","R","R","M","?","R","B",null],"character_chosen":"THE_SILENT","items_purchased":["Backstab","Terror+1","Outmaneuver+1","Footwork","Happy Flower","Violence+1"],"campfire_rested":5,"item_purchase_floors":[11,11,11,24,27,37],"current_hp_per_floor":[67,67,67,60,48,32,53,37,37,6,6,6,27,19,40,32,70,60,60,60,60,60,56,56,56,56,56,56,48,48,48,48,11,70,52,52,52,52,52,52,23,21,21,42,63,63,63,63,63],"gold":198,"neow_bonus":"UPGRADE_CARD","is_daily":false,"chose_seed":false,"campfire_upgraded":4,"win_rate":0.0,"timestamp":1610258792,"path_taken":["M","?","?","?","?","E","R","E","T","E","$","M","R","E","R","BOSS","M","M","?","M","M","E","$","R","T","$","?","M","M","M","R","BOSS","M","?","$","?","?","R","E","M","T","R","R","M","?","R","BOSS"],"items_purchased_type":["Card","Card","Card","Card","Relic","Card"],"build_version":"2020-12-22","purchased_purges":1,"victory":true,"max_hp_per_floor":[70,70,70,70,70,70,70,70,70,70,70,70,70,70,70,70,70,70,70,70,70,70,70,70,70,70,70,70,70,70,70,70,70,70,70,70,70,70,70,70,70,70,70,70,70,70,70,70,70],"card_choices":[{"not_picked":["Crippling Poison","All Out Attack"],"picked":"Cloak And Dagger","floor":1.0},{"not_picked":["Noxious Fumes","Backflip"],"picked":"Choke","floor":4.0},{"not_picked":["Terror","Prepared"],"picked":"Flying Knee","floor":6.0},{"not_picked":["Noxious Fumes","Backflip"],"picked":"Backstab","floor":8.0},{"not_picked":["PiercingWail+1","Quick Slash"],"picked":"Blade Dance+1","floor":10.0},{"not_picked":["Caltrops","Underhanded Strike"],"picked":"Flying Knee","floor":12.0},{"not_picked":["Footwork","Well Laid Plans"],"picked":"Concentrate+1","floor":14.0},{"not_picked":["Malaise+1","Corpse Explosion+1"],"picked":"Storm of Steel+1","floor":16.0},{"not_picked":["Flying Knee+1","Well Laid Plans+1"],"picked":"Cloak And Dagger+1","floor":18.0},{"not_picked":["Dagger Throw","Sucker Punch"],"picked":"Cloak And Dagger+1","floor":19.0},{"not_picked":["Tactician+1","Poisoned Stab+1"],"picked":"Blade Dance+1","floor":21.0},{"not_picked":["Flying Knee","Dagger Spray+1"],"picked":"Cloak And Dagger+1","floor":22.0},{"not_picked":["Leg Sweep+1","Riddle With Holes"],"picked":"Venomology+1","floor":23.0},{"not_picked":["Flying Knee","Dagger Throw"],"picked":"Blade Dance+1","floor":29.0},{"not_picked":["Dagger Throw","Deflect+1"],"picked":"Slice+1","floor":30.0},{"not_picked":["Dodge and Roll+1","Riddle With Holes"],"picked":"Accuracy","floor":31.0},{"not_picked":["Bullet Time+1","Wraith Form v2"],"picked":"After Image","floor":33.0},{"not_picked":["Bane+1","Dagger Spray"],"picked":"Accuracy+1","floor":35},{"not_picked":["Blind+1","Finesse+1"],"picked":"Madness+1","floor":38},{"not_picked":["Dagger Spray","PiercingWail+1"],"picked":"Outmaneuver+1","floor":41},{"not_picked":["Dagger Spray","Acrobatics+1"],"picked":"Finisher","floor":42},{"not_picked":["Sucker Punch+1","Underhanded Strike"],"picked":"Slice+1","floor":47}],"player_experience":339158,"relics_obtained":[{"floor":6.0,"key":"Vajra"},{"floor":8.0,"key":"Unceasing Top"},{"floor":9.0,"key":"Juzu Bracelet"},{"floor":10.0,"key":"Toxic Egg 2"},{"floor":14.0,"key":"Pen Nib"},{"floor":23.0,"key":"hubris:Teleporter"},{"floor":26.0,"key":"hubris:Reverence"},{"floor":41,"key":"MawBank"}],"event_choices":[{"damage_healed":0.0,"max_hp_gain":0.0,"max_hp_loss":0.0,"gold_gain":0.0,"event_name":"Big Fish","player_choice":"Box","floor":2.0,"gold_loss":0.0,"damage_taken":0.0,"relics_obtained":["Orichalcum"],"cards_obtained":["Regret"]},{"damage_healed":0.0,"max_hp_gain":0.0,"max_hp_loss":0.0,"gold_gain":0.0,"event_name":"Lab","player_choice":"Got Potions","floor":3.0,"gold_loss":0.0,"damage_taken":0.0},{"damage_healed":0.0,"max_hp_gain":0.0,"max_hp_loss":0.0,"gold_gain":0.0,"event_name":"Scrap Ooze","player_choice":"Success","floor":5.0,"gold_loss":0.0,"damage_taken":12.0,"relics_obtained":["Sundial"]},{"damage_healed":0.0,"max_hp_gain":0.0,"max_hp_loss":0.0,"gold_gain":0.0,"cards_transformed":["Strike_G"],"event_name":"Transmorgrifier","player_choice":"Transformed","floor":20.0,"gold_loss":0.0,"damage_taken":0.0,"cards_obtained":["Die Die Die"]},{"damage_healed":0,"gold_gain":0,"player_choice":"Ignored","damage_taken":0,"max_hp_gain":0,"max_hp_loss":0,"event_name":"Mysterious Sphere","floor":36,"gold_loss":0},{"damage_healed":0,"gold_gain":0,"player_choice":"Memory 1","damage_taken":0,"max_hp_gain":0,"max_hp_loss":0,"event_name":"SensoryStone","floor":38,"gold_loss":0},{"cards_removed":["Strike_G"],"damage_healed":0,"gold_gain":0,"player_choice":"Removed Attack","damage_taken":0,"max_hp_gain":0,"max_hp_loss":0,"event_name":"Falling","floor":48,"gold_loss":0}],"is_beta":false,"boss_relics":[{"not_picked":["HoveringKite","Pandora\u0027s Box"],"picked":"hubris:VirtuousBlindfold"},{"not_picked":["hubris:ScarierMask","hubris:Stopwatch"],"picked":"Cursed Key"}],"items_purged_floors":[11],"is_endless":false,"potions_floor_spawned":[1,4,10,18,22,23,29,42,47],"ascension_level":2}}