{"host":"ac9timdhejnnme7p","time":1610278950,"event":{"mods":["100% Spire Juice","Abigail Mod","AchievementEnabler","Act Like it!","Aspiration","Astrologer","Bartender","BaseMod","Better Note","CapriCore","ChefMod","Chen","Colored Powertips","Conspire","Friendly Minions","Gensokyo","GifTheSpireLib","Gremlin Mod","Hallownest","Hermit","HololiveMod","Infinite Spire","Jorbs\u0027s Wanderer Trilogy","KinomotoSakuraMod(????)","Koishi","Luminous","Mad Scientist","Marisa????????","Minty Spire (QoL Compilation)","Nova Terra(??·??)","Pale of the Ancients","Potionbrewer","Prisma Mod","Quick Restart","READ ME - Guardian Mod","Random Character Button","Rare Cards Sparkle","Reimu??????","Robot Space Explorer","Shade Mod","StSLib","Stuff the Spire","Td1madao Mod","The Animator","The Bug Knight","The Clintock","The Cursed","The Dragon Tamer","The Hayseed","The Hierophant","The Immortal","The Judge","The Juggle","The Mystic","The Poker Player","The Runesmith","The Senshi","The Valiant","The Wild Card","TheBandit","TheFirefly","TheSwordswoman"],"gold_per_floor":[110,285,285,0,0,26,2,17,41,41,67,67,77,93,93,190,190,90,90,90,114,114,114,129,129,152,179,198,211,211,211,211,316,196,206,206,206,220,180,180,180,193,193,205,217,236,267,267,267,267,267],"floor_reached":50,"playtime":2941,"items_purged":["Doubt","Moonworks:Strike"],"score":648,"play_id":"54166d4e-a363-4a8d-a61f-9bcc0a25f954","local_time":"20210110124230","is_ascension_mode":false,"campfire_choices":[{"data":"Moonworks:StarBlastingFuse","floor":10.0,"key":"SMITH"},{"data":"Moonworks:TacticalRetreat","floor":12.0,"key":"SMITH"},{"floor":15.0,"key":"REST"},{"data":"Moonworks:EvilSpyWorkPreparation","floor":23.0,"key":"SMITH"},{"floor":32.0,"key":"REST"},{"data":"Moonworks:Flamethrower","floor":40.0,"key":"SMITH"},{"data":"Moonworks:Flamethrower","floor":49,"key":"SMITH"}],"circlet_count":0,"master_deck":["Moonworks:Strike+1","Moonworks:Strike+1","Moonworks:Defend","Moonworks:Defend","Moonworks:Ambush","Moonworks:LongDistanceShot","Moonworks:Flamethrower+1","Moonworks:WindyEnchantment+1","Moonworks:Poppoformation","Moonworks:StarBlastingFuse+1","Moonworks:TacticalRetreat+1","Moonworks:EvilSpyWorkPreparation+1","Moonworks:UnpaidWork+1","Moonworks:PlushieMaster+1","Moonworks:JonathanRush+1","Collect+1","Moonworks:ReproductionOfRecords+1","Moonworks:SubspaceTunnel+1","Moonworks:TreasureThief+1","Moonworks:Flamethrower+1","Moonworks:Flamethrower+1","Moonworks:EvilSpyWorkPreparation+1","Moonworks:GoAway","Moonworks:TacticalRetreat+1","Moonworks:BigBangBell","Moonworks:CrystalBarrier","Moonworks:AwakeningOfTalent+1","Moonworks:AwakeningOfTalent+1"],"relics":["Moonworks:SBBomb","Moonworks:Homemark","NeowsBlessing","Singing Bowl","potionbrewer:RamsHorn","Whetstone","Philosopher\u0027s Stone","Potion Belt","conspire:DecoderRing","Astrolabe","War Paint","infinitespire:Joker Card","theSenshi:SpiralHeartMoonRodRelic","StuffTheSpire:Mouthbags"],"acts_visited":["Exordium","TheCity","TheBeyond"],"potions_floor_usage":[50,50],"damage_taken":[{"damage":0.0,"enemies":"2 Louse","floor":1.0,"turns":1.0},{"damage":0.0,"enemies":"Gremlin Nob","floor":6.0,"turns":1.0},{"damage":0.0,"enemies":"Jaw Worm","floor":8.0,"turns":1.0},{"damage":25.0,"enemies":"Lagavulin","floor":11.0,"turns":4.0},{"damage":6.0,"enemies":"Small Slimes","floor":13.0,"turns":3.0},{"damage":4.0,"enemies":"Exordium Thugs","floor":14.0,"turns":3.0},{"damage":5.0,"enemies":"Slime Boss","floor":16.0,"turns":6.0},{"damage":2.0,"enemies":"Shell Parasite","floor":18.0,"turns":4.0},{"damage":32.0,"enemies":"Snecko","floor":24.0,"turns":4.0},{"damage":5.0,"enemies":"conspire:SneckoGhost","floor":27.0,"turns":4.0},{"damage":10.0,"enemies":"conspire:HollyBat","floor":28.0,"turns":4.0},{"damage":0.0,"enemies":"3 Cultists","floor":29.0,"turns":4.0},{"damage":0.0,"enemies":"conspire:MysteriousRune","floor":33.0,"turns":5.0},{"damage":0.0,"enemies":"Orb Walker","floor":35.0,"turns":2.0},{"damage":0.0,"enemies":"3 Darklings","floor":38.0,"turns":4.0},{"damage":0.0,"enemies":"Maw","floor":42.0,"turns":4.0},{"damage":0.0,"enemies":"Spire Growth","floor":44.0,"turns":3.0},{"damage":0.0,"enemies":"3 Darklings","floor":45.0,"turns":2.0},{"damage":0.0,"enemies":"Sphere and 2 Shapes","floor":46.0,"turns":3.0},{"damage":0,"enemies":"Nightmare","floor":47,"turns":7},{"damage":67,"enemies":"infinitespire:MassOfShapes","floor":50,"turns":8}],"seed_played":"-1205331574432007118","potions_obtained":[{"floor":11.0,"key":"BlessingOfTheForge"},{"floor":14.0,"key":"potionbrewer:ToxicPotion"},{"floor":16.0,"key":"Weak Potion"},{"floor":33.0,"key":"potionbrewer:ToxicPotion"},{"floor":42.0,"key":"BlessingOfTheForge"},{"floor":44.0,"key":"potionbrewer:QuicksilverPotion"},{"floor":47,"key":"ColorlessPotion"}],"is_trial":false,"path_per_floor":["M","?","?","$","?","E","$","M","T","R","E","R","M","M","R","B",null,"M","?","?","T","AVR","R","M","?","T","E","M","M","?","$","R","B",null,"M","$","?","M","?","R","$","M","T","M","M","M","NM","?","R","B"],"character_chosen":"THE_STARBREAKER","items_purchased":["Moonworks:WindyEnchantment","Moonworks:Poppoformation","Moonworks:CloudOfSeagulls"],"campfire_rested":2,"item_purchase_floors":[4,4,7],"current_hp_per_floor":[60,60,60,60,53,53,53,55,55,55,30,30,24,20,38,33,62,60,60,60,60,60,60,28,28,28,23,13,13,13,13,31,31,62,62,62,62,64,64,64,64,66,66,66,66,66,66,66,66,0,0],"gold":267,"neow_bonus":"THREE_ENEMY_KILL","is_daily":false,"chose_seed":false,"campfire_upgraded":5,"win_rate":0.0,"timestamp":1610278950,"path_taken":["M","?","?","?","?","E","$","M","T","R","E","R","?","M","R","BOSS","M","?","?","?","AVR","R","M","?","T","E","M","?","?","?","R","BOSS","M","$","?","M","?","R","$","M","T","?","M","?","NM","?","R","BOSS"],"items_purchased_type":["Card","Card","Card"],"build_version":"2020-12-22","purchased_purges":2,"victory":false,"max_hp_per_floor":[60,60,60,60,60,60,60,62,62,62,62,62,62,62,62,62,62,62,62,62,62,62,62,62,62,62,62,62,62,62,62,62,62,62,62,62,62,64,64,64,64,66,66,66,66,66,66,66,66,66,66],"card_choices":[{"not_picked":["Moonworks:BeyondHell","Moonworks:ImOnFire"],"picked":"Moonworks:Flamethrower","floor":1.0},{"not_picked":["Moonworks:NicePresent","Moonworks:FullSpeedAlicianrone"],"picked":"Moonworks:StarBlastingFuse","floor":6.0},{"not_picked":["Moonworks:NicePresent","Moonworks:IndiscriminateFireSupport","Moonworks:Poppoformation"],"picked":"Singing Bowl","floor":8.0},{"not_picked":["Moonworks:DeployBits","Moonworks:SakisCookie"],"picked":"Moonworks:TacticalRetreat","floor":11.0},{"not_picked":["Moonworks:Assault","Moonworks:JonathanRush"],"picked":"Moonworks:EvilSpyWorkPreparation","floor":13.0},{"not_picked":["Moonworks:WindyEnchantment","Moonworks:DeployBits"],"picked":"Moonworks:UnpaidWork","floor":14.0},{"not_picked":["Moonworks:SubspaceTunnel","Moonworks:AccelHyper"],"picked":"Moonworks:PlushieMaster","floor":16.0},{"not_picked":["Moonworks:SakisCookie","Moonworks:CastOff"],"picked":"Moonworks:JonathanRush+1","floor":18.0},{"not_picked":["Moonworks:NicePresent+1","Moonworks:IndiscriminateFireSupport+1"],"picked":"Moonworks:Flamethrower","floor":24.0},{"not_picked":["Moonworks:IndiscriminateFireSupport","Moonworks:LulusLuckyEgg"],"picked":"Moonworks:Flamethrower","floor":27.0},{"not_picked":["Moonworks:LulusLuckyEgg+1","Moonworks:x16BigRocket"],"picked":"Moonworks:EvilSpyWorkPreparation","floor":28.0},{"not_picked":["Moonworks:RagingMadness","Moonworks:SakisCookie"],"picked":"Moonworks:AwakeningOfTalent+1","floor":29.0},{"not_picked":["Moonworks:Accelerator","Moonworks:ReflectiveShell"],"picked":"Moonworks:GoAway","floor":33.0},{"not_picked":["Moonworks:BigMagnum","Moonworks:IndiscriminateFireSupport"],"picked":"Moonworks:TacticalRetreat+1","floor":35.0},{"not_picked":["Moonworks:SakisCookie","Moonworks:RedAndBlue","Moonworks:LulusLuckyEgg"],"picked":"Singing Bowl","floor":38.0},{"not_picked":["Moonworks:ImOnFire+1","Moonworks:NicePresent","Moonworks:CloudOfSeagulls"],"picked":"Singing Bowl","floor":42.0},{"not_picked":["Moonworks:WindyEnchantment","Moonworks:NicePresent+1"],"picked":"Moonworks:BigBangBell","floor":44.0},{"not_picked":["Moonworks:NicePresent+1","Moonworks:x16BigRocket+1"],"picked":"Moonworks:AwakeningOfTalent","floor":45.0},{"not_picked":["Moonworks:SakisCookie+1","Moonworks:RedAndBlue+1"],"picked":"Moonworks:CrystalBarrier","floor":46.0},{"not_picked":["Moonworks:BigMagnum+1","Moonworks:DeployBits"],"picked":"Moonworks:AwakeningOfTalent+1","floor":47}],"player_experience":586111,"relics_obtained":[{"floor":6.0,"key":"potionbrewer:RamsHorn"},{"floor":11.0,"key":"Whetstone"},{"floor":21.0,"key":"Potion Belt"},{"floor":26.0,"key":"War Paint"},{"floor":27.0,"key":"infinitespire:Joker Card"},{"floor":43.0,"key":"theSenshi:SpiralHeartMoonRodRelic"},{"floor":47,"key":"StuffTheSpire:Mouthbags"}],"event_choices":[{"damage_healed":0.0,"max_hp_gain":0.0,"max_hp_loss":0.0,"gold_gain":175.0,"event_name":"Liars Game","player_choice":"AGREE","floor":2.0,"gold_loss":0.0,"damage_taken":0.0,"cards_obtained":["Doubt"]},{"damage_healed":0.0,"max_hp_gain":0.0,"max_hp_loss":0.0,"gold_gain":0.0,"event_name":"Scrap Ooze","player_choice":"Success","floor":5.0,"gold_loss":0.0,"damage_taken":7.0,"relics_obtained":["Singing Bowl"]},{"damage_healed":0.0,"max_hp_gain":0.0,"max_hp_loss":0.0,"gold_gain":0.0,"event_name":"betterNote:BetterNote","player_choice":"Take","floor":19.0,"gold_loss":0.0,"damage_taken":0.0,"cards_obtained":["Collect"]},{"damage_healed":0.0,"max_hp_gain":0.0,"max_hp_loss":0.0,"gold_gain":0.0,"event_name":"Beggar","player_choice":"Ignored","floor":20.0,"gold_loss":0.0,"damage_taken":0.0},{"cards_removed":["Moonworks:CloudOfSeagulls"],"damage_healed":0.0,"max_hp_gain":0.0,"max_hp_loss":0.0,"gold_gain":0.0,"event_name":"Purifier","player_choice":"Purged","floor":25.0,"gold_loss":0.0,"damage_taken":0.0},{"damage_healed":0.0,"max_hp_gain":0.0,"max_hp_loss":0.0,"gold_gain":0.0,"event_name":"Accursed Blacksmith","player_choice":"Forge","floor":30.0,"gold_loss":0.0,"damage_taken":0.0,"cards_upgraded":["Moonworks:EvilSpyWorkPreparation"]},{"damage_healed":0.0,"max_hp_gain":0.0,"max_hp_loss":0.0,"gold_gain":0.0,"event_name":"Designer","player_choice":"Upgrade","floor":39.0,"gold_loss":40.0,"damage_taken":0.0,"cards_upgraded":["Moonworks:UnpaidWork"]},{"cards_removed":["Moonworks:AwakeningOfTalent"],"damage_healed":0,"gold_gain":0,"player_choice":"Removed Attack","damage_taken":0,"max_hp_gain":0,"max_hp_loss":0,"event_name":"Falling","floor":48,"gold_loss":0}],"is_beta":false,"boss_relics":[{"not_picked":["Hololive_ChaosS","SacredBark"],"picked":"Philosopher\u0027s Stone"},{"not_picked":["StuffTheSpire:ModemDavis","aspiration:SecretTechniqueScroll"],"picked":"Moonworks:SBBomb"}],"items_purged_floors":[4,22],"is_endless":true,"potions_floor_spawned":[11,14,16,33,42,44,47],"killed_by":"infinitespire:MassOfShapes","ascension_level":0}}