{"host":"Krakhan","time":1610310691,"event":{"mods":["AchievementEnabler","BaseMod","Colored Map","Colored Powertips","Faster Ascension Climbing","Highlight Path","Minty Spire (QoL Compilation)","Rare Cards Sparkle","Relic Stats","StSLib"],"gold_per_floor":[118,118,128,128,128,155,175,100,153,153,179,197,197,207,207,303,303,321,339,254,254,154,154,181,56,82,82,82,96,107,107,107,107,107],"floor_reached":33,"playtime":747,"items_purged":["Defend_R","Strike_R","Strike_R"],"score":273,"play_id":"74409fde-1226-4bf2-b77d-1f1f046567c3","local_time":"20210110153131","is_ascension_mode":false,"campfire_choices":[{"data":"Bash","floor":13.0,"key":"SMITH"},{"data":"Reckless Charge","floor":15.0,"key":"SMITH"},{"data":"Limit Break","floor":23.0,"key":"SMITH"},{"floor":27.0,"key":"REST"},{"floor":32,"key":"REST"}],"circlet_count":0,"master_deck":["Strike_R","Strike_R","Defend_R","Defend_R","Bash+1","Reckless Charge+1","Limit Break+1"],"relics":["Burning Blood","NeowsBlessing","Toy Ornithopter","Paper Frog","Akabeko","MealTicket","Runic Pyramid","Sundial","Meat on the Bone","Orichalcum"],"acts_visited":["Exordium","TheCity"],"potions_floor_usage":[33,33],"damage_taken":[{"damage":0.0,"enemies":"Small Slimes","floor":1.0,"turns":1.0},{"damage":0.0,"enemies":"Cultist","floor":3.0,"turns":1.0},{"damage":4.0,"enemies":"3 Sentries","floor":6.0,"turns":2.0},{"damage":0.0,"enemies":"2 Louse","floor":7.0,"turns":2.0},{"damage":26.0,"enemies":"Lagavulin","floor":11.0,"turns":5.0},{"damage":14.0,"enemies":"Blue Slaver","floor":12.0,"turns":3.0},{"damage":26.0,"enemies":"Lots of Slimes","floor":14.0,"turns":5.0},{"damage":41.0,"enemies":"Slime Boss","floor":16.0,"turns":10.0},{"damage":25.0,"enemies":"Spheric Guardian","floor":18.0,"turns":4.0},{"damage":29.0,"enemies":"Shell Parasite","floor":19.0,"turns":4.0},{"damage":26.0,"enemies":"Book of Stabbing","floor":24.0,"turns":5.0},{"damage":15,"enemies":"Cultist and Chosen","floor":29,"turns":5},{"damage":26,"enemies":"Snake Plant","floor":30,"turns":3},{"damage":80,"enemies":"Collector","floor":33,"turns":5}],"seed_played":"7847246174941847232","potions_obtained":[{"floor":1.0,"key":"Regen Potion"},{"floor":3.0,"key":"DuplicationPotion"},{"floor":7.0,"key":"EntropicBrew"},{"floor":14.0,"key":"Weak Potion"},{"floor":18.0,"key":"DuplicationPotion"},{"floor":19.0,"key":"BlessingOfTheForge"},{"floor":30,"key":"Dexterity Potion"}],"is_trial":false,"path_per_floor":["M","?","M","?","?","E","M","$","T","?","E","M","R","M","R","B",null,"M","M","?","?","$","R","E","$","T","R","?","M","M","?","R","B"],"character_chosen":"IRONCLAD","items_purchased":[],"campfire_rested":2,"item_purchase_floors":[],"current_hp_per_floor":[80,80,80,77,77,79,80,80,80,80,74,66,66,46,46,21,80,61,38,38,38,53,53,43,58,58,80,80,71,51,51,75,0,0],"gold":107,"neow_bonus":"THREE_ENEMY_KILL","is_daily":false,"chose_seed":false,"campfire_upgraded":3,"win_rate":0.0,"timestamp":1610310691,"path_taken":["M","?","?","?","?","E","?","$","T","?","E","M","R","M","R","BOSS","M","M","?","?","$","R","E","$","T","R","?","M","M","?","R","BOSS"],"items_purchased_type":[],"build_version":"2020-12-18","purchased_purges":3,"victory":false,"max_hp_per_floor":[80,80,80,80,80,80,80,80,80,80,80,80,80,80,80,80,80,80,80,80,80,80,80,80,80,80,80,80,80,80,80,80,80,80],"relic_stats":{"counters":[14,55],"Sundial":[12],"MealTicket":30,"Orichalcum":[48],"obtain_stats":[{"NeowsBlessing":0,"Sundial":20,"MealTicket":11,"Orichalcum":26,"Burning Blood":0,"Toy Ornithopter":4,"Akabeko":9,"Paper Frog":6,"Runic Pyramid":17,"Meat on the Bone":24},{"NeowsBlessing":0,"Sundial":10,"MealTicket":5,"Orichalcum":11,"Burning Blood":0,"Toy Ornithopter":2,"Akabeko":4,"Paper Frog":3,"Runic Pyramid":8,"Meat on the Bone":11},{"NeowsBlessing":0,"Sundial":37,"MealTicket":11,"Orichalcum":42,"Burning Blood":0,"Toy Ornithopter":2,"Akabeko":6,"Paper Frog":4,"Runic Pyramid":29,"Meat on the Bone":42}],"Burning Blood":61,"Toy Ornithopter":35,"Meat on the Bone":0},"card_choices":[{"not_picked":["Inflame","Seeing Red","Heavy Blade"],"picked":"SKIP","floor":1.0},{"not_picked":["Heavy Blade","Clothesline","Dark Embrace"],"picked":"SKIP","floor":3.0},{"not_picked":["Shrug It Off","Iron Wave","Anger"],"picked":"SKIP","floor":6.0},{"not_picked":["Seeing Red","Havoc","Uppercut"],"picked":"SKIP","floor":7.0},{"not_picked":["Bloodletting","Shockwave","Flame Barrier"],"picked":"SKIP","floor":11.0},{"not_picked":["Inflame","Heavy Blade","Twin Strike"],"picked":"SKIP","floor":12.0},{"not_picked":["Feel No Pain","Brutality","Headbutt"],"picked":"SKIP","floor":14.0},{"not_picked":["Reaper","Fiend Fire"],"picked":"Limit Break","floor":16.0},{"not_picked":["Perfected Strike","Intimidate","Burning Pact"],"picked":"SKIP","floor":18.0},{"not_picked":["Whirlwind","Anger","Perfected Strike"],"picked":"SKIP","floor":19.0},{"not_picked":["Clash","Anger+1","Body Slam"],"picked":"SKIP","floor":24.0},{"not_picked":["Fire Breathing+1","Evolve+1","Headbutt"],"picked":"SKIP","floor":29},{"not_picked":["Heavy Blade","Reckless Charge+1","Rupture+1"],"picked":"SKIP","floor":30}],"player_experience":1301095,"relics_obtained":[{"floor":6.0,"key":"Paper Frog"},{"floor":9.0,"key":"Akabeko"},{"floor":11.0,"key":"MealTicket"},{"floor":24.0,"key":"Meat on the Bone"},{"floor":26.0,"key":"Orichalcum"}],"event_choices":[{"damage_healed":0.0,"max_hp_gain":0.0,"max_hp_loss":0.0,"gold_gain":0.0,"event_name":"Match and Keep!","player_choice":"0 cards matched","floor":2.0,"gold_loss":0.0,"damage_taken":0.0,"cards_obtained":[]},{"damage_healed":0.0,"max_hp_gain":0.0,"max_hp_loss":0.0,"gold_gain":0.0,"event_name":"Scrap Ooze","player_choice":"Success","floor":4.0,"gold_loss":0.0,"damage_taken":3.0,"relics_obtained":["Toy Ornithopter"]},{"damage_healed":0.0,"max_hp_gain":0.0,"max_hp_loss":0.0,"gold_gain":0.0,"cards_transformed":["Defend_R"],"event_name":"Transmorgrifier","player_choice":"Transformed","floor":5.0,"gold_loss":0.0,"damage_taken":0.0,"cards_obtained":["Reckless Charge"]},{"damage_healed":0.0,"max_hp_gain":0.0,"max_hp_loss":0.0,"gold_gain":0.0,"event_name":"Liars Game","player_choice":"Ignored","floor":10.0,"gold_loss":0.0,"damage_taken":0.0},{"damage_healed":0.0,"max_hp_gain":0.0,"max_hp_loss":0.0,"gold_gain":0.0,"event_name":"Addict","player_choice":"Obtained Relic","floor":20.0,"gold_loss":85.0,"damage_taken":0.0,"relics_obtained":["Sundial"]},{"cards_removed":["Strike_R"],"damage_healed":0.0,"max_hp_gain":0.0,"max_hp_loss":0.0,"gold_gain":0.0,"event_name":"Back to Basics","player_choice":"Elegance","floor":21.0,"gold_loss":0.0,"damage_taken":0.0},{"damage_healed":26,"gold_gain":0,"player_choice":"Heal","damage_taken":0,"max_hp_gain":0,"max_hp_loss":0,"event_name":"The Library","floor":28,"gold_loss":0},{"damage_healed":0,"gold_gain":0,"player_choice":"Ignored","damage_taken":0,"max_hp_gain":0,"max_hp_loss":0,"event_name":"Ghosts","floor":31,"gold_loss":0}],"is_beta":true,"boss_relics":[{"not_picked":["Black Star","Snecko Eye"],"picked":"Runic Pyramid"}],"items_purged_floors":[8,22,25],"is_endless":false,"potions_floor_spawned":[1,3,7,14,18,19,30],"killed_by":"Collector","ascension_level":0}}