{"host":"t527sr07e6838t0m","time":1610268183,"event":{"mods":["ATMod(°¢èªMod)","Act Like it!","Arknights The Spire","Aspiration","BaseMod","CapriCore","Challenge The Spire","Colored Map","Conspire","Downfall","Friendly Minions","Gensokyo","Gremlin Skip","Highlight Path","Marisa£¨ìFÓê¡¡Ä§ÀíÉ³£©","Minty Spire (QoL Compilation)","MostiFishMod","Quick Restart","Relic Stats","Remilia£¨ÀÙÃ×ÀòÑÇ£©","Replay The Spire","RumiaBox-Â¶Ã×æ«µÄÉñÃØºÐ×Ó","Small Relic Pack","StSLib","The Immortal","The Servant 0.9.4","Waifu the Spire","Yakumo Yukari mod","[IsaacMod]ÒÔÈö¼âËþ","vexMod","¡¾ÒÅÎï¿¨ÅÆ¡¿REMEMod"],"gold_per_floor":[119,94,111,111,111,145,70,103,103,119,147,170,170,181,181,277,277,288,301,317,317,332,359,359,411,437,437,147,208,264,328,328,533,533,533,533,533,533,533,533,533,533,533,533,533,533,533,533,533,533,533,533,78,78,78],"floor_reached":56,"playtime":3432,"items_purged":["Injury","ats:Strike C"],"score":1540,"play_id":"00f1e37c-6c1c-4eef-99ec-e01bfc4e04ec","local_time":"20210110164303","is_ascension_mode":false,"campfire_choices":[{"floor":13.0,"key":"REST"},{"floor":15.0,"key":"REST"},{"floor":24.0,"key":"REST"},{"floor":27.0,"key":"RECALL"},{"data":"AT_EssenceShift","floor":32.0,"key":"SMITH"},{"data":"MostiFishMod:StarHerder","floor":42.0,"key":"SMITH"},{"data":"MostiFishMod:WinterMarkForm","floor":49,"key":"SMITH"},{"data":"DoctorFetus","floor":52,"key":"SMITH"}],"circlet_count":0,"master_deck":["ats:Strike S+1","ats:Strike V+1","ats:Armor Crushing Shot","ats:Defend+1","ats:Defend+1","ats:Defend+1","ats:Defend+1","ats:Emotion Absorption","DoctorFetus+1","AT_EssenceShift+1","MostiFishMod:StarHerder+1","MostiFishMod:FrostNova","MostiFishMod:WinterMarkForm+1","ats:Hammer On","ats:Closed Bolt Burst Fire","ats:Healing Strengthening","ats:Revitalization+1","ats:Automatic Cover+1","ats:Calcification+1","ats:Childhood Dance+1","ats:Shell Defense+1","ats:Echo Reverb+1","ats:Directed Diagnosis+1","ats:Calcification+1","ats:Apocalypse+1","ats:Flexible Camouflage+1","ats:Rat Pack+1","ats:Healing Drone+1","ats:Wolf Pack","ats:Thorns+1","ats:Spore Proliferation+1","ats:Rat Pack+1","ats:Nebulous Foxfire+1","ReplayTheSpireMod:Private Reserves+1","ats:Defend Order+1","ats:Magnetic Hammer","ats:Assault Order+1","ats:Fractured Body+1","ats:Leaping Hammer+1","ats:Support Order+1","ats:Magnetic Hammer+1","ats:Disruption Kick+1","MostiFishMod:Awakening+1","ats:Curse Doll+1"],"relics":["ats:Sanity","DaveBox","REME_ComplimentaryCards","AT_ATBox","HushsDoor","MoneyPower","FrostBlade","aspiration:DSix","SynthV:TestCard","Bag of Marbles","Toxic Egg 2","ats:Originium","ats:Berate","Replay:Wax Seal","aspiration:Lifesprig","Odd Mushroom","JellyFishMachine","AT_MibuBalloonWealth","conspire:DeflatedDodgeball","REME_HandOfSuture","Ancient Tea Set","TheBean","vexMod:MysteryBossChallenge","downfall:Hecktoplasm","Incubus","Torii","Molten Egg 2","Mummified Hand","Bottled Lightning","Ice Cream","GodSword3","Pen Nib"],"acts_visited":["Exordium","TheCity","TheBeyond","TheEnding"],"potions_floor_usage":[55,55],"damage_taken":[{"damage":7.0,"enemies":"2 Louse","floor":1.0,"turns":2.0},{"damage":3.0,"enemies":"Small Slimes","floor":3.0,"turns":2.0},{"damage":20.0,"enemies":"Gremlin Nob","floor":6.0,"turns":4.0},{"damage":31.0,"enemies":"3 Sentries","floor":8.0,"turns":9.0},{"damage":3.0,"enemies":"conspire:RoseBush","floor":10.0,"turns":6.0},{"damage":28.0,"enemies":"Replay:BlueRogue","floor":11.0,"turns":7.0},{"damage":4.0,"enemies":"The Mushroom Lair","floor":12.0,"turns":5.0},{"damage":19.0,"enemies":"3 Louse","floor":14.0,"turns":9.0},{"damage":7.0,"enemies":"Fading Forest","floor":16.0,"turns":15.0},{"damage":21.0,"enemies":"3 Byrds","floor":18.0,"turns":10.0},{"damage":0.0,"enemies":"Shell Parasite","floor":19.0,"turns":2.0},{"damage":1.0,"enemies":"Cultist and Chosen","floor":20.0,"turns":4.0},{"damage":2.0,"enemies":"Snake Plant","floor":22.0,"turns":5.0},{"damage":34.0,"enemies":"Slavers","floor":23.0,"turns":5.0},{"damage":14.0,"enemies":"REME_1_Revenger","floor":25.0,"turns":6.0},{"damage":1.0,"enemies":"Sentry and Sphere","floor":29.0,"turns":11.0},{"damage":17.0,"enemies":"Replay:Snechameleon","floor":30.0,"turns":8.0},{"damage":10.0,"enemies":"Cultist and Chosen","floor":31.0,"turns":4.0},{"damage":0.0,"enemies":"Pondfish","floor":33.0,"turns":9.0},{"damage":0.0,"enemies":"Orb Walker","floor":35.0,"turns":2.0},{"damage":0.0,"enemies":"3 Shapes","floor":36.0,"turns":5.0},{"damage":0.0,"enemies":"Mind Bloom Boss Battle","floor":37.0,"turns":1.0},{"damage":0.0,"enemies":"Transient","floor":39.0,"turns":5.0},{"damage":3.0,"enemies":"Sphere and 2 Shapes","floor":40.0,"turns":2.0},{"damage":0.0,"enemies":"Giant Head","floor":41.0,"turns":12.0},{"damage":0.0,"enemies":"Reptomancer","floor":44.0,"turns":8.0},{"damage":0.0,"enemies":"Spire Growth","floor":45.0,"turns":6.0},{"damage":0.0,"enemies":"R_Hoarder","floor":47.0,"turns":7.0},{"damage":0,"enemies":"Replay:Hell Engine","floor":50,"turns":8},{"damage":0,"enemies":"Shield and Spear","floor":54,"turns":9},{"damage":15,"enemies":"The Heart","floor":55,"turns":6}],"seed_played":"-2966537043100690627","potions_obtained":[{"floor":6.0,"key":"SneckoOil"},{"floor":8.0,"key":"Dexterity Potion"},{"floor":10.0,"key":"FearPotion"},{"floor":11.0,"key":"SteroidPotion"},{"floor":20.0,"key":"Fire Potion"},{"floor":29.0,"key":"Adrenaline Potion"},{"floor":30.0,"key":"Fruit Juice"},{"floor":33.0,"key":"Explosive Potion"}],"is_trial":false,"path_per_floor":["M","?","M","?","?","E","$","E","T","M","E","?","R","M","R","B",null,"M","M","M","?","M","E","R","E","T","R","$","M","E","M","R","B",null,"M","M","?","?","M","M","E","R","T","E","M","?","E","?","R","B",null,"R","$","E","B",null],"character_chosen":"DOCTOR_CLASS","items_purchased":["ats:Directed Diagnosis+1","ats:Calcification+1","FairyPotion","REME_HandOfSuture","Ancient Tea Set","Incubus","ReplayTheSpireMod:Private Reserves+1","MostiFishMod:Awakening+1","GodSword3"],"campfire_rested":3,"item_purchase_floors":[17,17,17,28,28,34,34,53,53],"current_hp_per_floor":[65,65,62,62,69,49,49,18,18,27,8,15,36,34,55,70,56,56,56,55,55,54,23,39,42,42,42,42,56,52,47,47,61,39,39,39,39,39,39,36,39,39,39,39,39,39,39,39,39,39,39,39,39,39,39],"gold":78,"neow_bonus":"DSIX","is_daily":false,"chose_seed":false,"campfire_upgraded":4,"win_rate":0.0,"timestamp":1610268183,"path_taken":["M","?","M","?","?","E","$","E","T","M","E","?","R","M","R","BOSS","M","M","M","?","?","E","R","E","T","R","$","M","E","M","R","BOSS","M","M","?","?","M","M","E","R","T","E","M","?","E","?","R","BOSS","R","$","E","BOSS"],"items_purchased_type":["Card","Card","Potion","Relic","Relic","Relic","Card","Card","Relic"],"build_version":"2020-12-22","purchased_purges":2,"victory":true,"max_hp_per_floor":[72,72,72,72,72,72,72,72,72,72,72,72,72,72,72,72,56,56,56,56,56,56,56,56,56,56,56,56,56,61,61,61,61,39,39,39,39,39,39,39,39,39,39,39,39,39,39,39,39,39,39,39,39,39,39],"relic_stats":{"Torii":0,"counters":[31,194],"Mummified Hand":[44],"Pen Nib":[3],"obtain_stats":[{"Ice Cream":47,"aspiration:Lifesprig":11,"AT_ATBox":0,"DaveBox":0,"Torii":37,"AT_MibuBalloonWealth":23,"Ancient Tea Set":28,"TheBean":30,"Mummified Hand":43,"ats:Berate":6,"downfall:Hecktoplasm":34,"ats:Sanity":0,"Toxic Egg 2":4,"Replay:Wax Seal":8,"aspiration:DSix":0,"KeepersGift":0,"JellyFishMachine":17,"vexMod:MysteryBossChallenge":34,"Pen Nib":54,"MoneyPower":0,"Odd Mushroom":12,"Incubus":34,"FrostBlade":0,"SynthV:TestCard":1,"ats:Originium":6,"Molten Egg 2":41,"REME_HandOfSuture":28,"Bag of Marbles":2,"Bottled Lightning":44,"conspire:DeflatedDodgeball":25,"HushsDoor":0,"GodSword3":53,"REME_ComplimentaryCards":0},{"Ice Cream":28,"aspiration:Lifesprig":6,"AT_ATBox":0,"DaveBox":0,"Torii":22,"AT_MibuBalloonWealth":14,"Ancient Tea Set":15,"TheBean":17,"Mummified Hand":25,"ats:Berate":3,"downfall:Hecktoplasm":19,"ats:Sanity":0,"Toxic Egg 2":2,"Replay:Wax Seal":4,"aspiration:DSix":0,"KeepersGift":0,"JellyFishMachine":9,"vexMod:MysteryBossChallenge":19,"Pen Nib":30,"MoneyPower":0,"Odd Mushroom":7,"Incubus":19,"FrostBlade":0,"SynthV:TestCard":1,"ats:Originium":3,"Molten Egg 2":25,"REME_HandOfSuture":15,"Bag of Marbles":1,"Bottled Lightning":26,"conspire:DeflatedDodgeball":15,"HushsDoor":0,"GodSword3":29,"REME_ComplimentaryCards":0},{"Ice Cream":171,"aspiration:Lifesprig":30,"AT_ATBox":0,"DaveBox":0,"Torii":131,"AT_MibuBalloonWealth":85,"Ancient Tea Set":91,"TheBean":110,"Mummified Hand":150,"ats:Berate":8,"downfall:Hecktoplasm":123,"ats:Sanity":0,"Toxic Egg 2":4,"Replay:Wax Seal":17,"aspiration:DSix":0,"KeepersGift":0,"JellyFishMachine":59,"vexMod:MysteryBossChallenge":123,"Pen Nib":188,"MoneyPower":0,"Odd Mushroom":35,"Incubus":123,"FrostBlade":0,"SynthV:TestCard":2,"ats:Originium":8,"Molten Egg 2":150,"REME_HandOfSuture":91,"Bag of Marbles":2,"Bottled Lightning":158,"conspire:DeflatedDodgeball":91,"HushsDoor":0,"GodSword3":179,"REME_ComplimentaryCards":0}]},"card_choices":[{"not_picked":[],"picked":"DoctorFetus","floor":0.0},{"not_picked":["ats:Encircling Forest","ats:Curse Doll"],"picked":"ats:Hammer On","floor":1.0},{"not_picked":["ats:Shadow Raid","ats:Hammer On","ats:Leaping Hammer","ats:Childhood Dance"],"picked":"ats:Closed Bolt Burst Fire","floor":3.0},{"not_picked":["ats:Sunburst","ats:Leaping Hammer","ats:Poison Spread","ats:Composite Medical Shells"],"picked":"ats:Healing Strengthening","floor":6.0},{"not_picked":["ats:Explosion Area Strengthen","ats:Neurotoxin","ats:Ambush","ats:Thermite Blade"],"picked":"ats:Revitalization+1","floor":8.0},{"not_picked":["ats:Leaping Hammer","ats:Neurotoxin","ats:Explosion Area Strengthen","ats:Magnetic Hammer"],"picked":"ats:Automatic Cover+1","floor":10.0},{"not_picked":["ats:Directed Diagnosis+1","ats:Wolf Pack","ats:Rapid Magazine","ats:Chain Hook"],"picked":"ats:Calcification+1","floor":11.0},{"not_picked":["ats:Revitalization+1","ats:Powerful Strike","ats:Poison Spread","Bomb"],"picked":"ats:Childhood Dance+1","floor":12.0},{"not_picked":["ats:Powerful Strike","ats:Beaten Up+1","ats:Poison Spread","ats:Support Order+1"],"picked":"ats:Shell Defense+1","floor":14.0},{"not_picked":["ats:Ambush","ats:Shadow Assault","ats:Fractured Body+1","ats:Roar Of Ursus"],"picked":"ats:Echo Reverb+1","floor":16.0},{"not_picked":["ats:Support Order+1","ats:Ignite","ats:Hammer On","ats:Cat Scratch+1"],"picked":"ats:Apocalypse+1","floor":18.0},{"not_picked":["ats:LN2 Cannon","ats:Revitalization+1","ats:Blood Oath+1","ats:Cat Scratch+1"],"picked":"ats:Flexible Camouflage+1","floor":19.0},{"not_picked":["ats:Assault Order+1","ats:Curse Doll+1","ats:Encircling Forest+1","ats:Neurotoxin"],"picked":"ats:Rat Pack+1","floor":20.0},{"not_picked":["ats:Cat Scratch","ats:Thorns","ats:LN2 Cannon","ats:Powerful Strike"],"picked":"ats:Healing Drone+1","floor":22.0},{"not_picked":["ats:Overload","ats:Composite Medical Shells","ats:Explosion Area Strengthen","ats:Powerful Strike","ats:Revitalization+1"],"picked":"SKIP","floor":23.0},{"not_picked":["ats:Automatic Cover+1","ats:Apocalypse+1","ats:Neurotoxin","ats:Poison Spread"],"picked":"ats:Wolf Pack","floor":25.0},{"not_picked":["ats:Beaten Up+1","ats:Powerful Strike","ats:Counter Healing Mode","ats:Apocalypse+1"],"picked":"ats:Thorns+1","floor":29.0},{"not_picked":["ats:Hammer On+1","ats:Ignite","ats:Sword Rain","ats:Apocalypse+1"],"picked":"ats:Spore Proliferation+1","floor":30.0},{"not_picked":["ats:Hammer On","ats:Automatic Cover+1","ats:Flexible Camouflage+1","ats:Explosion Area Strengthen"],"picked":"ats:Rat Pack+1","floor":31.0},{"not_picked":["ats:Calcification+1","ats:Fractured Body+1","ats:Rat Pack+1","ats:Shadow Assault"],"picked":"ats:Nebulous Foxfire+1","floor":33.0},{"not_picked":["ats:Cat Scratch+1","ats:Hammer On","ats:Apocalypse+1","ats:Explosion Area Strengthen+1"],"picked":"ats:Defend Order+1","floor":35.0},{"not_picked":["ats:Apocalypse+1","ats:Charging Defense+1","ats:Hammer On+1","ats:Fractured Body+1"],"picked":"ats:Magnetic Hammer","floor":36.0},{"not_picked":["ats:Mental Burst","ats:Explosion Area Strengthen+1","ats:Red Shift+1","ats:Ignite+1"],"picked":"ats:Assault Order+1","floor":38.0},{"not_picked":["ats:Apocalypse+1","ats:Powerful Strike+1","ats:LN2 Cannon+1","ats:Ignite","ats:Consecutive Shot Auto"],"picked":"SKIP","floor":39.0},{"not_picked":["ats:Childhood Dance+1","ats:Flexible Camouflage+1","ats:Consecutive Shot Auto+1","ats:Thermite Blade+1"],"picked":"ats:Fractured Body+1","floor":40.0},{"not_picked":["ats:Shell Defense+1","ats:Ignite+1","ats:Flexible Camouflage+1","ats:Spore Proliferation+1"],"picked":"ats:Leaping Hammer+1","floor":41.0},{"not_picked":["ats:Hammer On+1","ats:Powerful Strike+1","ats:Apocalypse+1","ats:LN2 Cannon+1"],"picked":"ats:Support Order+1","floor":44.0},{"not_picked":["ats:Assault Order+1","ats:Revitalization+1","ats:Curse Doll+1","ats:Childhood Dance+1"],"picked":"ats:Magnetic Hammer+1","floor":45.0},{"not_picked":["ats:Part Time Job+1","ats:Hammer On+1","ats:Flame Of Heaven+1","ats:Support Order+1"],"picked":"ats:Disruption Kick+1","floor":47.0},{"not_picked":["ats:Nebulous Foxfire+1","ats:Defend Order","ats:Very Hot Blade+1","ats:Flexible Camouflage+1"],"picked":"ats:Curse Doll+1","floor":54}],"player_experience":577879,"relics_obtained":[{"floor":1.0,"key":"SynthV:TestCard"},{"floor":6.0,"key":"ats:Originium"},{"floor":6.0,"key":"ats:Berate"},{"floor":8.0,"key":"ats:Originium"},{"floor":8.0,"key":"Replay:Wax Seal"},{"floor":11.0,"key":"ats:Originium"},{"floor":11.0,"key":"aspiration:Lifesprig"},{"floor":12.0,"key":"Odd Mushroom"},{"floor":23.0,"key":"AT_MibuBalloonWealth"},{"floor":25.0,"key":"conspire:DeflatedDodgeball"},{"floor":30.0,"key":"TheBean"},{"floor":37.0,"key":"Torii"},{"floor":41.0,"key":"Molten Egg 2"},{"floor":43.0,"key":"Mummified Hand"},{"floor":44.0,"key":"Bottled Lightning"},{"floor":47.0,"key":"Ice Cream"},{"floor":54,"key":"Pen Nib"}],"event_choices":[{"damage_healed":0.0,"max_hp_gain":0.0,"max_hp_loss":0.0,"gold_gain":0.0,"event_name":"Mushrooms","player_choice":"Fought Mushrooms","floor":12.0,"gold_loss":0.0,"damage_taken":0.0},{"damage_healed":0.0,"max_hp_gain":0.0,"max_hp_loss":0.0,"gold_gain":0.0,"event_name":"Back to Basics","player_choice":"Simplicity","floor":21.0,"gold_loss":0.0,"damage_taken":0.0,"cards_upgraded":["ats:Strike G","ats:Strike S","ats:Strike V","ats:Defend","ats:Defend","ats:Defend","ats:Defend"]},{"damage_healed":0.0,"max_hp_gain":0.0,"max_hp_loss":0.0,"gold_gain":0.0,"event_name":"MindBloom","player_choice":"Fight","floor":37.0,"gold_loss":0.0,"damage_taken":0.0},{"cards_removed":["ats:Strike G"],"damage_healed":0.0,"max_hp_gain":0.0,"max_hp_loss":0.0,"gold_gain":0.0,"event_name":"Purifier","player_choice":"Purged","floor":46.0,"gold_loss":0.0,"damage_taken":0.0}],"is_beta":false,"boss_relics":[{"not_picked":["aspiration:FutureDiary","Kintsugi"],"picked":"JellyFishMachine"},{"not_picked":[]},{"not_picked":["Replay:Bronze Core","ats:Tactical Delivery"],"picked":"vexMod:MysteryBossChallenge"},{"not_picked":[]}],"items_purged_floors":[7,17],"is_endless":false,"potions_floor_spawned":[6,8,10,11,20,22,29,30,33,35,40,41,44],"ascension_level":0}}