{"host":"i1h39d0gfh5c6uxl","time":1610287264,"event":{"mods":["AchievementEnabler","BaseMod","Colored Map","Colored Powertips","Highlight Path","Minty Spire (QoL Compilation)"],"gold_per_floor":[110,121,131,131,131,131,131,156,207,207,227,227,238,248,248,347,347,363,363,363,363,380,380,380,380],"floor_reached":24,"playtime":579,"items_purged":[],"score":186,"play_id":"83df2f2f-f843-4291-8be2-87bd234529a9","local_time":"20210110220104","is_ascension_mode":false,"campfire_choices":[{"data":"Bash","floor":6.0,"key":"SMITH"},{"data":"Cleave","floor":10.0,"key":"SMITH"},{"data":"Carnage","floor":12.0,"key":"SMITH"},{"floor":15.0,"key":"REST"},{"floor":23.0,"key":"REST"}],"circlet_count":0,"master_deck":["Strike_R+1","Strike_R","Strike_R","Strike_R","Defend_R","Defend_R+1","Defend_R","Bash+1","Cleave+1","Carnage+1","Twin Strike","Demon Form","Shrug It Off","Power Through","Intimidate","RitualDagger","Burning Pact"],"relics":["Burning Blood"],"acts_visited":["Exordium","TheCity"],"potions_floor_usage":[24],"damage_taken":[{"damage":2.0,"enemies":"2 Louse","floor":1.0,"turns":4.0},{"damage":5.0,"enemies":"Small Slimes","floor":2.0,"turns":3.0},{"damage":8.0,"enemies":"Jaw Worm","floor":3.0,"turns":3.0},{"damage":7.0,"enemies":"Exordium Wildlife","floor":11.0,"turns":4.0},{"damage":12.0,"enemies":"Looter","floor":13.0,"turns":3.0},{"damage":19.0,"enemies":"Exordium Thugs","floor":14.0,"turns":4.0},{"damage":20.0,"enemies":"Slime Boss","floor":16.0,"turns":8.0},{"damage":17.0,"enemies":"2 Thieves","floor":18.0,"turns":4.0},{"damage":35.0,"enemies":"Spheric Guardian","floor":22.0,"turns":6.0},{"damage":79,"enemies":"Gremlin Leader","floor":24,"turns":8}],"seed_played":"8859287381576068883","potions_obtained":[{"floor":3.0,"key":"ColorlessPotion"},{"floor":11.0,"key":"Fire Potion"},{"floor":13.0,"key":"AttackPotion"},{"floor":22.0,"key":"EssenceOfSteel"}],"is_trial":false,"path_per_floor":["M","M","M","?","?","R","?","T","T","R","M","R","M","M","R","B",null,"M","?","?","?","M","R","E"],"character_chosen":"IRONCLAD","items_purchased":[],"campfire_rested":2,"item_purchase_floors":[],"current_hp_per_floor":[88,88,86,86,68,68,73,73,73,73,72,72,66,53,80,66,93,82,82,76,76,47,74,0,0],"gold":380,"neow_bonus":"TEN_PERCENT_HP_BONUS","is_daily":false,"chose_seed":false,"campfire_upgraded":3,"win_rate":0.0,"timestamp":1610287264,"path_taken":["M","M","M","?","?","R","?","?","T","R","M","R","M","M","R","BOSS","M","?","?","?","?","R","E"],"items_purchased_type":[],"build_version":"2020-12-22","purchased_purges":0,"victory":false,"max_hp_per_floor":[88,88,88,88,88,88,93,93,93,93,93,93,93,93,93,93,93,93,93,93,93,93,93,93,93],"card_choices":[{"not_picked":["Shrug It Off","Inflame"],"picked":"Cleave","floor":1.0},{"not_picked":["Metallicize","Seeing Red","Cleave"],"picked":"SKIP","floor":2.0},{"not_picked":["Thunderclap","Havoc","Warcry"],"picked":"SKIP","floor":3.0},{"not_picked":["Warcry","Perfected Strike"],"picked":"Carnage","floor":11.0},{"not_picked":["Shrug It Off","Entrench"],"picked":"Twin Strike","floor":13.0},{"not_picked":["Seeing Red","Twin Strike","Evolve"],"picked":"SKIP","floor":14.0},{"not_picked":["Barricade","Feed"],"picked":"Demon Form","floor":16.0},{"not_picked":["Wild Strike","Warcry"],"picked":"Shrug It Off","floor":18.0},{"not_picked":["Searing Blow","Infernal Blade"],"picked":"Burning Pact","floor":22.0}],"player_experience":1340361,"relics_obtained":[],"event_choices":[{"damage_healed":0.0,"max_hp_gain":0.0,"max_hp_loss":0.0,"gold_gain":0.0,"event_name":"Scrap Ooze","player_choice":"Fled","floor":4.0,"gold_loss":0.0,"damage_taken":0.0},{"damage_healed":0.0,"max_hp_gain":0.0,"max_hp_loss":0.0,"gold_gain":0.0,"event_name":"Shining Light","player_choice":"Entered Light","floor":5.0,"gold_loss":0.0,"damage_taken":18.0,"cards_upgraded":["Strike_R","Defend_R"]},{"damage_healed":0.0,"max_hp_gain":5.0,"max_hp_loss":0.0,"gold_gain":0.0,"event_name":"Big Fish","player_choice":"Donut","floor":7.0,"gold_loss":0.0,"damage_taken":0.0},{"damage_healed":0.0,"max_hp_gain":0.0,"max_hp_loss":0.0,"gold_gain":0.0,"cards_transformed":["Strike_R","Defend_R"],"event_name":"Drug Dealer","player_choice":"Became Test Subject","floor":19.0,"gold_loss":0.0,"damage_taken":0.0,"cards_obtained":["Power Through","Intimidate"]},{"damage_healed":0.0,"max_hp_gain":0.0,"max_hp_loss":0.0,"gold_gain":0.0,"event_name":"Nest","player_choice":"Joined the Cult","floor":20.0,"gold_loss":0.0,"damage_taken":6.0,"cards_obtained":["RitualDagger"]},{"damage_healed":0.0,"max_hp_gain":0.0,"max_hp_loss":0.0,"gold_gain":0.0,"event_name":"Cursed Tome","player_choice":"Ignored","floor":21.0,"gold_loss":0.0,"damage_taken":0.0}],"is_beta":false,"boss_relics":[{"not_picked":["Runic Pyramid","Coffee Dripper","Busted Crown"]}],"items_purged_floors":[],"is_endless":false,"potions_floor_spawned":[3,11,13,22],"killed_by":"Gremlin Leader","ascension_level":0}}