{"host":"337p6miwxbqfki03","time":1610312880,"event":{"mods":["BaseMod","Better Third Choice","Colored Map","Conspire","Downfall","Hubris","Minty Spire (QoL Compilation)","Replay The Spire","Somnambulant","StSLib","The Cursed","The Hierophant","Unceasing Turn Reminder"],"gold_per_floor":[119,119,119,129,144,171,171,190,244,244,244,314,364,381,381,479,479,490,502,492,554,564,595,645,645,672,722,803,803,406,421,421,524,524,539,889,939,958,1008,1008,1008],"floor_reached":40,"playtime":5191,"items_purged":[],"score":606,"play_id":"c98f2e9c-c597-4df9-bed8-e3ef0df1bbd5","local_time":"20210110150800","is_ascension_mode":false,"campfire_choices":[{"floor":7,"key":"RECALL"},{"data":"Rage","floor":10,"key":"SMITH"},{"data":"Fire Breathing","floor":15,"key":"SMITH"},{"floor":25,"key":"REST"},{"floor":29,"key":"REST"},{"floor":32,"key":"REST"}],"circlet_count":0,"master_deck":["conspire:GhostlyStrike","conspire:GhostlyStrike","conspire:GhostlyDefend","conspire:GhostlyDefend","conspire:GhostlyDefend","conspire:GhostlyDefend","Bash","Inflame","Iron Wave","Fire Breathing+1","Defy Death","Pommel Strike","Rage+1","Shrug It Off","Flame Barrier","Body Slam","Immolate","Warcry","Whirlwind+1","Panache","Carnage+1","Feed","expansioncontent:FaceSlap","Heavy Blade","Apotheosis","expansioncontent:YouAreMine+1","Flex","Havoc+1","Juggernaut","Wild Strike+1","Flex+1","Replay:SS_forest_5"],"relics":["Black Blood","Another Sword","Strawberry","Replay:Mystery Machine","SsserpentHead","Blue Doll","Juzu Bracelet","betterThird:NestCultRelic","Red Mask","Strange Spoon","Black Star"],"acts_visited":["Exordium","TheCity","TheBeyond"],"potions_floor_usage":[12,23,23,40],"damage_taken":[{"damage":3,"enemies":"Small Slimes","floor":1,"turns":3},{"damage":10,"enemies":"Jaw Worm","floor":4,"turns":4},{"damage":3,"enemies":"2 Louse","floor":5,"turns":3},{"damage":15,"enemies":"Replay:BlueRogue","floor":6,"turns":7},{"damage":9,"enemies":"Red Slaver","floor":8,"turns":5},{"damage":4,"enemies":"Large Slime","floor":12,"turns":4},{"damage":0,"enemies":"3 Louse","floor":14,"turns":4},{"damage":1,"enemies":"Slime Boss","floor":16,"turns":8},{"damage":13,"enemies":"3 Byrds","floor":18,"turns":5},{"damage":16,"enemies":"Chosen","floor":19,"turns":5},{"damage":15,"enemies":"3 Cultists","floor":21,"turns":5},{"damage":17,"enemies":"Snake Plant","floor":22,"turns":4},{"damage":50,"enemies":"Slavers","floor":23,"turns":6},{"damage":66,"enemies":"Masked Bandits","floor":28,"turns":5},{"damage":46,"enemies":"Shelled Parasite and Fungi","floor":31,"turns":6},{"damage":43,"enemies":"Champ","floor":33,"turns":9},{"damage":25,"enemies":"3 Shapes","floor":35,"turns":3},{"damage":30,"enemies":"Orb Walker","floor":38,"turns":5},{"damage":63,"enemies":"Nemesis","floor":40,"turns":5}],"seed_played":"-7247266688308662014","potions_obtained":[{"floor":1,"key":"DistilledChaos"},{"floor":4,"key":"BloodPotion"},{"floor":6,"key":"BlessingOfTheForge"},{"floor":12,"key":"Dexterity Potion"},{"floor":19,"key":"Regen Potion"},{"floor":28,"key":"SteroidPotion"},{"floor":38,"key":"BlessingOfTheForge"}],"is_trial":false,"path_per_floor":["M","?","T","M","M","E","R","M","T","R","?","M","?","M","R","B",null,"M","M","?","M","M","E","?","R","T","?","?","R","$","M","R","B",null,"M","?","?","M","?","E"],"character_chosen":"IRONCLAD","items_purchased":["Strange Spoon","Apotheosis","expansioncontent:YouAreMine+1","Flex"],"campfire_rested":3,"item_purchase_floors":[30,30,30,30],"current_hp_per_floor":[80,80,80,76,79,77,77,74,74,74,74,87,87,87,87,87,87,86,82,82,79,74,48,48,74,74,74,23,50,50,19,46,15,93,80,80,80,62,62,0,0],"gold":1008,"neow_bonus":"TRANSFORM_CARD","is_daily":false,"chose_seed":false,"campfire_upgraded":2,"win_rate":0.0,"timestamp":1610312880,"path_taken":["M","?","?","M","M","E","R","M","T","R","?","?","?","M","R","BOSS","M","M","?","?","M","E","?","R","T","?","?","R","$","M","R","BOSS","M","?","?","M","?","E"],"items_purchased_type":["Relic","Card","Card","Card"],"build_version":"2020-12-22","purchased_purges":0,"victory":false,"max_hp_per_floor":[80,80,80,80,80,87,87,87,87,87,87,87,87,87,87,87,87,87,87,87,87,87,87,87,87,87,87,90,90,90,93,93,93,93,93,93,93,93,93,93,93],"card_choices":[{"not_picked":["Hemokinesis","Pommel Strike"],"picked":"Iron Wave","floor":1},{"not_picked":["Clash","Bloodletting"],"picked":"Fire Breathing","floor":4},{"not_picked":["Uppercut","Flex"],"picked":"Defy Death","floor":5},{"not_picked":["Disarm","Fire Breathing"],"picked":"Pommel Strike","floor":6},{"not_picked":["ReplayTheSpireMod:Muscle Training","ReplayTheSpireMod:Strike From Hell"],"picked":"Rage","floor":8},{"not_picked":["Abandon","Wild Strike"],"picked":"Shrug It Off","floor":12},{"not_picked":["Clothesline","Second Wind"],"picked":"Body Slam","floor":14},{"not_picked":["conspire:HitWhereItHurts","Exhume"],"picked":"Immolate","floor":16},{"not_picked":["Uppercut","Replay:Undeath\u0027s Touch"],"picked":"Warcry","floor":18},{"not_picked":["Disarm","hubris:ReadiedAction"],"picked":"Whirlwind+1","floor":19},{"not_picked":["Second Wind","Pummel"],"picked":"Carnage+1","floor":21},{"not_picked":["Abandon","Replay:Undeath\u0027s Touch","hubris:CleavingFinish"],"picked":"SKIP","floor":22},{"not_picked":["Thunderclap","Flame Barrier"],"picked":"Feed","floor":23},{"not_picked":["Reckless Charge","Intimidate"],"picked":"Heavy Blade","floor":28},{"not_picked":["Intimidate+1","Defy Death"],"picked":"Havoc+1","floor":31},{"not_picked":["Bludgeon","Demonic Infusion"],"picked":"Juggernaut","floor":33},{"not_picked":["Sword Boomerang","Sever Soul+1"],"picked":"Wild Strike+1","floor":35},{"not_picked":["Pommel Strike","Combust+1"],"picked":"Flex+1","floor":38},{"not_picked":["Panache","expansioncontent:GuardianWhirl"],"picked":"Replay:SS_forest_5","floor":39}],"player_experience":257231,"relics_obtained":[{"floor":3,"key":"Another Sword"},{"floor":6,"key":"Strawberry"},{"floor":9,"key":"Replay:Mystery Machine"},{"floor":23,"key":"Blue Doll"},{"floor":26,"key":"Juzu Bracelet"},{"floor":28,"key":"Red Mask"}],"event_choices":[{"damage_healed":0,"gold_gain":0,"player_choice":"Agree","damage_taken":0,"max_hp_gain":0,"max_hp_loss":0,"event_name":"conspire:LoneGhost","floor":2,"gold_loss":0},{"damage_healed":0,"gold_gain":0,"player_choice":"Trade","damage_taken":0,"relics_obtained":["SsserpentHead"],"max_hp_gain":0,"max_hp_loss":0,"event_name":"FaceTrader","floor":11,"gold_loss":0},{"damage_healed":0,"gold_gain":0,"cards_transformed":["conspire:GhostlyStrike","conspire:GhostlyStrike"],"player_choice":"Transformed Cards","damage_taken":0,"max_hp_gain":0,"max_hp_loss":0,"event_name":"Designer","floor":20,"gold_loss":60,"cards_obtained":["Panache","ReplayTheSpireMod:Necrogeddon"]},{"damage_healed":0,"gold_gain":0,"cards_transformed":["ReplayTheSpireMod:Necrogeddon"],"player_choice":"Transformed","damage_taken":0,"max_hp_gain":0,"max_hp_loss":0,"event_name":"Transmorgrifier","floor":24,"gold_loss":0,"cards_obtained":["expansioncontent:FaceSlap"]},{"damage_healed":0,"gold_gain":0,"player_choice":"Madness","damage_taken":0,"relics_obtained":["betterThird:NestCultRelic"],"max_hp_gain":0,"max_hp_loss":0,"event_name":"betterThird:BetterNest","floor":27,"gold_loss":0},{"damage_healed":0,"gold_gain":0,"player_choice":"Fought Bandits","damage_taken":0,"max_hp_gain":0,"max_hp_loss":0,"event_name":"Masked Bandits","floor":28,"gold_loss":0},{"damage_healed":0,"gold_gain":300,"player_choice":"Gold","damage_taken":0,"max_hp_gain":0,"max_hp_loss":0,"event_name":"Wheel of Change","floor":36,"gold_loss":0},{"cards_removed":["Flex"],"damage_healed":0,"gold_gain":0,"player_choice":"Removed Skill","damage_taken":0,"max_hp_gain":0,"max_hp_loss":0,"event_name":"Falling","floor":37,"gold_loss":0},{"damage_healed":0,"gold_gain":0,"player_choice":"Memory 1","damage_taken":0,"max_hp_gain":0,"max_hp_loss":0,"event_name":"SensoryStone","floor":39,"gold_loss":0}],"is_beta":false,"boss_relics":[{"not_picked":["conspire:SeveredTorchhead","Runic Dome"],"picked":"Black Blood"},{"not_picked":["ReplayTheSpireMod:DimensionalGlitch","hubris:TerracottaHorce"],"picked":"Black Star"}],"items_purged_floors":[],"is_endless":false,"potions_floor_spawned":[1,4,6,12,18,19,21,28,38],"killed_by":"Nemesis","ascension_level":0}}