{"host":"eil9x6nly2al6731","time":1610261290,"event":{"mods":["Aspiration","BaseMod","Better Third Choice","Colored Powertips","Conspire","Energized Spire","Friendly Minions","Halation","Hubris","Infinite Spire","Minty Spire (QoL Compilation)","Random Character Button","Replay The Spire","Robot Space Explorer","Shop Mod","StSLib","The Druid","The Factory","The Jungle","The Mystic","The Servant 0.9.4","TheBandit"],"gold_per_floor":[115,129,129,129,24,24,24],"floor_reached":6,"playtime":208,"items_purged":["Looming Evil"],"score":68,"play_id":"c4d51666-6d90-434c-8757-4d21807b0975","local_time":"20210110144810","is_ascension_mode":true,"campfire_choices":[],"circlet_count":0,"master_deck":["AscendersBane","Strike_G","Strike_G","Strike_G","Strike_G","Strike_G","Defend_G","Defend_G","Defend_G","Defend_G","Defend_G","Survivor","Neutralize","Sickly","Deadly Poison","Acrobatics","infinitespire:Pacifist","Replay:Fractal Strike","Voices","Replay:Parry","Fluid Movement"],"relics":["Ring of the Snake","Bird Faced Urn","Singing Bowl","ReplayTheSpireMod:CursedCoin"],"acts_visited":["Exordium"],"potions_floor_usage":[6,6],"damage_taken":[{"damage":11,"enemies":"Jaw Worm","floor":1,"turns":8},{"damage":7,"enemies":"2 Louse","floor":2,"turns":5},{"damage":48,"enemies":"Gremlin Nob","floor":6,"turns":4}],"seed_played":"5381168076469357392","potions_obtained":[{"floor":1,"key":"Swift Potion"},{"floor":2,"key":"Block Potion"}],"is_trial":false,"path_per_floor":["M","M","?","?","$","E"],"character_chosen":"THE_SILENT","items_purchased":["ReplayTheSpireMod:CursedCoin","Replay:Parry","Fluid Movement"],"campfire_rested":0,"item_purchase_floors":[5,5,5],"current_hp_per_floor":[48,41,41,23,23,0,0],"gold":24,"neow_bonus":"ONE_RARE_RELIC","is_daily":false,"chose_seed":false,"campfire_upgraded":0,"win_rate":0.0,"timestamp":1610261290,"path_taken":["M","M","?","?","$","E"],"items_purchased_type":["Relic","Card","Card"],"build_version":"2020-12-22","purchased_purges":1,"victory":false,"max_hp_per_floor":[66,66,66,66,66,66,66],"card_choices":[{"not_picked":["Blade Dance","Calculated Gamble"],"picked":"Deadly Poison","floor":1},{"not_picked":["Terror","Dagger Throw"],"picked":"Acrobatics","floor":2},{"not_picked":["infinitespire:SevenWalls","infinitespire:Menacing"],"picked":"Replay:Fractal Strike","floor":3}],"player_experience":1471974,"relics_obtained":[],"event_choices":[{"damage_healed":0,"gold_gain":0,"player_choice":"Relic ","damage_taken":18,"max_hp_gain":0,"max_hp_loss":0,"event_name":"betterThird:BetterScrap","floor":4,"gold_loss":0,"cards_obtained":["WindmillStrike"]}],"is_beta":false,"boss_relics":[],"items_purged_floors":[5],"is_endless":false,"potions_floor_spawned":[1,2],"killed_by":"Gremlin Nob","ascension_level":20}}