{"host":"w9yruvs4bqht6bhw","time":1610244099,"event":{"mods":["BaseMod","Colored Powertips","Minty Spire (QoL Compilation)"],"gold_per_floor":[114,126,126,142,142,168,168,168,168,168,69,102,102,114,114,218,218,233,244,97,97,115,140,140,140,140,140,155,80,95,112,112,217,267,285,295,39,39,39,39],"floor_reached":39,"playtime":1499,"items_purged":["Strike_R","Strike_R"],"score":573,"play_id":"a27922b8-11bf-476f-8287-69891c0e3a33","local_time":"20210109210139","is_ascension_mode":true,"campfire_choices":[{"data":"Uppercut","floor":13,"key":"SMITH"},{"data":"Strike_R","floor":15,"key":"SMITH"},{"floor":24,"key":"REST"},{"floor":27,"key":"REST"},{"floor":32,"key":"REST"}],"circlet_count":0,"master_deck":["Strike_R","Strike_R","Strike_R+1","Defend_R","Defend_R","Defend_R+1","Defend_R","Blind+1","Clash+1","Shrug It Off+1","Uppercut+1","Demon Form","Pommel Strike+1","Disarm+1","Dramatic Entrance","Warcry+1","Cleave+1","Pommel Strike+1","Limit Break+1","Shrug It Off+1","Good Instincts+1"],"relics":["Burning Blood","Du-Vu Doll","Mercury Hourglass","Self Forming Clay","Black Star","Shuriken","Anchor","Toxic Egg 2","Tiny House"],"acts_visited":["Exordium","TheCity","TheBeyond"],"potions_floor_usage":[6,12,16,18,22,23,33,33,35,39],"damage_taken":[{"damage":0,"enemies":"2 Louse","floor":1,"turns":3},{"damage":0,"enemies":"Small Slimes","floor":2,"turns":3},{"damage":0,"enemies":"Cultist","floor":4,"turns":3},{"damage":51,"enemies":"Gremlin Nob","floor":6,"turns":6},{"damage":1,"enemies":"Lagavulin","floor":12,"turns":6},{"damage":0,"enemies":"2 Fungi Beasts","floor":14,"turns":3},{"damage":35,"enemies":"Slime Boss","floor":16,"turns":10},{"damage":16,"enemies":"Spheric Guardian","floor":18,"turns":4},{"damage":8,"enemies":"Chosen","floor":19,"turns":4},{"damage":16,"enemies":"Shelled Parasite and Fungi","floor":22,"turns":5},{"damage":34,"enemies":"Gremlin Leader","floor":23,"turns":9},{"damage":2,"enemies":"Snecko","floor":28,"turns":4},{"damage":22,"enemies":"Sentry and Sphere","floor":30,"turns":4},{"damage":27,"enemies":"Shelled Parasite and Fungi","floor":31,"turns":8},{"damage":66,"enemies":"Champ","floor":33,"turns":10},{"damage":7,"enemies":"3 Shapes","floor":35,"turns":4},{"damage":53,"enemies":"3 Darklings","floor":36,"turns":7},{"damage":26,"enemies":"Jaw Worm Horde","floor":39,"turns":3}],"seed_played":"-254404114153935014","potions_obtained":[{"floor":1,"key":"SpeedPotion"},{"floor":4,"key":"Regen Potion"},{"floor":14,"key":"AttackPotion"},{"floor":23,"key":"Fruit Juice"},{"floor":28,"key":"LiquidBronze"},{"floor":31,"key":"DistilledChaos"},{"floor":34,"key":"Dexterity Potion"}],"is_trial":false,"path_per_floor":["M","M","?","M","?","E","?","?","T","?","$","E","R","M","R","B",null,"M","M","$","?","M","E","R","?","T","R","M","$","M","M","R","B",null,"M","M","$","?","M"],"character_chosen":"IRONCLAD","items_purchased":["HeartOfIron","Dramatic Entrance","Block Potion","PowerPotion","HeartOfIron"],"campfire_rested":3,"item_purchase_floors":[11,20,20,37,37],"current_hp_per_floor":[78,80,64,70,70,39,32,58,58,58,58,63,63,69,69,40,70,60,58,58,58,48,25,50,50,50,75,79,79,63,42,67,7,71,70,23,23,23,0,0],"gold":39,"neow_bonus":"RANDOM_COLORLESS","is_daily":false,"chose_seed":false,"campfire_upgraded":2,"win_rate":0.0,"timestamp":1610244099,"path_taken":["M","M","?","M","?","E","?","?","T","?","$","E","R","M","R","BOSS","M","M","$","?","?","E","R","?","T","R","M","$","M","M","R","BOSS","M","M","$","?","M"],"items_purchased_type":["Potion","Card","Potion","Potion","Potion"],"build_version":"2020-12-22","purchased_purges":2,"victory":false,"max_hp_per_floor":[80,80,80,80,80,80,80,80,80,80,80,80,80,80,80,80,80,80,80,80,80,80,85,85,85,85,85,85,85,85,85,85,85,90,90,90,90,90,90,90],"card_choices":[{"not_picked":["Impatience","Mind Blast"],"picked":"Blind","floor":0},{"not_picked":["Heavy Blade","Flex"],"picked":"Clash","floor":1},{"not_picked":["Pommel Strike","Warcry","Headbutt"],"picked":"SKIP","floor":2},{"not_picked":["Cleave","Anger"],"picked":"Shrug It Off","floor":4},{"not_picked":["Clash","Iron Wave"],"picked":"Uppercut","floor":6},{"not_picked":["Flex","True Grit","Thunderclap"],"picked":"SKIP","floor":12},{"not_picked":["True Grit","Pommel Strike","Cleave"],"picked":"SKIP","floor":14},{"not_picked":["Double Tap","Fiend Fire"],"picked":"Demon Form","floor":16},{"not_picked":["Iron Wave","Rage"],"picked":"Pommel Strike+1","floor":18},{"not_picked":["Feel No Pain","Rampage"],"picked":"Disarm+1","floor":19},{"not_picked":["Body Slam","Perfected Strike"],"picked":"Warcry+1","floor":22},{"not_picked":["Uppercut","Clash"],"picked":"Cleave+1","floor":23},{"not_picked":["Feel No Pain+1","Clash","Wild Strike"],"picked":"SKIP","floor":28},{"not_picked":["Iron Wave","Barricade"],"picked":"Pommel Strike+1","floor":30},{"not_picked":["Heavy Blade","Wild Strike","Thunderclap"],"picked":"SKIP","floor":31},{"not_picked":["Reaper","Double Tap+1"],"picked":"Limit Break+1","floor":33},{"not_picked":["Ghostly Armor+1","Shockwave+1"],"picked":"Shrug It Off+1","floor":35},{"not_picked":["Clash","Dropkick+1","Body Slam"],"picked":"SKIP","floor":36},{"not_picked":["Impatience+1","Forethought+1"],"picked":"Good Instincts+1","floor":38}],"player_experience":365684,"relics_obtained":[{"floor":6,"key":"Du-Vu Doll"},{"floor":9,"key":"Mercury Hourglass"},{"floor":12,"key":"Self Forming Clay"},{"floor":23,"key":"Shuriken"},{"floor":23,"key":"Anchor"},{"floor":26,"key":"Toxic Egg 2"}],"event_choices":[{"damage_healed":0,"gold_gain":0,"player_choice":"Entered Light","damage_taken":16,"max_hp_gain":0,"max_hp_loss":0,"event_name":"Shining Light","floor":3,"gold_loss":0,"cards_upgraded":["Clash","Blind"]},{"damage_healed":0,"gold_gain":0,"player_choice":"Grow","damage_taken":0,"max_hp_gain":0,"max_hp_loss":0,"event_name":"Living Wall","floor":5,"gold_loss":0,"cards_upgraded":["Shrug It Off"]},{"cards_removed":["Bash"],"damage_healed":0,"gold_gain":0,"player_choice":"Card Removal","damage_taken":7,"max_hp_gain":0,"max_hp_loss":0,"event_name":"Golden Wing","floor":7,"gold_loss":0},{"damage_healed":26,"gold_gain":0,"player_choice":"Banana","damage_taken":0,"max_hp_gain":0,"max_hp_loss":0,"event_name":"Big Fish","floor":8,"gold_loss":0},{"damage_healed":0,"gold_gain":0,"player_choice":"Ignored","damage_taken":0,"max_hp_gain":0,"max_hp_loss":0,"event_name":"Liars Game","floor":10,"gold_loss":0},{"damage_healed":0,"gold_gain":0,"player_choice":"Ignored","damage_taken":0,"max_hp_gain":0,"max_hp_loss":0,"event_name":"Transmorgrifier","floor":21,"gold_loss":0},{"damage_healed":0,"gold_gain":0,"player_choice":"Ignored","damage_taken":0,"max_hp_gain":0,"max_hp_loss":0,"event_name":"Cursed Tome","floor":25,"gold_loss":0},{"damage_healed":0,"gold_gain":0,"player_choice":"Memory 1","damage_taken":0,"max_hp_gain":0,"max_hp_loss":0,"event_name":"SensoryStone","floor":38,"gold_loss":0}],"is_beta":false,"boss_relics":[{"not_picked":["Philosopher\u0027s Stone","Ectoplasm"],"picked":"Black Star"},{"not_picked":["Snecko Eye","Runic Dome"],"picked":"Tiny House"}],"items_purged_floors":[29,37],"is_endless":false,"potions_floor_spawned":[1,4,14,23,28,31],"killed_by":"Jaw Worm Horde","ascension_level":8}}