{"host":"fjaupvxe7fzqrf4j","time":1610287189,"event":{"mods":["ATMod(°¢èªMod)","BaseMod","Minty Spire (QoL Compilation)","StSLib"],"gold_per_floor":[113,113,73,73,73,105,136,268,268,268,403,537,868,882,882,1060,1060,1071,1071,465,465,380,510,644,777,777,903,1029,1154,1280,792,792,969,969,986,1985,1985,1544,1278,1410,1545,1673,1673,1800,1928,2060,2192,2335,2335,2535,2735,2735,2735,2126,2354,2454],"floor_reached":57,"playtime":1647,"items_purged":["BowlingBash+1","Consecrate","FollowUp+1"],"score":4916,"play_id":"42a464f1-f9ce-4071-a3fa-9c408ff3019b","local_time":"20210110215949","daily_mods":["SealedDeck","Heirloom","Time Dilation","Flight","Elite Swarm"],"is_ascension_mode":true,"campfire_choices":[{"data":"Ragnarok","floor":10.0,"key":"SMITH"},{"data":"Vault","floor":15.0,"key":"SMITH"},{"floor":32.0,"key":"RECALL"},{"floor":49.0,"key":"REST"},{"floor":53.0,"key":"REST"}],"circlet_count":0,"master_deck":["AscendersBane","Prostrate+1","ForeignInfluence+1","Halt+1","FlurryOfBlows+1","Indignation+1","ClearTheMind+1","Crescendo+1","EmptyFist+1","Wallop+1","Ragnarok+1","Vault+1","LessonLearned","Pray","Omniscience","MasterReality+1","Omniscience+1","Omniscience","Tantrum+1","AT_ChampionStep+1","MentalFortress+1","Fasting2+1","Meditate+1","Omniscience+1","Scrawl+1","Scrawl"],"relics":["PureWater","AT_ATBox","Gambling Chip","FossilizedHelix","AT_TheCollector","GoldenEye","AT_PhaseBoots","AT_DeathDance","Pen Nib","Fusion Hammer","White Beast Statue","Shuriken","Matryoshka","CaptainsWheel","Gremlin Horn","AT_SilvercatRing","Oddly Smooth Stone","Ginger","Mercury Hourglass","Omamori","Potion Belt","Prayer Wheel","Bag of Marbles","ClockworkSouvenir","Centennial Puzzle","AT_TrinityForce","Ornamental Fan","AT_ChloranthyRing","StoneCalendar","CloakClasp","CeramicFish","Pantograph","AT_ImmortalShieldbow","Sundial","AT_GoldPhoenixTree","Bottled Lightning","Medical Kit","Damaru","Bronze Scales","AT_EbonyIvory"],"acts_visited":["Exordium","TheCity","TheBeyond","TheEnding"],"potions_floor_usage":[56,56],"damage_taken":[{"damage":8.0,"enemies":"Jaw Worm","floor":1.0,"turns":2.0},{"damage":0.0,"enemies":"Gremlin Nob","floor":6.0,"turns":1.0},{"damage":0.0,"enemies":"3 Sentries","floor":7.0,"turns":3.0},{"damage":0.0,"enemies":"Gremlin Nob","floor":8.0,"turns":1.0},{"damage":0.0,"enemies":"Lagavulin","floor":11.0,"turns":2.0},{"damage":0.0,"enemies":"Gremlin Nob","floor":12.0,"turns":1.0},{"damage":0.0,"enemies":"3 Sentries","floor":13.0,"turns":2.0},{"damage":0.0,"enemies":"2 Louse","floor":14.0,"turns":1.0},{"damage":0.0,"enemies":"Hexaghost","floor":16.0,"turns":3.0},{"damage":0.0,"enemies":"Chosen","floor":18.0,"turns":1.0},{"damage":0.0,"enemies":"Gremlin Leader","floor":23.0,"turns":2.0},{"damage":0.0,"enemies":"Book of Stabbing","floor":24.0,"turns":5.0},{"damage":6.0,"enemies":"Slavers","floor":25.0,"turns":5.0},{"damage":0.0,"enemies":"Book of Stabbing","floor":27.0,"turns":1.0},{"damage":0.0,"enemies":"Gremlin Leader","floor":28.0,"turns":1.0},{"damage":6.0,"enemies":"Book of Stabbing","floor":29.0,"turns":2.0},{"damage":0.0,"enemies":"Slavers","floor":30.0,"turns":1.0},{"damage":0.0,"enemies":"Automaton","floor":33.0,"turns":3.0},{"damage":0.0,"enemies":"Orb Walker","floor":35.0,"turns":2.0},{"damage":0.0,"enemies":"Reptomancer","floor":40.0,"turns":1.0},{"damage":0.0,"enemies":"Giant Head","floor":41.0,"turns":1.0},{"damage":0.0,"enemies":"Reptomancer","floor":42.0,"turns":1.0},{"damage":0.0,"enemies":"Giant Head","floor":44.0,"turns":1.0},{"damage":0.0,"enemies":"Reptomancer","floor":45.0,"turns":1.0},{"damage":0.0,"enemies":"Giant Head","floor":46.0,"turns":1.0},{"damage":0.0,"enemies":"Nemesis","floor":47.0,"turns":1.0},{"damage":0.0,"enemies":"Reptomancer","floor":48.0,"turns":1.0},{"damage":0.0,"enemies":"Donu and Deca","floor":50.0,"turns":1.0},{"damage":0.0,"enemies":"Awakened One","floor":51.0,"turns":2.0},{"damage":0.0,"enemies":"Shield and Spear","floor":55.0,"turns":1.0},{"damage":20,"enemies":"The Heart","floor":56,"turns":4}],"seed_played":"144763360119014005","potions_obtained":[{"floor":6.0,"key":"BlessingOfTheForge"},{"floor":8.0,"key":"DuplicationPotion"},{"floor":13.0,"key":"Fruit Juice"},{"floor":16.0,"key":"Fruit Juice"},{"floor":23.0,"key":"Ambrosia"},{"floor":25.0,"key":"SteroidPotion"},{"floor":28.0,"key":"Weak Potion"},{"floor":29.0,"key":"AttackPotion"},{"floor":30.0,"key":"AttackPotion"},{"floor":33.0,"key":"SkillPotion"},{"floor":35.0,"key":"Dexterity Potion"},{"floor":40.0,"key":"PowerPotion"},{"floor":44.0,"key":"GamblersBrew"},{"floor":45.0,"key":"DuplicationPotion"}],"is_trial":true,"path_per_floor":["M","?","$","?","?","E","E","E","T","R","E","E","E","M","R","B",null,"M","?","$","?","?","E","E","E","T","E","E","E","E","$","R","B",null,"M","?","?","$","$","E","E","E","T","E","E","E","E","E","R","B","B",null,"R","$","E","B",null],"character_chosen":"WATCHER","items_purchased":["Wallop","Pray","White Beast Statue","Shuriken","Bag of Marbles","ClockworkSouvenir","Centennial Puzzle","MentalFortress","Ornamental Fan","Block Potion","Fasting2","Meditate","Medical Kit","Damaru","Bronze Scales"],"campfire_rested":2,"item_purchase_floors":[3,20,20,20,31,31,31,38,38,38,39,39,54,54,54],"current_hp_per_floor":[53,53,53,53,53,53,53,53,53,53,53,53,58,58,58,63,74,74,78,78,78,78,78,78,72,72,72,72,66,66,66,66,66,75,75,75,75,75,75,75,75,75,75,75,75,75,75,75,78,78,78,78,78,78,78,58],"gold":2454,"neow_bonus":"","is_daily":false,"chose_seed":false,"campfire_upgraded":2,"win_rate":0.0,"timestamp":1610287189,"path_taken":["M","?","$","?","?","E","E","E","T","R","E","E","E","M","R","BOSS","M","?","$","?","?","E","E","E","T","E","E","E","E","$","R","BOSS","M","?","?","$","$","E","E","E","T","E","E","E","E","E","R","BOSS","BOSS","R","$","E","BOSS"],"items_purchased_type":["Card","Card","Relic","Relic","Relic","Relic","Relic","Card","Relic","Potion","Card","Card","Relic","Relic","Relic"],"build_version":"2020-12-22","purchased_purges":3,"victory":true,"max_hp_per_floor":[68,68,68,68,68,68,68,68,68,68,68,68,73,73,73,78,78,78,78,78,78,78,78,78,78,78,78,78,78,78,78,78,78,78,78,78,78,78,78,78,78,78,78,78,78,78,78,78,78,78,78,78,78,78,78,78],"card_choices":[{"not_picked":["Consecrate","FollowUp"],"picked":"EmptyFist","floor":1.0},{"not_picked":["AT_RealColorLess","Wish","SpiritShield"],"picked":"SKIP","floor":6.0},{"not_picked":["SpiritShield","Alpha","Wish"],"picked":"SKIP","floor":7.0},{"not_picked":["AT_ChampionKick","Judgement"],"picked":"Ragnarok","floor":8.0},{"not_picked":["Wish","DevaForm","Judgement"],"picked":"SKIP","floor":11.0},{"not_picked":["Establishment","DeusExMachina"],"picked":"Vault","floor":12.0},{"not_picked":["Devotion","Alpha"],"picked":"LessonLearned","floor":13.0},{"not_picked":["EmptyBody","BowlingBash"],"picked":"WheelKick","floor":14.0},{"not_picked":["ThirdEye+1","FlyingSleeves","CutThroughFate"],"picked":"SKIP","floor":18.0},{"not_picked":["SpiritShield","Judgement","AT_IrregularMenstruation"],"picked":"SKIP","floor":23.0},{"not_picked":["LessonLearned","Vault"],"picked":"Omniscience","floor":24.0},{"not_picked":["Judgement","AT_MachinaRedman","Wish"],"picked":"SKIP","floor":25.0},{"not_picked":["MasterReality","Devotion","AT_RealColorLess"],"picked":"SKIP","floor":27.0},{"not_picked":["Devotion","AT_RealColorLess"],"picked":"MasterReality","floor":27.0},{"not_picked":["AT_ChampionKick","Blasphemy","Devotion"],"picked":"SKIP","floor":28.0},{"not_picked":["Ragnarok","SpiritShield"],"picked":"Omniscience","floor":29.0},{"not_picked":["MasterReality","Establishment","AT_MachinaRedman"],"picked":"SKIP","floor":30.0},{"not_picked":["Establishment","MasterReality"],"picked":"Omniscience","floor":33.0},{"not_picked":["Crescendo","AT_ChampionStep+1"],"picked":"Tantrum+1","floor":35.0},{"not_picked":["Meditate","BowlingBash"],"picked":"AT_ChampionStep","floor":35.0},{"not_picked":["AT_RealColorLess","SpiritShield"],"picked":"Omniscience","floor":40.0},{"not_picked":["Brilliance","DeusExMachina"],"picked":"Scrawl","floor":41.0},{"not_picked":["Wish","Vault","Brilliance"],"picked":"SKIP","floor":42.0},{"not_picked":["AT_IrregularMenstruation","Devotion","Wish"],"picked":"SKIP","floor":44.0},{"not_picked":["ConjureBlade","Omniscience","DeusExMachina"],"picked":"SKIP","floor":45.0},{"not_picked":["Blasphemy","Vault","AT_ChampionKick"],"picked":"SKIP","floor":46.0},{"not_picked":["MasterReality","AT_ChampionKick","SpiritShield"],"picked":"SKIP","floor":47.0},{"not_picked":["AT_ChampionKick","Ragnarok"],"picked":"Scrawl","floor":48.0},{"not_picked":["Vault","Devotion","Alpha"],"picked":"SKIP","floor":55.0}],"player_experience":384869,"relics_obtained":[{"floor":6.0,"key":"FossilizedHelix"},{"floor":7.0,"key":"AT_TheCollector"},{"floor":8.0,"key":"GoldenEye"},{"floor":11.0,"key":"AT_SpeedBoots"},{"floor":12.0,"key":"AT_DeathDance"},{"floor":13.0,"key":"Pen Nib"},{"floor":23.0,"key":"CaptainsWheel"},{"floor":24.0,"key":"Gremlin Horn"},{"floor":25.0,"key":"AT_SilvercatRing"},{"floor":26.0,"key":"Oddly Smooth Stone"},{"floor":26.0,"key":"Ginger"},{"floor":27.0,"key":"Mercury Hourglass"},{"floor":28.0,"key":"Omamori"},{"floor":29.0,"key":"Potion Belt"},{"floor":30.0,"key":"Prayer Wheel"},{"floor":40.0,"key":"AT_ChloranthyRing"},{"floor":41.0,"key":"StoneCalendar"},{"floor":42.0,"key":"CloakClasp"},{"floor":43.0,"key":"CeramicFish"},{"floor":43.0,"key":"Pantograph"},{"floor":45.0,"key":"AT_ImmortalShieldbow"},{"floor":46.0,"key":"Sundial"},{"floor":47.0,"key":"AT_GoldPhoenixTree"},{"floor":48.0,"key":"Bottled Lightning"},{"floor":55.0,"key":"AT_EbonyIvory"}],"event_choices":[{"damage_healed":0.0,"max_hp_gain":0.0,"max_hp_loss":0.0,"gold_gain":0.0,"event_name":"The Cleric","player_choice":"Leave","floor":2.0,"gold_loss":0.0,"damage_taken":0.0},{"damage_healed":0.0,"max_hp_gain":0.0,"max_hp_loss":0.0,"gold_gain":0.0,"event_name":"Golden Wing","player_choice":"Ignored","floor":4.0,"gold_loss":0.0,"damage_taken":0.0},{"damage_healed":0.0,"max_hp_gain":0.0,"max_hp_loss":0.0,"gold_gain":0.0,"event_name":"Living Wall","player_choice":"Grow","floor":5.0,"gold_loss":0.0,"damage_taken":0.0,"cards_upgraded":["ForeignInfluence"]},{"damage_healed":16.0,"max_hp_gain":0.0,"max_hp_loss":0.0,"gold_gain":0.0,"event_name":"The Library","player_choice":"Heal","floor":19.0,"gold_loss":0.0,"damage_taken":0.0},{"damage_healed":0.0,"max_hp_gain":0.0,"max_hp_loss":0.0,"gold_gain":0.0,"event_name":"Vampires","player_choice":"Ignored","floor":21.0,"gold_loss":0.0,"damage_taken":0.0},{"damage_healed":0.0,"max_hp_gain":0.0,"max_hp_loss":0.0,"gold_gain":0.0,"event_name":"Addict","player_choice":"Obtained Relic","floor":22.0,"gold_loss":85.0,"damage_taken":0.0,"relics_obtained":["Matryoshka"]},{"damage_healed":0.0,"max_hp_gain":0.0,"max_hp_loss":0.0,"gold_gain":999.0,"event_name":"MindBloom","player_choice":"Gold","floor":36.0,"gold_loss":0.0,"damage_taken":0.0,"cards_obtained":["Normality","Normality"]},{"cards_removed":["WheelKick"],"damage_healed":0.0,"max_hp_gain":0.0,"max_hp_loss":0.0,"gold_gain":0.0,"event_name":"Falling","player_choice":"Removed Attack","floor":37.0,"gold_loss":0.0,"damage_taken":0.0}],"is_beta":false,"boss_relics":[{"not_picked":["Velvet Choker","SacredBark"],"picked":"Fusion Hammer"},{"not_picked":["AT_MortalBlade","VioletLotus"],"picked":"AT_TrinityForce"}],"items_purged_floors":[38,39,54],"is_endless":false,"potions_floor_spawned":[6,8,13,16,23,24,25,27,28,29,30,33,35,40,41,42,44,45,46,47,48,55],"ascension_level":20}}