{"host":"yptvp0rjza9g9li7","time":1610250299,"event":{"mods":["AchievementEnabler","BaseMod","Colored Map","Colored Powertips","DeckTracker","Minty Spire (QoL Compilation)","SuperFastMode"],"gold_per_floor":[116,127,138,138,105,140,158,192,274,288,304,59,81,101,101,203,203,223,223,237,250,261,261,261],"floor_reached":23,"playtime":1037,"items_purged":[],"score":207,"play_id":"fbf921ad-886a-44ed-8362-d8e8e6a6aca3","local_time":"20210110124459","is_ascension_mode":false,"campfire_choices":[{"floor":15.0,"key":"REST"}],"circlet_count":0,"master_deck":["Strike_R","Strike_R","Strike_R","Defend_R","Defend_R","Defend_R","Bash","Shrug It Off","Demon Form","Twin Strike","Heavy Blade","Sword Boomerang","Flame Barrier","Combust","Flex","Dropkick","Offering","Dark Embrace","Evolve","Havoc","Ghostly Armor","Limit Break","Blood for Blood","Heavy Blade","Headbutt+1","Armaments+1"],"relics":["Burning Blood","Oddly Smooth Stone","Pocketwatch","Self Forming Clay","OrangePellets","Odd Mushroom","Philosopher\u0027s Stone"],"acts_visited":["Exordium","TheCity"],"potions_floor_usage":[21,22],"damage_taken":[{"damage":4.0,"enemies":"Cultist","floor":1.0,"turns":5.0},{"damage":3.0,"enemies":"Small Slimes","floor":2.0,"turns":3.0},{"damage":0.0,"enemies":"2 Louse","floor":3.0,"turns":2.0},{"damage":38.0,"enemies":"3 Sentries","floor":6.0,"turns":6.0},{"damage":4.0,"enemies":"Large Slime","floor":7.0,"turns":2.0},{"damage":21.0,"enemies":"Gremlin Nob","floor":8.0,"turns":4.0},{"damage":6.0,"enemies":"Blue Slaver","floor":10.0,"turns":3.0},{"damage":6.0,"enemies":"2 Fungi Beasts","floor":11.0,"turns":2.0},{"damage":5.0,"enemies":"The Mushroom Lair","floor":13.0,"turns":4.0},{"damage":26.0,"enemies":"Exordium Thugs","floor":14.0,"turns":5.0},{"damage":17.0,"enemies":"Hexaghost","floor":16.0,"turns":8.0},{"damage":14.0,"enemies":"Shell Parasite","floor":18.0,"turns":5.0},{"damage":21.0,"enemies":"2 Thieves","floor":20.0,"turns":3.0},{"damage":32,"enemies":"3 Cultists","floor":21,"turns":5},{"damage":37,"enemies":"Shelled Parasite and Fungi","floor":22,"turns":8},{"damage":12,"enemies":"Book of Stabbing","floor":23,"turns":3}],"seed_played":"6005327992594723003","potions_obtained":[{"floor":3.0,"key":"LiquidBronze"},{"floor":6.0,"key":"Energy Potion"},{"floor":7.0,"key":"Dexterity Potion"},{"floor":13.0,"key":"Regen Potion"},{"floor":16.0,"key":"BloodPotion"},{"floor":20,"key":"EssenceOfSteel"}],"is_trial":false,"path_per_floor":["M","M","M","?","$","E","M","E","T","M","M","$","?","M","R","B",null,"M","?","M","M","M","E"],"character_chosen":"IRONCLAD","items_purchased":["Combust","Evolve","OrangePellets","True Grit"],"campfire_rested":1,"item_purchase_floors":[5,12,12,12],"current_hp_per_floor":[72,72,72,72,72,40,42,27,27,27,27,27,28,22,43,32,72,64,69,54,28,11,0,0],"gold":261,"neow_bonus":"TRANSFORM_TWO_CARDS","is_daily":false,"chose_seed":false,"campfire_upgraded":0,"win_rate":0.0,"timestamp":1610250299,"path_taken":["M","M","M","?","$","E","M","E","T","M","?","$","?","M","R","BOSS","M","?","M","?","M","E"],"items_purchased_type":["Card","Card","Relic","Card"],"build_version":"2020-12-22","purchased_purges":0,"victory":false,"max_hp_per_floor":[72,72,72,72,72,72,72,72,72,72,72,72,72,72,72,72,72,72,72,72,72,72,72,72],"card_choices":[{"not_picked":["Burning Pact","Intimidate"],"picked":"Twin Strike","floor":1.0},{"not_picked":["Cleave","Intimidate"],"picked":"Heavy Blade","floor":2.0},{"not_picked":["Sentinel","Armaments"],"picked":"Sword Boomerang","floor":3.0},{"not_picked":["Heavy Blade","Armaments"],"picked":"Flex","floor":6.0},{"not_picked":["Combust","Shrug It Off","Sword Boomerang"],"picked":"SKIP","floor":7.0},{"not_picked":["Metallicize","Infernal Blade"],"picked":"Dropkick","floor":8.0},{"not_picked":["Clash","Warcry"],"picked":"Offering","floor":10.0},{"not_picked":["Feel No Pain","Twin Strike"],"picked":"Dark Embrace","floor":11.0},{"not_picked":["Thunderclap","Headbutt"],"picked":"Havoc","floor":13.0},{"not_picked":["Havoc","Bloodletting"],"picked":"Ghostly Armor","floor":14.0},{"not_picked":["Impervious","Demon Form"],"picked":"Limit Break","floor":16.0},{"not_picked":["Blood for Blood","Anger","Sword Boomerang"],"picked":"SKIP","floor":18.0},{"not_picked":["Anger","Sword Boomerang"],"picked":"Blood for Blood","floor":18.0},{"not_picked":["Cleave","Armaments"],"picked":"Heavy Blade","floor":20},{"not_picked":["Body Slam+1","Dual Wield"],"picked":"Headbutt+1","floor":21},{"not_picked":["Pommel Strike","Combust"],"picked":"Armaments+1","floor":22}],"player_experience":182093,"relics_obtained":[{"floor":6.0,"key":"Oddly Smooth Stone"},{"floor":8.0,"key":"Pocketwatch"},{"floor":9.0,"key":"Self Forming Clay"},{"floor":13.0,"key":"Odd Mushroom"}],"event_choices":[{"damage_healed":0.0,"max_hp_gain":0.0,"max_hp_loss":0.0,"gold_gain":0.0,"cards_transformed":["Strike_R"],"event_name":"Transmorgrifier","player_choice":"Transformed","floor":4.0,"gold_loss":0.0,"damage_taken":0.0,"cards_obtained":["Flame Barrier"]},{"damage_healed":0.0,"max_hp_gain":0.0,"max_hp_loss":0.0,"gold_gain":0.0,"event_name":"Mushrooms","player_choice":"Fought Mushrooms","floor":13.0,"gold_loss":0.0,"damage_taken":0.0},{"cards_removed":["True Grit"],"damage_healed":5.0,"max_hp_gain":0.0,"max_hp_loss":0.0,"gold_gain":0.0,"event_name":"Bonfire Elementals","player_choice":"Offered Common","floor":19.0,"gold_loss":0.0,"damage_taken":0.0},{"cards_removed":["True Grit"],"damage_healed":5.0,"max_hp_gain":0.0,"max_hp_loss":0.0,"gold_gain":0.0,"event_name":"Bonfire Elementals","player_choice":"Offered Special","floor":19.0,"gold_loss":0.0,"damage_taken":0.0}],"is_beta":false,"boss_relics":[{"not_picked":["Calling Bell","SacredBark"],"picked":"Philosopher\u0027s Stone"}],"items_purged_floors":[],"is_endless":false,"potions_floor_spawned":[3,6,7,13,16,20],"killed_by":"Book of Stabbing","ascension_level":0}}