{"host":"vwj4ugm4vbv87wd6","time":1610237137,"event":{"mods":["AchievementEnabler","BaseMod","Bestiary","Minty Spire (QoL Compilation)","Permanent Neow","StSLib"],"gold_per_floor":[110,110,122,122,122,157,157,27,27,55,55,55,55],"floor_reached":12,"playtime":469,"items_purged":["Strike_P"],"score":168,"play_id":"d4ea28de-76c5-4022-b830-0bf1ea5372aa","local_time":"20210110130537","is_ascension_mode":true,"campfire_choices":[{"floor":7,"key":"REST"}],"circlet_count":0,"master_deck":["AscendersBane","Strike_P","Strike_P","Strike_P","Defend_P","Defend_P","Defend_P","Defend_P","Eruption","Vigilance","Weave","SashWhip+1","MentalFortress","Consecrate+1","CutThroughFate+1"],"relics":["Busted Crown","Molten Egg 2","Dream Catcher","Pen Nib","InkBottle"],"acts_visited":["Exordium"],"potions_floor_usage":[],"damage_taken":[{"damage":0,"enemies":"Jaw Worm","floor":1,"turns":3},{"damage":0,"enemies":"2 Louse","floor":3,"turns":2},{"damage":56,"enemies":"3 Sentries","floor":6,"turns":14},{"damage":10,"enemies":"Lagavulin","floor":10,"turns":5},{"damage":26,"enemies":"Gremlin Nob","floor":12,"turns":3}],"seed_played":"-206361191203966367","potions_obtained":[{"floor":1,"key":"Fruit Juice"}],"is_trial":false,"path_per_floor":["M","?","M","?","?","E","R","$","T","E","$","E"],"character_chosen":"WATCHER","items_purchased":["CutThroughFate+1"],"campfire_rested":1,"item_purchase_floors":[8],"current_hp_per_floor":[61,56,56,61,61,5,26,26,26,16,16,0,0],"gold":55,"neow_bonus":"BOSS_RELIC","is_daily":false,"chose_seed":false,"campfire_upgraded":0,"win_rate":0.0,"timestamp":1610237137,"path_taken":["M","?","M","?","?","E","R","$","T","E","$","E"],"items_purchased_type":["Card"],"build_version":"2020-12-22","purchased_purges":1,"victory":false,"max_hp_per_floor":[68,68,68,73,73,73,73,73,73,73,73,73,73],"card_choices":[{"not_picked":[],"picked":"Weave","floor":1},{"not_picked":[],"picked":"SashWhip+1","floor":3},{"not_picked":[],"picked":"MentalFortress","floor":6},{"not_picked":[],"picked":"Consecrate+1","floor":7},{"not_picked":["EmptyFist+1"],"picked":"SKIP","floor":10}],"player_experience":1111817,"relics_obtained":[{"floor":6,"key":"Dream Catcher"},{"floor":9,"key":"Pen Nib"},{"floor":10,"key":"InkBottle"}],"event_choices":[{"damage_healed":0,"gold_gain":0,"player_choice":"Success","damage_taken":5,"relics_obtained":["Molten Egg 2"],"max_hp_gain":0,"max_hp_loss":0,"event_name":"Scrap Ooze","floor":2,"gold_loss":0},{"damage_healed":0,"gold_gain":0,"player_choice":"Donut","damage_taken":0,"max_hp_gain":5,"max_hp_loss":0,"event_name":"Big Fish","floor":4,"gold_loss":0},{"damage_healed":0,"gold_gain":0,"player_choice":"Ignored","damage_taken":0,"max_hp_gain":0,"max_hp_loss":0,"event_name":"Liars Game","floor":5,"gold_loss":0}],"is_beta":false,"boss_relics":[],"items_purged_floors":[8],"is_endless":false,"potions_floor_spawned":[1],"killed_by":"Gremlin Nob","ascension_level":20}}