{"host":"dxmdoimsvept8qwy","time":1610254343,"event":{"mods":["BaseMod","Colored Powertips","Custom Start","Minty Spire (QoL Compilation)","StSLib"],"gold_per_floor":[111,130,148,158,177,177,177,208,255,255,7,18,193,218,218,317,317,300,335,37,55,55,55,55],"floor_reached":23,"playtime":1358,"items_purged":["Strike_G"],"score":213,"play_id":"760c5e3c-8346-4b13-affe-6142e274495a","local_time":"20210109235223","is_ascension_mode":true,"campfire_choices":[{"floor":6,"key":"RECALL"},{"data":"Well Laid Plans","floor":10,"key":"SMITH"},{"floor":15,"key":"REST"}],"circlet_count":0,"master_deck":["Strike_G","Strike_G","Strike_G","Defend_G","Defend_G","Defend_G","Defend_G","Defend_G","Survivor","Neutralize","Poisoned Stab","Tools of the Trade","Backflip","Bane","Well Laid Plans+1","Apotheosis","Dagger Throw","Doubt","Underhanded Strike","Envenom","Dagger Throw","Cloak And Dagger","Envenom","Noxious Fumes","Bandage Up","Blade Dance"],"relics":["Ring of the Snake","NeowsBlessing","TungstenRod","Singing Bowl","SacredBark","Red Mask","DollysMirror"],"acts_visited":["Exordium","TheCity"],"potions_floor_usage":[8,14,18,19,21,22],"damage_taken":[{"damage":0,"enemies":"Cultist","floor":1,"turns":1},{"damage":0,"enemies":"2 Louse","floor":2,"turns":1},{"damage":0,"enemies":"Small Slimes","floor":3,"turns":1},{"damage":0,"enemies":"Looter","floor":4,"turns":3},{"damage":2,"enemies":"Exordium Wildlife","floor":5,"turns":4},{"damage":35,"enemies":"Gremlin Nob","floor":8,"turns":6},{"damage":1,"enemies":"Red Slaver","floor":12,"turns":4},{"damage":3,"enemies":"3 Sentries","floor":14,"turns":8},{"damage":18,"enemies":"Slime Boss","floor":16,"turns":11},{"damage":10,"enemies":"2 Thieves","floor":18,"turns":4},{"damage":45,"enemies":"Masked Bandits","floor":19,"turns":6},{"damage":0,"enemies":"Chosen","floor":21,"turns":4},{"damage":0,"enemies":"Snake Plant","floor":22,"turns":2},{"damage":28,"enemies":"Gremlin Leader","floor":23,"turns":2}],"seed_played":"1028933380182895970","potions_obtained":[{"floor":2,"key":"SmokeBomb"},{"floor":5,"key":"PowerPotion"},{"floor":8,"key":"Block Potion"},{"floor":12,"key":"SpeedPotion"},{"floor":16,"key":"Poison Potion"},{"floor":19,"key":"ColorlessPotion"},{"floor":21,"key":"SpeedPotion"}],"is_trial":false,"path_per_floor":["M","M","M","M","M","R","?","E","T","R","$","M","?","E","R","B",null,"M","?","$","M","M","E"],"character_chosen":"THE_SILENT","items_purchased":["Apotheosis","DollysMirror","Noxious Fumes","Bandage Up"],"campfire_rested":1,"item_purchase_floors":[11,20,20,20],"current_hp_per_floor":[70,70,70,70,68,68,68,33,33,33,33,32,32,29,50,32,70,60,15,15,21,21,0,0],"gold":55,"neow_bonus":"THREE_ENEMY_KILL","is_daily":false,"chose_seed":false,"campfire_upgraded":1,"win_rate":0.0,"timestamp":1610254343,"path_taken":["M","M","M","M","?","R","?","E","T","R","$","?","?","E","R","BOSS","M","?","$","M","M","E"],"items_purchased_type":["Card","Relic","Card","Card"],"build_version":"2020-12-22","purchased_purges":1,"victory":false,"max_hp_per_floor":[70,70,70,70,70,70,70,70,70,70,70,70,70,70,70,70,70,70,70,70,70,70,70,70],"card_choices":[{"not_picked":["PiercingWail","Sucker Punch"],"picked":"Poisoned Stab","floor":1},{"not_picked":["Deflect","Concentrate"],"picked":"Tools of the Trade","floor":2},{"not_picked":["Finisher","Deflect"],"picked":"Backflip","floor":3},{"not_picked":["Terror","Flying Knee"],"picked":"Bane","floor":4},{"not_picked":["Backflip","Outmaneuver"],"picked":"Well Laid Plans","floor":5},{"not_picked":["Quick Slash","Setup","Slice"],"picked":"SKIP","floor":8},{"not_picked":["Malaise","Skewer"],"picked":"Dagger Throw","floor":12},{"not_picked":["Setup","Endless Agony"],"picked":"Underhanded Strike","floor":14},{"not_picked":["Unload","Die Die Die"],"picked":"Envenom","floor":16},{"not_picked":["Dodge and Roll+1","Backflip"],"picked":"Dagger Throw","floor":18},{"not_picked":["Quick Slash","Backflip"],"picked":"Cloak And Dagger","floor":19},{"not_picked":["Grand Finale","Concentrate+1"],"picked":"Blade Dance","floor":21}],"player_experience":1008756,"relics_obtained":[{"floor":8,"key":"TungstenRod"},{"floor":14,"key":"Singing Bowl"},{"floor":19,"key":"Red Mask"}],"event_choices":[{"cards_removed":["Strike_G"],"damage_healed":0,"gold_gain":0,"player_choice":"Purged","damage_taken":0,"max_hp_gain":0,"max_hp_loss":0,"event_name":"Purifier","floor":7,"gold_loss":0},{"damage_healed":0,"gold_gain":175,"player_choice":"AGREE","damage_taken":0,"max_hp_gain":0,"max_hp_loss":0,"event_name":"Liars Game","floor":13,"gold_loss":0,"cards_obtained":["Doubt"]},{"damage_healed":0,"gold_gain":0,"player_choice":"Fought Bandits","damage_taken":0,"max_hp_gain":0,"max_hp_loss":0,"event_name":"Masked Bandits","floor":19,"gold_loss":0}],"is_beta":false,"boss_relics":[{"not_picked":["Sozu","Astrolabe"],"picked":"SacredBark"}],"items_purged_floors":[11],"is_endless":false,"potions_floor_spawned":[2,5,8,12,16,19,21,22],"killed_by":"Gremlin Leader","ascension_level":1}}