{"host":"n9oz7eo077gsfu2d","time":1610261173,"event":{"mods":["2.2 Compatiblity","BaseMod","Colored Map","Custom Start","DeckTracker","KOR Keyword Fix","Minty Spire (QoL Compilation)","StSLib","SuperFastMode"],"gold_per_floor":[118,118,118,118,43,83,83,102,102,2,20,40,40,65,65,193,193,218,236,336,349,349,349,382,297,309,342,354,366,391,421,433,571,583,616,44,60,76,0,40,40,63,87,13,26,51,51,71,71,71],"floor_reached":51,"playtime":1988,"items_purged":["Defend_G","Strike_G+1","Defend_G"],"score":726,"play_id":"a4a584f2-cad5-4980-a30e-4121cb5cd88d","local_time":"20210110154613","is_ascension_mode":false,"campfire_choices":[{"data":"Noxious Fumes","floor":7.0,"key":"SMITH"},{"data":"Adrenaline","floor":13.0,"key":"SMITH"},{"floor":15.0,"key":"REST"},{"data":"After Image","floor":23.0,"key":"SMITH"},{"data":"Neutralize","floor":28.0,"key":"SMITH"},{"data":"Dagger Spray","floor":32.0,"key":"SMITH"},{"data":"PiercingWail","floor":41.0,"key":"SMITH"}],"circlet_count":0,"master_deck":["Strike_G+1","Strike_G+1","Strike_G+1","Defend_G+1","Defend_G+1","Defend_G+1","Survivor+1","Neutralize+1","Noxious Fumes+1","Adrenaline+1","After Image+1","Escape Plan+1","Deadly Poison+1","Terror+1","PiercingWail+1","Dagger Spray+1","Blur+1","Footwork+1","Corpse Explosion+1","Blur+1","Footwork+1"],"relics":["Ring of the Snake","NeowsBlessing","Golden Idol","Bird Faced Urn","Dream Catcher","Coffee Dripper","HornCleat","MawBank","Gremlin Horn","Bottled Lightning","Runic Dome","TheAbacus","Lantern","Art of War","Red Mask","Blood Vial","Strawberry","Mark of the Bloom"],"acts_visited":["Exordium","TheCity","TheBeyond"],"potions_floor_usage":[],"damage_taken":[{"damage":0.0,"enemies":"2 Louse","floor":1.0,"turns":1.0},{"damage":0.0,"enemies":"Gremlin Nob","floor":6.0,"turns":1.0},{"damage":0.0,"enemies":"Small Slimes","floor":8.0,"turns":1.0},{"damage":0.0,"enemies":"Jaw Worm","floor":11.0,"turns":5.0},{"damage":0.0,"enemies":"Blue Slaver","floor":12.0,"turns":4.0},{"damage":4.0,"enemies":"3 Louse","floor":14.0,"turns":3.0},{"damage":16.0,"enemies":"Slime Boss","floor":16.0,"turns":10.0},{"damage":0.0,"enemies":"Shell Parasite","floor":18.0,"turns":9.0},{"damage":0.0,"enemies":"Spheric Guardian","floor":19.0,"turns":8.0},{"damage":0.0,"enemies":"Snake Plant","floor":21.0,"turns":8.0},{"damage":10.0,"enemies":"Book of Stabbing","floor":24.0,"turns":7.0},{"damage":7.0,"enemies":"Centurion and Healer","floor":27.0,"turns":7.0},{"damage":1.0,"enemies":"Snecko","floor":30.0,"turns":6.0},{"damage":11.0,"enemies":"3 Cultists","floor":31.0,"turns":8.0},{"damage":19.0,"enemies":"Collector","floor":33.0,"turns":10.0},{"damage":15.0,"enemies":"3 Shapes","floor":35.0,"turns":5.0},{"damage":15.0,"enemies":"3 Darklings","floor":37.0,"turns":5.0},{"damage":0.0,"enemies":"Transient","floor":38.0,"turns":5.0},{"damage":23.0,"enemies":"Reptomancer","floor":40.0,"turns":7.0},{"damage":5.0,"enemies":"Jaw Worm Horde","floor":42.0,"turns":5.0},{"damage":0.0,"enemies":"Maw","floor":45.0,"turns":8.0},{"damage":0.0,"enemies":"Spire Growth","floor":46.0,"turns":6.0},{"damage":0.0,"enemies":"Jaw Worm Horde","floor":48.0,"turns":3.0},{"damage":51,"enemies":"Time Eater","floor":50,"turns":15}],"seed_played":"6803659703630204126","potions_obtained":[{"floor":1.0,"key":"Energy Potion"},{"floor":12.0,"key":"DuplicationPotion"},{"floor":16.0,"key":"Ancient Potion"},{"floor":18.0,"key":"Block Potion"},{"floor":21.0,"key":"Weak Potion"},{"floor":30.0,"key":"Energy Potion"},{"floor":40.0,"key":"AttackPotion"},{"floor":42.0,"key":"FairyPotion"}],"is_trial":false,"path_per_floor":["M","?","?","?","$","E","R","M","T","$","M","M","R","M","R","B",null,"M","M","?","M","?","R","E","?","T","M","R","T","M","M","R","B",null,"M","$","M","M","?","E","R","M","T","$","M","M","?","M","R","B",null],"character_chosen":"THE_SILENT","items_purchased":["TheAbacus","Lantern","Art of War","Corpse Explosion"],"campfire_rested":1,"item_purchase_floors":[36,36,36,44],"current_hp_per_floor":[70,53,39,39,39,39,39,39,39,39,41,43,43,41,62,50,70,70,70,70,70,70,70,60,60,60,57,57,57,60,53,53,38,70,55,55,44,48,48,29,29,30,37,37,45,53,53,53,53,2],"gold":71,"neow_bonus":"THREE_ENEMY_KILL","is_daily":false,"chose_seed":false,"campfire_upgraded":6,"win_rate":0.0,"timestamp":1610261173,"path_taken":["M","?","?","?","?","E","R","?","T","$","M","M","R","M","R","BOSS","M","M","?","?","?","R","E","?","T","M","R","?","M","M","R","BOSS","M","$","M","M","?","E","R","M","T","$","M","M","?","M","R","BOSS"],"items_purchased_type":["Relic","Relic","Relic","Card"],"build_version":"2020-12-22","purchased_purges":3,"victory":true,"max_hp_per_floor":[70,70,70,70,70,70,70,70,70,70,70,70,70,70,70,70,70,70,70,70,70,70,70,70,70,70,70,70,70,70,70,70,70,70,70,70,70,70,70,70,70,70,77,77,77,77,77,77,77,77],"card_choices":[{"not_picked":["Backflip","Underhanded Strike"],"picked":"Noxious Fumes","floor":1.0},{"not_picked":["Cloak And Dagger","Predator","Accuracy"],"picked":"SKIP","floor":6.0},{"not_picked":["Acrobatics","Outmaneuver","Noxious Fumes"],"picked":"SKIP","floor":8.0},{"not_picked":["Choke","Outmaneuver","Dagger Throw"],"picked":"SKIP","floor":11.0},{"not_picked":["Dodge and Roll","Backstab"],"picked":"Adrenaline","floor":12.0},{"not_picked":["Bane","Distraction","Dodge and Roll"],"picked":"SKIP","floor":14.0},{"not_picked":["Glass Knife","Malaise"],"picked":"After Image","floor":16.0},{"not_picked":["Finisher","Backflip","Outmaneuver"],"picked":"SKIP","floor":18.0},{"not_picked":["Endless Agony","Prepared"],"picked":"Escape Plan+1","floor":19.0},{"not_picked":["Slice","Finisher"],"picked":"Deadly Poison","floor":21.0},{"not_picked":["Backflip","Cloak And Dagger"],"picked":"Terror+1","floor":24.0},{"not_picked":["Caltrops+1","Underhanded Strike+1","Escape Plan"],"picked":"SKIP","floor":27.0},{"not_picked":["Eviscerate+1","Dagger Throw"],"picked":"PiercingWail","floor":30.0},{"not_picked":["Expertise","Deadly Poison"],"picked":"Dagger Spray","floor":31.0},{"not_picked":["Cloak And Dagger+1","Riddle With Holes+1","Outmaneuver+1"],"picked":"SKIP","floor":35.0},{"not_picked":["Deadly Poison","Poisoned Stab+1","Outmaneuver"],"picked":"SKIP","floor":37.0},{"not_picked":["Dagger Spray","Cloak And Dagger+1","Dagger Throw"],"picked":"SKIP","floor":38.0},{"not_picked":["Expertise","Poisoned Stab+1"],"picked":"Blur+1","floor":40.0},{"not_picked":["Blade Dance+1","Acrobatics+1"],"picked":"Footwork+1","floor":42.0},{"not_picked":["Concentrate+1","Blade Dance"],"picked":"Blur+1","floor":45.0},{"not_picked":["Flying Knee","Corpse Explosion"],"picked":"Footwork+1","floor":46.0},{"not_picked":["Dagger Throw","Acrobatics","Sucker Punch+1"],"picked":"SKIP","floor":48}],"player_experience":103665,"relics_obtained":[{"floor":6.0,"key":"Bird Faced Urn"},{"floor":9.0,"key":"Dream Catcher"},{"floor":24.0,"key":"HornCleat"},{"floor":26.0,"key":"Gremlin Horn"},{"floor":29.0,"key":"Bottled Lightning"},{"floor":40.0,"key":"Blood Vial"},{"floor":43.0,"key":"Strawberry"}],"event_choices":[{"damage_healed":0.0,"max_hp_gain":0.0,"max_hp_loss":0.0,"gold_gain":0.0,"event_name":"Golden Idol","player_choice":"Take Damage","floor":2.0,"gold_loss":0.0,"damage_taken":17.0,"relics_obtained":["Golden Idol"]},{"damage_healed":0.0,"max_hp_gain":0.0,"max_hp_loss":0.0,"gold_gain":0.0,"event_name":"Shining Light","player_choice":"Entered Light","floor":3.0,"gold_loss":0.0,"damage_taken":14.0,"cards_upgraded":["Survivor","Strike_G"]},{"cards_removed":["Strike_G"],"damage_healed":0.0,"max_hp_gain":0.0,"max_hp_loss":0.0,"gold_gain":0.0,"event_name":"Living Wall","player_choice":"Forget","floor":4.0,"gold_loss":0.0,"damage_taken":0.0},{"damage_healed":0.0,"max_hp_gain":0.0,"max_hp_loss":0.0,"gold_gain":100.0,"event_name":"Golden Shrine","player_choice":"Pray","floor":20.0,"gold_loss":0.0,"damage_taken":0.0},{"damage_healed":0.0,"max_hp_gain":0.0,"max_hp_loss":0.0,"gold_gain":0.0,"event_name":"Ghosts","player_choice":"Ignored","floor":22.0,"gold_loss":0.0,"damage_taken":0.0},{"damage_healed":0.0,"max_hp_gain":0.0,"max_hp_loss":0.0,"gold_gain":0.0,"event_name":"Addict","player_choice":"Obtained Relic","floor":25.0,"gold_loss":85.0,"damage_taken":0.0,"relics_obtained":["MawBank"]},{"damage_healed":0.0,"max_hp_gain":0.0,"max_hp_loss":0.0,"gold_gain":0.0,"event_name":"Tomb of Lord Red Mask","player_choice":"Paid","floor":39.0,"gold_loss":76.0,"damage_taken":0.0,"relics_obtained":["Red Mask"]},{"damage_healed":0.0,"max_hp_gain":0.0,"max_hp_loss":0.0,"gold_gain":0.0,"event_name":"MindBloom","player_choice":"Upgrade","floor":47.0,"gold_loss":0.0,"damage_taken":0.0,"cards_upgraded":["Strike_G","Strike_G","Strike_G","Defend_G","Defend_G","Defend_G","Deadly Poison","Corpse Explosion"],"relics_obtained":["Mark of the Bloom"]}],"is_beta":false,"boss_relics":[{"not_picked":["Busted Crown","HoveringKite"],"picked":"Coffee Dripper"},{"not_picked":["Fusion Hammer","WristBlade"],"picked":"Runic Dome"}],"items_purged_floors":[5,10,36],"is_endless":false,"potions_floor_spawned":[1,12,16,18,21,30,40,42,45,48],"ascension_level":0}}