{"host":"ha6p5pdchuduffeg","time":1610248582,"event":{"mods":["Act Like it!","BaseMod","Gensokyo","KinomotoSakuraMod(ƒæ÷Æ±æ”£)","Koishi","Marisa£®ÏF”Í°°ƒß¿Ì…≥£©","Minty Spire (QoL Compilation)","Reimu£®≤©¿ˆ¡È√Œ£©","Remilia£®¿Ÿ√◊¿Ú—«£©","Replay The Spire","StSLib","The Servant 0.9.4","Youmu£®ªÍ∆«—˝√Œ£©"],"gold_per_floor":[20,33,33,124,124,151,3,3,29,44,54,54,1,18,18,119,169,184,184,184,283,301,330,330,365,365,391,391,98,98,112,112,215,215,234,234,247,258,13,13,40,40,40,40,0,17,17,33,33,33],"floor_reached":51,"playtime":2042,"items_purged":[],"score":790,"play_id":"c10eb94e-a1aa-4735-8e5b-dc8ad71df672","local_time":"20210110111622","is_ascension_mode":true,"campfire_choices":[{"data":"MillisecondPulsars","floor":8.0,"key":"SMITH"},{"floor":15.0,"key":"REST"},{"floor":24.0,"key":"REST"},{"data":"BlazeAway","floor":28.0,"key":"SMITH"},{"floor":30.0,"key":"REST"},{"data":"LuminesStrike","floor":32.0,"key":"SMITH"},{"data":"MasterSpark","floor":40.0,"key":"SMITH"},{"data":"GrandCross","floor":42.0,"key":"SMITH"},{"floor":44.0,"key":"REST"},{"data":"DC","floor":49,"key":"SMITH"}],"circlet_count":0,"master_deck":["Strike_MRS","Strike_MRS+1","Strike_MRS","Strike_MRS+1","Defend_MRS+1","Defend_MRS+1","Defend_MRS","Defend_MRS","MasterSpark+1","UpSweep","SuperPerseids+1","GrandCross+1","MysteriousBeam+1","MillisecondPulsars+1","EarthLightRay+1","BlazingStar+1","MysteriousBeam+1","BlazeAway+1","MagicChant+1","GravityBeat+1","LuminesStrike+1","DC+1","SuperPerseids+1","PowerUp+1","ShootTheMoon+1"],"relics":["MiniHakkero","Gremlin Food","Pocketwatch","Strange Spoon","ReplayTheSpireMod:Lightbulb","ReplayFunnel","Happy Flower","Tiny House","MutagenicStrength","ReplayTheSpireMod:Ninjato","Replay:Bottled Eggs","Snack Pack","Replay:Towering Pillar of Hats","Guide Book","Omamori","Calling Bell","PreservedInsect","Replay:Bottled Steam","Replay:Bottled Flurry","Orichalcum","Red Mask"],"acts_visited":["Exordium","TheCity","TheBeyond"],"potions_floor_usage":[50],"damage_taken":[{"damage":1.0,"enemies":"Jaw Worm","floor":1.0,"turns":3.0},{"damage":0.0,"enemies":"2 Louse","floor":2.0,"turns":3.0},{"damage":26.0,"enemies":"Lagavulin","floor":6.0,"turns":5.0},{"damage":3.0,"enemies":"Small Slimes","floor":10.0,"turns":3.0},{"damage":15.0,"enemies":"Gremlin Gang","floor":11.0,"turns":4.0},{"damage":7.0,"enemies":"Blue Slaver","floor":14.0,"turns":2.0},{"damage":11.0,"enemies":"Fading Forest","floor":16.0,"turns":11.0},{"damage":8.0,"enemies":"Shell Parasite","floor":18.0,"turns":3.0},{"damage":0.0,"enemies":"Spheric Guardian","floor":22.0,"turns":3.0},{"damage":27.0,"enemies":"Book of Stabbing","floor":23.0,"turns":3.0},{"damage":16.0,"enemies":"Slavers","floor":25.0,"turns":4.0},{"damage":15.0,"enemies":"Replay:Snechameleon","floor":27.0,"turns":2.0},{"damage":0.0,"enemies":"Snake Plant","floor":31.0,"turns":2.0},{"damage":16.0,"enemies":"Pondfish","floor":33.0,"turns":5.0},{"damage":15.0,"enemies":"Orb Walker","floor":35.0,"turns":2.0},{"damage":11.0,"enemies":"3 Darklings","floor":37.0,"turns":3.0},{"damage":20.0,"enemies":"4 Shapes","floor":38.0,"turns":4.0},{"damage":10.0,"enemies":"R_Hoarder","floor":41.0,"turns":3.0},{"damage":19.0,"enemies":"Jaw Worm Horde","floor":46.0,"turns":2.0},{"damage":0,"enemies":"Maw","floor":48,"turns":4},{"damage":103,"enemies":"Awakened One","floor":50,"turns":7}],"seed_played":"-8110430267550668866","potions_obtained":[{"floor":1.0,"key":"Cursed Concoction"},{"floor":10.0,"key":"ZuzhouPotion:ReiMu"},{"floor":11.0,"key":"Weak Potion"},{"floor":22.0,"key":"Toxic Potion"},{"floor":27.0,"key":"Block Potion"},{"floor":37.0,"key":"Languid Potion"},{"floor":38.0,"key":"DuplicationPotion"}],"is_trial":false,"path_per_floor":["M","M","?","?","?","E","$","R","T","M","M","?","?","M","R","B",null,"M","?","$","?","M","E","R","E","T","E","R","$","R","M","R","B",null,"M","?","M","M","$","R","E","R","T","R","?","M","$","M","R","B",null],"character_chosen":"MARISA","items_purchased":["Strange Spoon","Guide Book","Omamori","Replay:Bottled Flurry"],"campfire_rested":4,"item_purchase_floors":[7,29,29,39],"current_hp_per_floor":[88,88,88,88,88,62,62,62,62,59,44,41,41,38,64,67,94,90,90,90,90,90,67,94,78,78,71,71,71,94,94,94,94,94,81,81,82,72,72,72,76,76,76,94,94,79,79,94,94,11],"gold":33,"neow_bonus":"TWENTY_PERCENT_HP_BONUS","is_daily":false,"chose_seed":false,"campfire_upgraded":6,"win_rate":0.0,"timestamp":1610248582,"path_taken":["M","M","?","?","?","E","$","R","T","M","M","?","?","?","R","BOSS","M","?","$","?","M","E","R","E","T","E","R","?","R","M","R","BOSS","M","?","M","M","$","R","E","R","T","R","?","M","?","M","R","BOSS"],"items_purchased_type":["Relic","Relic","Relic","Relic"],"build_version":"2020-12-22","purchased_purges":0,"victory":true,"max_hp_per_floor":[89,89,89,89,89,89,89,89,89,89,89,89,89,89,89,89,94,94,94,94,94,94,94,94,94,94,94,94,94,94,94,94,94,94,94,94,94,94,94,94,94,94,94,94,94,94,94,94,94,94],"card_choices":[{"not_picked":["SprinkleStarSeal","StarBarrage"],"picked":"SuperPerseids","floor":1.0},{"not_picked":["GravityBeat","IllusionStar"],"picked":"GrandCross","floor":2.0},{"not_picked":["OpenUniverse","6A"],"picked":"MysteriousBeam","floor":4.0},{"not_picked":["Acceleration","Orbital"],"picked":"MillisecondPulsars","floor":6.0},{"not_picked":["DeepEcoloBomb","MagicChant","AlicesGift"],"picked":"SKIP","floor":10.0},{"not_picked":["NonDirectionalLaser","MilkyWay"],"picked":"EarthLightRay","floor":11.0},{"not_picked":["SporeBomb","PowerUp","WitchLeyline"],"picked":"SKIP","floor":14.0},{"not_picked":["BigCrunch","MaximisePower"],"picked":"BlazingStar","floor":16.0},{"not_picked":["LuminesStrike","DoubleSpark"],"picked":"MysteriousBeam","floor":17.0},{"not_picked":["6A","ChargeUpSpray"],"picked":"BlazeAway","floor":18.0},{"not_picked":["Robbery","OortCloud","WitchLeyline"],"picked":"SKIP","floor":22.0},{"not_picked":["GalacticHalo","IllusionStar"],"picked":"MagicChant+1","floor":23.0},{"not_picked":["GalacticHalo","ShootingEcho+1","AsteroidBelt+1"],"picked":"SKIP","floor":25.0},{"not_picked":["MaximisePower","Acceleration+1"],"picked":"GravityBeat+1","floor":27.0},{"not_picked":["6A","EventHorizon"],"picked":"LuminesStrike","floor":31.0},{"not_picked":["SuperPerseids","PowerUp"],"picked":"DC","floor":35.0},{"not_picked":["OortCloud+1","WitchOfGreed+1"],"picked":"SuperPerseids+1","floor":37.0},{"not_picked":["EventHorizon","Robbery","DoubleSpark"],"picked":"SKIP","floor":38.0},{"not_picked":["WitchOfGreed","GalacticHalo","ManaConvection+1"],"picked":"SKIP","floor":41.0},{"not_picked":["CasketOfStar","ManaConvection"],"picked":"PowerUp+1","floor":46.0},{"not_picked":["AlicesGift","IllusionStar+1"],"picked":"ShootTheMoon+1","floor":48}],"player_experience":40868,"relics_obtained":[{"floor":4.0,"key":"Gremlin Food"},{"floor":6.0,"key":"Pocketwatch"},{"floor":9.0,"key":"ReplayTheSpireMod:Lightbulb"},{"floor":23.0,"key":"ReplayTheSpireMod:Ninjato"},{"floor":25.0,"key":"Replay:Bottled Eggs"},{"floor":26.0,"key":"Snack Pack"},{"floor":27.0,"key":"Replay:Towering Pillar of Hats"},{"floor":34.0,"key":"PreservedInsect"},{"floor":34.0,"key":"Replay:Bottled Steam"},{"floor":41.0,"key":"Orichalcum"}],"event_choices":[{"damage_healed":0.0,"max_hp_gain":0.0,"max_hp_loss":0.0,"gold_gain":0.0,"event_name":"The Cleric","player_choice":"Leave","floor":5.0,"gold_loss":0.0,"damage_taken":0.0},{"damage_healed":0.0,"max_hp_gain":0.0,"max_hp_loss":0.0,"gold_gain":0.0,"event_name":"Scrap Ooze","player_choice":"Success","floor":12.0,"gold_loss":0.0,"damage_taken":3.0,"relics_obtained":["ReplayFunnel"]},{"damage_healed":0.0,"max_hp_gain":0.0,"max_hp_loss":0.0,"gold_gain":0.0,"event_name":"WeMeetAgain","player_choice":"Paid Gold","floor":13.0,"gold_loss":53.0,"damage_taken":0.0,"relics_obtained":["Happy Flower"]},{"damage_healed":0.0,"max_hp_gain":0.0,"max_hp_loss":0.0,"gold_gain":0.0,"event_name":"Drug Dealer","player_choice":"Inject Mutagens","floor":19.0,"gold_loss":0.0,"damage_taken":0.0,"relics_obtained":["MutagenicStrength"]},{"damage_healed":0.0,"max_hp_gain":0.0,"max_hp_loss":0.0,"gold_gain":99.0,"event_name":"Nest","player_choice":"Stole From Cult","floor":21.0,"gold_loss":0.0,"damage_taken":0.0},{"damage_healed":0.0,"max_hp_gain":0.0,"max_hp_loss":0.0,"gold_gain":0.0,"event_name":"SensoryStone","player_choice":"Memory 1","floor":36.0,"gold_loss":0.0,"damage_taken":0.0},{"damage_healed":0.0,"max_hp_gain":0.0,"max_hp_loss":0.0,"gold_gain":0.0,"event_name":"Tomb of Lord Red Mask","player_choice":"Paid","floor":45.0,"gold_loss":40.0,"damage_taken":0.0,"relics_obtained":["Red Mask"]}],"is_beta":false,"boss_relics":[{"not_picked":["Runic Dome","Sozu"],"picked":"Tiny House"},{"not_picked":["RampagingMagicTools","Philosopher\u0027s Stone"],"picked":"Calling Bell"}],"items_purged_floors":[],"is_endless":false,"potions_floor_spawned":[1,10,11,16,22,27,31,37,38,48],"ascension_level":1}}