{"host":"s4ae7avgknp5vwpe","time":1610314701,"event":{"mods":["BaseMod","Minty Spire (QoL Compilation)"],"gold_per_floor":[109,120,26,43,43,43,53,64,64,77,77,103,115,130,130,230,230,243,258,258,274,290,290,290],"floor_reached":23,"playtime":1338,"items_purged":[],"score":199,"play_id":"ae4b5fe6-32a0-4dd0-a45f-875f71e164a1","local_time":"20210110133821","is_ascension_mode":false,"campfire_choices":[{"data":"Terror","floor":6,"key":"SMITH"},{"data":"Tools of the Trade","floor":11,"key":"SMITH"},{"floor":15,"key":"REST"}],"circlet_count":0,"master_deck":["Strike_G","Strike_G","Strike_G","Defend_G","Defend_G","Defend_G","Defend_G","Defend_G","Survivor","Neutralize","Tools of the Trade+1","Poisoned Stab","Terror+1","Finesse","Eviscerate","Dagger Spray","Tactician","Backflip","Calculated Gamble","A Thousand Cuts","CurseOfTheBell","Footwork"],"relics":["Ring of the Snake","Shuriken","Dream Catcher","Calling Bell","Vajra","Unceasing Top","Singing Bowl"],"acts_visited":["Exordium","TheCity"],"potions_floor_usage":[16,16,21,23,23],"damage_taken":[{"damage":13,"enemies":"Jaw Worm","floor":1,"turns":6},{"damage":0,"enemies":"Cultist","floor":2,"turns":3},{"damage":0,"enemies":"2 Louse","floor":4,"turns":3},{"damage":2,"enemies":"Large Slime","floor":7,"turns":9},{"damage":6,"enemies":"Exordium Wildlife","floor":8,"turns":4},{"damage":0,"enemies":"2 Fungi Beasts","floor":10,"turns":3},{"damage":29,"enemies":"Lagavulin","floor":12,"turns":5},{"damage":0,"enemies":"Looter","floor":13,"turns":4},{"damage":0,"enemies":"Large Slime","floor":14,"turns":5},{"damage":1,"enemies":"Slime Boss","floor":16,"turns":5},{"damage":25,"enemies":"2 Thieves","floor":18,"turns":4},{"damage":0,"enemies":"Chosen","floor":19,"turns":4},{"damage":24,"enemies":"3 Cultists","floor":21,"turns":4},{"damage":0,"enemies":"Centurion and Healer","floor":22,"turns":6},{"damage":29,"enemies":"Slavers","floor":23,"turns":3}],"seed_played":"-2618175297154892908","potions_obtained":[{"floor":1,"key":"FearPotion"},{"floor":7,"key":"Strength Potion"},{"floor":13,"key":"PowerPotion"},{"floor":14,"key":"Weak Potion"},{"floor":19,"key":"LiquidBronze"},{"floor":21,"key":"Block Potion"},{"floor":22,"key":"Swift Potion"}],"is_trial":false,"path_per_floor":["M","M","$","M","?","R","M","M","T","M","R","E","M","M","R","B",null,"M","M","?","M","M","E"],"character_chosen":"THE_SILENT","items_purchased":["Finesse"],"campfire_rested":1,"item_purchase_floors":[3],"current_hp_per_floor":[57,57,57,57,57,57,55,49,49,49,49,20,20,20,41,40,70,47,49,49,25,27,0,0],"gold":290,"neow_bonus":"TRANSFORM_CARD","is_daily":false,"chose_seed":false,"campfire_upgraded":2,"win_rate":0.0,"timestamp":1610314701,"path_taken":["M","M","$","M","?","R","M","?","T","M","R","E","M","M","R","BOSS","M","M","?","M","M","E"],"items_purchased_type":["Card"],"build_version":"2020-12-22","purchased_purges":0,"victory":false,"max_hp_per_floor":[70,70,70,70,70,70,70,70,70,70,70,70,70,70,70,70,70,72,74,74,74,76,76,76],"card_choices":[{"not_picked":["Bane","Deflect"],"picked":"Poisoned Stab","floor":1},{"not_picked":["Masterful Stab","Blade Dance"],"picked":"Terror","floor":2},{"not_picked":["Well Laid Plans","Prepared","Deflect"],"picked":"SKIP","floor":4},{"not_picked":["Outmaneuver","Unload","Quick Slash"],"picked":"SKIP","floor":7},{"not_picked":["Sucker Punch","Riddle With Holes"],"picked":"Dagger Spray","floor":8},{"not_picked":["Outmaneuver","Wraith Form v2","Dagger Spray"],"picked":"SKIP","floor":10},{"not_picked":["Outmaneuver","Expertise"],"picked":"Tactician","floor":12},{"not_picked":["Deadly Poison","Quick Slash"],"picked":"Backflip","floor":13},{"not_picked":["Slice","Well Laid Plans"],"picked":"Calculated Gamble","floor":14},{"not_picked":["Phantasmal Killer","Storm of Steel"],"picked":"A Thousand Cuts","floor":16},{"not_picked":["Quick Slash","Backflip+1","Flechettes"],"picked":"Singing Bowl","floor":18},{"not_picked":["Prepared","Calculated Gamble","Quick Slash"],"picked":"Singing Bowl","floor":19},{"not_picked":["Burst","Cloak And Dagger"],"picked":"Footwork","floor":21},{"not_picked":["Riddle With Holes","Accuracy","Tactician"],"picked":"Singing Bowl","floor":22}],"player_experience":243519,"relics_obtained":[{"floor":9,"key":"Shuriken"},{"floor":12,"key":"Dream Catcher"},{"floor":17,"key":"Vajra"},{"floor":17,"key":"Unceasing Top"},{"floor":17,"key":"Singing Bowl"}],"event_choices":[{"damage_healed":0,"gold_gain":0,"cards_transformed":["Strike_G"],"player_choice":"Transformed","damage_taken":0,"max_hp_gain":0,"max_hp_loss":0,"event_name":"Transmorgrifier","floor":5,"gold_loss":0,"cards_obtained":["Eviscerate"]},{"damage_healed":0,"gold_gain":0,"player_choice":"Ignored","damage_taken":0,"max_hp_gain":0,"max_hp_loss":0,"event_name":"Cursed Tome","floor":20,"gold_loss":0}],"is_beta":false,"boss_relics":[{"not_picked":["Philosopher\u0027s Stone","Tiny House"],"picked":"Calling Bell"}],"items_purged_floors":[],"is_endless":false,"potions_floor_spawned":[1,7,13,14,19,21,22],"killed_by":"Slavers","ascension_level":0}}