{"host":"brd61wijv1cf72gn","time":1610254159,"event":{"mods":["Act Like it!","BaseMod","Conspire","Gensokyo","Marisa£®ÏF”Í°°ƒß¿Ì…≥£©","Minty Spire (QoL Compilation)","Replay The Spire","StSLib","The Bug Knight","The Cursed","The Runesmith","The Servant 0.9.4"],"gold_per_floor":[117,17,37,37,52,63,63,82,131,131,150,181,208,243,243,347,347,358,358,369,249,260,594,608,608,608,628,628,301,301,70,70,169,169,184,84,84,192,210,241,241,256,256,49,61,61,77,94,94,94],"floor_reached":51,"playtime":3430,"items_purged":["Strike_G","Spreading Infection"],"score":819,"play_id":"96e89bc2-906b-4d57-b4bc-f7d1c6364078","local_time":"20210110124919","is_ascension_mode":false,"campfire_choices":[{"floor":10.0,"key":"REST"},{"data":"conspire:DoublingDagger","floor":15.0,"key":"SMITH"},{"floor":28.0,"key":"REST"},{"data":"Gensokyo:SevenSchoolMysteries","floor":30.0,"key":"SMITH"},{"data":"Neutralize","floor":32.0,"key":"SMITH"},{"floor":41.0,"key":"REST"},{"floor":49.0,"key":"REST"}],"circlet_count":0,"master_deck":["Defend_G","Defend_G","Defend_G","Survivor","Neutralize+1","Blur","Acrobatics","Dagger Spray+1","Dagger Spray+1","PiercingWail","Dagger Spray+1","conspire:DoublingDagger+1","Dagger Spray+1","Glass Knife+1","Quick Slash+1","Well Laid Plans","Prepared","Dagger Throw+1","Gensokyo:SevenSchoolMysteries+1","Envenom","Decay","ReplayTheSpireMod:Shiv Toss+1","Infinite Blades","Footwork+1","Bane+1","Gensokyo:ManorOfTheDishes","Blade Dance","Blade Dance+1"],"relics":["Ring of the Snake","Molten Egg 2","Gensokyo:CelestialsFlawlessClothing","Runesmith:AutoHammer","ReplayTheSpireMod:Ninjato","Bag of Marbles","Oddly Smooth Stone","HoveringKite","Snack Pack","Gensokyo:LionMask","Old Coin","HandDrill","Kintsugi","PreservedInsect","Centennial Puzzle","Whetstone","Lizard Tail"],"acts_visited":["Exordium","Gensokyo:Gensokyo","Gensokyo:Gensokyoer"],"potions_floor_usage":[50],"damage_taken":[{"damage":1.0,"enemies":"Gensokyo:2_Kodama","floor":1.0,"turns":5.0},{"damage":6.0,"enemies":"Gensokyo:Gryphon","floor":3.0,"turns":5.0},{"damage":0.0,"enemies":"Gensokyo:3_Fairies","floor":5.0,"turns":3.0},{"damage":6.0,"enemies":"Gensokyo:Python_and_Kodama","floor":6.0,"turns":4.0},{"damage":4.0,"enemies":"Gensokyo:CorruptedTreant","floor":8.0,"turns":5.0},{"damage":0.0,"enemies":"Gensokyo:3_Kodama","floor":11.0,"turns":1.0},{"damage":9.0,"enemies":"Gensokyo:Mamizou","floor":12.0,"turns":10.0},{"damage":0.0,"enemies":"Gensokyo:Cirno","floor":13.0,"turns":4.0},{"damage":0.0,"enemies":"Gensokyo:Cirno","floor":14.0,"turns":4.0},{"damage":47.0,"enemies":"Gensokyo:Kokoro","floor":16.0,"turns":10.0},{"damage":0.0,"enemies":"Gensokyo:3_Dogs","floor":18.0,"turns":3.0},{"damage":0.0,"enemies":"Gensokyo:Chomper","floor":20.0,"turns":3.0},{"damage":19.0,"enemies":"Gensokyo:Mirror_and_Dog","floor":22.0,"turns":3.0},{"damage":9.0,"enemies":"Gensokyo:Reisen","floor":23.0,"turns":4.0},{"damage":13.0,"enemies":"Gensokyo:Monolith_and_Dog","floor":24.0,"turns":5.0},{"damage":16.0,"enemies":"Gensokyo:Swordslinger","floor":27.0,"turns":4.0},{"damage":86.0,"enemies":"Gensokyo:Kaguya","floor":33.0,"turns":11.0},{"damage":22.0,"enemies":"Gensokyo:AncientGuardian","floor":35.0,"turns":5.0},{"damage":0.0,"enemies":"Gensokyo:3_Boulders","floor":39.0,"turns":2.0},{"damage":16.0,"enemies":"Gensokyo:Marisa","floor":40.0,"turns":4.0},{"damage":17.0,"enemies":"Gensokyo:SeedOfUnknown","floor":42.0,"turns":5.0},{"damage":16.0,"enemies":"Gensokyo:4_Bats","floor":45.0,"turns":3.0},{"damage":87.0,"enemies":"Gensokyo:4_Bats","floor":46.0,"turns":5.0},{"damage":6.0,"enemies":"Gensokyo:AtlasGolem","floor":47.0,"turns":6.0},{"damage":22.0,"enemies":"Gensokyo:SeedOfUnknown","floor":48.0,"turns":5.0},{"damage":33,"enemies":"Gensokyo:Scarlet_Devils","floor":50,"turns":8}],"seed_played":"8623454757303844085","potions_obtained":[{"floor":3.0,"key":"ColorlessPotion"},{"floor":5.0,"key":"Energy Potion"},{"floor":8.0,"key":"SpeedPotion"},{"floor":14.0,"key":"AttackPotion"},{"floor":18.0,"key":"Weak Potion"},{"floor":23.0,"key":"EssenceOfSteel"},{"floor":27.0,"key":"Poison Potion"},{"floor":35.0,"key":"Strength Potion"},{"floor":42.0,"key":"Swift Potion"},{"floor":45.0,"key":"Regen Potion"},{"floor":48.0,"key":"Poison Potion"}],"is_trial":false,"path_per_floor":["M","?","M","?","M","M","?","M","T","R","M","E","?","E","R","B",null,"M","?","M","?","M","E","M","?","T","M","R","COS","R","$","R","B",null,"M","$","?","?","M","E","R","M","T","COS","M","?","M","M","R","B",null],"character_chosen":"THE_SILENT","items_purchased":["HandDrill"],"campfire_rested":4,"item_purchase_floors":[31],"current_hp_per_floor":[69,69,63,63,63,57,40,36,36,57,57,48,48,48,48,1,70,70,65,65,65,50,47,38,38,38,26,45,45,45,45,45,34,65,45,45,45,45,45,37,56,49,49,49,35,35,50,30,49,32],"gold":94,"neow_bonus":"TRANSFORM_CARD","is_daily":false,"chose_seed":false,"campfire_upgraded":3,"win_rate":0.0,"timestamp":1610254159,"path_taken":["M","?","?","?","?","M","?","?","T","R","M","E","?","E","R","BOSS","M","?","M","?","M","E","?","?","T","M","R","COS","R","$","R","BOSS","M","$","?","?","M","E","R","M","T","COS","M","?","?","?","R","BOSS"],"items_purchased_type":["Relic"],"build_version":"2020-12-22","purchased_purges":2,"victory":true,"max_hp_per_floor":[70,70,70,70,70,70,70,70,70,70,70,70,70,70,70,70,70,70,65,65,65,65,65,65,65,65,65,65,65,65,65,65,65,65,65,65,65,65,65,65,65,65,65,65,65,65,65,65,65,65],"card_choices":[{"not_picked":["Poisoned Stab","Dodge and Roll"],"picked":"Acrobatics","floor":1.0},{"not_picked":["Bane+1","conspire:PoisonWeapons"],"picked":"Dagger Spray+1","floor":3.0},{"not_picked":["Choke+1","Dodge and Roll"],"picked":"Dagger Spray+1","floor":4.0},{"not_picked":["Riddle With Holes+1","Leg Sweep"],"picked":"PiercingWail","floor":5.0},{"not_picked":["Escape Plan","PiercingWail","Reflex"],"picked":"SKIP","floor":6.0},{"not_picked":["Quick Slash+1","Dodge and Roll"],"picked":"Dagger Spray+1","floor":8.0},{"not_picked":["Fluid Movement","Underhanded Strike+1","Deadly Poison"],"picked":"SKIP","floor":11.0},{"not_picked":["Terror","PiercingWail"],"picked":"conspire:DoublingDagger","floor":12.0},{"not_picked":["Deflect","PiercingWail","Malaise"],"picked":"SKIP","floor":13.0},{"not_picked":["Dagger Throw+1","Bullet Time"],"picked":"Dagger Spray+1","floor":14.0},{"not_picked":["ReplayTheSpireMod:Necrosis","Adrenaline"],"picked":"Glass Knife+1","floor":16.0},{"not_picked":["Poisoned Stab+1","ReplayTheSpireMod:Exploit Weakness"],"picked":"Quick Slash+1","floor":18.0},{"not_picked":["Outmaneuver","Deflect","Dodge and Roll"],"picked":"SKIP","floor":20.0},{"not_picked":["Draining Mist","Dodge and Roll+1","Sucker Punch+1"],"picked":"SKIP","floor":22.0},{"not_picked":["Underhanded Strike+1","Hidden Blade"],"picked":"Well Laid Plans","floor":23.0},{"not_picked":["Flying Knee+1","Tactician"],"picked":"Prepared","floor":24.0},{"not_picked":["Acrobatics","Sucker Punch+1"],"picked":"Dagger Throw+1","floor":27.0},{"not_picked":["Night Terror","Bullet Time"],"picked":"Envenom","floor":33.0},{"not_picked":["Flying Knee+1","Quick Slash+1","Poisoned Stab+1"],"picked":"SKIP","floor":35.0},{"not_picked":["Sucker Punch+1","Outmaneuver+1"],"picked":"ReplayTheSpireMod:Shiv Toss+1","floor":38.0},{"not_picked":["Sucker Punch+1","ReplayTheSpireMod:Speed Training+1"],"picked":"Infinite Blades","floor":38.0},{"not_picked":["Hidden Blade+1","Acrobatics","Masterful Stab+1"],"picked":"SKIP","floor":39.0},{"not_picked":["Dagger Throw+1","Sucker Punch+1"],"picked":"Footwork+1","floor":40.0},{"not_picked":["Caltrops+1","Envenom"],"picked":"Bane+1","floor":42.0},{"not_picked":["Deadly Poison+1","Poisoned Stab+1","Heel Hook+1"],"picked":"SKIP","floor":45.0},{"not_picked":["Bane+1","Outmaneuver+1"],"picked":"Blade Dance","floor":47.0},{"not_picked":["Flechettes+1","Underhanded Strike+1"],"picked":"Blade Dance+1","floor":48.0}],"player_experience":17268,"relics_obtained":[{"floor":9.0,"key":"Runesmith:AutoHammer"},{"floor":12.0,"key":"ReplayTheSpireMod:Ninjato"},{"floor":13.0,"key":"Bag of Marbles"},{"floor":14.0,"key":"Oddly Smooth Stone"},{"floor":23.0,"key":"Old Coin"},{"floor":40.0,"key":"Centennial Puzzle"},{"floor":43.0,"key":"Whetstone"}],"event_choices":[],"is_beta":false,"boss_relics":[{"not_picked":["Replay:Wanted Poster","conspire:RunicOctahedron"],"picked":"HoveringKite"},{"not_picked":["Velvet Choker","conspire:SeveredTorchhead"],"picked":"Kintsugi"}],"items_purged_floors":[31,36],"is_endless":false,"potions_floor_spawned":[3,5,8,12,14,18,23,27,35,42,45,48],"ascension_level":0}}