{"host":"qxeepl7ydvsgmfdb","time":1610266431,"event":{"mods":["AchievementEnabler","BaseMod","Colored Powertips","Minty Spire (QoL Compilation)","Quick Restart","slay the spire mod where everything is the same but ironclad has a cowboy hat"],"gold_per_floor":[116,116,131,85,85,114,114,145,170,203,213,114,149,160,160,258,258,277,288,145,157,2,29,44,44,119,147,147,147,147,165,165,268,268,284,284,304,54,69,69,80,80,80],"floor_reached":42,"playtime":2133,"items_purged":["Strike_B","Strike_B"],"score":644,"play_id":"db586ac3-9c0d-43a0-bbbf-e962f1323bdd","local_time":"20210110031351","is_ascension_mode":true,"campfire_choices":[{"data":"White Noise","floor":7.0,"key":"SMITH"},{"data":"Redo","floor":15.0,"key":"SMITH"},{"floor":25.0,"key":"REST"},{"floor":29.0,"key":"REST"},{"floor":32.0,"key":"REST"},{"data":"White Noise","floor":40.0,"key":"SMITH"}],"circlet_count":0,"master_deck":["Strike_B","Defend_B","Defend_B","Defend_B","Defend_B","Zap+1","Dualcast","White Noise+1","Cold Snap","Ball Lightning","Redo","Redo+1","Ball Lightning","Ball Lightning","Sweeping Beam+1","Chaos","Ball Lightning","Electrodynamics","Sweeping Beam","White Noise+1"],"relics":["Cracked Core","NeowsBlessing","HornCleat","MealTicket","Nunchaku","Potion Belt","Oddly Smooth Stone","Bird Faced Urn","Busted Crown","Lee\u0027s Waffle","Orichalcum","Mercury Hourglass","White Beast Statue","Bag of Marbles"],"acts_visited":["Exordium","TheCity","TheBeyond"],"potions_floor_usage":[42,42,42,42,42],"damage_taken":[{"damage":0.0,"enemies":"Cultist","floor":1.0,"turns":1.0},{"damage":0.0,"enemies":"Small Slimes","floor":3.0,"turns":1.0},{"damage":0.0,"enemies":"Lagavulin","floor":6.0,"turns":1.0},{"damage":7.0,"enemies":"3 Sentries","floor":8.0,"turns":7.0},{"damage":12.0,"enemies":"Lagavulin","floor":10.0,"turns":5.0},{"damage":0.0,"enemies":"2 Louse","floor":11.0,"turns":2.0},{"damage":0.0,"enemies":"3 Sentries","floor":13.0,"turns":2.0},{"damage":17.0,"enemies":"Exordium Wildlife","floor":14.0,"turns":2.0},{"damage":27.0,"enemies":"Hexaghost","floor":16.0,"turns":7.0},{"damage":0.0,"enemies":"3 Byrds","floor":18.0,"turns":3.0},{"damage":0.0,"enemies":"Spheric Guardian","floor":19.0,"turns":3.0},{"damage":23.0,"enemies":"Shelled Parasite and Fungi","floor":21.0,"turns":5.0},{"damage":29.0,"enemies":"Gremlin Leader","floor":23.0,"turns":6.0},{"damage":25.0,"enemies":"Snecko","floor":24.0,"turns":5.0},{"damage":21.0,"enemies":"Book of Stabbing","floor":27.0,"turns":5.0},{"damage":8.0,"enemies":"Centurion and Healer","floor":31.0,"turns":3.0},{"damage":55.0,"enemies":"Automaton","floor":33.0,"turns":8.0},{"damage":4.0,"enemies":"3 Shapes","floor":35.0,"turns":3.0},{"damage":4.0,"enemies":"3 Darklings","floor":37.0,"turns":2.0},{"damage":23.0,"enemies":"Spire Growth","floor":39.0,"turns":4.0},{"damage":0.0,"enemies":"Sphere and 2 Shapes","floor":41.0,"turns":2.0},{"damage":74,"enemies":"Giant Head","floor":42,"turns":7}],"seed_played":"-5949509597709734433","potions_obtained":[{"floor":3.0,"key":"Dexterity Potion"},{"floor":8.0,"key":"Energy Potion"},{"floor":11.0,"key":"Explosive Potion"},{"floor":14.0,"key":"Swift Potion"},{"floor":18.0,"key":"SpeedPotion"},{"floor":24.0,"key":"FearPotion"},{"floor":27.0,"key":"AttackPotion"},{"floor":31.0,"key":"Swift Potion"},{"floor":33.0,"key":"LiquidBronze"},{"floor":35.0,"key":"Explosive Potion"},{"floor":37.0,"key":"Block Potion"},{"floor":39.0,"key":"BlessingOfTheForge"},{"floor":41.0,"key":"Fire Potion"}],"is_trial":false,"path_per_floor":["M","?","M","$","T","E","R","E","T","E","M","$","E","M","R","B",null,"M","M","$","M","$","E","M","R","T","E","?","R","?","M","R","B",null,"M","?","M","$","M","R","M","E"],"character_chosen":"DEFECT","items_purchased":["Cold Snap","Redo","Ball Lightning","Chaos","Lee\u0027s Waffle","Bag of Marbles"],"campfire_rested":3,"item_purchase_floors":[4,12,12,20,22,38],"current_hp_per_floor":[75,75,75,75,75,75,75,68,68,56,56,71,71,56,56,31,75,75,75,75,54,82,55,32,56,56,37,37,61,45,37,61,8,82,82,82,80,82,61,61,65,5,5],"gold":80,"neow_bonus":"THREE_ENEMY_KILL","is_daily":false,"chose_seed":false,"campfire_upgraded":3,"win_rate":0.0,"timestamp":1610266431,"path_taken":["M","?","M","$","?","E","R","E","T","E","M","$","E","M","R","BOSS","M","M","$","M","$","E","M","R","T","E","?","R","?","?","R","BOSS","M","?","M","$","M","R","?","E"],"items_purchased_type":["Card","Card","Card","Card","Relic","Relic"],"build_version":"2020-12-22","purchased_purges":2,"victory":false,"max_hp_per_floor":[75,75,75,75,75,75,75,75,75,75,75,75,75,75,75,75,75,75,75,75,75,82,82,82,82,82,82,82,82,82,82,82,82,82,82,82,82,82,82,82,82,82,82],"card_choices":[{"not_picked":["Steam","Beam Cell","Compile Driver"],"picked":"SKIP","floor":1.0},{"not_picked":["Stack","Scrape"],"picked":"White Noise","floor":3.0},{"not_picked":["Skim","Rebound","Streamline"],"picked":"SKIP","floor":6.0},{"not_picked":["Double Energy","Recycle","Echo Form"],"picked":"SKIP","floor":8.0},{"not_picked":["Doom and Gloom","Leap"],"picked":"Ball Lightning","floor":10.0},{"not_picked":["Compile Driver","Gash"],"picked":"Redo","floor":11.0},{"not_picked":["Sweeping Beam","Turbo","Stack"],"picked":"SKIP","floor":13.0},{"not_picked":["FTL","Turbo"],"picked":"Ball Lightning","floor":14.0},{"not_picked":[],"picked":"Sweeping Beam+1","floor":18.0},{"not_picked":["Streamline"],"picked":"SKIP","floor":19.0},{"not_picked":["Compile Driver"],"picked":"SKIP","floor":21.0},{"not_picked":["Glacier"],"picked":"SKIP","floor":23.0},{"not_picked":[],"picked":"Ball Lightning","floor":24.0},{"not_picked":["Glacier"],"picked":"SKIP","floor":27.0},{"not_picked":["Double Energy+1"],"picked":"SKIP","floor":31.0},{"not_picked":[],"picked":"Electrodynamics","floor":33.0},{"not_picked":["Gash"],"picked":"SKIP","floor":35.0},{"not_picked":["Undo"],"picked":"SKIP","floor":37.0},{"not_picked":[],"picked":"White Noise","floor":39.0},{"not_picked":["Hologram"],"picked":"SKIP","floor":41.0}],"player_experience":162689,"relics_obtained":[{"floor":5.0,"key":"HornCleat"},{"floor":6.0,"key":"MealTicket"},{"floor":8.0,"key":"Nunchaku"},{"floor":9.0,"key":"Potion Belt"},{"floor":10.0,"key":"Oddly Smooth Stone"},{"floor":13.0,"key":"Bird Faced Urn"},{"floor":23.0,"key":"Orichalcum"},{"floor":26.0,"key":"Mercury Hourglass"},{"floor":27.0,"key":"White Beast Statue"}],"event_choices":[{"damage_healed":0.0,"max_hp_gain":0.0,"max_hp_loss":0.0,"gold_gain":0.0,"event_name":"Accursed Blacksmith","player_choice":"Forge","floor":2.0,"gold_loss":0.0,"damage_taken":0.0,"cards_upgraded":["Zap"]},{"damage_healed":0.0,"max_hp_gain":0.0,"max_hp_loss":0.0,"gold_gain":0.0,"event_name":"Ghosts","player_choice":"Ignored","floor":28.0,"gold_loss":0.0,"damage_taken":0.0},{"damage_healed":0.0,"max_hp_gain":0.0,"max_hp_loss":0.0,"gold_gain":0.0,"event_name":"Cursed Tome","player_choice":"Obtained Book","floor":30.0,"gold_loss":0.0,"damage_taken":16.0},{"damage_healed":0.0,"max_hp_gain":0.0,"max_hp_loss":0.0,"gold_gain":0.0,"cards_transformed":["Strike_B"],"event_name":"Transmorgrifier","player_choice":"Transformed","floor":36.0,"gold_loss":0.0,"damage_taken":0.0,"cards_obtained":["Sweeping Beam"]}],"is_beta":false,"boss_relics":[{"not_picked":["Cursed Key","FrozenCore"],"picked":"Busted Crown"},{"not_picked":["Fusion Hammer","Runic Dome","Snecko Eye"]}],"items_purged_floors":[20,38],"is_endless":false,"potions_floor_spawned":[3,8,11,14,18,24,27,31,33,35,37,39,41],"killed_by":"Giant Head","ascension_level":4}}