{"host":"4axoa1rfjgnprp9l","time":1610298034,"event":{"mods":["2.2 Compatiblity","AchievementEnabler","BaseMod","Colored Map","DeckTracker","Highlight Path","Minty Spire (QoL Compilation)","Permanent Neow","StSLib","SuperFastMode"],"gold_per_floor":[114,129,147,147,157,157,190,190,190,190,201,226,242,255,255,353,353,365,379,389,22,40,40,55,81,81,97,124,143,68,86,86,182,182,194,194,194],"floor_reached":38,"playtime":7027,"items_purged":["Defend_P"],"score":979,"play_id":"aca38f92-3e02-46df-b70f-01c02139ecae","local_time":"20210111020034","is_ascension_mode":true,"campfire_choices":[{"data":"EmptyFist","floor":6.0,"key":"SMITH"},{"floor":8.0,"key":"REST"},{"data":"Adaptation","floor":10.0,"key":"SMITH"},{"data":"Eruption","floor":15.0,"key":"SMITH"},{"data":"MentalFortress","floor":23.0,"key":"SMITH"},{"data":"Ragnarok","floor":32.0,"key":"SMITH"}],"circlet_count":0,"master_deck":["Strike_P","Strike_P","Defend_P","Eruption+1","Vigilance","FearNoEvil","Adaptation+1","EmptyFist+1","MentalFortress+1","Vault+1","Indignation+1","DeceiveReality+1","Ragnarok+1","Evaluate+1","Judgement+1","Fasting2","Evaluate+1","Scrawl+1"],"relics":["PureWater","Gremlin Horn","Toxic Egg 2","Letter Opener","Philosopher\u0027s Stone","Pen Nib","ClockworkSouvenir","The Courier","Bird Faced Urn","Smiling Mask","SlaversCollar"],"acts_visited":["Exordium","TheCity","TheBeyond"],"potions_floor_usage":[37,37],"damage_taken":[{"damage":0.0,"enemies":"2 Louse","floor":1.0,"turns":3.0},{"damage":1.0,"enemies":"Cultist","floor":2.0,"turns":4.0},{"damage":2.0,"enemies":"Small Slimes","floor":3.0,"turns":4.0},{"damage":9.0,"enemies":"3 Louse","floor":5.0,"turns":2.0},{"damage":18.0,"enemies":"Lagavulin","floor":7.0,"turns":7.0},{"damage":0.0,"enemies":"Red Slaver","floor":11.0,"turns":1.0},{"damage":0.0,"enemies":"Gremlin Nob","floor":12.0,"turns":3.0},{"damage":0.0,"enemies":"Lots of Slimes","floor":13.0,"turns":3.0},{"damage":1.0,"enemies":"2 Fungi Beasts","floor":14.0,"turns":3.0},{"damage":0.0,"enemies":"Slime Boss","floor":16.0,"turns":7.0},{"damage":0.0,"enemies":"Chosen","floor":18.0,"turns":4.0},{"damage":4.0,"enemies":"Shell Parasite","floor":19.0,"turns":2.0},{"damage":0.0,"enemies":"Snecko","floor":20.0,"turns":3.0},{"damage":0.0,"enemies":"Snake Plant","floor":22.0,"turns":2.0},{"damage":0.0,"enemies":"3 Cultists","floor":24.0,"turns":3.0},{"damage":0.0,"enemies":"Slavers","floor":25.0,"turns":3.0},{"damage":0.0,"enemies":"Shelled Parasite and Fungi","floor":27.0,"turns":4.0},{"damage":5.0,"enemies":"Book of Stabbing","floor":28.0,"turns":4.0},{"damage":0.0,"enemies":"Centurion and Healer","floor":29.0,"turns":3.0},{"damage":0.0,"enemies":"Snake Plant","floor":31.0,"turns":2.0},{"damage":22.0,"enemies":"Collector","floor":33.0,"turns":4.0},{"damage":1.0,"enemies":"3 Darklings","floor":35.0,"turns":3.0},{"damage":0,"enemies":"Donu and Deca","floor":37,"turns":4}],"seed_played":"-1701739895353274744","potions_obtained":[{"floor":2.0,"key":"Strength Potion"},{"floor":11.0,"key":"DistilledChaos"},{"floor":13.0,"key":"Strength Potion"},{"floor":20.0,"key":"SkillPotion"},{"floor":24.0,"key":"BlessingOfTheForge"},{"floor":25.0,"key":"BlessingOfTheForge"},{"floor":29.0,"key":"Fire Potion"},{"floor":33.0,"key":"Weak Potion"}],"is_trial":false,"path_per_floor":["M","M","M","?","M","R","E","R","T","R","M","E","M","M","R","B",null,"M","M","M","$","M","R","M","E","T","M","E","M","?","M","R","B",null,"M","?","B",null],"character_chosen":"WATCHER","items_purchased":["Pen Nib","ClockworkSouvenir"],"campfire_rested":1,"item_purchase_floors":[21,21],"current_hp_per_floor":[51,50,48,48,39,39,21,42,42,42,42,42,42,41,41,41,72,72,68,68,68,68,68,68,68,68,72,67,72,72,72,72,52,72,72,72,72],"gold":194,"neow_bonus":"TRANSFORM_TWO_CARDS","is_daily":false,"chose_seed":false,"campfire_upgraded":5,"win_rate":0.0,"timestamp":1610298034,"path_taken":["M","M","M","?","M","R","E","R","T","R","?","E","M","M","R","BOSS","M","M","M","$","M","R","M","E","T","M","E","M","?","M","R","BOSS","M","?","BOSS"],"items_purchased_type":["Relic","Relic"],"build_version":"2020-12-22","purchased_purges":1,"victory":true,"max_hp_per_floor":[72,72,72,72,72,72,72,72,72,72,72,72,72,72,72,72,72,72,72,72,72,72,72,72,72,72,72,72,72,72,72,72,72,72,72,72,72],"card_choices":[{"not_picked":["FlurryOfBlows","Tantrum"],"picked":"FearNoEvil","floor":1.0},{"not_picked":["BowlingBash","ClearTheMind"],"picked":"Adaptation","floor":2.0},{"not_picked":["EmptyBody","ThirdEye"],"picked":"EmptyFist","floor":3.0},{"not_picked":["Crescendo","FlurryOfBlows","EmptyFist"],"picked":"SKIP","floor":5.0},{"not_picked":["JustLucky","SandsOfTime","WreathOfFlame"],"picked":"SKIP","floor":7.0},{"not_picked":["EmptyFist","Nirvana"],"picked":"MentalFortress","floor":11.0},{"not_picked":["FollowUp","EmptyFist"],"picked":"Vault+1","floor":12.0},{"not_picked":["Tantrum","Protect+1"],"picked":"Indignation+1","floor":13.0},{"not_picked":["BowlingBash","Perseverance+1"],"picked":"DeceiveReality+1","floor":14.0},{"not_picked":["Establishment","DevaForm"],"picked":"Ragnarok","floor":16.0},{"not_picked":["PathToVictory+1","CutThroughFate"],"picked":"Evaluate+1","floor":18.0},{"not_picked":["Perseverance+1","CutThroughFate+1","Prostrate+1"],"picked":"SKIP","floor":19.0},{"not_picked":["ForeignInfluence+1","Pray+1"],"picked":"Judgement+1","floor":20.0},{"not_picked":["Study","WreathOfFlame+1","FearNoEvil"],"picked":"SKIP","floor":22.0},{"not_picked":["Consecrate","Protect+1","FlyingSleeves"],"picked":"SKIP","floor":24.0},{"not_picked":["FollowUp+1","ThirdEye+1","Study"],"picked":"SKIP","floor":25.0},{"not_picked":["ThirdEye+1","FollowUp","SashWhip"],"picked":"SKIP","floor":27.0},{"not_picked":["WindmillStrike","Judgement+1"],"picked":"Fasting2","floor":28.0},{"not_picked":["Prostrate+1","Pray+1","Consecrate"],"picked":"SKIP","floor":29.0},{"not_picked":["JustLucky","ThirdEye+1"],"picked":"Evaluate+1","floor":31.0},{"not_picked":["LessonLearned","DeusExMachina+1"],"picked":"Scrawl+1","floor":33.0},{"not_picked":["CutThroughFate","EmptyFist+1","Consecrate"],"picked":"SKIP","floor":35.0}],"player_experience":805582,"relics_obtained":[{"floor":7.0,"key":"Gremlin Horn"},{"floor":9.0,"key":"Toxic Egg 2"},{"floor":12.0,"key":"Letter Opener"},{"floor":25.0,"key":"The Courier"},{"floor":26.0,"key":"Bird Faced Urn"},{"floor":28.0,"key":"Smiling Mask"}],"event_choices":[{"cards_removed":["Defend_P"],"damage_healed":0.0,"max_hp_gain":0.0,"max_hp_loss":0.0,"gold_gain":0.0,"event_name":"Bonfire Elementals","player_choice":"Offered Basic","floor":4.0,"gold_loss":0.0,"damage_taken":0.0},{"cards_removed":["Defend_P"],"damage_healed":0.0,"max_hp_gain":0.0,"max_hp_loss":0.0,"gold_gain":0.0,"event_name":"Beggar","player_choice":"Gave Gold","floor":30.0,"gold_loss":75.0,"damage_taken":0.0},{"damage_healed":0.0,"max_hp_gain":0.0,"max_hp_loss":0.0,"gold_gain":0.0,"event_name":"SecretPortal","player_choice":"Took Portal","floor":36.0,"gold_loss":0.0,"damage_taken":0.0}],"is_beta":false,"boss_relics":[{"not_picked":["Fusion Hammer","Velvet Choker"],"picked":"Philosopher\u0027s Stone"},{"not_picked":["Tiny House","Runic Dome"],"picked":"SlaversCollar"}],"items_purged_floors":[21],"is_endless":false,"potions_floor_spawned":[2,11,13,14,20,24,25,29,31,33],"ascension_level":1}}