{"host":"mmyob72dycyg5z21","time":1610245898,"event":{"mods":["Act Like it!","Alarm Clock","BaseMod","Bestiary","Better Note","Better Third Choice","Better Vampires","Card Forge","Colored Powertips","Custom Start","Gold Saver","Gremlin Skip","Luminous","Marked Mod","Minty Spire (QoL Compilation)","Poor People Problems","Rare Cards Sparkle","Spicy Shops","StSLib","SuperFastMode","[功能]功能增强和修复MOD","【功能Mod】精心准备","【遗物卡牌】REMEMod"],"gold_per_floor":[119,119,139,83,103,103,103,103,103,123,123,142,142,157,157,261,261,278,278,278,294,79,79,79,79,79,106,118,156,168,191,203,313,325,347,370,382,669,694,706,735,747,810,822,849,861,886,405,405,405],"floor_reached":51,"playtime":1287,"items_purged":[],"score":1032,"play_id":"a5bf6436-6c47-49b3-974d-97b324ff75e9","local_time":"20210110103138","is_ascension_mode":false,"campfire_choices":[{"data":"Feed","floor":6,"key":"SMITH"},{"data":"Searing Blow","floor":8,"key":"SMITH"},{"data":"Searing Blow+2","floor":11,"key":"SMITH"},{"data":"Searing Blow+3","floor":13,"key":"SMITH"},{"data":"Searing Blow+4","floor":15,"key":"SMITH"},{"data":"Searing Blow+6","floor":23,"key":"SMITH"},{"data":"Searing Blow+7","floor":25,"key":"SMITH"},{"data":"Searing Blow+8","floor":28,"key":"SMITH"},{"data":"Searing Blow+9","floor":30,"key":"SMITH"},{"data":"Searing Blow+10","floor":32,"key":"SMITH"},{"data":"Searing Blow+11","floor":40,"key":"SMITH"},{"data":"Searing Blow+12","floor":42,"key":"SMITH"},{"data":"Searing Blow+13","floor":44,"key":"SMITH"},{"data":"Searing Blow+14","floor":49,"key":"SMITH"}],"circlet_count":0,"master_deck":["Offering+1","Dual Wield+1","Searing Blow+15","Feed+1","Double Tap+1","Flex+1"],"relics":["Burning Blood","Hammer of Thor","Seething Fire","Anvil of the Gods","REME_ComplimentaryCards","Dead Branch","Peace Pipe","Omamori","Frozen Egg 2","Mummified Hand","Molten Egg 2","Toxic Egg 2","Ice Cream","REME_HandOfSuture","Coffee Dripper","Prayer Wheel","Membership Card","Sundial","MawBank","Pear","Runic Cube","Pen Nib","HornCleat","HornCleat","Nunchaku","Kunai","HandDrill","REME_CardOfGreed"],"acts_visited":["Exordium","TheCity","TheBeyond"],"potions_floor_usage":[18,47,50],"damage_taken":[{"damage":0,"enemies":"2 Louse","floor":1,"turns":2},{"damage":6,"enemies":"Cultist","floor":3,"turns":2},{"damage":6,"enemies":"Jaw Worm","floor":5,"turns":1},{"damage":0,"enemies":"Looter","floor":10,"turns":1},{"damage":13,"enemies":"3 Louse","floor":12,"turns":2},{"damage":0,"enemies":"Large Slime","floor":14,"turns":1},{"damage":6,"enemies":"Slime Boss","floor":16,"turns":2},{"damage":6,"enemies":"Shell Parasite","floor":18,"turns":2},{"damage":0,"enemies":"Chosen","floor":21,"turns":1},{"damage":6,"enemies":"Shelled Parasite and Fungi","floor":27,"turns":1},{"damage":6,"enemies":"Gremlin Leader","floor":29,"turns":1},{"damage":6,"enemies":"Sentry and Sphere","floor":31,"turns":1},{"damage":6,"enemies":"Automaton","floor":33,"turns":1},{"damage":0,"enemies":"Orb Walker","floor":35,"turns":1},{"damage":19,"enemies":"3 Shapes","floor":36,"turns":2},{"damage":9,"enemies":"3 Darklings","floor":39,"turns":1},{"damage":9,"enemies":"Transient","floor":41,"turns":3},{"damage":23,"enemies":"Jaw Worm Horde","floor":45,"turns":3},{"damage":0,"enemies":"Maw","floor":47,"turns":1},{"damage":22,"enemies":"Donu and Deca","floor":50,"turns":3}],"seed_played":"6886816968961022389","potions_obtained":[{"floor":1,"key":"CultistPotion"},{"floor":3,"key":"ColorlessPotion"},{"floor":21,"key":"EssenceOfSteel"},{"floor":36,"key":"Regen Potion"},{"floor":47,"key":"REME_GoldPotion"}],"is_trial":true,"path_per_floor":["M","?","M","$","M","R","$","R","T","M","R","M","R","M","R","B",null,"M","?","?","M","$","R","?","R","T","M","R","E","R","M","R","B",null,"M","M","?","?","M","R","M","R","T","R","M","?","M","$","R","B",null],"character_chosen":"IRONCLAD","items_purchased":["Ice Cream","Membership Card","Sundial","HornCleat","HornCleat","Nunchaku","Kunai","HandDrill","REME_CardOfGreed","Flex+1"],"campfire_rested":0,"item_purchase_floors":[4,22,22,48,48,48,48,48,48,48],"current_hp_per_floor":[83,83,83,83,86,86,86,86,86,90,90,91,91,97,97,105,106,110,110,110,110,110,110,110,110,110,118,118,128,128,132,132,136,136,140,142,142,142,146,146,146,146,146,146,133,133,139,139,139,127],"gold":405,"neow_bonus":"","is_daily":false,"chose_seed":false,"campfire_upgraded":14,"win_rate":0.0,"timestamp":1610245898,"path_taken":["M","?","M","?","?","R","$","R","T","?","R","M","R","M","R","BOSS","M","?","?","M","?","R","?","R","T","M","R","E","R","M","R","BOSS","M","M","?","?","M","R","M","R","T","R","?","?","M","$","R","BOSS"],"items_purchased_type":["Relic","Relic","Relic","Relic","Relic","Relic","Relic","Relic","Relic","Card"],"build_version":"2020-12-22","purchased_purges":0,"victory":true,"max_hp_per_floor":[83,83,83,83,86,86,86,86,86,90,90,98,98,98,98,106,106,110,110,110,110,110,110,110,110,110,118,118,128,128,132,132,136,136,140,155,155,155,162,162,165,165,165,165,169,161,161,161,161,165],"card_choices":[{"not_picked":["Entrench+1","Reckless Charge+1","Sword Boomerang+1"],"picked":"SKIP","floor":1},{"not_picked":["Cleave+1","Headbutt+1","Perfected Strike+1"],"picked":"SKIP","floor":3},{"not_picked":["Flex+1","Iron Wave+1","Spot Weakness+1"],"picked":"SKIP","floor":5},{"not_picked":["Inflame+1","Battle Trance+1","Power Through+1"],"picked":"SKIP","floor":10},{"not_picked":["Iron Wave+1","Sever Soul+1","Sword Boomerang+1"],"picked":"SKIP","floor":12},{"not_picked":["Perfected Strike+1","Anger+1","Pommel Strike+1"],"picked":"SKIP","floor":14},{"not_picked":["Offering+1","Immolate+1"],"picked":"Double Tap+1","floor":16},{"not_picked":["Heavy Blade+1","True Grit+1","Shrug It Off+1"],"picked":"SKIP","floor":18},{"not_picked":["Havoc+1","Thunderclap+1","Dropkick+1"],"picked":"SKIP","floor":21},{"not_picked":["Heavy Blade+1","Twin Strike+1","Sword Boomerang+1"],"picked":"SKIP","floor":21},{"not_picked":["Shrug It Off+1","REME_FearOfPain+1","Bloodletting+1"],"picked":"SKIP","floor":27},{"not_picked":["Dual Wield+1","Iron Wave+1","Inflame+1"],"picked":"SKIP","floor":27},{"not_picked":["Fire Breathing+1","Clothesline+1","Sever Soul+1"],"picked":"SKIP","floor":29},{"not_picked":["Twin Strike+1","Anger+1","Evolve+1"],"picked":"SKIP","floor":31},{"not_picked":["Anger+1","Blood for Blood+1","Ghostly Armor+1"],"picked":"SKIP","floor":31},{"not_picked":["Armaments+1","Headbutt+1"],"picked":"REME_Scribble+1","floor":35},{"not_picked":["Entrench+1","Dual Wield+1","Warcry+1"],"picked":"SKIP","floor":35},{"not_picked":["Warcry+1","Havoc+1","Anger+1"],"picked":"SKIP","floor":36},{"not_picked":["Anger+1","Body Slam+1","Shockwave+1"],"picked":"SKIP","floor":36},{"not_picked":["REME_Scribble+1","Clash+1","Whirlwind+1"],"picked":"SKIP","floor":39},{"not_picked":["True Grit+1","Armaments+1","Dropkick+1"],"picked":"SKIP","floor":39},{"not_picked":["Havoc+1","Demon Form+1","Feel No Pain+1"],"picked":"SKIP","floor":41},{"not_picked":["Twin Strike+1","Feel No Pain+1","Pommel Strike+1"],"picked":"SKIP","floor":41},{"not_picked":["Second Wind+1","Rupture+1","Body Slam+1"],"picked":"SKIP","floor":45},{"not_picked":["Dark Embrace+1","Cleave+1","Sword Boomerang+1"],"picked":"SKIP","floor":45},{"not_picked":["Wild Strike+1","Pommel Strike+1","Entrench+1"],"picked":"SKIP","floor":47},{"not_picked":["Shrug It Off+1","Perfected Strike+1","Disarm+1"],"picked":"SKIP","floor":47}],"player_experience":367203,"relics_obtained":[{"floor":9,"key":"REME_HandOfSuture"},{"floor":26,"key":"MawBank"},{"floor":29,"key":"Pear"},{"floor":43,"key":"Pen Nib"}],"event_choices":[{"cards_removed":["Armaments"],"damage_healed":0,"gold_gain":0,"player_choice":"Purged","damage_taken":0,"max_hp_gain":0,"max_hp_loss":0,"event_name":"Purifier","floor":2,"gold_loss":0},{"damage_healed":0,"gold_gain":0,"player_choice":"Upgraded","damage_taken":0,"max_hp_gain":0,"max_hp_loss":0,"event_name":"Upgrade Shrine","floor":19,"gold_loss":0,"cards_upgraded":["Searing Blow"]},{"damage_healed":0,"gold_gain":0,"player_choice":"Gave Potion","damage_taken":0,"relics_obtained":["Prayer Wheel"],"max_hp_gain":0,"max_hp_loss":0,"event_name":"WeMeetAgain","floor":20,"gold_loss":0},{"damage_healed":0,"gold_gain":0,"player_choice":"Ignored","damage_taken":0,"max_hp_gain":0,"max_hp_loss":0,"event_name":"betterNote:BetterNote","floor":24,"gold_loss":0,"cards_obtained":["REME_BattleFury"]},{"cards_removed":["Second Wind"],"damage_healed":0,"gold_gain":0,"player_choice":"Removed Skill","damage_taken":0,"max_hp_gain":0,"max_hp_loss":0,"event_name":"Falling","floor":37,"gold_loss":0},{"damage_healed":0,"gold_gain":275,"player_choice":"Desecrate","damage_taken":0,"max_hp_gain":0,"max_hp_loss":0,"event_name":"Golden Shrine","floor":38,"gold_loss":0,"cards_obtained":["Regret"]},{"damage_healed":0,"gold_gain":0,"player_choice":"Max HP","damage_taken":0,"max_hp_gain":0,"max_hp_loss":8,"event_name":"Winding Halls","floor":46,"gold_loss":0}],"is_beta":false,"boss_relics":[{"not_picked":["Sozu","Snecko Eye"],"picked":"Coffee Dripper"},{"not_picked":["REME_LowDesire","SacredBark"],"picked":"Runic Cube"}],"items_purged_floors":[],"is_endless":false,"potions_floor_spawned":[1,3,5,10,21,27,29,29,36,47],"ascension_level":0}}