{"host":"q9szs7qndgdlcq24","time":1610317589,"event":{"mods":["2.2 Compatiblity","AchievementEnabler","BaseMod","Bestiary","Colored Map","Colored Powertips","Dark Map","DeckTracker","Displayed Cursed Tome","Highlight Path","Minty Spire (QoL Compilation)","Random Character Button","StSLib","Unknown Chances"],"gold_per_floor":[116,133,13,13,33,33,51,69,122,72,136,151,167,167,167,263,263,279,296,211,211,40,65,65,78,128,143,163,63,83,101,101,101,101],"floor_reached":33,"playtime":2186,"items_purged":["Defend_B","Defend_B"],"score":338,"play_id":"04f7c75e-0534-482d-a3d6-01ee55811138","local_time":"20210111012629","is_ascension_mode":false,"campfire_choices":[{"data":"Barrage","floor":6,"key":"SMITH"},{"floor":15,"key":"REST"},{"floor":24,"key":"REST"},{"floor":32,"key":"REST"}],"circlet_count":0,"master_deck":["Strike_B","Strike_B","Strike_B","Strike_B","Defend_B","Defend_B","Zap","Dualcast","Conserve Battery","Barrage+1","Conserve Battery","Go for the Eyes","Sweeping Beam","Streamline","Rebound","Defragment","Creative AI","Ball Lightning","Ball Lightning","Defragment","Redo+1","Force Field","Redo","Amplify","Ball Lightning","Leap","Ball Lightning","Rebound"],"relics":["Cracked Core","NeowsBlessing","WarpedTongs","Pen Nib","Ornamental Fan","Fusion Hammer","Strawberry","FaceOfCleric","Torii","Bag of Marbles"],"acts_visited":["Exordium","TheCity"],"potions_floor_usage":[7,16,16,25,33,33],"damage_taken":[{"damage":0,"enemies":"Cultist","floor":1,"turns":1},{"damage":0,"enemies":"Small Slimes","floor":2,"turns":1},{"damage":0,"enemies":"2 Louse","floor":5,"turns":1},{"damage":25,"enemies":"Gremlin Gang","floor":7,"turns":5},{"damage":13,"enemies":"3 Louse","floor":8,"turns":4},{"damage":5,"enemies":"Lagavulin Event","floor":11,"turns":5},{"damage":9,"enemies":"Large Slime","floor":12,"turns":4},{"damage":15,"enemies":"Gremlin Gang","floor":13,"turns":4},{"damage":0,"enemies":"Slime Boss","floor":16,"turns":7},{"damage":1,"enemies":"3 Byrds","floor":18,"turns":4},{"damage":6,"enemies":"Chosen","floor":19,"turns":4},{"damage":49,"enemies":"Slavers","floor":23,"turns":5},{"damage":17,"enemies":"Snecko","floor":25,"turns":5},{"damage":1,"enemies":"3 Cultists","floor":27,"turns":4},{"damage":3,"enemies":"Snake Plant","floor":28,"turns":4},{"damage":19,"enemies":"Snecko","floor":30,"turns":5},{"damage":10,"enemies":"Cultist and Chosen","floor":31,"turns":6},{"damage":41,"enemies":"Automaton","floor":33,"turns":6}],"seed_played":"-5249334644079863767","potions_obtained":[{"floor":5,"key":"Fire Potion"},{"floor":7,"key":"Dexterity Potion"},{"floor":11,"key":"Strength Potion"},{"floor":16,"key":"Regen Potion"},{"floor":25,"key":"Swift Potion"},{"floor":31,"key":"ColorlessPotion"}],"is_trial":false,"path_per_floor":["M","M","$","?","M","R","M","M","T","?","?","M","M","?","R","B",null,"M","M","?","?","$","E","R","M","T","M","M","$","M","M","R","B"],"character_chosen":"DEFECT","items_purchased":["Conserve Battery","Defragment","Ball Lightning","Leap"],"campfire_rested":3,"item_purchase_floors":[3,22,29,29],"current_hp_per_floor":[75,75,75,75,75,75,50,37,37,37,32,23,8,8,30,30,75,74,68,75,75,75,27,51,40,40,40,38,38,20,11,37,0,0],"gold":101,"neow_bonus":"THREE_ENEMY_KILL","is_daily":false,"chose_seed":false,"campfire_upgraded":1,"win_rate":0.0,"timestamp":1610317589,"path_taken":["M","?","$","?","M","R","?","M","T","?","?","M","M","?","R","BOSS","M","M","?","?","$","E","R","M","T","M","M","$","M","?","R","BOSS"],"items_purchased_type":["Card","Card","Card","Card"],"build_version":"2020-12-22","purchased_purges":2,"victory":false,"max_hp_per_floor":[75,75,75,75,75,75,75,75,75,75,75,75,75,75,75,75,75,75,75,82,82,82,83,83,84,84,85,86,86,87,88,88,88,88],"card_choices":[{"not_picked":["Compile Driver","Turbo"],"picked":"Conserve Battery","floor":1},{"not_picked":["Hologram","Amplify"],"picked":"Barrage","floor":2},{"not_picked":["Gash","Cold Snap"],"picked":"Go for the Eyes","floor":5},{"not_picked":["Coolheaded","Scrape"],"picked":"Sweeping Beam","floor":7},{"not_picked":["Defragment","Leap"],"picked":"Streamline","floor":8},{"not_picked":["Beam Cell","Hologram"],"picked":"Rebound","floor":12},{"not_picked":["Beam Cell","Tempest"],"picked":"Defragment","floor":13},{"not_picked":["Biased Cognition","Meteor Strike"],"picked":"Creative AI","floor":16},{"not_picked":["Gash+1","Blizzard"],"picked":"Ball Lightning","floor":18},{"not_picked":["Reprogram+1","Leap"],"picked":"Ball Lightning","floor":19},{"not_picked":["Undo","White Noise+1"],"picked":"Redo+1","floor":23},{"not_picked":["Static Discharge","Beam Cell"],"picked":"Force Field","floor":25},{"not_picked":["Coolheaded","Steam Power"],"picked":"Redo","floor":27},{"not_picked":["Auto Shields","Leap"],"picked":"Amplify","floor":28},{"not_picked":["Turbo","Leap"],"picked":"Ball Lightning","floor":30},{"not_picked":["Stack","Beam Cell"],"picked":"Rebound","floor":31}],"player_experience":43862,"relics_obtained":[{"floor":9,"key":"Pen Nib"},{"floor":23,"key":"Torii"},{"floor":26,"key":"Bag of Marbles"}],"event_choices":[{"damage_healed":0,"gold_gain":0,"player_choice":"Rummage","damage_taken":0,"relics_obtained":["WarpedTongs"],"max_hp_gain":0,"max_hp_loss":0,"event_name":"Accursed Blacksmith","floor":4,"gold_loss":0,"cards_obtained":["Pain"]},{"cards_removed":["Pain"],"damage_healed":0,"gold_gain":0,"player_choice":"Card Removal","damage_taken":0,"max_hp_gain":0,"max_hp_loss":0,"event_name":"The Cleric","floor":10,"gold_loss":50},{"damage_healed":0,"gold_gain":30,"player_choice":"Searched \u00273\u0027 times","damage_taken":0,"relics_obtained":["Ornamental Fan"],"max_hp_gain":0,"max_hp_loss":0,"event_name":"Dead Adventurer","floor":11,"gold_loss":0},{"damage_healed":0,"gold_gain":0,"player_choice":"Fled","damage_taken":0,"max_hp_gain":0,"max_hp_loss":0,"event_name":"Scrap Ooze","floor":14,"gold_loss":0},{"damage_healed":0,"gold_gain":0,"player_choice":"Obtained Relic","damage_taken":0,"relics_obtained":["Strawberry"],"max_hp_gain":0,"max_hp_loss":0,"event_name":"Addict","floor":20,"gold_loss":85},{"damage_healed":0,"gold_gain":0,"player_choice":"Trade","damage_taken":0,"relics_obtained":["FaceOfCleric"],"max_hp_gain":0,"max_hp_loss":0,"event_name":"FaceTrader","floor":21,"gold_loss":0}],"is_beta":false,"boss_relics":[{"not_picked":["Ectoplasm","Calling Bell"],"picked":"Fusion Hammer"}],"items_purged_floors":[3,22],"is_endless":false,"potions_floor_spawned":[5,7,11,16,25,31],"killed_by":"Automaton","ascension_level":0}}