{"host":"1n65wxnohpbxtfpj","time":1610301654,"event":{"mods":["BaseMod","Minty Spire (QoL Compilation)","StSLib","The Animator"],"gold_per_floor":[126,126,401,427,444,444,474,486,540,551,567,567,591,591,591,690,690,706,706,706,343,361,361,395,442,442,442,211,211,261,293,293,383,383,403,80,80,107,107,107],"floor_reached":39,"playtime":2110,"items_purged":["Regret"],"score":682,"play_id":"47bfa0b2-6e28-4626-a4d7-0f91344b87e5","local_time":"20210110200054","is_ascension_mode":true,"campfire_choices":[{"data":"animator:Mikaela","floor":6.0,"key":"SMITH"},{"floor":12.0,"key":"REST"},{"floor":15.0,"key":"REST"},{"floor":23.0,"key":"REST"},{"floor":29.0,"key":"REST"},{"data":"animator:Kaijin","floor":32.0,"key":"SMITH"}],"circlet_count":0,"master_deck":["AscendersBane","animator:Strike_OwariNoSeraph+1","animator:Defend_OwariNoSeraph+1","animator:Defend+1","animator:Defend+1","animator:Defend+1","animator:Shinoa","animator:Mikaela+1","animator:HiiragiShinya","animator:Shuna+1","animator:Chung+1","animator:HiiragiShinya+1","animator:Shigure","animator:Ainz","animator:FeridBathory","Injury","animator:Guren+1","animator:Albedo+1","animator:RoyMustang+1","animator:GazelDwargon+1","animator:Mikaela","animator:Rimuru","animator:UneriGinkaku","animator:Nanami+1","animator:KrulTepes","animator:Kaijin+1","animator:Pride+1","animator:HigakiRinne+1","animator:Aisha+1","animator:Yuuichirou+1","animator:Benimaru+1"],"relics":["animator:LivingPicture","animator:TheMissingPiece","NeowsBlessing","Toxic Egg 2","Peace Pipe","Bronze Scales","Golden Idol","Astrolabe","Nilry\u0027s Codex","Orrery","Nunchaku","animator:AlchemistGlove","Molten Egg 2","animator:ShionDessert","SlaversCollar","Bottled Lightning"],"acts_visited":["Exordium","TheCity","TheBeyond"],"potions_floor_usage":[38],"damage_taken":[{"damage":0.0,"enemies":"2 Louse","floor":1.0,"turns":1.0},{"damage":0.0,"enemies":"Cultist","floor":4.0,"turns":1.0},{"damage":0.0,"enemies":"Small Slimes","floor":5.0,"turns":2.0},{"damage":15.0,"enemies":"Gremlin Nob","floor":7.0,"turns":5.0},{"damage":12.0,"enemies":"3 Louse","floor":8.0,"turns":5.0},{"damage":4.0,"enemies":"Lots of Slimes","floor":10.0,"turns":5.0},{"damage":6.0,"enemies":"2 Fungi Beasts","floor":11.0,"turns":3.0},{"damage":5.0,"enemies":"Exordium Thugs","floor":13.0,"turns":4.0},{"damage":41.0,"enemies":"The Guardian","floor":16.0,"turns":12.0},{"damage":9.0,"enemies":"Shell Parasite","floor":18.0,"turns":8.0},{"damage":2.0,"enemies":"Chosen","floor":22.0,"turns":5.0},{"damage":8.0,"enemies":"Gremlin Leader","floor":24.0,"turns":7.0},{"damage":0.0,"enemies":"Snecko","floor":25.0,"turns":3.0},{"damage":9.0,"enemies":"Snake Plant","floor":31.0,"turns":4.0},{"damage":29.0,"enemies":"Collector","floor":33.0,"turns":8.0},{"damage":0.0,"enemies":"Orb Walker","floor":35.0,"turns":3.0},{"damage":21,"enemies":"3 Darklings","floor":38,"turns":5},{"damage":38,"enemies":"Writhing Mass","floor":39,"turns":3}],"seed_played":"1922765828547253664","potions_obtained":[{"floor":1.0,"key":"AttackPotion"},{"floor":7.0,"key":"DuplicationPotion"},{"floor":16.0,"key":"LiquidBronze"},{"floor":22.0,"key":"CultistPotion"},{"floor":33.0,"key":"PowerPotion"}],"is_trial":false,"path_per_floor":["M","?","?","M","M","R","E","M","T","M","M","R","M","?","R","B",null,"M","?","?","$","M","R","E","M","T","?","$","R","?","M","R","B",null,"M","$","?","M","M"],"character_chosen":"THE_ANIMATOR","items_purchased":["Orrery","Nunchaku","animator:ShionDessert","animator:Kaijin","Bottled Lightning","animator:Yuuichirou+1"],"campfire_rested":4,"item_purchase_floors":[21,21,28,28,36,36],"current_hp_per_floor":[54,51,51,51,51,51,36,25,25,21,15,33,28,28,46,6,48,39,39,23,24,22,40,32,32,32,32,32,50,50,41,41,12,50,50,50,50,29,0,0],"gold":107,"neow_bonus":"THREE_ENEMY_KILL","is_daily":false,"chose_seed":false,"campfire_upgraded":2,"win_rate":0.0,"timestamp":1610301654,"path_taken":["M","?","?","M","M","R","E","?","T","M","M","R","?","?","R","BOSS","M","?","?","$","M","R","E","M","T","?","$","R","?","?","R","BOSS","M","$","?","?","M"],"items_purchased_type":["Relic","Relic","Relic","Card","Relic","Card"],"build_version":"2020-12-22","purchased_purges":1,"victory":false,"max_hp_per_floor":[60,60,60,60,60,60,60,61,61,61,61,61,61,61,61,62,62,62,62,62,63,63,63,63,63,63,63,63,63,63,63,63,63,63,63,63,63,63,63,63],"card_choices":[{"not_picked":["animator:WinryRockbell","animator:Rider"],"picked":"animator:HiiragiShinya","floor":1.0},{"not_picked":["animator:Hakurou","animator:ShinjiMatou+1"],"picked":"animator:Shuna+1","floor":4.0},{"not_picked":["animator:ElricAlphonse+1","animator:ZankiKiguchi"],"picked":"animator:Chung+1","floor":5.0},{"not_picked":["animator:Yoichi+1","animator:Yuuichirou"],"picked":"animator:HiiragiShinya+1","floor":7.0},{"not_picked":["animator:Alexander","animator:MaesHughes+1"],"picked":"animator:Shigure","floor":8.0},{"not_picked":["animator:Assassin","animator:Hakurou"],"picked":"animator:Ainz","floor":10.0},{"not_picked":["animator:Raven","animator:Benimaru","animator:WinryRockbell"],"picked":"SKIP","floor":11.0},{"not_picked":["animator:Shigure","animator:Mikaela"],"picked":"animator:FeridBathory","floor":13.0},{"not_picked":["animator:Eve","animator:Saber"],"picked":"animator:Guren+1","floor":16.0},{"not_picked":["animator:EmiyaShirou+1","animator:ElricAlphonse+1","animator:Aisha"],"picked":"SKIP","floor":18.0},{"not_picked":["animator:Ara","animator:Mitsuba"],"picked":"animator:Mikaela","floor":21.0},{"not_picked":["animator:Albedo","animator:Illya+1"],"picked":"animator:Rimuru","floor":21.0},{"not_picked":["animator:Ciel+1","animator:Aisha+1"],"picked":"animator:UneriGinkaku","floor":21.0},{"not_picked":["animator:NarberalGamma+1","animator:ShinjiMatou+1","animator:Berserker"],"picked":"SKIP","floor":22.0},{"not_picked":["animator:NarberalGamma+1","animator:RinTohsaka+1"],"picked":"animator:Nanami+1","floor":24.0},{"not_picked":["animator:Mikaela","animator:CrowleyEusford"],"picked":"animator:KrulTepes","floor":25.0},{"not_picked":["animator:RinTohsaka+1","animator:PandorasActor+1"],"picked":"animator:Pride+1","floor":31.0},{"not_picked":["animator:Ainz","animator:Father+1"],"picked":"animator:HigakiRinne+1","floor":33.0},{"not_picked":["animator:Millim+1","animator:ZankiKiguchi+1"],"picked":"animator:Aisha+1","floor":35.0},{"not_picked":["animator:Alexander+1","animator:Vesta+1"],"picked":"animator:Benimaru+1","floor":38}],"player_experience":355535,"relics_obtained":[{"floor":7.0,"key":"Peace Pipe"},{"floor":9.0,"key":"Bronze Scales"},{"floor":20.0,"key":"Nilry\u0027s Codex"},{"floor":24.0,"key":"animator:AlchemistGlove"},{"floor":26.0,"key":"Molten Egg 2"}],"event_choices":[{"damage_healed":0.0,"max_hp_gain":0.0,"max_hp_loss":0.0,"gold_gain":0.0,"event_name":"Scrap Ooze","player_choice":"Success","floor":2.0,"gold_loss":0.0,"damage_taken":3.0,"relics_obtained":["Toxic Egg 2"]},{"damage_healed":0.0,"max_hp_gain":0.0,"max_hp_loss":0.0,"gold_gain":275.0,"event_name":"Golden Shrine","player_choice":"Desecrate","floor":3.0,"gold_loss":0.0,"damage_taken":0.0,"cards_obtained":["Regret"]},{"damage_healed":0.0,"max_hp_gain":0.0,"max_hp_loss":0.0,"gold_gain":0.0,"event_name":"Golden Idol","player_choice":"Take Wound","floor":14.0,"gold_loss":0.0,"damage_taken":0.0,"relics_obtained":["Golden Idol"],"cards_obtained":["Injury"]},{"damage_healed":0.0,"max_hp_gain":0.0,"max_hp_loss":0.0,"gold_gain":0.0,"event_name":"Back to Basics","player_choice":"Simplicity","floor":19.0,"gold_loss":0.0,"damage_taken":0.0,"cards_upgraded":["animator:Strike_OwariNoSeraph","animator:Defend_OwariNoSeraph","animator:Defend","animator:Defend","animator:Defend"]},{"damage_healed":0.0,"max_hp_gain":0.0,"max_hp_loss":0.0,"gold_gain":0.0,"event_name":"Cursed Tome","player_choice":"Obtained Book","floor":20.0,"gold_loss":0.0,"damage_taken":16.0},{"damage_healed":0.0,"max_hp_gain":0.0,"max_hp_loss":0.0,"gold_gain":0.0,"event_name":"Beggar","player_choice":"Ignored","floor":27.0,"gold_loss":0.0,"damage_taken":0.0},{"damage_healed":0.0,"max_hp_gain":0.0,"max_hp_loss":0.0,"gold_gain":100.0,"event_name":"The Joust","player_choice":"Bet on Murderer","floor":30.0,"gold_loss":50.0,"damage_taken":0.0},{"damage_healed":0.0,"max_hp_gain":0.0,"max_hp_loss":0.0,"gold_gain":0.0,"event_name":"The Woman in Blue","player_choice":"Bought 0 Potions","floor":37.0,"gold_loss":0.0,"damage_taken":0.0}],"is_beta":false,"boss_relics":[{"not_picked":["Philosopher\u0027s Stone","Pandora\u0027s Box"],"picked":"Astrolabe"},{"not_picked":["Runic Dome","Calling Bell"],"picked":"SlaversCollar"}],"items_purged_floors":[21],"is_endless":false,"potions_floor_spawned":[1,7,16,22,33],"killed_by":"Writhing Mass","ascension_level":14}}