{"host":"w3q5ijqu8eoknil3","time":1610252665,"event":{"mods":["AchievementEnabler","BaseMod","Block Reminder","Colored Map","Colored Powertips","Curses Come First","Minty Spire (QoL Compilation)","Quick Restart","Relic Stats","StSLib","ojb\u0027s Better Paths Mod","ojb\u0027s Info Mod","slay the spire mod where everything is the same but ironclad has a cowboy hat"],"gold_per_floor":[113,123,123,135,145,171,171,185,234,71,96,96,115,179,179,179,179],"floor_reached":16,"playtime":412,"items_purged":[],"score":207,"play_id":"ca3be43e-76e8-4d92-982c-3c1d118d32f3","local_time":"20210110042425","is_ascension_mode":true,"campfire_choices":[{"floor":7,"key":"REST"},{"data":"Eviscerate","floor":12,"key":"SMITH"},{"data":"Underhanded Strike","floor":15,"key":"SMITH"}],"circlet_count":0,"master_deck":["AscendersBane","Strike_G","Strike_G","Strike_G","Strike_G","Strike_G","Defend_G","Defend_G","Defend_G","Defend_G","Defend_G","Survivor","Neutralize","Flying Knee","Underhanded Strike+1","PiercingWail","Dagger Spray","Eviscerate+1","Glass Knife","Bullet Time","Burst","Acrobatics"],"relics":["Ring of the Snake","NeowsBlessing","Regal Pillow","Bag of Marbles","Meat on the Bone"],"acts_visited":["Exordium"],"potions_floor_usage":[6,6,8,11],"damage_taken":[{"damage":0,"enemies":"Small Slimes","floor":1,"turns":1},{"damage":0,"enemies":"Cultist","floor":2,"turns":1},{"damage":0,"enemies":"Jaw Worm","floor":4,"turns":1},{"damage":10,"enemies":"2 Fungi Beasts","floor":5,"turns":5},{"damage":33,"enemies":"Lagavulin","floor":6,"turns":10},{"damage":7,"enemies":"Exordium Thugs","floor":8,"turns":4},{"damage":19,"enemies":"3 Sentries","floor":11,"turns":8},{"damage":9,"enemies":"3 Louse","floor":13,"turns":2},{"damage":40,"enemies":"Slime Boss","floor":16,"turns":5}],"seed_played":"662890719224310120","potions_obtained":[{"floor":2,"key":"GamblersBrew"},{"floor":5,"key":"EssenceOfSteel"},{"floor":6,"key":"PowerPotion"},{"floor":8,"key":"Regen Potion"}],"is_trial":false,"path_per_floor":["M","M","?","M","M","E","R","M","T","$","E","R","M","?","R","B"],"character_chosen":"THE_SILENT","items_purchased":["Bullet Time"],"campfire_rested":1,"item_purchase_floors":[10],"current_hp_per_floor":[59,59,50,50,40,7,41,34,34,34,30,30,33,33,33,0,0],"gold":179,"neow_bonus":"THREE_ENEMY_KILL","is_daily":false,"chose_seed":false,"campfire_upgraded":2,"win_rate":0.0,"timestamp":1610252665,"path_taken":["M","M","?","M","?","E","R","M","T","?","E","R","M","?","R","BOSS"],"items_purchased_type":["Card"],"build_version":"2020-12-22","purchased_purges":0,"victory":false,"max_hp_per_floor":[66,66,66,66,66,66,66,66,66,66,66,66,66,66,66,66,66],"relic_stats":{"Regal Pillow":15,"counters":[9,37],"obtain_stats":[{"Regal Pillow":6,"NeowsBlessing":0,"Bag of Marbles":9,"Ring of the Snake":0,"Meat on the Bone":11},{"Regal Pillow":5,"NeowsBlessing":0,"Bag of Marbles":6,"Ring of the Snake":0,"Meat on the Bone":7},{"Regal Pillow":18,"NeowsBlessing":0,"Bag of Marbles":22,"Ring of the Snake":0,"Meat on the Bone":30}],"Ring of the Snake":[18],"Meat on the Bone":12},"card_choices":[{"not_picked":["Underhanded Strike","Outmaneuver"],"picked":"Flying Knee","floor":1},{"not_picked":["Dagger Throw","Bane"],"picked":"Underhanded Strike","floor":2},{"not_picked":["Cloak And Dagger","Flying Knee"],"picked":"PiercingWail","floor":4},{"not_picked":["Dagger Throw","Caltrops"],"picked":"Dagger Spray","floor":5},{"not_picked":["Acrobatics","Slice"],"picked":"Eviscerate","floor":6},{"not_picked":["PiercingWail","Deadly Poison"],"picked":"Glass Knife","floor":8},{"not_picked":["Concentrate","Dagger Spray"],"picked":"Burst","floor":11},{"not_picked":["Riddle With Holes","PiercingWail"],"picked":"Acrobatics","floor":13}],"player_experience":946208,"relics_obtained":[{"floor":6,"key":"Regal Pillow"},{"floor":9,"key":"Bag of Marbles"},{"floor":11,"key":"Meat on the Bone"}],"event_choices":[{"damage_healed":0,"gold_gain":0,"player_choice":"Damaged","damage_taken":9,"max_hp_gain":0,"max_hp_loss":0,"event_name":"Wheel of Change","floor":3,"gold_loss":0},{"damage_healed":0,"gold_gain":64,"player_choice":"Gained Gold","damage_taken":0,"max_hp_gain":0,"max_hp_loss":0,"event_name":"Golden Wing","floor":14,"gold_loss":0}],"is_beta":false,"boss_relics":[],"items_purged_floors":[],"is_endless":false,"potions_floor_spawned":[2,5,6,8],"killed_by":"Slime Boss","ascension_level":17}}