{"host":"bf9sa99gaumonoeu","time":1610316944,"event":{"mods":["AchievementEnabler","Act Like it!","BaseMod","Better Sensory Stone","Colored Map","Colored Powertips","Friendly Minions","Gensokyo","GifTheSpireLib","Googly Eyes","Hallownest","Hermit","Hubris","Jorbs\u0027s Wanderer Trilogy","KinomotoSakuraMod(????)","Koishi","Lobotomy","Marisa????????","Minty Spire (QoL Compilation)","Rare Cards Sparkle","Reimu??????","Relic Stats","Remilia??????","Replay The Spire","StSLib","The Administrix","The Alterego","The Animator","The Bug Knight","The Construct","The Cursed","The Disciple","The Hierophant","The Mystic","The Necromancer","The Poker Player","The Runesmith","The Senshi","The Servant 0.9.4","TheLocksmith","Yakumo Yukari mod","thorton"],"gold_per_floor":[119,119,129,158,168,168,186,224,224,224,242,260,260,301,301,377,377,377,377],"floor_reached":18,"playtime":2095,"items_purged":[],"score":287,"play_id":"c488a787-7e1f-4550-bd02-0e1d232b9dd5","local_time":"20210110201544","is_ascension_mode":true,"campfire_choices":[{"data":"animator:HidekiHinata","floor":6,"key":"SMITH"},{"floor":10,"key":"REST"},{"floor":15,"key":"REST"}],"circlet_count":0,"master_deck":["AscendersBane","animator:Strike_AngelBeats","animator:Defend_AngelBeats+1","animator:Strike","animator:Strike","animator:Strike+1","animator:Defend","animator:Defend","animator:Defend","animator:HidekiHinata+1","animator:MasamiIwasawa+1","animator:HidekiHinata","animator:YoshinoHimekawa","animator:Godan","animator:YuzuruOtonashi","animator:MeguKakizaki","animator:KanadeTachibana","animator:Sloth","animator:MasamiIwasawa","animator:IchigoKurosaki","animator:Fredrika","animator:KanadeTachibana"],"relics":["animator:LivingPicture","animator:TheMissingPiece","RuthlessExorcism:ReiMu","Bird Faced Urn","Replay:Accelerometer","Busted Crown"],"acts_visited":["Exordium","TheCity"],"potions_floor_usage":[7,14,16,16],"damage_taken":[{"damage":3.0,"enemies":"Small Slimes","floor":1.0,"turns":4.0},{"damage":0.0,"enemies":"2 Louse","floor":3.0,"turns":3.0},{"damage":0.0,"enemies":"Cultist","floor":4.0,"turns":3.0},{"damage":8.0,"enemies":"3 Louse","floor":5.0,"turns":3.0},{"damage":0,"enemies":"Large Slime","floor":7,"turns":4},{"damage":28,"enemies":"Gremlin Nob","floor":8,"turns":4},{"damage":12,"enemies":"Exordium Wildlife","floor":11,"turns":4},{"damage":0,"enemies":"Gremlin Gang","floor":12,"turns":6},{"damage":25,"enemies":"Lagavulin","floor":14,"turns":7},{"damage":25,"enemies":"Slime Boss","floor":16,"turns":14},{"damage":57,"enemies":"Spheric Guardian","floor":18,"turns":9}],"seed_played":"5257278806631284946","potions_obtained":[{"floor":4.0,"key":"Toxic Potion"},{"floor":11,"key":"Elixir"},{"floor":12,"key":"Regen Potion"},{"floor":14,"key":"PowerPotion"},{"floor":16,"key":"Toxic Potion"}],"is_trial":false,"path_per_floor":["M","?","M","M","M","R","M","E","T","R","M","M","?","E","R","B",null,"M"],"character_chosen":"THE_ANIMATOR","items_purchased":[],"campfire_rested":2,"item_purchase_floors":[],"current_hp_per_floor":[56,43,43,43,36,36,36,8,8,28,22,22,22,12,32,17,55,0,0],"gold":377,"neow_bonus":"UPGRADE_CARD","is_daily":false,"chose_seed":true,"campfire_upgraded":1,"win_rate":0.0,"timestamp":1610316944,"path_taken":["M","?","M","M","M","R","M","E","T","R","M","M","?","E","R","BOSS","M"],"items_purchased_type":[],"build_version":"2020-12-22","purchased_purges":0,"victory":false,"max_hp_per_floor":[66,66,66,66,67,67,67,67,67,67,67,67,67,67,67,67,67,67,67],"relic_stats":{"Busted Crown":0,"counters":[11,61],"Bird Faced Urn":[4],"obtain_stats":[{"Replay:Accelerometer":14,"Busted Crown":17,"animator:TheMissingPiece":0,"Bird Faced Urn":9,"animator:LivingPicture":0,"RuthlessExorcism:ReiMu":8},{"Replay:Accelerometer":9,"Busted Crown":10,"animator:TheMissingPiece":0,"Bird Faced Urn":6,"animator:LivingPicture":0,"RuthlessExorcism:ReiMu":6},{"Replay:Accelerometer":38,"Busted Crown":52,"animator:TheMissingPiece":0,"Bird Faced Urn":21,"animator:LivingPicture":0,"RuthlessExorcism:ReiMu":21}]},"card_choices":[{"not_picked":["animator:MikuIzayoi","animator:MaesHughes"],"picked":"animator:HidekiHinata","floor":1.0},{"not_picked":["animator:Assassin","animator:NoriSakurada"],"picked":"animator:YoshinoHimekawa","floor":3.0},{"not_picked":["animator:ElricEdward","animator:Berserker"],"picked":"animator:Godan","floor":4.0},{"not_picked":["animator:Chaa","animator:Noda"],"picked":"animator:YuzuruOtonashi","floor":5},{"not_picked":["animator:ElricAlphonse","animator:Sloth"],"picked":"animator:MeguKakizaki","floor":7},{"not_picked":["animator:Souseiseki","animator:TomoeKashiwaba"],"picked":"animator:KanadeTachibana","floor":8},{"not_picked":["animator:NoriSakurada","animator:Caster"],"picked":"animator:Sloth","floor":11},{"not_picked":["animator:Noda","animator:Yusa"],"picked":"animator:MasamiIwasawa","floor":12},{"not_picked":["animator:MisakiNakahara","animator:HououinKyouma"],"picked":"animator:IchigoKurosaki","floor":13},{"not_picked":["animator:OrigamiTobiichi","animator:Gillette"],"picked":"animator:Fredrika","floor":14},{"not_picked":["animator:Kanaria","animator:Saber"],"picked":"animator:KanadeTachibana","floor":16}],"player_experience":879293,"relics_obtained":[{"floor":8,"key":"RuthlessExorcism:ReiMu"},{"floor":9,"key":"Bird Faced Urn"},{"floor":14,"key":"Replay:Accelerometer"}],"event_choices":[{"damage_healed":0.0,"max_hp_gain":0.0,"max_hp_loss":0.0,"gold_gain":0.0,"event_name":"Shining Light","player_choice":"Entered Light","floor":2.0,"gold_loss":0.0,"damage_taken":13.0,"cards_upgraded":["animator:Strike","animator:Defend_AngelBeats"]},{"damage_healed":0,"gold_gain":1,"player_choice":"1","damage_taken":0,"max_hp_gain":0,"max_hp_loss":0,"event_name":"betterStone:BetterStone","floor":13,"gold_loss":0}],"is_beta":false,"boss_relics":[{"not_picked":["hubris:RunicObelisk","ChewingGum"],"picked":"Busted Crown"}],"items_purged_floors":[],"is_endless":false,"potions_floor_spawned":[4,11,12,14,16],"killed_by":"Spheric Guardian","ascension_level":13}}