{"host":"v0dnu0zs4qo0v13s","time":1610244067,"event":{"mods":["BaseMod","Colored Map","Colored Powertips","Minty Spire (QoL Compilation)","Relic Stats","StSLib","SuperFastMode","everything is the same but u backflip on backflip"],"gold_per_floor":[114,127,52,62,32,57,57,57,108,108,118,132,207,63,63,168,168,143,43,54,54,54,88,88,98,149,177,177,177,194,109,109,211,211,225,500,110,125,125,153,153,178,232,232,0,0,0,11,11,11],"floor_reached":51,"playtime":7017,"items_purged":["Defend_B","Strike_B","Regret"],"score":1085,"play_id":"e184e35a-f272-46e4-ac34-edf2e112a8b3","local_time":"20210109210107","is_ascension_mode":true,"campfire_choices":[{"data":"Glacier","floor":8.0,"key":"SMITH"},{"data":"Glacier","floor":10.0,"key":"SMITH"},{"data":"Reinforced Body","floor":15.0,"key":"SMITH"},{"floor":24.0,"key":"REST"},{"floor":28,"key":"REST"},{"floor":32,"key":"REST"},{"data":"Doom and Gloom","floor":41,"key":"SMITH"},{"data":"The Bomb","floor":44,"key":"SMITH"},{"data":"Blizzard","floor":47,"key":"SMITH"},{"data":"Electrodynamics","floor":49,"key":"SMITH"}],"circlet_count":0,"master_deck":["Strike_B","Defend_B","Zap","Dualcast","White Noise","Glacier+1","Glacier+1","Storm","Reinforced Body+1","Buffer+1","Doom and Gloom+1","Creative AI","The Bomb+1","Capacitor+1","Electrodynamics+1","Blizzard+1"],"relics":["Snecko Eye","PreservedInsect","Bronze Scales","Juzu Bracelet","Empty Cage","Ornamental Fan","Vajra","Blood Vial","Emotion Chip","SacredBark","Darkstone Periapt","Bottled Tornado","Membership Card"],"acts_visited":["Exordium","TheCity","TheBeyond"],"potions_floor_usage":[27,27,27,33,33,50,50,50],"damage_taken":[{"damage":1.0,"enemies":"2 Louse","floor":1.0,"turns":4.0},{"damage":17.0,"enemies":"Jaw Worm","floor":2.0,"turns":7.0},{"damage":0.0,"enemies":"Cultist","floor":4.0,"turns":7.0},{"damage":0.0,"enemies":"Looter","floor":5.0,"turns":4.0},{"damage":11.0,"enemies":"3 Sentries","floor":6.0,"turns":18.0},{"damage":0.0,"enemies":"Red Slaver","floor":11.0,"turns":5.0},{"damage":0.0,"enemies":"Large Slime","floor":12.0,"turns":8.0},{"damage":12.0,"enemies":"The Guardian","floor":16.0,"turns":14.0},{"damage":4.0,"enemies":"2 Thieves","floor":18.0,"turns":5.0},{"damage":0.0,"enemies":"Chosen","floor":20.0,"turns":8.0},{"damage":36.0,"enemies":"Slavers","floor":23.0,"turns":6.0},{"damage":0.0,"enemies":"3 Cultists","floor":25.0,"turns":4.0},{"damage":5,"enemies":"Gremlin Leader","floor":27,"turns":5},{"damage":0,"enemies":"Chosen and Byrds","floor":30,"turns":6},{"damage":0,"enemies":"Automaton","floor":33,"turns":14},{"damage":0,"enemies":"3 Shapes","floor":35,"turns":5},{"damage":5,"enemies":"Orb Walker","floor":38,"turns":6},{"damage":7,"enemies":"Nemesis","floor":40,"turns":5},{"damage":1,"enemies":"Giant Head","floor":42,"turns":7},{"damage":0,"enemies":"Spire Growth","floor":48,"turns":6},{"damage":24,"enemies":"Awakened One","floor":50,"turns":16}],"seed_played":"757268769050040703","potions_obtained":[{"floor":4.0,"key":"LiquidMemories"},{"floor":6.0,"key":"Dexterity Potion"},{"floor":12.0,"key":"Ancient Potion"},{"floor":23.0,"key":"SneckoOil"},{"floor":25.0,"key":"LiquidBronze"},{"floor":27,"key":"SpeedPotion"},{"floor":30,"key":"FocusPotion"},{"floor":40,"key":"Weak Potion"},{"floor":48,"key":"EssenceOfSteel"}],"is_trial":false,"path_per_floor":["M","M","$","M","M","E","?","R","T","R","M","M","?","$","R","B",null,"M","$","M","?","?","E","R","M","T","E","R","?","M","?","R","B",null,"M","?","$","M","?","E","R","E","T","R","$","?","R","M","R","B",null],"character_chosen":"DEFECT","items_purchased":["Juzu Bracelet","Fruit Juice","The Bomb","Membership Card","Electrodynamics","Blizzard"],"campfire_rested":3,"item_purchase_floors":[14,37,37,45,45,45],"current_hp_per_floor":[67,50,50,50,50,39,64,64,64,64,64,64,57,57,57,45,68,64,64,64,64,64,28,50,50,50,45,67,53,55,55,79,80,80,80,80,80,75,75,70,70,71,71,71,71,71,71,73,73,61],"gold":11,"neow_bonus":"BOSS_RELIC","is_daily":false,"chose_seed":false,"campfire_upgraded":7,"win_rate":0.0,"timestamp":1610244067,"path_taken":["M","M","$","M","M","E","?","R","T","R","M","M","?","$","R","BOSS","M","$","M","?","?","E","R","M","T","E","R","?","M","?","R","BOSS","M","?","$","M","?","E","R","E","T","R","$","?","R","M","R","BOSS"],"items_purchased_type":["Relic","Potion","Card","Relic","Card","Card"],"build_version":"2020-12-22","purchased_purges":3,"victory":true,"max_hp_per_floor":[75,75,75,75,75,75,75,75,75,75,75,75,75,75,75,75,75,75,75,75,75,75,75,75,75,75,75,75,80,80,80,80,80,80,80,80,80,80,80,80,80,80,80,80,80,80,80,80,80,90],"relic_stats":{"Blood Vial":11,"Darkstone Periapt":0,"Emotion Chip":[19,7,10,2,0],"counters":[21,160],"Ornamental Fan":[4],"Bronze Scales":[423],"Snecko Eye":[266,230,260,246],"PreservedInsect":270,"Juzu Bracelet":3,"obtain_stats":[{"Darkstone Periapt":40,"SacredBark":34,"Vajra":26,"PreservedInsect":6,"Juzu Bracelet":14,"Bottled Tornado":42,"Empty Cage":17,"Blood Vial":27,"Emotion Chip":31,"Ornamental Fan":23,"Bronze Scales":9,"Snecko Eye":0,"Membership Card":45,"Cracked Core":0},{"Darkstone Periapt":18,"SacredBark":15,"Vajra":12,"PreservedInsect":5,"Juzu Bracelet":7,"Bottled Tornado":19,"Empty Cage":8,"Blood Vial":13,"Emotion Chip":14,"Ornamental Fan":11,"Bronze Scales":5,"Snecko Eye":0,"Membership Card":19,"Cracked Core":0},{"Darkstone Periapt":131,"SacredBark":115,"Vajra":90,"PreservedInsect":40,"Juzu Bracelet":53,"Bottled Tornado":138,"Empty Cage":67,"Blood Vial":95,"Emotion Chip":101,"Ornamental Fan":86,"Bronze Scales":40,"Snecko Eye":0,"Membership Card":138,"Cracked Core":0}]},"card_choices":[{"not_picked":["Conserve Battery","Sweeping Beam"],"picked":"White Noise","floor":1.0},{"not_picked":["Steam","Rip and Tear"],"picked":"Glacier","floor":2.0},{"not_picked":["Turbo","Hello World"],"picked":"Glacier","floor":4.0},{"not_picked":["Cold Snap","Chaos","Conserve Battery"],"picked":"SKIP","floor":5.0},{"not_picked":["Coolheaded","Turbo"],"picked":"Storm","floor":6.0},{"not_picked":["Seek","Conserve Battery","Leap"],"picked":"SKIP","floor":11.0},{"not_picked":["Storm","Rip and Tear"],"picked":"Reinforced Body","floor":12.0},{"not_picked":["Electrodynamics","Amplify"],"picked":"Buffer","floor":16.0},{"not_picked":["Compile Driver","Gash","Go for the Eyes+1"],"picked":"SKIP","floor":18.0},{"not_picked":["Reprogram","Go for the Eyes"],"picked":"Doom and Gloom","floor":20.0},{"not_picked":["Go for the Eyes","Darkness","Beam Cell"],"picked":"SKIP","floor":23.0},{"not_picked":["Doom and Gloom+1","Gash+1","Sweeping Beam"],"picked":"SKIP","floor":25.0},{"not_picked":["Leap+1","Gash+1","Conserve Battery+1"],"picked":"SKIP","floor":27},{"not_picked":["Streamline","Skim","Beam Cell"],"picked":"SKIP","floor":30},{"not_picked":["Electrodynamics","Machine Learning"],"picked":"Creative AI","floor":33},{"not_picked":["Barrage","Coolheaded+1","Ball Lightning+1"],"picked":"SKIP","floor":35},{"not_picked":["Turbo","Rip and Tear+1","Stack"],"picked":"SKIP","floor":38},{"not_picked":["Leap","Rebound","Static Discharge"],"picked":"SKIP","floor":40},{"not_picked":["Compile Driver+1","Hologram"],"picked":"Capacitor+1","floor":42},{"not_picked":["Auto Shields","Steam","Turbo+1"],"picked":"SKIP","floor":48}],"player_experience":691665,"relics_obtained":[{"floor":6.0,"key":"PreservedInsect"},{"floor":9.0,"key":"Bronze Scales"},{"floor":23.0,"key":"Ornamental Fan"},{"floor":26.0,"key":"Vajra"},{"floor":27,"key":"Blood Vial"},{"floor":40,"key":"Darkstone Periapt"},{"floor":42,"key":"Bottled Tornado"}],"event_choices":[{"damage_healed":25.0,"max_hp_gain":0.0,"max_hp_loss":0.0,"gold_gain":0.0,"event_name":"Big Fish","player_choice":"Banana","floor":7.0,"gold_loss":0.0,"damage_taken":0.0},{"damage_healed":0.0,"max_hp_gain":0.0,"max_hp_loss":0.0,"gold_gain":75.0,"event_name":"FaceTrader","player_choice":"Touch","floor":13.0,"gold_loss":0.0,"damage_taken":7.0},{"cards_removed":["Strike_B"],"damage_healed":0.0,"max_hp_gain":0.0,"max_hp_loss":0.0,"gold_gain":0.0,"event_name":"Back to Basics","player_choice":"Elegance","floor":21.0,"gold_loss":0.0,"damage_taken":0.0},{"damage_healed":0.0,"max_hp_gain":0.0,"max_hp_loss":0.0,"gold_gain":0.0,"event_name":"Accursed Blacksmith","player_choice":"Forge","floor":22.0,"gold_loss":0.0,"damage_taken":0.0,"cards_upgraded":["Buffer"]},{"damage_healed":0,"gold_gain":0,"player_choice":"Shed Blood","damage_taken":19,"max_hp_gain":5,"max_hp_loss":0,"event_name":"Forgotten Altar","floor":29,"gold_loss":0},{"damage_healed":0,"gold_gain":0,"player_choice":"Obtained Relic","damage_taken":0,"relics_obtained":["Emotion Chip"],"max_hp_gain":0,"max_hp_loss":0,"event_name":"Addict","floor":31,"gold_loss":85},{"damage_healed":0,"gold_gain":275,"player_choice":"Desecrate","damage_taken":0,"max_hp_gain":0,"max_hp_loss":0,"event_name":"Golden Shrine","floor":36,"gold_loss":0,"cards_obtained":["Regret"]},{"damage_healed":0,"gold_gain":0,"player_choice":"Ignored","damage_taken":0,"max_hp_gain":0,"max_hp_loss":0,"event_name":"Tomb of Lord Red Mask","floor":39,"gold_loss":0},{"cards_removed":["Strike_B"],"damage_healed":0,"gold_gain":0,"player_choice":"Removed Attack","damage_taken":0,"max_hp_gain":0,"max_hp_loss":0,"event_name":"Falling","floor":46,"gold_loss":0}],"is_beta":false,"boss_relics":[{"not_picked":["Velvet Choker","Black Star"],"picked":"Empty Cage"},{"not_picked":["Runic Pyramid","Philosopher\u0027s Stone"],"picked":"SacredBark"}],"items_purged_floors":[3,19,37],"is_endless":false,"potions_floor_spawned":[4,6,12,23,25,27,30,40,48],"ascension_level":8}}