{"host":"j4g6ia6asvpyu2b0","time":1610305741,"event":{"mods":["BaseMod","Colored Map","Minty Spire (QoL Compilation)","Permanent Neow","Quick Restart","Relic Stats","StSLib","Unceasing Turn Reminder"],"gold_per_floor":[],"floor_reached":32,"playtime":947,"items_purged":[],"score":515,"play_id":"2249d50b-080f-4d88-9638-1adb672db184","local_time":"20210110120900","is_ascension_mode":true,"campfire_choices":[],"circlet_count":0,"master_deck":["Strike_G+1","Strike_G+1","Strike_G+1","Strike_G+1","Defend_G+1","Defend_G+1","Defend_G+1","Defend_G+1","Defend_G+1","Survivor+1","Neutralize","Sucker Punch","Deadly Poison+1","Poisoned Stab","Terror","Escape Plan","Sucker Punch","Writhe","Tools of the Trade+1","Dash","Bane","A Thousand Cuts+1","Catalyst","RitualDagger","Flying Knee","Dodge and Roll","Quick Slash","Dash+1","After Image+1","Regret","Bouncing Flask","Footwork","Dodge and Roll"],"relics":["Cursed Key","PreservedInsect","Darkstone Periapt","Meat on the Bone","War Paint","Blood Vial","Membership Card","Ninja Scroll","Coffee Dripper","Sundial","Letter Opener","Red Mask","Oddly Smooth Stone"],"acts_visited":["Exordium","TheCity"],"potions_floor_usage":[],"damage_taken":[],"seed_played":"2931872541684674765","potions_obtained":[],"is_trial":false,"path_per_floor":[],"character_chosen":"THE_SILENT","items_purchased":[],"campfire_rested":1,"item_purchase_floors":[],"current_hp_per_floor":[],"gold":366,"neow_bonus":"BOSS_RELIC","is_daily":false,"chose_seed":false,"campfire_upgraded":4,"win_rate":0.0,"timestamp":1610305740,"path_taken":[],"items_purchased_type":[],"build_version":"2020-12-22","purchased_purges":0,"victory":false,"max_hp_per_floor":[],"relic_stats":{"Darkstone Periapt":12,"Blood Vial":22,"counters":[19,92],"Sundial":[0],"PreservedInsect":216,"Letter Opener":[0],"War Paint":["Defend_G","Survivor"],"Cursed Key":2,"obtain_stats":[{"Darkstone Periapt":8,"Oddly Smooth Stone":30,"PreservedInsect":6,"Letter Opener":25,"War Paint":10,"Cursed Key":0,"Blood Vial":12,"Ninja Scroll":14,"Sundial":23,"Coffee Dripper":17,"Red Mask":28,"Membership Card":14,"Ring of the Snake":0,"Meat on the Bone":9},{"Darkstone Periapt":6,"Oddly Smooth Stone":18,"PreservedInsect":5,"Letter Opener":16,"War Paint":7,"Cursed Key":0,"Blood Vial":8,"Ninja Scroll":9,"Sundial":14,"Coffee Dripper":10,"Red Mask":17,"Membership Card":9,"Ring of the Snake":0,"Meat on the Bone":6},{"Darkstone Periapt":29,"Oddly Smooth Stone":87,"PreservedInsect":26,"Letter Opener":79,"War Paint":36,"Cursed Key":0,"Blood Vial":41,"Ninja Scroll":44,"Sundial":70,"Coffee Dripper":55,"Red Mask":83,"Membership Card":44,"Ring of the Snake":0,"Meat on the Bone":29}],"Meat on the Bone":84},"card_choices":[],"player_experience":789909,"relics_obtained":[],"event_choices":[],"is_beta":false,"boss_relics":[],"items_purged_floors":[],"is_endless":false,"potions_floor_spawned":[],"ascension_level":9}}