{"host":"dhyczjm99amxd3qx","time":1610250868,"event":{"mods":["BaseMod","Colored Map","Googly Eyes","Highlight Path","Minty Spire (QoL Compilation)","Quick Restart","StSLib"],"gold_per_floor":[111,128,128,78,88,120,120,120,174,174,203,22,22,22],"floor_reached":13,"playtime":613,"items_purged":[],"score":137,"play_id":"370e1a5b-43d8-41b9-9eb8-efd81eaa5dd0","local_time":"20210109225428","is_ascension_mode":true,"campfire_choices":[{"floor":7,"key":"REST"},{"data":"Malaise","floor":10,"key":"SMITH"}],"circlet_count":0,"master_deck":["AscendersBane","Strike_G","Strike_G","Strike_G","Strike_G","Defend_G","Defend_G","Defend_G","Defend_G","Survivor","Neutralize","Malaise+1","Cloak And Dagger","Well Laid Plans","Accuracy"],"relics":["Ring of the Snake","Regal Pillow","Oddly Smooth Stone","Anchor","Toy Ornithopter","Smiling Mask","Happy Flower"],"acts_visited":["Exordium"],"potions_floor_usage":[6,11],"damage_taken":[{"damage":6,"enemies":"2 Louse","floor":1,"turns":4},{"damage":0,"enemies":"Jaw Worm","floor":2,"turns":6},{"damage":3,"enemies":"Small Slimes","floor":5,"turns":6},{"damage":28,"enemies":"Lagavulin","floor":6,"turns":9},{"damage":33,"enemies":"Gremlin Nob","floor":11,"turns":6},{"damage":25,"enemies":"3 Sentries","floor":13,"turns":3}],"seed_played":"-8535712477252971432","potions_obtained":[{"floor":2,"key":"CunningPotion"},{"floor":5,"key":"ColorlessPotion"}],"is_trial":false,"path_per_floor":["M","M","?","?","M","E","R","?","T","R","E","$","E"],"character_chosen":"THE_SILENT","items_purchased":["Happy Flower","Accuracy"],"campfire_rested":1,"item_purchase_floors":[12,12],"current_hp_per_floor":[57,57,50,50,47,19,55,43,43,43,15,15,0,0],"gold":22,"neow_bonus":"RANDOM_COMMON_RELIC","is_daily":false,"chose_seed":false,"campfire_upgraded":1,"win_rate":0.0,"timestamp":1610250868,"path_taken":["M","M","?","?","M","E","R","?","T","R","E","?","E"],"items_purchased_type":["Relic","Card"],"build_version":"2020-12-22","purchased_purges":0,"victory":false,"max_hp_per_floor":[70,70,70,70,70,70,70,70,70,70,70,70,70,70],"card_choices":[{"not_picked":["Deflect","Outmaneuver","Acrobatics"],"picked":"SKIP","floor":1},{"not_picked":["Dagger Spray","PiercingWail","Bane"],"picked":"SKIP","floor":2},{"not_picked":["Cloak And Dagger","Backflip"],"picked":"Malaise","floor":5},{"not_picked":["Blur","Crippling Poison"],"picked":"Cloak And Dagger","floor":6},{"not_picked":["Setup","Dodge and Roll"],"picked":"Well Laid Plans","floor":11}],"player_experience":323667,"relics_obtained":[{"floor":6,"key":"Oddly Smooth Stone"},{"floor":9,"key":"Toy Ornithopter"},{"floor":11,"key":"Smiling Mask"}],"event_choices":[{"cards_removed":["Defend_G"],"damage_healed":0,"gold_gain":0,"player_choice":"Card Removal","damage_taken":7,"max_hp_gain":0,"max_hp_loss":0,"event_name":"Golden Wing","floor":3,"gold_loss":0},{"cards_removed":["Strike_G"],"damage_healed":0,"gold_gain":0,"player_choice":"Card Removal","damage_taken":0,"max_hp_gain":0,"max_hp_loss":0,"event_name":"The Cleric","floor":4,"gold_loss":50},{"damage_healed":0,"gold_gain":0,"player_choice":"Success","damage_taken":12,"relics_obtained":["Anchor"],"max_hp_gain":0,"max_hp_loss":0,"event_name":"Scrap Ooze","floor":8,"gold_loss":0}],"is_beta":false,"boss_relics":[],"items_purged_floors":[],"is_endless":false,"potions_floor_spawned":[2,5],"killed_by":"3 Sentries","ascension_level":10}}