{"host":"8zwct8k1efxci9za","time":1610306456,"event":{"mods":["AchievementEnabler","BaseMod","Block Reminder","Colored Powertips","DeckTracker","Minty Spire (QoL Compilation)","Rare Cards Sparkle","Relic Sorter","StSLib","SuperFastMode"],"gold_per_floor":[113,113,188,463,474,474,508,508,560,571,583,602,636,655,655,757,757,768,867,792,664,29,60,60,74,74,94,94,94,110,156,156,253,253,269,317,317,328,348,348,348],"floor_reached":40,"playtime":2302,"items_purged":["Strike_R","Regret"],"score":488,"play_id":"3ea1dd18-e736-4af7-862c-9fae152882d0","local_time":"20210110202056","is_ascension_mode":true,"campfire_choices":[{"data":"Pommel Strike","floor":6,"key":"SMITH"},{"floor":8,"key":"RECALL"},{"floor":15,"key":"REST"},{"data":"Evolve","floor":24,"key":"SMITH"},{"data":"Evolve","floor":28,"key":"SMITH"},{"floor":32,"key":"REST"}],"circlet_count":0,"master_deck":["Strike_R","Strike_R","Strike_R","Defend_R","Defend_R","Defend_R","Defend_R","Bash","Pommel Strike+1","Seeing Red+1","Inflame","Thunderclap","Wild Strike","Pummel","Limit Break+1","Armaments+1","Evolve+1","Evolve+1","Iron Wave+1","Berserk","Shrug It Off+1","Disarm+1"],"relics":["Burning Blood","NeowsBlessing","Anchor","Toxic Egg 2","Vajra","Bottled Flame","Cursed Key","Bottled Tornado","Kunai","Strawberry","Dream Catcher","Bronze Scales","Fusion Hammer","CaptainsWheel"],"acts_visited":["Exordium","TheCity","TheBeyond"],"potions_floor_usage":[10,11,13,16,23,36,40],"damage_taken":[{"damage":0,"enemies":"Jaw Worm","floor":1,"turns":1},{"damage":4,"enemies":"Small Slimes","floor":5,"turns":2},{"damage":0,"enemies":"Gremlin Nob","floor":7,"turns":1},{"damage":17,"enemies":"Cultist","floor":10,"turns":3},{"damage":18,"enemies":"Exordium Thugs","floor":11,"turns":4},{"damage":7,"enemies":"Large Slime","floor":12,"turns":5},{"damage":16,"enemies":"3 Sentries","floor":13,"turns":4},{"damage":5,"enemies":"Exordium Wildlife","floor":14,"turns":3},{"damage":13,"enemies":"Slime Boss","floor":16,"turns":8},{"damage":4,"enemies":"Chosen","floor":18,"turns":3},{"damage":15,"enemies":"Book of Stabbing","floor":23,"turns":5},{"damage":18,"enemies":"Shell Parasite","floor":25,"turns":4},{"damage":17,"enemies":"Snecko","floor":27,"turns":4},{"damage":14,"enemies":"Centurion and Healer","floor":30,"turns":6},{"damage":71,"enemies":"Automaton","floor":33,"turns":10},{"damage":16,"enemies":"Orb Walker","floor":35,"turns":3},{"damage":57,"enemies":"2 Orb Walkers","floor":36,"turns":6},{"damage":0,"enemies":"3 Shapes","floor":38,"turns":4},{"damage":11,"enemies":"Jaw Worm Horde","floor":39,"turns":5},{"damage":86,"enemies":"Nemesis","floor":40,"turns":6}],"seed_played":"7379582711097617608","potions_obtained":[{"floor":1,"key":"Swift Potion"},{"floor":7,"key":"Swift Potion"},{"floor":10,"key":"PowerPotion"},{"floor":14,"key":"Explosive Potion"},{"floor":18,"key":"DuplicationPotion"},{"floor":33,"key":"Explosive Potion"},{"floor":38,"key":"FairyPotion"},{"floor":39,"key":"ColorlessPotion"}],"is_trial":false,"path_per_floor":["M","?","?","?","M","R","E","R","T","M","M","M","E","M","R","B",null,"M","?","?","$","$","E","R","M","T","M","R","?","M","T","R","B",null,"M","?","?","M","M","E"],"character_chosen":"IRONCLAD","items_purchased":["Armaments+1","Evolve","Bottled Tornado","Kunai"],"campfire_rested":2,"item_purchase_floors":[21,22,22,22],"current_hp_per_floor":[80,80,69,69,71,71,77,77,77,66,54,53,43,44,68,61,80,80,80,80,80,80,78,78,66,66,55,55,55,47,47,73,8,87,77,26,26,32,27,0,0],"gold":348,"neow_bonus":"THREE_ENEMY_KILL","is_daily":false,"chose_seed":false,"campfire_upgraded":3,"win_rate":0.0,"timestamp":1610306456,"path_taken":["M","?","?","?","M","R","E","R","T","M","?","M","E","M","R","BOSS","M","?","?","?","$","E","R","M","T","M","R","?","M","?","R","BOSS","M","?","?","?","M","E"],"items_purchased_type":["Card","Card","Relic","Relic"],"build_version":"2020-12-22","purchased_purges":2,"victory":false,"max_hp_per_floor":[80,80,80,80,80,80,80,80,80,80,80,80,80,80,80,80,80,80,80,80,80,80,87,87,87,87,87,87,87,87,87,87,87,87,87,87,87,87,87,87,87],"card_choices":[{"not_picked":["Evolve","Iron Wave","Searing Blow"],"picked":"SKIP","floor":1},{"not_picked":["Searing Blow","Shockwave"],"picked":"Pommel Strike","floor":5},{"not_picked":["Wild Strike","Thunderclap"],"picked":"Seeing Red+1","floor":7},{"not_picked":["Fire Breathing","Shockwave+1"],"picked":"Inflame","floor":10},{"not_picked":["Sword Boomerang","Armaments+1","Rage+1"],"picked":"SKIP","floor":11},{"not_picked":["Sword Boomerang","Metallicize"],"picked":"Thunderclap","floor":12},{"not_picked":["Headbutt","Disarm+1"],"picked":"Wild Strike","floor":13},{"not_picked":["Twin Strike","Wild Strike"],"picked":"Pummel","floor":14},{"not_picked":["Berserk","Feed"],"picked":"Limit Break+1","floor":16},{"not_picked":["True Grit+1","Thunderclap","Clash"],"picked":"SKIP","floor":18},{"not_picked":["Anger","Entrench+1","Heavy Blade"],"picked":"SKIP","floor":23},{"not_picked":["Anger","Entrench+1","Heavy Blade"],"picked":"SKIP","floor":23},{"not_picked":["Sword Boomerang+1","Shockwave+1"],"picked":"Evolve","floor":25},{"not_picked":["Shockwave+1","Battle Trance+1"],"picked":"Iron Wave+1","floor":27},{"not_picked":["Offering+1","Warcry+1","Rupture+1"],"picked":"SKIP","floor":30},{"not_picked":["Bludgeon","Brutality"],"picked":"Berserk","floor":33},{"not_picked":["Headbutt","Anger+1"],"picked":"Shrug It Off+1","floor":35},{"not_picked":["Clash+1","Cleave+1","Dark Embrace+1"],"picked":"SKIP","floor":38},{"not_picked":["Thunderclap+1","Anger"],"picked":"Disarm+1","floor":39}],"player_experience":102634,"relics_obtained":[{"floor":7,"key":"Toxic Egg 2"},{"floor":9,"key":"Vajra"},{"floor":13,"key":"Bottled Flame"},{"floor":23,"key":"Strawberry"},{"floor":31,"key":"Bronze Scales"},{"floor":36,"key":"CaptainsWheel"}],"event_choices":[{"damage_healed":0,"gold_gain":0,"player_choice":"Box","damage_taken":0,"relics_obtained":["Anchor"],"max_hp_gain":0,"max_hp_loss":0,"event_name":"Big Fish","floor":2,"gold_loss":0,"cards_obtained":["Regret"]},{"damage_healed":0,"gold_gain":75,"player_choice":"Gather Gold","damage_taken":11,"max_hp_gain":0,"max_hp_loss":0,"event_name":"World of Goop","floor":3,"gold_loss":0},{"damage_healed":0,"gold_gain":275,"player_choice":"Desecrate","damage_taken":0,"max_hp_gain":0,"max_hp_loss":0,"event_name":"Golden Shrine","floor":4,"gold_loss":0,"cards_obtained":["Regret"]},{"damage_healed":0,"gold_gain":99,"player_choice":"Stole From Cult","damage_taken":0,"max_hp_gain":0,"max_hp_loss":0,"event_name":"Nest","floor":19,"gold_loss":0},{"cards_removed":["Strike_R"],"damage_healed":0,"gold_gain":0,"player_choice":"Gave Gold","damage_taken":0,"max_hp_gain":0,"max_hp_loss":0,"event_name":"Beggar","floor":20,"gold_loss":75},{"damage_healed":0,"gold_gain":0,"player_choice":"Opened","damage_taken":0,"relics_obtained":["Dream Catcher"],"max_hp_gain":0,"max_hp_loss":0,"event_name":"The Mausoleum","floor":29,"gold_loss":0},{"damage_healed":0,"gold_gain":0,"player_choice":"Fight","damage_taken":0,"max_hp_gain":0,"max_hp_loss":0,"event_name":"Mysterious Sphere","floor":36,"gold_loss":0},{"cards_removed":["Doubt","Pain","Regret"],"damage_healed":0,"gold_gain":0,"player_choice":"Removed Curses","damage_taken":0,"max_hp_gain":0,"max_hp_loss":0,"event_name":"Fountain of Cleansing","floor":37,"gold_loss":0}],"is_beta":false,"boss_relics":[{"not_picked":["Empty Cage","Philosopher\u0027s Stone"],"picked":"Cursed Key"},{"not_picked":["Velvet Choker","Runic Cube"],"picked":"Fusion Hammer"}],"items_purged_floors":[21,22],"is_endless":false,"potions_floor_spawned":[1,7,10,14,18,33,38,39],"killed_by":"Nemesis","ascension_level":1}}