{"host":"4rvakrj1idbgia3f","time":1610277892,"event":{"mods":["BaseMod","Colored Map","Colored Powertips","DeckTracker","Highlight Path","Minty Spire (QoL Compilation)","Random Character Button","StSLib"],"gold_per_floor":[11,25,35,53,53,53,68,78,105,133,133,162,162,179,179,179,179],"floor_reached":16,"playtime":488,"items_purged":[],"score":208,"play_id":"9f0fd708-1ea0-439b-8fd3-68236cd92948","local_time":"20210110202452","is_ascension_mode":true,"campfire_choices":[{"data":"Perfected Strike","floor":6,"key":"SMITH"},{"data":"True Grit","floor":11,"key":"SMITH"},{"data":"Fiend Fire","floor":13,"key":"SMITH"},{"data":"Armaments","floor":15,"key":"SMITH"}],"circlet_count":0,"master_deck":["AscendersBane","Strike_R","Strike_R","Strike_R","Strike_R","Defend_R","Defend_R","Defend_R","Bash","Twin Strike","Pommel Strike","Perfected Strike+1","True Grit+1","Fiend Fire+1","Wild Strike","Pommel Strike","Armaments+1"],"relics":["Burning Blood","Centennial Puzzle","Odd Mushroom","Bottled Flame"],"acts_visited":["Exordium"],"potions_floor_usage":[8,10,14,16,16],"damage_taken":[{"damage":6,"enemies":"Cultist","floor":1,"turns":3},{"damage":9,"enemies":"Jaw Worm","floor":2,"turns":4},{"damage":12,"enemies":"Small Slimes","floor":3,"turns":4},{"damage":16,"enemies":"Blue Slaver","floor":4,"turns":3},{"damage":6,"enemies":"Looter","floor":7,"turns":2},{"damage":10,"enemies":"3 Louse","floor":8,"turns":4},{"damage":11,"enemies":"The Mushroom Lair","floor":10,"turns":3},{"damage":34,"enemies":"Lagavulin","floor":12,"turns":8},{"damage":0,"enemies":"Red Slaver","floor":14,"turns":2},{"damage":23,"enemies":"Hexaghost","floor":16,"turns":7}],"seed_played":"7501854672755338531","potions_obtained":[{"floor":4,"key":"DuplicationPotion"},{"floor":8,"key":"LiquidMemories"},{"floor":10,"key":"Regen Potion"},{"floor":12,"key":"Block Potion"},{"floor":14,"key":"FearPotion"}],"is_trial":false,"path_per_floor":["M","M","M","M","$","R","M","M","T","?","R","E","R","M","R","B"],"character_chosen":"IRONCLAD","items_purchased":[],"campfire_rested":0,"item_purchase_floors":[],"current_hp_per_floor":[68,65,59,49,49,49,49,45,45,40,40,12,12,18,18,0,0],"gold":179,"neow_bonus":"REMOVE_TWO","is_daily":false,"chose_seed":false,"campfire_upgraded":4,"win_rate":0.0,"timestamp":1610277892,"path_taken":["M","M","M","?","$","R","M","M","T","?","R","E","R","M","R","BOSS"],"items_purchased_type":[],"build_version":"2020-12-22","purchased_purges":0,"victory":false,"max_hp_per_floor":[75,75,75,75,75,75,75,75,75,75,75,75,75,75,75,75,75],"card_choices":[{"not_picked":["Heavy Blade","Iron Wave"],"picked":"Twin Strike","floor":1},{"not_picked":["Havoc","Iron Wave"],"picked":"Pommel Strike","floor":2},{"not_picked":["Dual Wield","Sword Boomerang","Burning Pact"],"picked":"SKIP","floor":3},{"not_picked":["True Grit","Shrug It Off"],"picked":"Perfected Strike","floor":4},{"not_picked":["Sword Boomerang","Dark Embrace"],"picked":"True Grit","floor":7},{"not_picked":["Warcry","True Grit"],"picked":"Fiend Fire","floor":8},{"not_picked":["Body Slam","Clash"],"picked":"Wild Strike","floor":10},{"not_picked":["Clothesline","Reckless Charge"],"picked":"Pommel Strike","floor":12},{"not_picked":["Wild Strike","Clash"],"picked":"Armaments","floor":14}],"player_experience":1993313,"relics_obtained":[{"floor":9,"key":"Centennial Puzzle"},{"floor":10,"key":"Odd Mushroom"},{"floor":12,"key":"Bottled Flame"}],"event_choices":[{"damage_healed":0,"gold_gain":0,"player_choice":"Fought Mushrooms","damage_taken":0,"max_hp_gain":0,"max_hp_loss":0,"event_name":"Mushrooms","floor":10,"gold_loss":0}],"is_beta":false,"boss_relics":[],"items_purged_floors":[],"is_endless":false,"potions_floor_spawned":[4,8,10,12,14],"killed_by":"Hexaghost","ascension_level":20}}