{"host":"qheym18ww6mhskxf","time":1610313683,"event":{"mods":["BaseMod","CapriCore","Friendly Minions","GungeonMod","KOR Keyword Fix","Kiyohime£¨?ýï£©","Minty Spire (QoL Compilation)","Prisma Mod","Quick Restart","RRrroohrrRGHHhhh!!","Rare Cards Sparkle","Shop Mod","Spicy Shops","StSLib","Td1madao Mod","Username Fix"],"gold_per_floor":[116,41,60,60,75,75,75,107,107,107,7,7,40,57,57,159,159,125,140,15,15,15],"floor_reached":21,"playtime":4429,"items_purged":["Bash","Strike_R","Strike_R"],"score":416,"play_id":"3b0a5b1a-e902-4f94-8676-33d2cdd54a92","local_time":"20210111062123","daily_mods":["Time Dilation","DeadlyEvents","Elite Swarm"],"is_ascension_mode":true,"campfire_choices":[{"data":"PrismaMod:IllyaGun","floor":6.0,"key":"SMITH"},{"data":"PrismaMod:IllyaBerserCAR","floor":10.0,"key":"SMITH"},{"floor":12.0,"key":"REST"},{"floor":15.0,"key":"DIG"}],"circlet_count":0,"master_deck":["Strike_R","Strike_R","Strike_R","Defend_R","Defend_R","Defend_R","Defend_R","PrismaMod:IllyaGun+1","PrismaMod:IllyaBerserCAR+1","Seeing Red+1"],"relics":["Burning Blood","DemoMod:Bottle","Ornamental Fan","DemoMod:MeltedRock","Shovel","DemoMod:ChaffGrenade","rorgmod:Black Star"],"acts_visited":["Exordium","TheCity"],"potions_floor_usage":[],"damage_taken":[{"damage":0.0,"enemies":"2 Louse","floor":1.0,"turns":3.0},{"damage":1.0,"enemies":"Cultist","floor":3.0,"turns":4.0},{"damage":6.0,"enemies":"Small Slimes","floor":5.0,"turns":3.0},{"damage":37.0,"enemies":"Gremlin Nob","floor":8.0,"turns":5.0},{"damage":36.0,"enemies":"Lagavulin","floor":13.0,"turns":6.0},{"damage":3.0,"enemies":"3 Louse","floor":14.0,"turns":2.0},{"damage":35.0,"enemies":"Hexaghost","floor":16.0,"turns":10.0},{"damage":37.0,"enemies":"2 Thieves","floor":18.0,"turns":5.0},{"damage":18.0,"enemies":"Spheric Guardian","floor":19.0,"turns":4.0},{"damage":7,"enemies":"Cultist and Chosen","floor":21,"turns":7}],"seed_played":"5286208264437424355","potions_obtained":[{"floor":5.0,"key":"BloodPotion"},{"floor":13.0,"key":"SteroidPotion"},{"floor":14.0,"key":"SteroidPotion"},{"floor":18.0,"key":"Weak Potion"}],"is_trial":true,"path_per_floor":["M","$","M","?","M","R","?","E","T","R","$","R","E","M","R","B",null,"M","M","$","M"],"character_chosen":"IRONCLAD","items_purchased":[],"campfire_rested":1,"item_purchase_floors":[],"current_hp_per_floor":[78,78,80,80,80,80,80,49,49,49,49,73,43,46,46,17,64,33,21,21,14,14],"gold":15,"neow_bonus":"","is_daily":false,"chose_seed":false,"campfire_upgraded":2,"win_rate":0.0,"timestamp":1610313683,"path_taken":["M","$","M","?","M","R","?","?","T","R","$","R","E","M","R","BOSS","M","M","$","M"],"items_purchased_type":[],"build_version":"2020-12-22","purchased_purges":3,"victory":false,"max_hp_per_floor":[80,80,80,80,80,80,80,80,80,80,80,80,80,80,80,80,80,80,80,80,80,80],"card_choices":[{"not_picked":["PrismaMod:IllyaUberChannel","PrismaMod:IllyaBoysLove"],"picked":"PrismaMod:IllyaGun","floor":1.0},{"not_picked":["Clothesline","Dark Embrace"],"picked":"PrismaMod:IllyaBerserCAR","floor":3.0},{"not_picked":["PrismaMod:IllyaAssassinRevenge","PrismaMod:IllyaUncommonEvoke","PrismaMod:IllyaCheapDefend"],"picked":"SKIP","floor":5.0},{"not_picked":["Juggernaut","PrismaMod:IllyaCarnivalOrbs","Offering"],"picked":"SKIP","floor":8.0},{"not_picked":["Brutality","rorgmod:Immolate","Offering"],"picked":"SKIP","floor":13.0},{"not_picked":["PrismaMod:IllyaCheapChannelDefend","Wild Strike","PrismaMod:IllyaPoisoningPhantasm"],"picked":"SKIP","floor":14.0},{"not_picked":["PrismaMod:IllyaTestament+1","PrismaMod:IllyaAOECommonAttack","Evolve+1"],"picked":"SKIP","floor":18.0},{"not_picked":["Headbutt","Sword Boomerang"],"picked":"Seeing Red+1","floor":19.0}],"player_experience":570784,"relics_obtained":[{"floor":8.0,"key":"Ornamental Fan"},{"floor":9.0,"key":"DemoMod:MeltedRock"},{"floor":13.0,"key":"Shovel"},{"floor":15.0,"key":"DemoMod:ChaffGrenade"}],"event_choices":[{"damage_healed":0.0,"max_hp_gain":0.0,"max_hp_loss":0.0,"gold_gain":0.0,"event_name":"The Cleric","player_choice":"Leave","floor":4.0,"gold_loss":0.0,"damage_taken":0.0},{"damage_healed":0.0,"max_hp_gain":0.0,"max_hp_loss":0.0,"gold_gain":0.0,"event_name":"WeMeetAgain","player_choice":"Gave Potion","floor":7.0,"gold_loss":0.0,"damage_taken":0.0,"relics_obtained":["DemoMod:Bottle"]}],"is_beta":false,"boss_relics":[{"not_picked":["Astrolabe","DemoMod:RiddleOfLead"],"picked":"rorgmod:Black Star"}],"items_purged_floors":[2,11,20],"is_endless":true,"potions_floor_spawned":[5,13,14,18],"killed_by":"Cultist and Chosen","ascension_level":9}}