{"host":"s7l2a3wroivred6i","time":1610238811,"event":{"mods":["AchievementEnabler","BaseMod","Better Altar","Better Match","Better Note","Better Sensory Stone","Better Skull","Better Synergies","Better Third Choice","BetterRewards","Conspire","Downfall","GifTheSpireLib","Hubris","Infinite Spire","Minty Spire (QoL Compilation)","Replay The Spire","Retaliation","StSLib","Stuff the Spire","The Blue Laboratory"],"gold_per_floor":[118,118,136,56,71,71,99,110,136,136,136,136],"floor_reached":11,"playtime":464,"items_purged":[],"score":73,"play_id":"bce08dd7-a5e1-45cc-a413-f86cecff8a8e","local_time":"20210109193331","is_ascension_mode":false,"campfire_choices":[{"data":"SandsOfTime","floor":6,"key":"SMITH"}],"circlet_count":0,"master_deck":["Strike_P","Strike_P","Strike_P","Strike_P","Defend_P","Defend_P","Defend_P","Defend_P","Eruption","Vigilance","Replay:SS_forest_2+1","Collect","SandsOfTime+1"],"relics":["PureWater","NeowsBlessing","CeramicFish","Replay:Bandana","Golden Idol"],"acts_visited":["Exordium"],"potions_floor_usage":[7,11],"damage_taken":[{"damage":0,"enemies":"Cultist","floor":1,"turns":1},{"damage":0,"enemies":"Jaw Worm","floor":3,"turns":1},{"damage":0,"enemies":"2 Louse","floor":5,"turns":1},{"damage":51,"enemies":"Gremlin Nob","floor":7,"turns":7},{"damage":16,"enemies":"Lots of Slimes","floor":8,"turns":5},{"damage":0,"enemies":"3 Sentries","floor":11,"turns":2}],"seed_played":"-4031685831827740965","potions_obtained":[{"floor":5,"key":"EssenceOfSteel"},{"floor":8,"key":"Weak Potion"}],"is_trial":false,"path_per_floor":["M","?","M","$","M","R","E","M","T","?","E"],"character_chosen":"WATCHER","items_purchased":["SandsOfTime"],"campfire_rested":0,"item_purchase_floors":[4],"current_hp_per_floor":[72,72,72,72,72,72,21,5,5,5,5,5],"gold":136,"neow_bonus":"THREE_ENEMY_KILL","is_daily":false,"chose_seed":false,"campfire_upgraded":1,"win_rate":0.0,"timestamp":1610238811,"path_taken":["M","?","?","$","M","R","E","M","T","?","E"],"items_purchased_type":["Card"],"build_version":"2020-12-22","purchased_purges":0,"victory":false,"max_hp_per_floor":[72,72,72,72,72,72,72,72,72,67,67,67],"card_choices":[{"not_picked":["CutThroughFate","Replay:ManipulateFuture","Replay:Battleflow"],"picked":"SKIP","floor":1},{"not_picked":["EmptyFist","Crescendo"],"picked":"Collect","floor":3},{"not_picked":["Prostrate","CutThroughFate","MentalFortress"],"picked":"SKIP","floor":5},{"not_picked":["EmptyFist","Crescendo","Replay:BluntJabs"],"picked":"SKIP","floor":7},{"not_picked":["Sanctity","Replay:Cycle","Replay:ManipulateFuture"],"picked":"SKIP","floor":8}],"player_experience":332769,"relics_obtained":[{"floor":7,"key":"CeramicFish"},{"floor":9,"key":"Replay:Bandana"}],"event_choices":[{"cards_removed":["Eruption"],"damage_healed":0,"gold_gain":0,"player_choice":"Take \u0026 Give","damage_taken":0,"max_hp_gain":0,"max_hp_loss":0,"event_name":"betterNote:BetterNote","floor":2,"gold_loss":0,"cards_obtained":["Replay:SS_forest_2"]},{"damage_healed":0,"gold_gain":0,"player_choice":"Lose Max HP","damage_taken":0,"relics_obtained":["Golden Idol"],"max_hp_gain":0,"max_hp_loss":5,"event_name":"Golden Idol","floor":10,"gold_loss":0}],"is_beta":false,"boss_relics":[],"items_purged_floors":[],"is_endless":false,"potions_floor_spawned":[5,8],"killed_by":"3 Sentries","ascension_level":0}}