{"host":"nptej036rrbiurf5","time":1610285231,"event":{"mods":["BaseMod","Colored Map","Colored Powertips","DeckTracker","Minty Spire (QoL Compilation)","StSLib","SuperFastMode"],"gold_per_floor":[115,115,130,130,6,41,60,60,60,91,91,103,132,132,132,203,203,220,145,145,165,177,177,205,20,20,20,70,87,37,87,87,87,87],"floor_reached":33,"playtime":585,"items_purged":["Strike_P","Strike_P","Strike_P"],"score":812,"play_id":"33fe6c24-48b4-421f-8e42-919e3033574c","local_time":"20210110222711","is_ascension_mode":true,"campfire_choices":[{"data":"WheelKick","floor":8.0,"key":"SMITH"},{"data":"Blasphemy","floor":15.0,"key":"SMITH"},{"data":"Adaptation","floor":23.0,"key":"SMITH"},{"data":"ConjureBlade","floor":27.0,"key":"SMITH"},{"data":"Ragnarok","floor":32.0,"key":"SMITH"}],"circlet_count":0,"master_deck":["AscendersBane","Strike_P","Defend_P","Defend_P","Defend_P","Eruption+1","Vigilance","EmptyBody","WreathOfFlame","Tantrum","WheelKick+1","Blasphemy+1","Adaptation+1","ConjureBlade+1","Swivel+1","MentalFortress+1","LessonLearned","Ragnarok+1"],"relics":["PureWater","NeowsBlessing","Bag of Marbles","Pear","Toy Ornithopter","Oddly Smooth Stone","InkBottle","VioletLotus","SsserpentHead","Juzu Bracelet","The Courier"],"acts_visited":["Exordium","TheCity"],"potions_floor_usage":[33],"damage_taken":[{"damage":0.0,"enemies":"Jaw Worm","floor":1.0,"turns":1.0},{"damage":0.0,"enemies":"2 Louse","floor":3.0,"turns":1.0},{"damage":0.0,"enemies":"Lagavulin","floor":6.0,"turns":1.0},{"damage":0.0,"enemies":"Cultist","floor":7.0,"turns":2.0},{"damage":20.0,"enemies":"3 Sentries","floor":10.0,"turns":3.0},{"damage":4.0,"enemies":"Large Slime","floor":12.0,"turns":2.0},{"damage":13.0,"enemies":"Lagavulin","floor":13.0,"turns":4.0},{"damage":0.0,"enemies":"Slime Boss","floor":16.0,"turns":1.0},{"damage":10.0,"enemies":"2 Thieves","floor":18.0,"turns":2.0},{"damage":17.0,"enemies":"Shell Parasite","floor":21.0,"turns":3.0},{"damage":12.0,"enemies":"Snecko","floor":22.0,"turns":3.0},{"damage":0.0,"enemies":"Gremlin Leader","floor":24.0,"turns":1.0},{"damage":0.0,"enemies":"Snake Plant","floor":29.0,"turns":2.0},{"damage":141,"enemies":"Automaton","floor":33,"turns":6}],"seed_played":"2077319381998576091","potions_obtained":[{"floor":6.0,"key":"ColorlessPotion"},{"floor":13.0,"key":"Block Potion"},{"floor":16.0,"key":"ColorlessPotion"},{"floor":21.0,"key":"StancePotion"},{"floor":22.0,"key":"DistilledChaos"}],"is_trial":false,"path_per_floor":["M","?","M","?","$","E","M","R","T","E","?","M","E","?","R","B",null,"M","$","?","M","M","R","E","$","T","R","?","M","$","?","R","B"],"character_chosen":"WATCHER","items_purchased":["Tantrum","WheelKick","LessonLearned"],"campfire_rested":0,"item_purchase_floors":[5,5,25],"current_hp_per_floor":[61,54,54,54,54,54,54,54,64,44,44,40,27,9,9,9,61,56,56,56,39,32,32,32,32,32,32,32,37,37,37,37,0,0],"gold":87,"neow_bonus":"THREE_ENEMY_KILL","is_daily":false,"chose_seed":false,"campfire_upgraded":5,"win_rate":0.0,"timestamp":1610285231,"path_taken":["M","?","M","?","$","E","?","R","T","E","?","M","E","?","R","BOSS","M","$","?","M","M","R","E","$","T","R","?","M","?","?","R","BOSS"],"items_purchased_type":["Card","Card","Card"],"build_version":"2020-12-22","purchased_purges":3,"victory":false,"max_hp_per_floor":[68,68,68,68,68,68,68,68,78,78,78,78,78,78,78,78,78,78,78,78,78,78,78,78,78,78,78,78,78,78,78,78,78,78],"card_choices":[{"not_picked":["ReachHeaven","Protect"],"picked":"EmptyBody","floor":1.0},{"not_picked":["CarveReality","Study"],"picked":"WreathOfFlame","floor":3.0},{"not_picked":["WindmillStrike","WheelKick","Prostrate"],"picked":"SKIP","floor":6.0},{"not_picked":["Indignation","ThirdEye","Perseverance"],"picked":"SKIP","floor":7.0},{"not_picked":["PathToVictory","SashWhip"],"picked":"Blasphemy","floor":10.0},{"not_picked":["WheelKick","Evaluate"],"picked":"Adaptation","floor":12.0},{"not_picked":["LikeWater","Worship","PathToVictory"],"picked":"SKIP","floor":13.0},{"not_picked":["Wish","DeusExMachina"],"picked":"ConjureBlade","floor":16.0},{"not_picked":["ClearTheMind","Perseverance","FlurryOfBlows+1"],"picked":"SKIP","floor":18.0},{"not_picked":["Evaluate","FlurryOfBlows+1"],"picked":"Swivel","floor":21.0},{"not_picked":["CrushJoints","Crescendo"],"picked":"MentalFortress+1","floor":22.0},{"not_picked":["Collect+1","PathToVictory","FlyingSleeves"],"picked":"SKIP","floor":24.0},{"not_picked":["FlurryOfBlows","Halt","BowlingBash"],"picked":"SKIP","floor":29.0}],"player_experience":888515,"relics_obtained":[{"floor":6.0,"key":"Bag of Marbles"},{"floor":9.0,"key":"Pear"},{"floor":10.0,"key":"Toy Ornithopter"},{"floor":13.0,"key":"Oddly Smooth Stone"},{"floor":24.0,"key":"Juzu Bracelet"},{"floor":26.0,"key":"The Courier"}],"event_choices":[{"cards_removed":["Defend_P"],"damage_healed":0.0,"max_hp_gain":0.0,"max_hp_loss":0.0,"gold_gain":0.0,"event_name":"Golden Wing","player_choice":"Card Removal","floor":2.0,"gold_loss":0.0,"damage_taken":7.0},{"damage_healed":0.0,"max_hp_gain":0.0,"max_hp_loss":0.0,"gold_gain":0.0,"event_name":"Accursed Blacksmith","player_choice":"Forge","floor":4.0,"gold_loss":0.0,"damage_taken":0.0,"cards_upgraded":["Eruption"]},{"damage_healed":0.0,"max_hp_gain":0.0,"max_hp_loss":0.0,"gold_gain":0.0,"event_name":"Liars Game","player_choice":"Ignored","floor":11.0,"gold_loss":0.0,"damage_taken":0.0},{"damage_healed":0.0,"max_hp_gain":0.0,"max_hp_loss":0.0,"gold_gain":0.0,"event_name":"Scrap Ooze","player_choice":"Success","floor":14.0,"gold_loss":0.0,"damage_taken":18.0,"relics_obtained":["InkBottle"]},{"damage_healed":0.0,"max_hp_gain":0.0,"max_hp_loss":0.0,"gold_gain":0.0,"event_name":"FaceTrader","player_choice":"Trade","floor":20.0,"gold_loss":0.0,"damage_taken":0.0,"relics_obtained":["SsserpentHead"]},{"damage_healed":0.0,"max_hp_gain":0.0,"max_hp_loss":0.0,"gold_gain":0.0,"event_name":"Upgrade Shrine","player_choice":"Upgraded","floor":28.0,"gold_loss":0.0,"damage_taken":0.0,"cards_upgraded":["Swivel"]},{"damage_healed":0.0,"max_hp_gain":0.0,"max_hp_loss":0.0,"gold_gain":0.0,"event_name":"The Library","player_choice":"Read","floor":31.0,"gold_loss":0.0,"damage_taken":0.0,"cards_obtained":["Ragnarok"]}],"is_beta":false,"boss_relics":[{"not_picked":["Cursed Key","Coffee Dripper"],"picked":"VioletLotus"}],"items_purged_floors":[19,25,30],"is_endless":false,"potions_floor_spawned":[6,13,16,21,22],"killed_by":"Automaton","ascension_level":20}}