{"host":"84q6nsjicadedzut","time":1610250338,"event":{"mods":["AchievementEnabler","BaseMod","Downfall","Hermit","Infinite Spire","Minty Spire (QoL Compilation)","Spicy Shops","StSLib"],"gold_per_floor":[118,118,137,137,156,188,201,201,279,293,293,313,313,332,332,332,332],"floor_reached":16,"playtime":1146,"items_purged":[],"score":104,"play_id":"f20b2677-e2f4-4adb-bde4-957b7f30b4af","local_time":"20210109204538","is_ascension_mode":false,"campfire_choices":[{"floor":11,"key":"REST"},{"floor":13,"key":"REST"},{"data":"Dark Embrace","floor":15,"key":"SMITH"}],"circlet_count":0,"master_deck":["Strike_R","Strike_R","Strike_R","Strike_R","Defend_R","Defend_R","Defend_R","Defend_R","Bash","Pummel","Pommel Strike","Pommel Strike","Metallicize","Iron Wave","Burning Pact","Feel No Pain","Pummel","Dark Embrace+1"],"relics":["Burning Blood","Du-Vu Doll","CaptainsWheel","Happy Flower","Pear"],"acts_visited":["Exordium"],"potions_floor_usage":[6,16,16,16],"damage_taken":[{"damage":1,"enemies":"Cultist","floor":1,"turns":4},{"damage":11,"enemies":"2 Louse","floor":3,"turns":3},{"damage":3,"enemies":"Jaw Worm","floor":5,"turns":4},{"damage":34,"enemies":"3 Sentries","floor":6,"turns":10},{"damage":12,"enemies":"Lots of Slimes","floor":7,"turns":5},{"damage":1,"enemies":"3 Louse","floor":10,"turns":4},{"damage":20,"enemies":"Exordium Wildlife","floor":12,"turns":4},{"damage":11,"enemies":"Large Slime","floor":14,"turns":8},{"damage":72,"enemies":"The Guardian","floor":16,"turns":18}],"seed_played":"4753098042560942607","potions_obtained":[{"floor":1,"key":"Fire Potion"},{"floor":6,"key":"GamblersBrew"},{"floor":12,"key":"GamblersBrew"},{"floor":14,"key":"DistilledChaos"}],"is_trial":false,"path_per_floor":["M","?","M","?","M","E","M","?","T","M","R","M","R","M","R","B"],"character_chosen":"IRONCLAD","items_purchased":[],"campfire_rested":2,"item_purchase_floors":[],"current_hp_per_floor":[61,49,44,44,47,19,13,13,23,28,55,41,68,63,63,0,0],"gold":332,"neow_bonus":"ONE_RARE_RELIC","is_daily":false,"chose_seed":false,"campfire_upgraded":1,"win_rate":0.0,"timestamp":1610250338,"path_taken":["M","?","M","?","M","E","M","?","T","M","R","M","R","M","R","BOSS"],"items_purchased_type":[],"build_version":"2020-12-22","purchased_purges":0,"victory":false,"max_hp_per_floor":[80,80,80,80,80,80,80,80,90,90,90,90,90,90,90,90,90],"card_choices":[{"not_picked":["Burning Pact","Rupture"],"picked":"Pummel","floor":1},{"not_picked":["Perfected Strike","Reckless Charge"],"picked":"Pommel Strike","floor":3},{"not_picked":["Body Slam","Intimidate"],"picked":"Pommel Strike","floor":5},{"not_picked":["Perfected Strike","Headbutt"],"picked":"Metallicize","floor":6},{"not_picked":["Dual Wield","Warcry"],"picked":"Iron Wave","floor":7},{"not_picked":["Headbutt","Clash"],"picked":"Feel No Pain","floor":10},{"not_picked":["True Grit","Entrench"],"picked":"Pummel","floor":12},{"not_picked":["Havoc","Warcry"],"picked":"Dark Embrace","floor":14}],"player_experience":240968,"relics_obtained":[{"floor":6,"key":"Happy Flower"},{"floor":9,"key":"Pear"}],"event_choices":[{"damage_healed":0,"gold_gain":0,"player_choice":"Success","damage_taken":12,"relics_obtained":["CaptainsWheel"],"max_hp_gain":0,"max_hp_loss":0,"event_name":"Scrap Ooze","floor":2,"gold_loss":0},{"damage_healed":0,"gold_gain":0,"player_choice":"Ignored","damage_taken":0,"max_hp_gain":0,"max_hp_loss":0,"event_name":"Shining Light","floor":4,"gold_loss":0},{"damage_healed":0,"gold_gain":0,"cards_transformed":["Strike_R"],"player_choice":"Transformed","damage_taken":0,"max_hp_gain":0,"max_hp_loss":0,"event_name":"Transmorgrifier","floor":8,"gold_loss":0,"cards_obtained":["Burning Pact"]}],"is_beta":false,"boss_relics":[],"items_purged_floors":[],"is_endless":false,"potions_floor_spawned":[1,6,12,14],"killed_by":"The Guardian","ascension_level":0}}