{"host":"x3qmax6e7jj3tga5","time":1610239846,"event":{"mods":["BaseMod","Custom Start","Minty Spire (QoL Compilation)","StSLib"],"gold_per_floor":[119,139,152,171,21,50,50,68,68,68,68,93,129,150,150,273,273,287,314,339,339,358,358,392,307,380,394,394,413,447,461,461,590,590,613,613,627,627,641,641,674,674,674,693,227,241,257,281,281,281],"floor_reached":51,"playtime":2713,"items_purged":["Strike_R"],"score":733,"play_id":"e0a0af3d-aed1-452c-ac84-bd70208362e8","local_time":"20210109185046","is_ascension_mode":false,"campfire_choices":[{"data":"Combust","floor":7.0,"key":"SMITH"},{"data":"Bash","floor":11.0,"key":"SMITH"},{"data":"True Grit","floor":15.0,"key":"SMITH"},{"data":"Spot Weakness","floor":23.0,"key":"SMITH"},{"data":"1","floor":28.0,"key":"LIFT"},{"data":"2","floor":32,"key":"LIFT"},{"data":"3","floor":40,"key":"LIFT"},{"floor":49,"key":"REST"}],"circlet_count":0,"master_deck":["Strike_R","Strike_R","Defend_R","Defend_R","Defend_R","Defend_R","Bash+1","Shrug It Off","Pommel Strike","Anger","Rampage","Combust+1","Iron Wave","Whirlwind","True Grit+1","Offering","Ghostly Armor+1","Spot Weakness+1","Thunderclap+1","Disarm+1","Burning Pact","Juggernaut","Sword Boomerang","Reaper","Clothesline+1","Flash of Steel","Master of Strategy","Seeing Red+1","Impervious","Battle Trance","Spot Weakness"],"relics":["Burning Blood","Bag of Preparation","Sling","Lantern","Eternal Feather","Golden Idol","Orichalcum","Pen Nib","Empty Cage","PreservedInsect","Enchiridion","Girya","Boot","Gremlin Horn","Vajra","Fusion Hammer","Champion Belt","Membership Card","Singing Bowl","MealTicket"],"acts_visited":["TheCity","TheBeyond"],"potions_floor_usage":[],"damage_taken":[{"damage":5.0,"enemies":"Small Slimes","floor":1.0,"turns":3.0},{"damage":5.0,"enemies":"Jaw Worm","floor":2.0,"turns":4.0},{"damage":6.0,"enemies":"Cultist","floor":3.0,"turns":3.0},{"damage":2.0,"enemies":"Looter","floor":4.0,"turns":2.0},{"damage":16.0,"enemies":"Lagavulin","floor":6.0,"turns":5.0},{"damage":8.0,"enemies":"Blue Slaver","floor":8.0,"turns":3.0},{"damage":10.0,"enemies":"Gremlin Nob","floor":13.0,"turns":3.0},{"damage":7.0,"enemies":"Exordium Wildlife","floor":14.0,"turns":3.0},{"damage":73.0,"enemies":"Hexaghost","floor":16.0,"turns":10.0},{"damage":6.0,"enemies":"Chosen","floor":18.0,"turns":3.0},{"damage":12.0,"enemies":"Spheric Guardian","floor":20.0,"turns":5.0},{"damage":15.0,"enemies":"Cultist and Chosen","floor":22.0,"turns":5.0},{"damage":14.0,"enemies":"Book of Stabbing","floor":24.0,"turns":3.0},{"damage":12.0,"enemies":"Snake Plant","floor":27.0,"turns":4.0},{"damage":1.0,"enemies":"3 Cultists","floor":29.0,"turns":2.0},{"damage":7.0,"enemies":"Slavers","floor":30.0,"turns":2.0},{"damage":9.0,"enemies":"Centurion and Healer","floor":31.0,"turns":4.0},{"damage":42,"enemies":"Champ","floor":33,"turns":9},{"damage":24,"enemies":"3 Shapes","floor":35,"turns":3},{"damage":20,"enemies":"3 Darklings","floor":37,"turns":6},{"damage":15,"enemies":"4 Shapes","floor":39,"turns":3},{"damage":26,"enemies":"Nemesis","floor":41,"turns":3},{"damage":0,"enemies":"Jaw Worm Horde","floor":44,"turns":1},{"damage":13,"enemies":"Writhing Mass","floor":46,"turns":6},{"damage":0,"enemies":"Transient","floor":47,"turns":5},{"damage":0,"enemies":"Sphere and 2 Shapes","floor":48,"turns":1},{"damage":118,"enemies":"Donu and Deca","floor":50,"turns":8}],"seed_played":"8327067004654716241","potions_obtained":[{"floor":1.0,"key":"FairyPotion"},{"floor":2.0,"key":"Fruit Juice"},{"floor":13.0,"key":"EssenceOfSteel"},{"floor":16.0,"key":"SkillPotion"},{"floor":29.0,"key":"CultistPotion"},{"floor":41,"key":"BloodPotion"}],"is_trial":false,"path_per_floor":["M","M","M","M","$","E","R","M","T","?","R","T","E","M","R","B",null,"M","T","M","?","M","R","E","?","T","M","R","M","E","M","R","B",null,"M","?","M","?","M","R","E","?","T","M","$","M","M","M","R","B",null],"character_chosen":"IRONCLAD","items_purchased":["Sling","Membership Card","Impervious","Battle Trance","Singing Bowl","MealTicket"],"campfire_rested":1,"item_purchase_floors":[5,45,45,45,45,45],"current_hp_per_floor":[80,80,80,80,80,70,70,68,68,68,74,74,70,69,74,12,79,79,79,73,57,48,60,52,52,52,46,58,63,62,59,71,35,79,61,56,51,51,79,79,73,73,73,79,79,72,80,83,83,21],"gold":281,"neow_bonus":"RANDOM_COMMON_RELIC","is_daily":false,"chose_seed":false,"campfire_upgraded":4,"win_rate":0.0,"timestamp":1610239846,"path_taken":["M","M","M","M","$","E","R","M","T","?","R","?","E","M","R","BOSS","M","?","M","?","M","R","E","?","T","M","R","M","E","M","R","BOSS","M","?","M","?","?","R","E","?","T","M","$","M","M","M","R","BOSS"],"items_purchased_type":["Relic","Relic","Card","Card","Relic","Relic"],"build_version":"2020-12-22","purchased_purges":1,"victory":true,"max_hp_per_floor":[80,80,80,80,80,80,80,80,80,74,74,74,74,74,74,79,79,79,79,79,79,79,79,79,79,79,79,79,79,79,79,79,79,79,79,79,79,79,79,79,79,79,79,79,79,79,81,83,83,83],"card_choices":[{"not_picked":["Sentinel","Heavy Blade"],"picked":"Shrug It Off","floor":1.0},{"not_picked":["Rage","Rampage"],"picked":"Pommel Strike","floor":2.0},{"not_picked":["Armaments","Evolve"],"picked":"Anger","floor":3.0},{"not_picked":["Second Wind","Flex"],"picked":"Rampage","floor":4.0},{"not_picked":["Feel No Pain","Uppercut"],"picked":"Combust","floor":6.0},{"not_picked":["Warcry","True Grit"],"picked":"Iron Wave","floor":8.0},{"not_picked":["Pommel Strike","Headbutt"],"picked":"Whirlwind","floor":13.0},{"not_picked":["Flex","Warcry"],"picked":"True Grit","floor":14.0},{"not_picked":["Limit Break","Impervious"],"picked":"Offering","floor":16.0},{"not_picked":["True Grit","Seeing Red"],"picked":"Ghostly Armor+1","floor":18.0},{"not_picked":["Iron Wave","Thunderclap"],"picked":"Spot Weakness","floor":20.0},{"not_picked":["Wild Strike","Flex+1"],"picked":"Thunderclap+1","floor":22.0},{"not_picked":["Armaments","Offering"],"picked":"Disarm+1","floor":24.0},{"not_picked":["Disarm","Headbutt","Havoc"],"picked":"SKIP","floor":27.0},{"not_picked":["Thunderclap","Twin Strike+1"],"picked":"Burning Pact","floor":29.0},{"not_picked":["Clash","Power Through"],"picked":"Juggernaut","floor":30.0},{"not_picked":["Whirlwind","Clothesline+1"],"picked":"Sword Boomerang","floor":31.0},{"not_picked":["Berserk","Immolate"],"picked":"Reaper","floor":33},{"not_picked":["Perfected Strike","Sever Soul"],"picked":"Clothesline+1","floor":35},{"not_picked":["Thinking Ahead","Deep Breath"],"picked":"Flash of Steel","floor":36},{"not_picked":["HandOfGreed","Madness"],"picked":"Master of Strategy","floor":36},{"not_picked":["Metallicize","Clash+1","Havoc+1"],"picked":"SKIP","floor":37},{"not_picked":["Wild Strike+1","Sword Boomerang"],"picked":"Seeing Red+1","floor":39},{"not_picked":["Sword Boomerang+1","Pommel Strike+1","Inflame"],"picked":"SKIP","floor":41},{"not_picked":["Fire Breathing","Havoc","Warcry+1"],"picked":"SKIP","floor":44},{"not_picked":["Body Slam+1","Wild Strike"],"picked":"Spot Weakness","floor":46},{"not_picked":["Cleave+1","Wild Strike","Flex"],"picked":"Singing Bowl","floor":47},{"not_picked":["Combust+1","Double Tap","Entrench+1"],"picked":"Singing Bowl","floor":48}],"player_experience":285387,"relics_obtained":[{"floor":6.0,"key":"Lantern"},{"floor":9.0,"key":"Eternal Feather"},{"floor":12.0,"key":"Orichalcum"},{"floor":13.0,"key":"Pen Nib"},{"floor":19.0,"key":"PreservedInsect"},{"floor":21.0,"key":"Enchiridion"},{"floor":24.0,"key":"Girya"},{"floor":26.0,"key":"Gremlin Horn"},{"floor":30.0,"key":"Vajra"},{"floor":41,"key":"Champion Belt"}],"event_choices":[{"damage_healed":0.0,"max_hp_gain":0.0,"max_hp_loss":6.0,"gold_gain":0.0,"event_name":"Golden Idol","player_choice":"Lose Max HP","floor":10.0,"gold_loss":0.0,"damage_taken":0.0,"relics_obtained":["Golden Idol"]},{"damage_healed":0.0,"max_hp_gain":0.0,"max_hp_loss":0.0,"gold_gain":0.0,"event_name":"Cursed Tome","player_choice":"Obtained Book","floor":21.0,"gold_loss":0.0,"damage_taken":16.0},{"damage_healed":0.0,"max_hp_gain":0.0,"max_hp_loss":0.0,"gold_gain":0.0,"event_name":"Addict","player_choice":"Obtained Relic","floor":25.0,"gold_loss":85.0,"damage_taken":0.0,"relics_obtained":["Boot"]},{"damage_healed":0,"gold_gain":0,"player_choice":"Memory 2","damage_taken":5,"max_hp_gain":0,"max_hp_loss":0,"event_name":"SensoryStone","floor":36,"gold_loss":0},{"damage_healed":0,"gold_gain":0,"player_choice":"Ignored","damage_taken":0,"max_hp_gain":0,"max_hp_loss":0,"event_name":"NoteForYourself","floor":38,"gold_loss":0},{"damage_healed":0,"gold_gain":0,"player_choice":"Ignored","damage_taken":0,"max_hp_gain":0,"max_hp_loss":0,"event_name":"Tomb of Lord Red Mask","floor":42,"gold_loss":0}],"is_beta":false,"boss_relics":[{"not_picked":["Philosopher\u0027s Stone","Calling Bell"],"picked":"Empty Cage"},{"not_picked":["Tiny House","Cursed Key"],"picked":"Fusion Hammer"}],"items_purged_floors":[45],"is_endless":false,"potions_floor_spawned":[1,2,13,16,20,22,24,29,41,44,47],"ascension_level":0}}