{"host":"aiavweaozhyh9qiu","time":1610310352,"event":{"mods":["BaseMod","Minty Spire (QoL Compilation)"],"gold_per_floor":[118,95,170,170,185,185,216,226,274,274,274,274,291,37,37,132,132,148,38,38,38,38,65,65,65,65,91,103,137,52,83,83,186,186,204,214,66,85,98,98,98],"floor_reached":40,"playtime":3739,"items_purged":[],"score":465,"play_id":"42d8aab6-06f3-42c4-b653-48e87436f0ee","local_time":"20210110202552","is_ascension_mode":false,"campfire_choices":[{"data":"Searing Blow","floor":6,"key":"SMITH"},{"data":"Searing Blow+2","floor":11,"key":"SMITH"},{"floor":15,"key":"REST"},{"floor":25,"key":"REST"},{"data":"Searing Blow+3","floor":32,"key":"SMITH"}],"circlet_count":0,"master_deck":["Strike_R","Strike_R","Defend_R","Defend_R","Bash","Flex","Shrug It Off","Body Slam","Searing Blow+4","Clash","Flex","Ghostly Armor","Swift Strike","Shrug It Off","Corruption","Heavy Blade+1","Clothesline","Madness","Necronomicurse","Limit Break","Warcry","Feel No Pain","Flex","Seeing Red+1","Twin Strike+1","Impervious","Corruption+1","Dropkick+1","Twin Strike+1","Inflame","Feel No Pain+1","Bandage Up","Anger+1","Feel No Pain","Armaments+1"],"relics":["Burning Blood","Oddly Smooth Stone","Vajra","Pen Nib","MealTicket","Black Star","Necronomicon","TungstenRod","Molten Egg 2","Lizard Tail","Anchor","Calipers","Charon\u0027s Ashes","Letter Opener","Orichalcum","Toy Ornithopter","Astrolabe"],"acts_visited":["Exordium","TheCity","TheBeyond"],"potions_floor_usage":[13,13,16,29,39,39,39],"damage_taken":[{"damage":0,"enemies":"Cultist","floor":1,"turns":4},{"damage":5,"enemies":"Small Slimes","floor":5,"turns":4},{"damage":32,"enemies":"Gremlin Nob","floor":7,"turns":5},{"damage":1,"enemies":"2 Louse","floor":8,"turns":3},{"damage":3,"enemies":"Lots of Slimes","floor":13,"turns":6},{"damage":38,"enemies":"Slime Boss","floor":16,"turns":12},{"damage":19,"enemies":"2 Thieves","floor":18,"turns":5},{"damage":42,"enemies":"Slavers","floor":23,"turns":5},{"damage":0,"enemies":"Chosen","floor":28,"turns":4},{"damage":11,"enemies":"Gremlin Leader","floor":29,"turns":4},{"damage":6,"enemies":"Slavers","floor":31,"turns":5},{"damage":49,"enemies":"Champ","floor":33,"turns":8},{"damage":31,"enemies":"3 Darklings","floor":35,"turns":5},{"damage":0,"enemies":"Orb Walker","floor":36,"turns":2},{"damage":0,"enemies":"Maw","floor":38,"turns":5},{"damage":27,"enemies":"Transient","floor":39,"turns":5},{"damage":120,"enemies":"Reptomancer","floor":40,"turns":4}],"seed_played":"-468846011667513237","potions_obtained":[{"floor":5,"key":"BloodPotion"},{"floor":7,"key":"SneckoOil"},{"floor":8,"key":"SteroidPotion"},{"floor":18,"key":"AttackPotion"},{"floor":29,"key":"EssenceOfSteel"},{"floor":31,"key":"LiquidBronze"},{"floor":36,"key":"PowerPotion"}],"is_trial":false,"path_per_floor":["M","$","?","?","M","R","E","M","T","?","R","?","M","$","R","B",null,"M","$","?","?","$","E","?","R","T","T","M","E","?","E","R","B",null,"M","M","$","M","M","E"],"character_chosen":"IRONCLAD","items_purchased":["Body Slam","MealTicket","Swift Strike","Shrug It Off","Clothesline","Madness","Bandage Up","Anger+1"],"campfire_rested":2,"item_purchase_floors":[2,14,14,14,19,19,37,37],"current_hp_per_floor":[80,80,69,69,70,70,44,49,49,49,49,37,56,56,80,48,80,67,80,64,64,79,43,43,67,67,67,73,68,68,68,68,25,80,55,61,76,80,59,0,0],"gold":98,"neow_bonus":"THREE_CARDS","is_daily":false,"chose_seed":false,"campfire_upgraded":3,"win_rate":0.0,"timestamp":1610310352,"path_taken":["M","?","?","?","?","R","E","M","T","?","R","?","M","?","R","BOSS","M","$","?","?","?","E","?","R","T","?","M","E","?","E","R","BOSS","M","M","$","M","M","E"],"items_purchased_type":["Card","Relic","Card","Card","Card","Card","Card","Card"],"build_version":"2020-12-22","purchased_purges":0,"victory":false,"max_hp_per_floor":[80,80,80,80,80,80,80,80,80,80,80,80,80,80,80,80,80,80,80,80,80,80,80,80,80,80,80,80,80,80,80,80,80,80,80,80,80,80,80,80,80],"card_choices":[{"not_picked":["Perfected Strike","True Grit"],"picked":"Flex","floor":0},{"not_picked":["True Grit","Carnage"],"picked":"Shrug It Off","floor":1},{"not_picked":["Heavy Blade","Shrug It Off"],"picked":"Searing Blow","floor":5},{"not_picked":["Infernal Blade","Sword Boomerang"],"picked":"Clash","floor":7},{"not_picked":["Pommel Strike","Dropkick"],"picked":"Flex","floor":8},{"not_picked":["Battle Trance","Clothesline"],"picked":"Ghostly Armor","floor":13},{"not_picked":["Bludgeon","Reaper"],"picked":"Corruption","floor":16},{"not_picked":["Pommel Strike","Headbutt"],"picked":"Heavy Blade+1","floor":18},{"not_picked":["Whirlwind+1","Burning Pact+1"],"picked":"Limit Break","floor":23},{"not_picked":["Sword Boomerang+1","Disarm"],"picked":"Flex","floor":28},{"not_picked":["Whirlwind+1","Dropkick+1"],"picked":"Seeing Red+1","floor":29},{"not_picked":["Warcry","True Grit+1"],"picked":"Twin Strike+1","floor":31},{"not_picked":["Limit Break","Fiend Fire+1"],"picked":"Impervious","floor":33},{"not_picked":["Sword Boomerang+1","Clash+1"],"picked":"Inflame","floor":35},{"not_picked":["Pommel Strike+1","Body Slam+1"],"picked":"Feel No Pain+1","floor":36},{"not_picked":["Shrug It Off+1","Clothesline+1"],"picked":"Feel No Pain","floor":38},{"not_picked":["Ghostly Armor+1","Sword Boomerang+1"],"picked":"Armaments+1","floor":39}],"player_experience":7853,"relics_obtained":[{"floor":7,"key":"Oddly Smooth Stone"},{"floor":9,"key":"Vajra"},{"floor":20,"key":"Necronomicon"},{"floor":23,"key":"TungstenRod"},{"floor":23,"key":"Molten Egg 2"},{"floor":26,"key":"Lizard Tail"},{"floor":27,"key":"Anchor"},{"floor":29,"key":"Calipers"},{"floor":29,"key":"Charon\u0027s Ashes"},{"floor":31,"key":"Orichalcum"},{"floor":31,"key":"Toy Ornithopter"}],"event_choices":[{"damage_healed":0,"gold_gain":75,"player_choice":"Gather Gold","damage_taken":11,"max_hp_gain":0,"max_hp_loss":0,"event_name":"World of Goop","floor":3,"gold_loss":0},{"damage_healed":0,"gold_gain":0,"player_choice":"Ignored","damage_taken":0,"max_hp_gain":0,"max_hp_loss":0,"event_name":"Purifier","floor":4,"gold_loss":0},{"damage_healed":0,"gold_gain":0,"player_choice":"Grow","damage_taken":0,"max_hp_gain":0,"max_hp_loss":0,"event_name":"Living Wall","floor":10,"gold_loss":0,"cards_upgraded":["Searing Blow"]},{"damage_healed":0,"gold_gain":0,"player_choice":"Success","damage_taken":12,"relics_obtained":["Pen Nib"],"max_hp_gain":0,"max_hp_loss":0,"event_name":"Scrap Ooze","floor":12,"gold_loss":0},{"damage_healed":0,"gold_gain":0,"player_choice":"Obtained Book","damage_taken":16,"max_hp_gain":0,"max_hp_loss":0,"event_name":"Cursed Tome","floor":20,"gold_loss":0},{"damage_healed":0,"gold_gain":0,"player_choice":"Ignored","damage_taken":0,"max_hp_gain":0,"max_hp_loss":0,"event_name":"Vampires","floor":21,"gold_loss":0},{"damage_healed":0,"gold_gain":0,"cards_transformed":["Strike_R","Defend_R"],"player_choice":"Became Test Subject","damage_taken":0,"max_hp_gain":0,"max_hp_loss":0,"event_name":"Drug Dealer","floor":24,"gold_loss":0,"cards_obtained":["Warcry","Feel No Pain"]},{"damage_healed":0,"gold_gain":0,"player_choice":"Obtained Relic","damage_taken":0,"relics_obtained":["Letter Opener"],"max_hp_gain":0,"max_hp_loss":0,"event_name":"Addict","floor":30,"gold_loss":85}],"is_beta":false,"boss_relics":[{"not_picked":["Empty Cage","Runic Pyramid"],"picked":"Black Star"},{"not_picked":["Mark of Pain","Busted Crown"],"picked":"Astrolabe"}],"items_purged_floors":[],"is_endless":false,"potions_floor_spawned":[5,7,8,18,29,31,36],"killed_by":"Reptomancer","ascension_level":0}}