{"host":"v79nb9qnzs8cga96","time":1610294869,"event":{"mods":["2.2 Compatiblity","BaseMod","Better Note","Block Reminder","Marked Mod","Minty Spire (QoL Compilation)","StSLib","vexMod"],"gold_per_floor":[113,113,129,129,140,140,169,169,169,179,212,230,242,242,242,341,341,357,374,374,92,7,7,34,54,54,74,74,74,89,118,118,213,879,894,894,894,910,309,337,27,77,101,101,101,113,0,20,20,20],"floor_reached":51,"playtime":2654,"items_purged":["Regret"],"score":775,"play_id":"a33244fb-0496-408f-a847-8d4eccc97339","local_time":"20210110180749","is_ascension_mode":false,"campfire_choices":[{"data":"Fasting2","floor":6.0,"key":"SMITH"},{"floor":8.0,"key":"RECALL"},{"floor":15.0,"key":"REST"},{"floor":29.0,"key":"REST"},{"floor":32.0,"key":"REST"},{"data":"MarkedMod:OneThousandNeedles","floor":45,"key":"SMITH"},{"floor":49,"key":"REST"}],"circlet_count":0,"master_deck":["Strike_P","Strike_P","Strike_P","Defend_P","Defend_P","Defend_P","Defend_P","Eruption","Vigilance","Dramatic Entrance","Fasting2+1","MarkedMod:FirstStrike","MarkedMod:GentlePulse","Omniscience","MarkedMod:Acupuncture","MarkedMod:GracefulMovements","MarkedMod:PinPointDefense","Omniscience","MarkedMod:OneThousandNeedles+1","MarkedMod:GracefulMovements","JustLucky","MarkedMod:GracefulMovements","Judgement","PathToVictory","Wireheading","PathToVictory","DevaForm","MarkedMod:OneThousandNeedles","PathToVictory","Omniscience","Pain","Normality"],"relics":["PureWater","Incense Burner","Prayer Wheel","Oddly Smooth Stone","Cursed Key","Boot","Tiny Chest","Dream Catcher","Question Card","Mercury Hourglass","vexMod:RockOfEvil","Smiling Mask","vexMod:Dragonfruit","DollysMirror","Bag of Preparation","Bag of Marbles","MarkedMod:AcupunctureKit","vexMod:Spyglass","CloakClasp","Ancient Tea Set","Red Mask"],"acts_visited":["Exordium","TheCity","TheBeyond"],"potions_floor_usage":[40],"damage_taken":[{"damage":0.0,"enemies":"Cultist","floor":1.0,"turns":5.0},{"damage":0.0,"enemies":"Small Slimes","floor":3.0,"turns":3.0},{"damage":0.0,"enemies":"Jaw Worm","floor":5.0,"turns":2.0},{"damage":6.0,"enemies":"Lagavulin","floor":7.0,"turns":5.0},{"damage":8.0,"enemies":"Large Slime","floor":10.0,"turns":6.0},{"damage":23.0,"enemies":"3 Sentries","floor":11.0,"turns":7.0},{"damage":4.0,"enemies":"Exordium Wildlife","floor":12.0,"turns":5.0},{"damage":0.0,"enemies":"Exordium Thugs","floor":13.0,"turns":4.0},{"damage":62.0,"enemies":"Slime Boss","floor":16.0,"turns":10.0},{"damage":0.0,"enemies":"3 Byrds","floor":18.0,"turns":4.0},{"damage":24.0,"enemies":"2 Thieves","floor":19.0,"turns":4.0},{"damage":27.0,"enemies":"Slavers","floor":24.0,"turns":4.0},{"damage":10.0,"enemies":"Centurion and Healer","floor":25.0,"turns":5.0},{"damage":9.0,"enemies":"Snecko","floor":27.0,"turns":8.0},{"damage":0.0,"enemies":"Snake Plant","floor":30.0,"turns":3.0},{"damage":27.0,"enemies":"Gremlin Leader","floor":31.0,"turns":7.0},{"damage":5.0,"enemies":"Champ","floor":33.0,"turns":4.0},{"damage":14,"enemies":"3 Darklings","floor":35,"turns":3},{"damage":12,"enemies":"Orb Walker","floor":38,"turns":3},{"damage":0,"enemies":"Nemesis","floor":40,"turns":4},{"damage":3,"enemies":"Mind Bloom Boss Battle","floor":42,"turns":4},{"damage":0,"enemies":"Sphere and 2 Shapes","floor":46,"turns":2},{"damage":5,"enemies":"3 Darklings","floor":48,"turns":3},{"damage":42,"enemies":"Time Eater","floor":50,"turns":8}],"seed_played":"-8168499419488987709","potions_obtained":[{"floor":3.0,"key":"Energy Potion"},{"floor":5.0,"key":"SteroidPotion"},{"floor":10.0,"key":"Regen Potion"},{"floor":12.0,"key":"FearPotion"},{"floor":18.0,"key":"DuplicationPotion"},{"floor":24.0,"key":"PowerPotion"},{"floor":30.0,"key":"Regen Potion"},{"floor":31.0,"key":"Dexterity Potion"},{"floor":38,"key":"SkillPotion"},{"floor":40,"key":"Swift Potion"},{"floor":48,"key":"Dexterity Potion"}],"is_trial":false,"path_per_floor":["M","?","M","?","M","R","E","R","T","M","E","M","M","?","R","B",null,"M","M","?","$","?","$","E","M","T","M","$","R","M","E","R","B",null,"M","?","T","M","$","E","$","?","T","T","R","M","?","M","R","B",null],"character_chosen":"WATCHER","items_purchased":["Boot","MarkedMod:GracefulMovements","JustLucky","vexMod:Dragonfruit","DollysMirror","Bag of Preparation","MarkedMod:AcupunctureKit","vexMod:Spyglass"],"campfire_rested":4,"item_purchase_floors":[21,21,21,39,39,39,41,41],"current_hp_per_floor":[72,72,72,72,72,72,66,66,66,58,35,31,31,31,52,5,72,72,48,48,48,48,48,21,11,11,2,2,23,23,8,29,24,72,58,58,58,46,51,51,51,48,48,48,48,48,48,43,66,24],"gold":20,"neow_bonus":"RANDOM_COLORLESS","is_daily":false,"chose_seed":false,"campfire_upgraded":2,"win_rate":0.0,"timestamp":1610294869,"path_taken":["M","?","M","?","?","R","E","R","T","M","E","M","M","?","R","BOSS","M","M","?","$","?","?","E","M","T","M","?","R","M","E","R","BOSS","M","?","?","M","$","E","$","?","T","?","R","M","?","M","R","BOSS"],"items_purchased_type":["Relic","Card","Card","Relic","Relic","Relic","Relic","Relic"],"build_version":"2020-12-22","purchased_purges":1,"victory":true,"max_hp_per_floor":[72,72,72,72,72,72,72,72,72,72,72,72,72,72,72,72,72,72,72,72,72,72,72,72,72,72,72,72,72,72,72,72,72,72,72,72,72,72,77,77,77,77,77,77,77,77,77,77,77,77],"card_choices":[{"not_picked":["Forethought","Blind"],"picked":"Dramatic Entrance","floor":0.0},{"not_picked":["FlurryOfBlows","Weave","Nirvana"],"picked":"SKIP","floor":1.0},{"not_picked":["EmptyFist","EmptyBody","Wallop"],"picked":"SKIP","floor":3.0},{"not_picked":["LikeWater","Evaluate"],"picked":"Fasting2","floor":5.0},{"not_picked":["BowlingBash","BattleHymn"],"picked":"MarkedMod:FirstStrike","floor":7.0},{"not_picked":["ThirdEye","Consecrate"],"picked":"MarkedMod:GentlePulse","floor":10.0},{"not_picked":["EmptyMind","EmptyBody","Consecrate"],"picked":"SKIP","floor":10.0},{"not_picked":["CrushJoints","ReachHeaven"],"picked":"Omniscience","floor":11.0},{"not_picked":["FollowUp","WaveOfTheHand"],"picked":"MarkedMod:Acupuncture","floor":12.0},{"not_picked":["SashWhip","WheelKick"],"picked":"MarkedMod:GracefulMovements","floor":12.0},{"not_picked":["Consecrate","FlyingSleeves"],"picked":"MarkedMod:PinPointDefense","floor":13.0},{"not_picked":["JustLucky","Evaluate","DeceiveReality"],"picked":"SKIP","floor":13.0},{"not_picked":["MarkedMod:ChiBlock","Brilliance"],"picked":"Omniscience","floor":16.0},{"not_picked":["EmptyFist","Evaluate"],"picked":"MarkedMod:OneThousandNeedles","floor":18.0},{"not_picked":["Adaptation","Study","BattleHymn"],"picked":"SKIP","floor":18.0},{"not_picked":["Conclude+1","SignatureMove","Halt"],"picked":"SKIP","floor":19.0},{"not_picked":["BowlingBash","Wallop","Crescendo"],"picked":"SKIP","floor":19.0},{"not_picked":["MarkedMod:Acupuncture","Vengeance"],"picked":"MarkedMod:GracefulMovements","floor":24.0},{"not_picked":["ForeignInfluence+1","MarkedMod:GentlePulse"],"picked":"Judgement","floor":25.0},{"not_picked":["ReachHeaven","Fasting2","WheelKick"],"picked":"SKIP","floor":25.0},{"not_picked":["SashWhip+1","Swivel","JustLucky+1","MarkedMod:GentlePulse+1"],"picked":"SKIP","floor":27.0},{"not_picked":["LikeWater","MentalFortress","MarkedMod:FirstStrike","EmptyMind"],"picked":"SKIP","floor":27.0},{"not_picked":["Collect","Adaptation+1","Prostrate+1"],"picked":"PathToVictory","floor":29.0},{"not_picked":["Judgement","MarkedMod:FirstStrike+1","Crescendo+1"],"picked":"Wireheading","floor":30.0},{"not_picked":["CutThroughFate","FollowUp","FlurryOfBlows+1","MentalFortress"],"picked":"SKIP","floor":30.0},{"not_picked":["ClearTheMind","Adaptation","MarkedMod:FirstStrike+1"],"picked":"PathToVictory","floor":31.0},{"not_picked":["Establishment","MarkedMod:ChiBlock","LessonLearned"],"picked":"DevaForm","floor":33.0},{"not_picked":["Collect","Evaluate","Halt+1"],"picked":"MarkedMod:OneThousandNeedles","floor":35},{"not_picked":["Meditate","Sanctity","ThirdEye","EmptyBody"],"picked":"SKIP","floor":35},{"not_picked":["Meditate","Sanctity","ThirdEye","EmptyBody"],"picked":"SKIP","floor":35},{"not_picked":["BowlingBash","MarkedMod:FirstStrike+1","SashWhip+1"],"picked":"PathToVictory","floor":38},{"not_picked":["Blasphemy","Prostrate","Evaluate","Halt"],"picked":"SKIP","floor":38},{"not_picked":["LessonLearned","EmptyBody","Crescendo+1","FlyingSleeves"],"picked":"SKIP","floor":40},{"not_picked":["SignatureMove","CutThroughFate+1","ThirdEye","BattleHymn"],"picked":"SKIP","floor":46},{"not_picked":["WindmillStrike+1","EmptyBody","FearNoEvil+1","ForeignInfluence"],"picked":"SKIP","floor":46},{"not_picked":["CutThroughFate+1","MarkedMod:FirstStrike","Consecrate+1","MarkedMod:GracefulMovements"],"picked":"SKIP","floor":48},{"not_picked":["Pray","Meditate+1","WaveOfTheHand+1","Devotion"],"picked":"SKIP","floor":48}],"player_experience":321916,"relics_obtained":[{"floor":7.0,"key":"Incense Burner"},{"floor":9.0,"key":"Prayer Wheel"},{"floor":11.0,"key":"Oddly Smooth Stone"},{"floor":24.0,"key":"Dream Catcher"},{"floor":26.0,"key":"Question Card"},{"floor":31.0,"key":"Mercury Hourglass"},{"floor":37,"key":"Smiling Mask"},{"floor":40,"key":"Bag of Marbles"},{"floor":42,"key":"CloakClasp"},{"floor":43,"key":"Ancient Tea Set"}],"event_choices":[{"damage_healed":0.0,"max_hp_gain":0.0,"max_hp_loss":0.0,"gold_gain":0.0,"event_name":"Golden Wing","player_choice":"Ignored","floor":2.0,"gold_loss":0.0,"damage_taken":0.0},{"cards_removed":["Strike_P"],"damage_healed":0.0,"max_hp_gain":0.0,"max_hp_loss":0.0,"gold_gain":0.0,"event_name":"Bonfire Elementals","player_choice":"Offered Basic","floor":4.0,"gold_loss":0.0,"damage_taken":0.0},{"damage_healed":0.0,"max_hp_gain":0.0,"max_hp_loss":0.0,"gold_gain":0.0,"event_name":"Liars Game","player_choice":"Ignored","floor":14.0,"gold_loss":0.0,"damage_taken":0.0},{"damage_healed":0.0,"max_hp_gain":0.0,"max_hp_loss":0.0,"gold_gain":0.0,"event_name":"betterNote:BetterNote","player_choice":"Ignored","floor":20.0,"gold_loss":0.0,"damage_taken":0.0,"cards_obtained":["Wallop"]},{"damage_healed":0.0,"max_hp_gain":0.0,"max_hp_loss":0.0,"gold_gain":0.0,"event_name":"Addict","player_choice":"Obtained Relic","floor":22.0,"gold_loss":85.0,"damage_taken":0.0,"relics_obtained":["Tiny Chest"]},{"cards_removed":["Decay"],"damage_healed":0,"gold_gain":0,"player_choice":"Purged","damage_taken":0,"max_hp_gain":0,"max_hp_loss":0,"event_name":"Purifier","floor":36,"gold_loss":0},{"damage_healed":0,"gold_gain":0,"player_choice":"Fight","damage_taken":0,"max_hp_gain":0,"max_hp_loss":0,"event_name":"MindBloom","floor":42,"gold_loss":0},{"damage_healed":0,"gold_gain":0,"player_choice":"Paid","damage_taken":0,"relics_obtained":["Red Mask"],"max_hp_gain":0,"max_hp_loss":0,"event_name":"Tomb of Lord Red Mask","floor":47,"gold_loss":113}],"is_beta":false,"boss_relics":[{"not_picked":["Snecko Eye","Sozu"],"picked":"Cursed Key"},{"not_picked":["VioletLotus","Fusion Hammer"],"picked":"vexMod:RockOfEvil"}],"items_purged_floors":[39],"is_endless":false,"potions_floor_spawned":[3,5,10,12,18,24,30,31,38,40,48],"ascension_level":0}}