{"host":"eqvoimh73njwfgdh","time":1610320173,"event":{"mods":["AchievementEnabler","BaseMod","Better Altar","Better Match","Better Note","Better Sensory Stone","Better Skull","Better Third Choice","BetterRewards","Colored Powertips","Conspire","Downfall","Energized Spire","Halation","Hubris","Infinite Spire","Minty Spire (QoL Compilation)","Permanent Neow","Rare Cards Sparkle","Relic Stats","Replay The Spire","Spicy Shops","StSLib","The Animator","The Blue Laboratory","vexMod"],"gold_per_floor":[13,13,28,0,0,48,48,48,95,125,150,173,218,234,234,357,357,394,394,309,325,325,325,345,345,345,395,426,506,542,599,599,738,738,772,821,821,844,864,864],"floor_reached":39,"playtime":2914,"items_purged":[],"score":631,"play_id":"c2689bfe-5c4d-4d5b-9510-7b8a95da1610","local_time":"20210111000933","is_ascension_mode":true,"campfire_choices":[{"floor":7,"key":"REST"},{"floor":23,"key":"RECALL"},{"floor":25,"key":"REST"},{"floor":32,"key":"DIG"}],"circlet_count":0,"master_deck":["animator:Strike_GoblinSlayer","animator:Defend_GoblinSlayer","animator:Strike","animator:Strike","animator:Strike","animator:Defend","animator:Defend","animator:Defend","animator:LizardPriest","animator:DwarfShaman","animator:KotoriKanbe","animator:GazelDwargon","Injury","animator:Mikaela","animator:Spearman","animator:GoblinSlayer","animator:Pride","animator:MetalKnight+1","animator:GoblinSlayer","animator:Priestess","animator:Vesta+1","animator:Vesta","animator:Curse_Greed","animator:Melzalgald+1","animator:DwarfShaman","animator:ElricEdward","Pot Of Greed","Pot Of Greed","Pot Of Greed","animator:MumenRider+1","animator:GoblinSlayer","animator:Strike","animator:NononJakuzure","animator:Emonzaemon+1","animator:Gillette+1","infinitespire:Execution","hubris:Wrath"],"relics":["animator:LivingPicture","animator:TheMissingPiece","Golden Idol","ReplayTheSpireMod:Shallot","hubris:ToyBattleship","infinitespire:Beetle Shell","Cursed Key","halation:PinkSoulGem","Calipers","hubris:MobiusCoin","Replay:Bandana","Grinning Jar","Letter Opener","energizedSpire:HugeHouse","vexMod:GhostlyGear","Happy Flower"],"acts_visited":["Exordium","TheCity","TheBeyond"],"potions_floor_usage":[6,16,24,31,33,39],"damage_taken":[{"damage":9,"enemies":"2 Louse","floor":1,"turns":3},{"damage":9,"enemies":"Jaw Worm","floor":3,"turns":6},{"damage":23,"enemies":"3 Sentries","floor":6,"turns":9},{"damage":9,"enemies":"conspire:RoseBush","floor":11,"turns":2},{"damage":0,"enemies":"3 Louse","floor":12,"turns":6},{"damage":19,"enemies":"Lagavulin","floor":13,"turns":8},{"damage":0,"enemies":"Blue Slaver","floor":14,"turns":5},{"damage":0,"enemies":"Hexaghost","floor":16,"turns":8},{"damage":8,"enemies":"Shell Parasite","floor":18,"turns":4},{"damage":8,"enemies":"3 Byrds","floor":21,"turns":5},{"damage":3,"enemies":"Shelled Parasite and Fungi","floor":24,"turns":7},{"damage":7,"enemies":"Replay:Snechameleon","floor":28,"turns":6},{"damage":10,"enemies":"Centurion and Healer","floor":29,"turns":8},{"damage":6,"enemies":"Cultist and Chosen","floor":30,"turns":9},{"damage":11,"enemies":"conspire:MimicChest","floor":31,"turns":8},{"damage":24,"enemies":"Collector","floor":33,"turns":7},{"damage":0,"enemies":"Orb Walker","floor":35,"turns":3},{"damage":45,"enemies":"3 Darklings","floor":36,"turns":5}],"seed_played":"-8596831835369024528","potions_obtained":[{"floor":1,"key":"Explosive Potion"},{"floor":3,"key":"AttackPotion"},{"floor":13,"key":"blueLaboratory:FrostheartPotion"},{"floor":14,"key":"blueLaboratory:HummingbirdPotion"},{"floor":16,"key":"EssenceOfSteel"},{"floor":21,"key":"Guardian:BlockOnCardUsePotion"},{"floor":30,"key":"CultistPotion"},{"floor":36,"key":"Energy Potion"}],"is_trial":false,"path_per_floor":["M","?","M","?","?","E","R","$","T","?","M","M","E","M","R","B",null,"M","?","?","M","?","R","M","R","T","?","E","M","M","?","R","B",null,"M","M","AVR","T","M"],"character_chosen":"THE_ANIMATOR","items_purchased":[],"campfire_rested":2,"item_purchase_floors":[],"current_hp_per_floor":[57,57,48,54,54,31,52,52,52,52,44,44,25,25,46,46,73,65,65,65,57,57,57,54,73,73,73,67,57,51,40,40,16,69,69,24,24,24,0,0],"gold":864,"neow_bonus":"RANDOM_COLORLESS_2","is_daily":false,"chose_seed":false,"campfire_upgraded":0,"win_rate":0.0,"timestamp":1610320173,"path_taken":["M","?","M","?","?","E","R","$","T","?","?","M","E","M","R","BOSS","M","?","?","M","?","R","M","R","T","?","E","?","M","?","R","BOSS","M","M","AVR","?","M"],"items_purchased_type":[],"build_version":"2020-12-22","purchased_purges":0,"victory":false,"max_hp_per_floor":[66,66,66,72,72,72,72,72,72,72,73,73,73,73,73,73,73,73,73,73,73,73,73,73,73,73,73,74,74,74,74,74,74,69,69,69,69,69,69,69],"relic_stats":{"Happy Flower":[1],"counters":[19,111],"Golden Idol":124,"Letter Opener":[63],"Cursed Key":2,"obtain_stats":[{"hubris:MobiusCoin":26,"Calipers":20,"Happy Flower":38,"Golden Idol":2,"animator:TheMissingPiece":0,"infinitespire:Beetle Shell":13,"Letter Opener":32,"halation:StarCompass":5,"Cursed Key":17,"vexMod:GhostlyGear":37,"Replay:Bandana":28,"ReplayTheSpireMod:Shallot":6,"animator:LivingPicture":0,"hubris:ToyBattleship":10,"energizedSpire:HugeHouse":34,"Grinning Jar":31,"halation:PinkSoulGem":19},{"hubris:MobiusCoin":11,"Calipers":9,"Happy Flower":18,"Golden Idol":1,"animator:TheMissingPiece":0,"infinitespire:Beetle Shell":6,"Letter Opener":15,"halation:StarCompass":2,"Cursed Key":8,"vexMod:GhostlyGear":18,"Replay:Bandana":12,"ReplayTheSpireMod:Shallot":3,"animator:LivingPicture":0,"hubris:ToyBattleship":3,"energizedSpire:HugeHouse":16,"Grinning Jar":15,"halation:PinkSoulGem":9},{"hubris:MobiusCoin":61,"Calipers":49,"Happy Flower":107,"Golden Idol":3,"animator:TheMissingPiece":0,"infinitespire:Beetle Shell":32,"Letter Opener":92,"halation:StarCompass":8,"Cursed Key":45,"vexMod:GhostlyGear":107,"Replay:Bandana":67,"ReplayTheSpireMod:Shallot":17,"animator:LivingPicture":0,"hubris:ToyBattleship":17,"energizedSpire:HugeHouse":99,"Grinning Jar":92,"halation:PinkSoulGem":49}]},"card_choices":[{"not_picked":["animator:Kira","animator:HarukoHaruhara"],"picked":"animator:KotoriKanbe","floor":0},{"not_picked":["animator:UneriGinkaku","animator:Konayuki"],"picked":"animator:GazelDwargon","floor":1},{"not_picked":["animator:Layla","animator:Konayuki"],"picked":"animator:Mikaela","floor":3},{"not_picked":["animator:ChaikaBohdan","animator:Azekura"],"picked":"animator:Spearman","floor":6},{"not_picked":["animator:CowGirl","animator:LizardPriest"],"picked":"animator:GoblinSlayer","floor":11},{"not_picked":["animator:Millim","animator:Hakurou"],"picked":"animator:Pride","floor":12},{"not_picked":["animator:DwarfShaman","animator:Geryuganshoop"],"picked":"animator:MetalKnight","floor":13},{"not_picked":["animator:Hitei","animator:Hakurou","animator:SilverFang"],"picked":"SKIP","floor":14},{"not_picked":["animator:Envy","animator:Father"],"picked":"animator:GoblinSlayer","floor":16},{"not_picked":["animator:GuildGirl","animator:DwarfShaman"],"picked":"animator:Priestess","floor":18},{"not_picked":["animator:Gillette","animator:TsurugaMeisai+1"],"picked":"animator:Vesta+1","floor":21},{"not_picked":["animator:UneriGinkaku","animator:Sloth"],"picked":"animator:Vesta","floor":24},{"not_picked":["animator:Tatsumaki+1","animator:ElricAlphonse"],"picked":"animator:Melzalgald+1","floor":28},{"not_picked":["animator:LizardPriest","animator:HighElfArcher"],"picked":"animator:DwarfShaman","floor":29},{"not_picked":["animator:CrowleyEusford","animator:Shuna"],"picked":"animator:ElricEdward","floor":30},{"not_picked":["animator:MaesHughes","animator:Yoichi"],"picked":"animator:MumenRider+1","floor":31},{"not_picked":["animator:Guren","animator:Boros"],"picked":"animator:GoblinSlayer","floor":33},{"not_picked":["animator:Benimaru","animator:UneriGinkaku"],"picked":"animator:Emonzaemon+1","floor":35},{"not_picked":["animator:MaesHughes","animator:Hakurou+1"],"picked":"animator:Gillette+1","floor":36}],"player_experience":135199,"relics_obtained":[{"floor":6,"key":"ReplayTheSpireMod:Shallot"},{"floor":13,"key":"infinitespire:Beetle Shell"},{"floor":26,"key":"hubris:MobiusCoin"},{"floor":28,"key":"Replay:Bandana"},{"floor":31,"key":"Grinning Jar"},{"floor":32,"key":"Letter Opener"},{"floor":38,"key":"Happy Flower"}],"event_choices":[{"damage_healed":0,"gold_gain":0,"player_choice":"Take Wound","damage_taken":0,"relics_obtained":["Golden Idol"],"max_hp_gain":0,"max_hp_loss":0,"event_name":"Golden Idol","floor":2,"gold_loss":0,"cards_obtained":["Injury"]},{"damage_healed":0,"gold_gain":0,"player_choice":"RENOUNCE","damage_taken":28,"max_hp_gain":0,"max_hp_loss":0,"event_name":"betterThird:BetterSerpent","floor":4,"gold_loss":28,"cards_obtained":["Enlightenment"]},{"damage_healed":0,"gold_gain":30,"player_choice":"Searched \u00273\u0027 times","damage_taken":0,"relics_obtained":["hubris:ToyBattleship"],"max_hp_gain":0,"max_hp_loss":0,"event_name":"Dead Adventurer","floor":10,"gold_loss":0},{"damage_healed":0,"gold_gain":0,"player_choice":"Obtained Relic","damage_taken":0,"relics_obtained":["Calipers"],"max_hp_gain":0,"max_hp_loss":0,"event_name":"Addict","floor":20,"gold_loss":85},{"damage_healed":0,"gold_gain":100,"player_choice":"Bet on Murderer","damage_taken":0,"max_hp_gain":0,"max_hp_loss":0,"event_name":"The Joust","floor":27,"gold_loss":50}],"is_beta":false,"boss_relics":[{"not_picked":["conspire:SeveredTorchhead","vexMod:MysteryBossChallenge"],"picked":"Cursed Key"},{"not_picked":["hubris:BlackHole","vexMod:TanglingVine"],"picked":"energizedSpire:HugeHouse"}],"items_purged_floors":[],"is_endless":false,"potions_floor_spawned":[1,3,13,14,16,21,30,36],"killed_by":"Sphere and 2 Shapes","ascension_level":4}}