{"host":"9l4mw5jqza9qz9hr","time":1610270750,"event":{"mods":["AchievementEnabler","Always Whale","BaseMod","Colored Map","Minty Spire (QoL Compilation)","StSLib","SuperFastMode"],"gold_per_floor":[112,112,74,74,94,129,139,139,166,116,131,34,34,34,34],"floor_reached":14,"playtime":169,"items_purged":["Strike_B","Strike_B"],"score":132,"play_id":"b502a6bc-9783-4e0b-825b-b90e3bf053bc","local_time":"20210110182550","is_ascension_mode":true,"campfire_choices":[{"data":"Defragment","floor":8,"key":"SMITH"}],"circlet_count":0,"master_deck":["AscendersBane","Strike_B+1","Defend_B","Defend_B","Defend_B+1","Defend_B","Zap","Dualcast","Capacitor","Rip and Tear","Ball Lightning","Defragment+1","Leap","Turbo","Conserve Battery"],"relics":["Cracked Core","Akabeko","Oddly Smooth Stone","Smiling Mask"],"acts_visited":["Exordium"],"potions_floor_usage":[14,14],"damage_taken":[{"damage":2,"enemies":"2 Louse","floor":1,"turns":3},{"damage":0,"enemies":"Cultist","floor":5,"turns":2},{"damage":35,"enemies":"Gremlin Nob","floor":6,"turns":4},{"damage":0,"enemies":"Small Slimes","floor":7,"turns":1},{"damage":6,"enemies":"Exordium Thugs","floor":11,"turns":2},{"damage":12,"enemies":"Lagavulin","floor":14,"turns":6}],"seed_played":"690379117966204720","potions_obtained":[{"floor":1,"key":"Weak Potion"},{"floor":7,"key":"DistilledChaos"},{"floor":11,"key":"Weak Potion"}],"is_trial":false,"path_per_floor":["M","?","$","?","M","E","M","R","T","$","M","$","?","E"],"character_chosen":"DEFECT","items_purchased":["Rip and Tear","Conserve Battery"],"campfire_rested":0,"item_purchase_floors":[3,12],"current_hp_per_floor":[66,66,66,66,66,31,31,31,31,31,25,25,10,0,0],"gold":34,"neow_bonus":"REMOVE_CARD","is_daily":false,"chose_seed":false,"campfire_upgraded":1,"win_rate":0.0,"timestamp":1610270750,"path_taken":["M","?","?","?","M","E","?","R","T","$","M","$","?","E"],"items_purchased_type":["Card","Card"],"build_version":"2020-12-22","purchased_purges":2,"victory":false,"max_hp_per_floor":[75,75,75,75,75,75,75,75,75,75,75,75,75,75,75],"card_choices":[{"not_picked":["Steam","Barrage"],"picked":"Capacitor","floor":1},{"not_picked":["Turbo","Fusion"],"picked":"Ball Lightning","floor":5},{"not_picked":["Gash","Heatsinks"],"picked":"Defragment","floor":6},{"not_picked":["Stack","Go for the Eyes"],"picked":"Leap","floor":7},{"not_picked":["Conserve Battery","Steam"],"picked":"Turbo","floor":11}],"player_experience":204752,"relics_obtained":[{"floor":6,"key":"Oddly Smooth Stone"},{"floor":9,"key":"Smiling Mask"}],"event_choices":[{"damage_healed":0,"gold_gain":0,"player_choice":"Gave Potion","damage_taken":0,"relics_obtained":["Akabeko"],"max_hp_gain":0,"max_hp_loss":0,"event_name":"WeMeetAgain","floor":2,"gold_loss":0},{"damage_healed":0,"gold_gain":0,"player_choice":"Ignored","damage_taken":0,"max_hp_gain":0,"max_hp_loss":0,"event_name":"Liars Game","floor":4,"gold_loss":0},{"damage_healed":0,"gold_gain":0,"player_choice":"Entered Light","damage_taken":15,"max_hp_gain":0,"max_hp_loss":0,"event_name":"Shining Light","floor":13,"gold_loss":0,"cards_upgraded":["Defend_B","Strike_B"]}],"is_beta":false,"boss_relics":[],"items_purged_floors":[10,12],"is_endless":false,"potions_floor_spawned":[1,7,11],"killed_by":"Lagavulin","ascension_level":10}}