{"host":"me6mz5vfpl3z3a3z","time":1610272543,"event":{"mods":["Act Like it!","Aspiration","BaseMod","CapriCore","Downfall","Friendly Minions","Gensokyo","Hallownest","Koishi","Luminous","Marisa（F雨　魔理沙）","Minty Spire (QoL Compilation)","Reimu（博丽灵梦）","RumiaBox-露米娅的神秘盒子","Spicy Shops","StSLib","The Alterego","The Bug Knight","The Gatherer","The Runesmith","The Showman","Yakumo Yukari mod","Yuyuko","[IsaacMod]以撒尖塔","【功能Mod】混沌之环修复补丁"],"gold_per_floor":[99,99,99,99,99,113,113,116,116,108,115,106,106,98,94,73,73],"floor_reached":16,"playtime":781,"items_purged":[],"score":116,"play_id":"bea54726-e2e7-42ef-9f2f-bc52d83541bf","local_time":"20210110175543","is_ascension_mode":true,"campfire_choices":[{"floor":1,"key":"RECALL"},{"floor":13,"key":"REST"}],"circlet_count":0,"master_deck":["Runesmith:Strike_RS","Runesmith:Strike_RS","Runesmith:Strike_RS","Runesmith:Strike_RS","Runesmith:Defend_RS","Runesmith:Defend_RS","Runesmith:Defend_RS","Runesmith:Defend_RS","Runesmith:CraftFirestone","Runesmith:Fortify","Runesmith:HammerThrow","Poor:ReiMu","Runesmith:HammerTime","Runesmith:Firestorm","Runesmith:CraftMagma","Runesmith:FieryHammer"],"relics":["Runesmith:BrokenRuby","HushsDoor","UnicornStump","downfall:HeartsMalice","YidongShenshe:ReiMu","DoctorsRemote","Mastiff:ReiMu","Tiny Chest"],"acts_visited":["Exordium"],"potions_floor_usage":[14,16,16],"damage_taken":[{"damage":0,"enemies":"Jaw Worm","floor":2,"turns":1},{"damage":0,"enemies":"Cultist","floor":4,"turns":1},{"damage":0,"enemies":"2 Louse","floor":5,"turns":1},{"damage":19,"enemies":"3 Sentries","floor":6,"turns":7},{"damage":30,"enemies":"Gremlin Nob","floor":8,"turns":4},{"damage":20,"enemies":"Exordium Thugs","floor":10,"turns":6},{"damage":0,"enemies":"Red Slaver","floor":11,"turns":2},{"damage":0,"enemies":"Blue Slaver","floor":12,"turns":5},{"damage":11,"enemies":"Exordium Thugs","floor":14,"turns":5},{"damage":0,"enemies":"2 Fungi Beasts","floor":15,"turns":3},{"damage":11,"enemies":"downfall:Ironclad","floor":16,"turns":5}],"seed_played":"-2340843791438488034","potions_obtained":[{"floor":8,"key":"DistilledChaos"},{"floor":10,"key":"SkillPotion"},{"floor":12,"key":"BlessingOfTheForge"},{"floor":14,"key":"GrandPatriotsElixir:ReiMu"}],"is_trial":false,"path_per_floor":["R","M","?","M","M","E","T","E","T","M","M","M","R","M","M","B"],"character_chosen":"RUNESMITH_CLASS","items_purchased":[],"campfire_rested":1,"item_purchase_floors":[],"current_hp_per_floor":[70,70,70,70,70,51,51,21,21,1,1,1,22,11,11,0,0],"gold":73,"neow_bonus":"THREE_ENEMY_KILL","is_daily":false,"chose_seed":false,"campfire_upgraded":0,"win_rate":0.0,"timestamp":1610272543,"path_taken":["R","M","?","M","?","E","T","E","?","M","?","M","R","M","M","BOSS"],"items_purchased_type":[],"build_version":"2020-12-22","purchased_purges":0,"victory":false,"max_hp_per_floor":[70,70,70,70,70,70,70,70,70,70,70,70,70,70,70,70,70],"card_choices":[{"not_picked":["Runesmith:RuneHurl","Runesmith:Terraform"],"picked":"Runesmith:HammerThrow","floor":2},{"not_picked":["Runesmith:ShiftingStrike","Runesmith:BackupBattery"],"picked":"Runesmith:HammerTime","floor":4},{"not_picked":["Runesmith:CraftObretio","Runesmith:EnergizedChisel"],"picked":"Runesmith:Firestorm","floor":5},{"not_picked":["Runesmith:EarthShield","Runesmith:CraftIndustria","Runesmith:ChiselStab"],"picked":"SKIP","floor":6},{"not_picked":["Runesmith:Repurpose","Runesmith:ChiselStab","Runesmith:RuneHurl"],"picked":"SKIP","floor":8},{"not_picked":["Runesmith:Superposition","Runesmith:Repurpose","Runesmith:MakeshiftArmor"],"picked":"SKIP","floor":10},{"not_picked":["Runesmith:Grindstone","Runesmith:BackupBattery"],"picked":"Runesmith:CraftMagma","floor":11},{"not_picked":["Runesmith:CraftProtectio","Runesmith:BackupBattery"],"picked":"Runesmith:FieryHammer","floor":12},{"not_picked":["Runesmith:StaticCage","Runesmith:Malloc","Runesmith:CraftIncendium"],"picked":"SKIP","floor":14},{"not_picked":["Runesmith:CraftProtectio","Runesmith:ReplicatingBarrier","Runesmith:CraftMagma"],"picked":"SKIP","floor":15}],"player_experience":415106,"relics_obtained":[{"floor":6,"key":"DoctorsRemote"},{"floor":7,"key":"Mastiff:ReiMu"},{"floor":8,"key":"Tiny Chest"}],"event_choices":[{"damage_healed":0,"gold_gain":0,"player_choice":"带走神社","damage_taken":0,"relics_obtained":["YidongShenshe:ReiMu"],"max_hp_gain":0,"max_hp_loss":0,"event_name":"yidonshenshe","floor":3,"gold_loss":0,"cards_obtained":["Poor:ReiMu"]}],"is_beta":false,"boss_relics":[],"items_purged_floors":[],"is_endless":false,"potions_floor_spawned":[8,10,12,14],"killed_by":"downfall:Ironclad","ascension_level":1}}