{"host":"cv77zuuuekizn3ic","time":1610253613,"event":{"mods":["AchievementEnabler","BaseMod","Marisa£®ÏF”Í°°ƒß¿Ì…≥£©","Minty Spire (QoL Compilation)","StSLib","Waifu the Spire","everything is the same but u backflip on backflip","slay the spire mod where everything is the same but ironclad has a cowboy hat"],"gold_per_floor":[109,128,128,145,164,164,164,179,179,179,209,209,253,267,267,363,363,382,203,203,222,222,222,222],"floor_reached":23,"playtime":1930,"items_purged":["Strike_R"],"score":402,"play_id":"e846fde8-add9-462b-82d0-e932784d0666","local_time":"20210110124013","is_ascension_mode":true,"campfire_choices":[{"data":"Uppercut","floor":6,"key":"SMITH"},{"data":"Deep Breath","floor":10,"key":"SMITH"},{"data":"Evolve","floor":15,"key":"SMITH"}],"circlet_count":0,"master_deck":["AscendersBane","Strike_R","Strike_R","Strike_R","Defend_R","Defend_R","Defend_R","Defend_R","Bash","Deep Breath+1","Uppercut+1","Burning Pact","Demon Form","Twin Strike","Evolve+1","Battle Trance+1","Dropkick","Offering+1","Twin Strike+1","Purity+1","Shrug It Off+1","Necronomicurse","Twin Strike"],"relics":["Burning Blood","TungstenRod","The Courier","Toxic Egg 2","Akabeko","Golden Idol","Du-Vu Doll","Cursed Key","Necronomicon"],"acts_visited":["Exordium","TheCity"],"potions_floor_usage":[8,18,23],"damage_taken":[{"damage":6.0,"enemies":"Cultist","floor":1.0,"turns":3.0},{"damage":4.0,"enemies":"Small Slimes","floor":2.0,"turns":3.0},{"damage":6,"enemies":"Jaw Worm","floor":4,"turns":3},{"damage":17,"enemies":"3 Louse","floor":5,"turns":5},{"damage":4,"enemies":"Exordium Thugs","floor":8,"turns":4},{"damage":9,"enemies":"Lagavulin","floor":11,"turns":7},{"damage":20,"enemies":"Gremlin Nob","floor":13,"turns":4},{"damage":8,"enemies":"2 Fungi Beasts","floor":14,"turns":3},{"damage":25,"enemies":"Hexaghost","floor":16,"turns":6},{"damage":5,"enemies":"3 Byrds","floor":18,"turns":4},{"damage":24,"enemies":"Shell Parasite","floor":21,"turns":3},{"damage":37,"enemies":"Slavers","floor":23,"turns":2}],"seed_played":"-826797878227404321","potions_obtained":[{"floor":1.0,"key":"Fire Potion"},{"floor":2.0,"key":"PowerPotion"},{"floor":8,"key":"Fire Potion"},{"floor":11,"key":"Swift Potion"},{"floor":18,"key":"BloodPotion"}],"is_trial":false,"path_per_floor":["M","M","?","M","M","R","?","M","T","R","E","?","E","M","R","B",null,"M","$","?","M","?","E"],"character_chosen":"IRONCLAD","items_purchased":["Purity+1","Shrug It Off+1"],"campfire_rested":0,"item_purchase_floors":[19,19],"current_hp_per_floor":[68,70,70,70,59,59,59,61,61,61,58,58,44,42,42,23,57,58,58,41,23,23,0,0],"gold":222,"neow_bonus":"RANDOM_COLORLESS","is_daily":false,"chose_seed":false,"campfire_upgraded":3,"win_rate":0.0,"timestamp":1610253613,"path_taken":["M","M","?","M","?","R","?","?","T","R","E","?","E","M","R","BOSS","M","$","?","M","?","E"],"items_purchased_type":["Card","Card"],"build_version":"2020-12-22","purchased_purges":1,"victory":false,"max_hp_per_floor":[75,75,75,75,75,75,75,75,75,75,75,68,68,68,68,68,68,68,68,68,68,68,68,68],"card_choices":[{"not_picked":["Purity","Dark Shackles"],"picked":"Deep Breath","floor":0.0},{"not_picked":["Thunderclap","Anger"],"picked":"Uppercut","floor":1.0},{"not_picked":["Warcry","Clothesline"],"picked":"Burning Pact","floor":2.0},{"not_picked":["Seeing Red","Power Through"],"picked":"Demon Form","floor":4},{"not_picked":["Wild Strike","Thunderclap","Clash"],"picked":"SKIP","floor":5},{"not_picked":["Hemokinesis","Flex"],"picked":"Twin Strike","floor":8},{"not_picked":["Heavy Blade","Pommel Strike"],"picked":"Evolve","floor":11},{"not_picked":["Warcry+1","Sentinel+1"],"picked":"Battle Trance+1","floor":13},{"not_picked":["Clothesline","Inflame"],"picked":"Dropkick","floor":14},{"not_picked":["Double Tap+1","Reaper"],"picked":"Offering+1","floor":16},{"not_picked":["Sentinel+1","Body Slam+1"],"picked":"Twin Strike+1","floor":18},{"not_picked":["Inflame","Uppercut","Shrug It Off+1"],"picked":"SKIP","floor":21}],"player_experience":813701,"relics_obtained":[{"floor":7,"key":"The Courier"},{"floor":9,"key":"Toxic Egg 2"},{"floor":11,"key":"Akabeko"},{"floor":13,"key":"Du-Vu Doll"},{"floor":20,"key":"Necronomicon"}],"event_choices":[{"damage_healed":0,"gold_gain":0,"player_choice":"Gave Potion","damage_taken":0,"relics_obtained":["TungstenRod"],"max_hp_gain":0,"max_hp_loss":0,"event_name":"WeMeetAgain","floor":3,"gold_loss":0},{"damage_healed":0,"gold_gain":0,"player_choice":"Relic","damage_taken":0,"max_hp_gain":0,"max_hp_loss":0,"event_name":"Wheel of Change","floor":7,"gold_loss":0},{"damage_healed":0,"gold_gain":0,"player_choice":"Lose Max HP","damage_taken":0,"relics_obtained":["Golden Idol"],"max_hp_gain":0,"max_hp_loss":7,"event_name":"Golden Idol","floor":12,"gold_loss":0},{"damage_healed":0,"gold_gain":0,"player_choice":"Obtained Book","damage_taken":21,"max_hp_gain":0,"max_hp_loss":0,"event_name":"Cursed Tome","floor":20,"gold_loss":0},{"damage_healed":0,"gold_gain":0,"cards_transformed":["Strike_R"],"player_choice":"Transformed","damage_taken":0,"max_hp_gain":0,"max_hp_loss":0,"event_name":"Transmorgrifier","floor":22,"gold_loss":0,"cards_obtained":["Twin Strike"]}],"is_beta":false,"boss_relics":[{"not_picked":["Runic Pyramid","Velvet Choker"],"picked":"Cursed Key"}],"items_purged_floors":[19],"is_endless":false,"potions_floor_spawned":[1,2,8,11,14,18],"killed_by":"Slavers","ascension_level":20}}