{"host":"7l2t4psy44vpcd9q","time":1610255688,"event":{"mods":["AchievementEnabler","BaseMod","DeckTracker","Minty Spire (QoL Compilation)","SuperFastMode"],"gold_per_floor":[112,132,146,146,166,191,191,223,223,223,253,308,9,9,9,82,82,96,11,11,24,24,24,41,70,70,89,89,14,14,14,14,91,91,106,124,24,44,64,64,64,64,64,64,89,89,104,54,54,54,54],"floor_reached":52,"playtime":3016,"items_purged":["Decay","Strike_G"],"score":1857,"play_id":"94a1f200-7847-4972-bff6-208470357488","local_time":"20210110141448","is_ascension_mode":true,"campfire_choices":[{"data":"A Thousand Cuts","floor":7.0,"key":"SMITH"},{"data":"Neutralize","floor":10.0,"key":"SMITH"},{"floor":15.0,"key":"REST"},{"data":"Choke","floor":23.0,"key":"SMITH"},{"data":"Metamorphosis","floor":32.0,"key":"SMITH"},{"data":"Leg Sweep","floor":40.0,"key":"SMITH"},{"data":"Eviscerate","floor":42.0,"key":"SMITH"},{"data":"Eviscerate","floor":44.0,"key":"SMITH"},{"data":"Outmaneuver","floor":49.0,"key":"SMITH"}],"circlet_count":0,"master_deck":["AscendersBane","Strike_G","Defend_G","Defend_G","Defend_G","Defend_G","Neutralize+1","Predator","Dagger Throw","Dagger Spray","A Thousand Cuts+1","Bullet Time","Deadly Poison","Eviscerate+1","Metamorphosis+1","Bullet Time","Choke+1","Caltrops+1","Acrobatics+1","Riddle With Holes+1","Night Terror","Corpse Explosion+1","Choke+1","Reflex+1","Eviscerate+1","Leg Sweep+1","Acrobatics+1","Outmaneuver+1"],"relics":["Snecko Eye","Mummified Hand","Frozen Egg 2","Bird Faced Urn","Unceasing Top","White Beast Statue","Coffee Dripper","Meat on the Bone","PreservedInsect","Ancient Tea Set","Eternal Feather","Astrolabe","Pantograph","Bag of Preparation"],"acts_visited":["Exordium","TheCity","TheBeyond"],"potions_floor_usage":[50],"damage_taken":[{"damage":6.0,"enemies":"Small Slimes","floor":1.0,"turns":4.0},{"damage":0.0,"enemies":"Jaw Worm","floor":2.0,"turns":2.0},{"damage":1.0,"enemies":"2 Louse","floor":3.0,"turns":3.0},{"damage":0.0,"enemies":"Exordium Wildlife","floor":5.0,"turns":3.0},{"damage":7.0,"enemies":"Lagavulin","floor":6.0,"turns":7.0},{"damage":0.0,"enemies":"3 Sentries","floor":8.0,"turns":3.0},{"damage":6.0,"enemies":"Gremlin Nob","floor":11.0,"turns":3.0},{"damage":6.0,"enemies":"Gremlin Nob","floor":12.0,"turns":3.0},{"damage":5.0,"enemies":"Slime Boss","floor":16.0,"turns":6.0},{"damage":11.0,"enemies":"Shell Parasite","floor":18.0,"turns":3.0},{"damage":3.0,"enemies":"3 Byrds","floor":21.0,"turns":3.0},{"damage":0.0,"enemies":"3 Cultists","floor":24.0,"turns":3.0},{"damage":33.0,"enemies":"Slavers","floor":25.0,"turns":3.0},{"damage":10.0,"enemies":"Snake Plant","floor":27.0,"turns":2.0},{"damage":15.0,"enemies":"Collector","floor":33.0,"turns":5.0},{"damage":14.0,"enemies":"3 Darklings","floor":35.0,"turns":3.0},{"damage":0.0,"enemies":"Orb Walker","floor":36.0,"turns":2.0},{"damage":34.0,"enemies":"Jaw Worm Horde","floor":38.0,"turns":5.0},{"damage":33.0,"enemies":"4 Shapes","floor":39.0,"turns":4.0},{"damage":16.0,"enemies":"Nemesis","floor":45.0,"turns":3.0},{"damage":18.0,"enemies":"Transient","floor":47.0,"turns":6.0},{"damage":65,"enemies":"Awakened One","floor":50,"turns":12},{"damage":43,"enemies":"Donu and Deca","floor":51,"turns":5}],"seed_played":"3251131047731938100","potions_obtained":[{"floor":3.0,"key":"Poison Potion"},{"floor":6.0,"key":"DistilledChaos"},{"floor":8.0,"key":"Block Potion"},{"floor":16.0,"key":"AttackPotion"},{"floor":18.0,"key":"ColorlessPotion"},{"floor":24.0,"key":"Energy Potion"},{"floor":25.0,"key":"EssenceOfSteel"},{"floor":27.0,"key":"Swift Potion"},{"floor":33.0,"key":"LiquidMemories"},{"floor":35.0,"key":"SkillPotion"},{"floor":36.0,"key":"DuplicationPotion"},{"floor":38.0,"key":"FearPotion"},{"floor":39.0,"key":"Fire Potion"},{"floor":45.0,"key":"Fire Potion"},{"floor":47.0,"key":"DistilledChaos"}],"is_trial":false,"path_per_floor":["M","M","M","?","M","E","R","E","T","R","E","?","$","?","R","B",null,"M","?","?","M","$","R","M","E","T","M","?","$","?","T","R","B",null,"M","M","$","M","M","R","$","R","T","R","E","?","M","?","R","B","B",null],"character_chosen":"THE_SILENT","items_purchased":["Eviscerate","Metamorphosis","PowerPotion"],"campfire_rested":1,"item_purchase_floors":[13,13,13],"current_hp_per_floor":[53,53,52,52,52,45,45,45,45,45,41,37,37,37,56,55,63,54,54,54,53,53,53,55,38,38,44,44,44,44,44,59,48,62,52,56,56,38,21,36,36,51,51,66,52,52,38,38,53,17,15],"gold":54,"neow_bonus":"BOSS_RELIC","is_daily":false,"chose_seed":false,"campfire_upgraded":8,"win_rate":0.0,"timestamp":1610255688,"path_taken":["M","M","M","?","M","E","R","E","T","R","E","?","$","?","R","BOSS","M","?","?","M","$","R","?","E","T","M","?","?","?","?","R","BOSS","M","M","$","M","M","R","$","R","T","R","E","?","M","?","R","BOSS","BOSS"],"items_purchased_type":["Card","Card","Potion"],"build_version":"2020-12-22","purchased_purges":2,"victory":true,"max_hp_per_floor":[66,66,66,66,66,66,66,66,66,66,66,66,66,66,66,66,66,66,66,66,66,66,66,66,66,66,66,66,66,66,66,66,66,66,66,66,66,66,66,66,66,66,66,66,66,66,66,66,66,66,66],"card_choices":[{"not_picked":["Underhanded Strike","Bane"],"picked":"Predator","floor":1.0},{"not_picked":["Well Laid Plans","Catalyst"],"picked":"Dagger Throw","floor":2.0},{"not_picked":["Prepared","Finisher"],"picked":"Dagger Spray","floor":3.0},{"not_picked":["Flying Knee","Accuracy"],"picked":"Bullet Time","floor":5.0},{"not_picked":["Accuracy","Sucker Punch"],"picked":"Deadly Poison","floor":6.0},{"not_picked":["Poisoned Stab","Flechettes","Outmaneuver"],"picked":"SKIP","floor":8.0},{"not_picked":["Tactician","Slice","Deadly Poison"],"picked":"SKIP","floor":11.0},{"not_picked":["Malaise","Doppelganger"],"picked":"Bullet Time","floor":16.0},{"not_picked":["Blade Dance","Sucker Punch"],"picked":"Choke","floor":18.0},{"not_picked":["Backflip","Deadly Poison"],"picked":"Caltrops+1","floor":21.0},{"not_picked":["Infinite Blades+1","Dagger Throw"],"picked":"Acrobatics+1","floor":24.0},{"not_picked":["Slice","Venomology","Concentrate"],"picked":"SKIP","floor":25.0},{"not_picked":["Distraction","Flying Knee"],"picked":"Riddle With Holes+1","floor":27.0},{"not_picked":["Glass Knife","After Image+1"],"picked":"Night Terror","floor":33.0},{"not_picked":["Finisher","Dagger Throw+1","Dagger Spray+1"],"picked":"SKIP","floor":35.0},{"not_picked":["Deflect+1","Quick Slash"],"picked":"Eviscerate","floor":36.0},{"not_picked":["Deflect","Blade Dance","Terror"],"picked":"SKIP","floor":38.0},{"not_picked":["Cloak And Dagger","After Image+1"],"picked":"Leg Sweep","floor":39.0},{"not_picked":["Sucker Punch","Underhanded Strike"],"picked":"Acrobatics","floor":45.0},{"not_picked":["Underhanded Strike","Slice+1"],"picked":"Outmaneuver","floor":47.0}],"player_experience":1165988,"relics_obtained":[{"floor":6.0,"key":"Mummified Hand"},{"floor":8.0,"key":"Frozen Egg 2"},{"floor":9.0,"key":"Bird Faced Urn"},{"floor":11.0,"key":"Unceasing Top"},{"floor":12.0,"key":"White Beast Statue"},{"floor":25.0,"key":"PreservedInsect"},{"floor":26.0,"key":"Ancient Tea Set"},{"floor":31.0,"key":"Eternal Feather"},{"floor":43.0,"key":"Pantograph"},{"floor":45.0,"key":"Bag of Preparation"}],"event_choices":[{"damage_healed":0.0,"max_hp_gain":0.0,"max_hp_loss":0.0,"gold_gain":0.0,"cards_transformed":["Strike_G"],"event_name":"Living Wall","player_choice":"Change","floor":4.0,"gold_loss":0.0,"damage_taken":0.0,"cards_obtained":["A Thousand Cuts"]},{"damage_healed":0.0,"max_hp_gain":0.0,"max_hp_loss":0.0,"gold_gain":0.0,"event_name":"Dead Adventurer","player_choice":"Searched \u00271\u0027 times","floor":12.0,"gold_loss":0.0,"damage_taken":0.0},{"damage_healed":0.0,"max_hp_gain":0.0,"max_hp_loss":0.0,"gold_gain":0.0,"event_name":"Scrap Ooze","player_choice":"Fled","floor":14.0,"gold_loss":0.0,"damage_taken":0.0},{"damage_healed":0.0,"max_hp_gain":0.0,"max_hp_loss":0.0,"gold_gain":0.0,"event_name":"Addict","player_choice":"Obtained Relic","floor":19.0,"gold_loss":85.0,"damage_taken":0.0,"relics_obtained":["Meat on the Bone"]},{"damage_healed":0.0,"max_hp_gain":0.0,"max_hp_loss":0.0,"gold_gain":0.0,"event_name":"Vampires","player_choice":"Ignored","floor":20.0,"gold_loss":0.0,"damage_taken":0.0},{"damage_healed":0.0,"max_hp_gain":0.0,"max_hp_loss":0.0,"gold_gain":0.0,"event_name":"Forgotten Altar","player_choice":"Smashed Altar","floor":28.0,"gold_loss":0.0,"damage_taken":0.0,"cards_obtained":["Decay"]},{"damage_healed":0.0,"max_hp_gain":0.0,"max_hp_loss":0.0,"gold_gain":0.0,"event_name":"Ghosts","player_choice":"Ignored","floor":30.0,"gold_loss":0.0,"damage_taken":0.0},{"cards_removed":["Survivor"],"damage_healed":0.0,"max_hp_gain":0.0,"max_hp_loss":0.0,"gold_gain":0.0,"event_name":"Falling","player_choice":"Removed Skill","floor":46.0,"gold_loss":0.0,"damage_taken":0.0},{"damage_healed":0.0,"max_hp_gain":0.0,"max_hp_loss":0.0,"gold_gain":0.0,"event_name":"Designer","player_choice":"Upgrade","floor":48.0,"gold_loss":50.0,"damage_taken":0.0,"cards_upgraded":["Acrobatics"]}],"is_beta":false,"boss_relics":[{"not_picked":["Ectoplasm","Calling Bell"],"picked":"Coffee Dripper"},{"not_picked":["Philosopher\u0027s Stone","Runic Dome"],"picked":"Astrolabe"}],"items_purged_floors":[29,37],"is_endless":false,"potions_floor_spawned":[3,6,8,16,18,21,24,25,27,33,35,36,38,39,45,47],"ascension_level":20}}