{"host":"q9718omregw4er46","time":1610278826,"event":{"mods":["BaseMod","Bestiary","Colored Powertips","Minty Spire (QoL Compilation)","Quick Restart","Relic Stats"],"gold_per_floor":[119,133,48,62,79,79,4,22,76,101,120,133,133,151,151,228,228,243,243,243,243],"floor_reached":20,"playtime":848,"items_purged":["Strike_B"],"score":356,"play_id":"a6119294-53ba-497b-a1b2-9a1856945135","local_time":"20210110164026","is_ascension_mode":true,"campfire_choices":[{"data":"Sunder","floor":6.0,"key":"SMITH"},{"data":"Defragment","floor":13.0,"key":"SMITH"},{"data":"Defragment","floor":15,"key":"SMITH"}],"circlet_count":0,"master_deck":["AscendersBane","Strike_B","Strike_B","Strike_B","Defend_B","Defend_B","Defend_B","Defend_B","Zap","Dualcast","Ball Lightning","Ball Lightning","Sunder+1","Skim","Defragment+1","Defragment+1","Heatsinks","Buffer","Glacier+1"],"relics":["Snecko Eye","Toy Ornithopter","Darkstone Periapt","Nuclear Battery","Enchiridion"],"acts_visited":["Exordium","TheCity"],"potions_floor_usage":[14,16],"damage_taken":[{"damage":1.0,"enemies":"Cultist","floor":1.0,"turns":4.0},{"damage":8.0,"enemies":"2 Louse","floor":2.0,"turns":3.0},{"damage":12.0,"enemies":"Small Slimes","floor":4.0,"turns":2.0},{"damage":5.0,"enemies":"Gremlin Gang","floor":5.0,"turns":4.0},{"damage":0.0,"enemies":"Large Slime","floor":8.0,"turns":3.0},{"damage":10.0,"enemies":"Lagavulin","floor":10.0,"turns":4.0},{"damage":3.0,"enemies":"Exordium Wildlife","floor":11.0,"turns":2.0},{"damage":6.0,"enemies":"2 Fungi Beasts","floor":12.0,"turns":3.0},{"damage":0,"enemies":"Gremlin Gang","floor":14,"turns":2},{"damage":20,"enemies":"Hexaghost","floor":16,"turns":8},{"damage":27,"enemies":"2 Thieves","floor":18,"turns":4},{"damage":9,"enemies":"3 Byrds","floor":20,"turns":2}],"seed_played":"1565395196975183546","potions_obtained":[{"floor":1.0,"key":"DistilledChaos"},{"floor":2.0,"key":"Explosive Potion"},{"floor":11.0,"key":"Block Potion"}],"is_trial":false,"path_per_floor":["M","M","$","M","M","R","$","M","T","E","M","M","R","M","R","B",null,"M","?","M"],"character_chosen":"DEFECT","items_purchased":["Sunder"],"campfire_rested":0,"item_purchase_floors":[3],"current_hp_per_floor":[63,55,55,43,38,38,38,38,38,33,30,24,24,29,29,14,57,30,9,0,0],"gold":243,"neow_bonus":"BOSS_RELIC","is_daily":false,"chose_seed":true,"campfire_upgraded":3,"win_rate":0.0,"timestamp":1610278826,"path_taken":["M","M","?","M","M","R","$","M","T","E","M","M","R","M","R","BOSS","M","?","M"],"items_purchased_type":["Card"],"build_version":"2020-12-22","purchased_purges":1,"victory":false,"max_hp_per_floor":[71,71,71,71,71,71,71,71,71,71,71,71,71,71,71,71,71,71,71,71,71],"relic_stats":{"Darkstone Periapt":0,"counters":[12,41],"Snecko Eye":[69,74,71,80],"obtain_stats":[{"Darkstone Periapt":10,"Snecko Eye":0,"Enchiridion":19,"Cracked Core":0,"Toy Ornithopter":9,"Nuclear Battery":17},{"Darkstone Periapt":6,"Snecko Eye":0,"Enchiridion":11,"Cracked Core":0,"Toy Ornithopter":5,"Nuclear Battery":10},{"Darkstone Periapt":20,"Snecko Eye":0,"Enchiridion":39,"Cracked Core":0,"Toy Ornithopter":16,"Nuclear Battery":35}],"Toy Ornithopter":15},"card_choices":[{"not_picked":["Recycle","Leap"],"picked":"Ball Lightning","floor":1.0},{"not_picked":["Double Energy","Sweeping Beam"],"picked":"Ball Lightning","floor":2.0},{"not_picked":["Steam","Reprogram"],"picked":"Skim","floor":4.0},{"not_picked":["Conserve Battery","Turbo","Barrage"],"picked":"SKIP","floor":5.0},{"not_picked":["Sunder","Conserve Battery"],"picked":"Defragment","floor":8.0},{"not_picked":["Leap","Lockon"],"picked":"Defragment","floor":10.0},{"not_picked":["Reinforced Body","Turbo"],"picked":"Heatsinks","floor":11.0},{"not_picked":["Reboot","Streamline","Coolheaded"],"picked":"SKIP","floor":12.0},{"not_picked":["Gash","Go for the Eyes","Hello World"],"picked":"SKIP","floor":14},{"not_picked":["Rainbow","Seek"],"picked":"Buffer","floor":16},{"not_picked":["Hologram","Self Repair"],"picked":"Glacier+1","floor":18}],"player_experience":1196227,"relics_obtained":[{"floor":9.0,"key":"Toy Ornithopter"},{"floor":10.0,"key":"Darkstone Periapt"},{"floor":19,"key":"Enchiridion"}],"event_choices":[{"damage_healed":0,"gold_gain":0,"player_choice":"Obtained Book","damage_taken":21,"max_hp_gain":0,"max_hp_loss":0,"event_name":"Cursed Tome","floor":19,"gold_loss":0}],"is_beta":false,"boss_relics":[{"not_picked":["Sozu","Empty Cage"],"picked":"Nuclear Battery"}],"items_purged_floors":[7],"is_endless":false,"potions_floor_spawned":[1,2,8,11],"killed_by":"3 Byrds","ascension_level":20}}