{"host":"vpaavrwbmey593fx","time":1610240256,"event":{"mods":["AchievementEnabler","BaseMod","Colored Map","Colored Powertips","DeckTracker","Minty Spire (QoL Compilation)","Relic Sorter"],"gold_per_floor":[213,288,303,313,329,356,366,366,366,366,366,316,336,356,356,455,455,465,477,489,76,76,76,105,122,122,141,161,86,116,129,129,227,227,240,260,33,44,44,44],"floor_reached":39,"playtime":4116,"items_purged":["Strike_R"],"score":493,"play_id":"18c55eb2-abd1-4231-b89a-17887cfee97c","local_time":"20210109165736","is_ascension_mode":true,"campfire_choices":[{"data":"Barricade","floor":8.0,"key":"SMITH"},{"data":"True Grit","floor":10.0,"key":"SMITH"},{"floor":15.0,"key":"REST"},{"data":"Entrench","floor":23.0,"key":"SMITH"},{"floor":32.0,"key":"REST"}],"circlet_count":0,"master_deck":["Strike_R","Defend_R","Defend_R","Defend_R","Defend_R","Bash","Sword Boomerang","Clothesline","True Grit+1","Barricade+1","Shrug It Off","Demon Form","Warcry+1","Entrench+1","Headbutt+1","Flame Barrier+1","Limit Break","Entrench+1","Burning Pact"],"relics":["Burning Blood","Sundial","Boot","Sozu","Lee\u0027s Waffle","Kunai","Bronze Scales","Bottled Tornado","Bottled Flame","Cursed Key","Bag of Preparation"],"acts_visited":["Exordium","TheCity","TheBeyond"],"potions_floor_usage":[],"damage_taken":[{"damage":3.0,"enemies":"2 Louse","floor":1.0,"turns":4.0},{"damage":0.0,"enemies":"Small Slimes","floor":3.0,"turns":3.0},{"damage":12.0,"enemies":"Jaw Worm","floor":4.0,"turns":3.0},{"damage":11.0,"enemies":"Blue Slaver","floor":5.0,"turns":3.0},{"damage":33.0,"enemies":"3 Sentries","floor":6.0,"turns":7.0},{"damage":13.0,"enemies":"3 Louse","floor":7.0,"turns":5.0},{"damage":6.0,"enemies":"2 Fungi Beasts","floor":13.0,"turns":4.0},{"damage":1.0,"enemies":"Blue Slaver","floor":14.0,"turns":4.0},{"damage":23.0,"enemies":"The Guardian","floor":16.0,"turns":17.0},{"damage":37.0,"enemies":"Spheric Guardian","floor":18.0,"turns":6.0},{"damage":9.0,"enemies":"3 Byrds","floor":19.0,"turns":7.0},{"damage":18.0,"enemies":"Snake Plant","floor":20.0,"turns":5.0},{"damage":27.0,"enemies":"Book of Stabbing","floor":24.0,"turns":10.0},{"damage":14.0,"enemies":"Snecko","floor":25.0,"turns":7.0},{"damage":0.0,"enemies":"Centurion and Healer","floor":27.0,"turns":7.0},{"damage":13.0,"enemies":"Cultist and Chosen","floor":28.0,"turns":10.0},{"damage":34.0,"enemies":"Slavers","floor":30.0,"turns":8.0},{"damage":0.0,"enemies":"Sentry and Sphere","floor":31.0,"turns":10.0},{"damage":5.0,"enemies":"Champ","floor":33.0,"turns":12.0},{"damage":12.0,"enemies":"3 Darklings","floor":35.0,"turns":7.0},{"damage":5.0,"enemies":"3 Shapes","floor":36.0,"turns":9.0},{"damage":4.0,"enemies":"Spire Growth","floor":38.0,"turns":8.0},{"damage":97,"enemies":"Transient","floor":39,"turns":4}],"seed_played":"-947483671123569482","potions_obtained":[{"floor":1.0,"key":"SkillPotion"},{"floor":4.0,"key":"LiquidBronze"},{"floor":5.0,"key":"LiquidBronze"}],"is_trial":false,"path_per_floor":["M","?","M","M","M","E","M","R","T","R","?","?","M","M","R","B",null,"M","M","M","$","?","R","E","M","T","M","M","?","E","M","R","B",null,"M","M","$","M","M"],"character_chosen":"IRONCLAD","items_purchased":["Lee\u0027s Waffle","Kunai","Bag of Preparation"],"campfire_rested":2,"item_purchase_floors":[21,21,37],"current_hp_per_floor":[80,69,75,69,64,37,30,30,30,30,30,30,30,35,59,42,80,49,46,34,87,87,87,66,58,58,64,57,57,29,35,61,62,87,81,82,82,84,0,0],"gold":44,"neow_bonus":"HUNDRED_GOLD","is_daily":false,"chose_seed":false,"campfire_upgraded":3,"win_rate":0.0,"timestamp":1610240256,"path_taken":["M","?","M","M","M","E","M","R","T","R","?","?","M","M","R","BOSS","M","M","M","$","?","R","E","M","T","M","M","?","E","M","R","BOSS","M","M","$","M","M"],"items_purchased_type":["Relic","Relic","Relic"],"build_version":"2020-12-22","purchased_purges":1,"victory":false,"max_hp_per_floor":[80,80,80,80,80,80,80,80,80,80,80,80,80,80,80,80,80,80,80,80,87,87,87,87,87,87,87,87,87,87,87,87,87,87,87,87,87,87,87,87],"card_choices":[{"not_picked":["Intimidate","Rupture","Warcry"],"picked":"SKIP","floor":1.0},{"not_picked":["Fire Breathing","Flex","Rupture"],"picked":"SKIP","floor":3.0},{"not_picked":["Rupture","Thunderclap"],"picked":"Sword Boomerang","floor":4.0},{"not_picked":["Reckless Charge","Thunderclap"],"picked":"Clothesline","floor":5.0},{"not_picked":["Clash","Warcry"],"picked":"True Grit","floor":6.0},{"not_picked":["Feel No Pain","Ghostly Armor"],"picked":"Barricade","floor":7.0},{"not_picked":["Iron Wave","Twin Strike"],"picked":"Shrug It Off","floor":13.0},{"not_picked":["Twin Strike","Pummel","Sword Boomerang"],"picked":"SKIP","floor":14.0},{"not_picked":["Barricade","Reaper"],"picked":"Demon Form","floor":16.0},{"not_picked":["Anger","Rage"],"picked":"Warcry+1","floor":18.0},{"not_picked":["Carnage+1","Twin Strike","Sword Boomerang"],"picked":"SKIP","floor":19.0},{"not_picked":["Shrug It Off+1","Sword Boomerang"],"picked":"Entrench","floor":20.0},{"not_picked":["Cleave+1","Thunderclap","Sword Boomerang+1"],"picked":"SKIP","floor":24.0},{"not_picked":["Armaments","Iron Wave"],"picked":"Headbutt+1","floor":25.0},{"not_picked":["True Grit+1","Warcry"],"picked":"Flame Barrier+1","floor":27.0},{"not_picked":["Evolve","Headbutt","Shockwave+1"],"picked":"SKIP","floor":28.0},{"not_picked":["Dark Embrace","Warcry","Feel No Pain"],"picked":"SKIP","floor":30.0},{"not_picked":["Twin Strike","Heavy Blade"],"picked":"Limit Break","floor":31.0},{"not_picked":["Twin Strike+1","Wild Strike","Headbutt"],"picked":"SKIP","floor":35.0},{"not_picked":["Havoc+1","Sever Soul+1"],"picked":"Entrench+1","floor":36.0},{"not_picked":["Ghostly Armor","Flex+1"],"picked":"Burning Pact","floor":38.0}],"player_experience":143985,"relics_obtained":[{"floor":6.0,"key":"Sundial"},{"floor":9.0,"key":"Boot"},{"floor":24.0,"key":"Bronze Scales"},{"floor":26.0,"key":"Bottled Tornado"},{"floor":30.0,"key":"Bottled Flame"}],"event_choices":[{"damage_healed":0.0,"max_hp_gain":0.0,"max_hp_loss":0.0,"gold_gain":75.0,"event_name":"World of Goop","player_choice":"Gather Gold","floor":2.0,"gold_loss":0.0,"damage_taken":11.0},{"cards_removed":["Strike_R"],"damage_healed":0.0,"max_hp_gain":0.0,"max_hp_loss":0.0,"gold_gain":0.0,"event_name":"Living Wall","player_choice":"Forget","floor":11.0,"gold_loss":0.0,"damage_taken":0.0},{"cards_removed":["Strike_R"],"damage_healed":0.0,"max_hp_gain":0.0,"max_hp_loss":0.0,"gold_gain":0.0,"event_name":"The Cleric","player_choice":"Card Removal","floor":12.0,"gold_loss":50.0,"damage_taken":0.0},{"damage_healed":0.0,"max_hp_gain":0.0,"max_hp_loss":0.0,"gold_gain":0.0,"event_name":"The Mausoleum","player_choice":"Ignored","floor":22.0,"gold_loss":0.0,"damage_taken":0.0},{"cards_removed":["Strike_R"],"damage_healed":0.0,"max_hp_gain":0.0,"max_hp_loss":0.0,"gold_gain":0.0,"event_name":"Beggar","player_choice":"Gave Gold","floor":29.0,"gold_loss":75.0,"damage_taken":0.0}],"is_beta":false,"boss_relics":[{"not_picked":["Coffee Dripper","Runic Dome"],"picked":"Sozu"},{"not_picked":["Astrolabe","Fusion Hammer"],"picked":"Cursed Key"}],"items_purged_floors":[37],"is_endless":false,"potions_floor_spawned":[1,4,5,20,27,28,30,31,33,35,36],"killed_by":"Transient","ascension_level":3}}