{"host":"684z1xpuwaoqmmh1","time":1610268421,"event":{"mods":["BaseMod","Downfall","Hermit","Jorbs\u0027s Wanderer Trilogy","Marisa????????","Minty Spire (QoL Compilation)","StSLib","The Hierophant","The Mystic"],"gold_per_floor":[112,187,199,210,226,254,254,254,254],"floor_reached":8,"playtime":324,"items_purged":[],"score":96,"play_id":"dd636417-eec3-4a9c-941e-cd7a8e32a896","local_time":"20210110104701","is_ascension_mode":true,"campfire_choices":[{"floor":7,"key":"REST"}],"circlet_count":0,"master_deck":["AscendersBane","hermit:Strike_Hermit","hermit:Strike_Hermit","hermit:Strike_Hermit","hermit:Strike_Hermit","hermit:Defend_Hermit","hermit:Defend_Hermit","hermit:Defend_Hermit","hermit:Defend_Hermit","hermit:Snapshot","hermit:Covet","hermit:FatalDesire","hermit:Headshot","hermit:TakeAim","hermit:Combo","hermit:ShadowCloak"],"relics":["hermit:Momento","Omamori"],"acts_visited":["Exordium"],"potions_floor_usage":[6,8],"damage_taken":[{"damage":8,"enemies":"2 Louse","floor":1,"turns":3},{"damage":6,"enemies":"Cultist","floor":3,"turns":3},{"damage":2,"enemies":"Jaw Worm","floor":4,"turns":3},{"damage":9,"enemies":"Red Slaver","floor":5,"turns":3},{"damage":32,"enemies":"Gremlin Nob","floor":6,"turns":4},{"damage":28,"enemies":"Lagavulin","floor":8,"turns":8}],"seed_played":"-1349625047520874127","potions_obtained":[{"floor":4,"key":"ColorlessPotion"},{"floor":6,"key":"hermit:BlackBile"}],"is_trial":false,"path_per_floor":["M","?","M","M","M","E","R","E"],"character_chosen":"HERMIT","items_purchased":[],"campfire_rested":1,"item_purchase_floors":[],"current_hp_per_floor":[60,54,48,46,37,5,25,0,0],"gold":254,"neow_bonus":"THREE_RARE_CARDS","is_daily":false,"chose_seed":false,"campfire_upgraded":0,"win_rate":0.0,"timestamp":1610268421,"path_taken":["M","?","M","M","?","E","R","E"],"items_purchased_type":[],"build_version":"2020-12-22","purchased_purges":0,"victory":false,"max_hp_per_floor":[68,68,68,68,68,68,68,68,68],"card_choices":[{"not_picked":["hermit:OverwhelmingPower","hermit:Roughhouse"],"picked":"hermit:FatalDesire","floor":0},{"not_picked":["hermit:HighCaliber","hermit:TrackingShot"],"picked":"hermit:Headshot","floor":1},{"not_picked":["hermit:HoleUp","hermit:FullyLoaded","hermit:Snipe"],"picked":"SKIP","floor":3},{"not_picked":["hermit:TrackingShot","hermit:Shortfuse"],"picked":"hermit:TakeAim","floor":4},{"not_picked":["hermit:WideOpen","hermit:EyeOfTheStorm"],"picked":"hermit:Combo","floor":5},{"not_picked":["hermit:Determination","hermit:ItchyTrigger"],"picked":"hermit:ShadowCloak","floor":6}],"player_experience":2441009,"relics_obtained":[{"floor":6,"key":"Omamori"}],"event_choices":[{"damage_healed":0,"gold_gain":75,"player_choice":"Touch","damage_taken":6,"max_hp_gain":0,"max_hp_loss":0,"event_name":"FaceTrader","floor":2,"gold_loss":0}],"is_beta":false,"boss_relics":[],"items_purged_floors":[],"is_endless":false,"potions_floor_spawned":[4,6],"killed_by":"Lagavulin","ascension_level":13}}