{"host":"puz2e4ezpetyjvto","time":1610271342,"event":{"mods":["2.2 Compatiblity","BaseMod","DeckTracker","Highlight Path","Minty Spire (QoL Compilation)","Permanent Neow","Quick Restart","StSLib","SuperFastMode","The Dragon Tamer","everything is the same but u backflip on backflip"],"gold_per_floor":[116,134,134,134,147,147,166,166,242,255,255,285,285,302,302,302,302],"floor_reached":16,"playtime":658,"items_purged":[],"score":172,"play_id":"a5f31281-515e-45b2-843d-3bb4814b624f","local_time":"20210110183542","is_ascension_mode":true,"campfire_choices":[{"data":"Warcry","floor":6,"key":"SMITH"},{"data":"Seeing Red","floor":13,"key":"SMITH"},{"floor":15,"key":"REST"}],"circlet_count":0,"master_deck":["AscendersBane","Strike_R","Strike_R","Strike_R","Strike_R","Defend_R","Defend_R","Defend_R+1","Defend_R","Bash","Seeing Red+1","Combust","Clothesline+1","Warcry+1","Heavy Blade","Second Wind+1","Whirlwind","Pummel"],"relics":["Burning Blood","Ancient Tea Set","Toxic Egg 2","Spirit Poop","White Beast Statue"],"acts_visited":["Exordium"],"potions_floor_usage":[2,12,16],"damage_taken":[{"damage":3,"enemies":"2 Louse","floor":1,"turns":3},{"damage":2,"enemies":"Jaw Worm","floor":2,"turns":3},{"damage":9,"enemies":"Cultist","floor":5,"turns":4},{"damage":6,"enemies":"Looter","floor":7,"turns":3},{"damage":32,"enemies":"3 Louse","floor":10,"turns":5},{"damage":19,"enemies":"Gremlin Nob","floor":12,"turns":5},{"damage":1,"enemies":"Large Slime","floor":14,"turns":4},{"damage":62,"enemies":"Slime Boss","floor":16,"turns":5}],"seed_played":"197111201122613097","potions_obtained":[{"floor":1,"key":"Block Potion"},{"floor":7,"key":"Block Potion"},{"floor":14,"key":"SteroidPotion"}],"is_trial":false,"path_per_floor":["M","M","?","?","M","R","M","?","T","M","?","E","R","M","R","B"],"character_chosen":"IRONCLAD","items_purchased":[],"campfire_rested":1,"item_purchase_floors":[],"current_hp_per_floor":[78,82,82,82,79,79,79,63,63,37,37,24,24,29,53,0,0],"gold":302,"neow_bonus":"TEN_PERCENT_HP_BONUS","is_daily":false,"chose_seed":false,"campfire_upgraded":2,"win_rate":0.0,"timestamp":1610271342,"path_taken":["M","M","?","?","M","R","M","?","T","M","?","E","R","M","R","BOSS"],"items_purchased_type":[],"build_version":"2020-12-22","purchased_purges":0,"victory":false,"max_hp_per_floor":[82,82,82,82,82,82,82,82,82,82,82,82,82,82,82,82,82],"card_choices":[{"not_picked":["Twin Strike","Pommel Strike"],"picked":"Seeing Red","floor":1},{"not_picked":["Shrug It Off","Perfected Strike"],"picked":"Combust","floor":2},{"not_picked":["Anger","Twin Strike"],"picked":"Warcry","floor":5},{"not_picked":["Shockwave","Power Through"],"picked":"Heavy Blade","floor":7},{"not_picked":["Headbutt","Warcry+1"],"picked":"Second Wind+1","floor":10},{"not_picked":["Rage+1","Uppercut"],"picked":"Whirlwind","floor":12},{"not_picked":["True Grit+1","Warcry+1"],"picked":"Pummel","floor":14}],"player_experience":706963,"relics_obtained":[{"floor":9,"key":"Toxic Egg 2"},{"floor":12,"key":"White Beast Statue"}],"event_choices":[{"damage_healed":0,"gold_gain":0,"cards_transformed":["Strike_R"],"player_choice":"Change","damage_taken":0,"max_hp_gain":0,"max_hp_loss":0,"event_name":"Living Wall","floor":3,"gold_loss":0,"cards_obtained":["Clothesline"]},{"damage_healed":0,"gold_gain":0,"player_choice":"Box","damage_taken":0,"relics_obtained":["Ancient Tea Set"],"max_hp_gain":0,"max_hp_loss":0,"event_name":"Big Fish","floor":4,"gold_loss":0,"cards_obtained":["Regret"]},{"damage_healed":0,"gold_gain":0,"player_choice":"Entered Light","damage_taken":16,"max_hp_gain":0,"max_hp_loss":0,"event_name":"Shining Light","floor":8,"gold_loss":0,"cards_upgraded":["Clothesline","Defend_R"]},{"cards_removed":["Regret"],"damage_healed":0,"gold_gain":0,"player_choice":"Offered Curse","damage_taken":0,"relics_obtained":["Spirit Poop"],"max_hp_gain":0,"max_hp_loss":0,"event_name":"Bonfire Elementals","floor":11,"gold_loss":0}],"is_beta":false,"boss_relics":[],"items_purged_floors":[],"is_endless":false,"potions_floor_spawned":[1,7,14],"killed_by":"Slime Boss","ascension_level":14}}