{"host":"ifrtxrfi0kt9ye6r","time":1610288764,"event":{"mods":["100% Spire Juice","Act Like it!","BaseMod","BetterRewards","Downfall","Gensokyo","Hubris","Infinite Spire","Koishi","Marisa£¨Ùöéë¡¡Øª×âÞÞ£©","Minty Spire (QoL Compilation)","Replay The Spire","StSLib","The Animator"],"gold_per_floor":[111,111,111,11,25,25,56,56,56,76,17,43,66,66,66,167,167,181,281,500,516,516,516,516,545,569,569,569,569,286,301,301,401,451,468,478,66,66,66,66,95,107,133,133,144,178,178,208,208,305,305,298,298,298,45,41,57,6,0,0],"floor_reached":59,"playtime":5656,"items_purged":["animator:Strike","animator:Strike","animator:Strike","animator:Defend","animator:Defend","animator:Defend_NoGameNoLife+1"],"score":1131,"play_id":"f1c13041-bf24-4170-959a-19da274410f2","local_time":"20210110232604","is_ascension_mode":true,"campfire_choices":[{"floor":6,"key":"REST"},{"data":"hubris:DuctTapeCard","floor":8,"key":"SMITH"},{"floor":15,"key":"REST"},{"floor":23,"key":"REST"},{"data":"animator:Tatsumaki","floor":27,"key":"SMITH"},{"data":"animator:Tet","floor":29,"key":"SMITH"},{"data":"infinitespire:Execution","floor":32,"key":"SMITH"},{"data":"animator:Zero","floor":40,"key":"SMITH"},{"data":"hubris:Fate","floor":44,"key":"SMITH"},{"data":"animator:Strike_NoGameNoLife","floor":49,"key":"PURGE"}],"circlet_count":0,"master_deck":["animator:DolaCouronne","animator:Tatsumaki+1","animator:Patchouli","hubris:DuctTapeCard+2","animator:Megumin+13","animator:MarisaKirisame","animator:Tet+1","animator:Kanaria+1","animator:Caster+1","animator:Jibril","hubris:Fate+1","infinitespire:Execution+1","animator:Rimuru","animator:Midou+1","animator:YuukaKazami+1","animator:Envy","animator:Zero+1","Gensokyo:PrivateSquare","Pride","animator:Fredrika","animator:Millim+5","animator:SanaeKochiya","animator:Rimuru","animator:Evileye","Gensokyo:TarnishedGold","Gensokyo:RustyChest"],"relics":["animator:LivingPicture","animator:TheMissingPiece","animator:PurgingStone","Membership Card","Bag of Preparation","animator:SoulGem","infinitespire:PuzzleCube","hubris:TenFootPole","hubris:FruitBowl","hubris:DuctTape","FossilizedHelix","infinitespire:Satchel","WingedGreaves","Philosopher\u0027s Stone","infinitespire:Eraser","Lantern","Molten Egg 2","hubris:TerracottaHorce","War Paint","Frozen Eye","ReplayFunnel","Tiny House","Thread and Needle","hubris:MedicalManual","Potion Belt","Peace Pipe","Gensokyo:EmptyGrave","infinitespire:FocusingShard","Coffee Dripper","hubris:Icosahedron","ReplayTheSpireMod:Ninjato","Pet Ghost"],"acts_visited":["Gensokyo:Gensokyo","TheCity","Gensokyo:Gensokyoest","Gensokyo:Gensokyo"],"potions_floor_usage":[5,12,16,25,25,59],"damage_taken":[{"damage":1,"enemies":"Gensokyo:Gryphon","floor":1,"turns":3},{"damage":0,"enemies":"Gensokyo:Python","floor":5,"turns":3},{"damage":17,"enemies":"Gensokyo:Cirno","floor":7,"turns":6},{"damage":0,"enemies":"Gensokyo:2_Kodama","floor":10,"turns":2},{"damage":0,"enemies":"Gensokyo:Aya","floor":12,"turns":3},{"damage":0,"enemies":"Gensokyo:Kitsune","floor":13,"turns":3},{"damage":0,"enemies":"Gensokyo:Yukari","floor":16,"turns":5},{"damage":8,"enemies":"Shell Parasite","floor":18,"turns":4},{"damage":6,"enemies":"Chosen","floor":20,"turns":3},{"damage":32,"enemies":"Shelled Parasite and Fungi","floor":21,"turns":5},{"damage":0,"enemies":"Gremlin Leader","floor":25,"turns":4},{"damage":0,"enemies":"Snake Plant","floor":31,"turns":3},{"damage":11,"enemies":"Automaton","floor":33,"turns":5},{"damage":0,"enemies":"Gensokyo:3_Boulders","floor":35,"turns":2},{"damage":9,"enemies":"Gensokyo:3_Bats","floor":36,"turns":2},{"damage":0,"enemies":"Gensokyo:Doremy","floor":41,"turns":1},{"damage":0,"enemies":"Gensokyo:3_Boulders","floor":42,"turns":2},{"damage":0,"enemies":"Gensokyo:Dusk_and_Dawn","floor":45,"turns":4},{"damage":0,"enemies":"Nightmare","floor":46,"turns":3},{"damage":0,"enemies":"Gensokyo:Doremy","floor":48,"turns":2},{"damage":11,"enemies":"Gensokyo:Shinki","floor":50,"turns":8},{"damage":0,"enemies":"Gensokyo:3_Fairies","floor":52,"turns":4},{"damage":0,"enemies":"Gensokyo:Gryphon","floor":56,"turns":2},{"damage":0,"enemies":"Gensokyo:Mamizou","floor":57,"turns":3},{"damage":80,"enemies":"Nightmare","floor":59,"turns":4}],"seed_played":"6439626148447626914","potions_obtained":[{"floor":10,"key":"Death Potion"},{"floor":13,"key":"Strength Potion"},{"floor":16,"key":"Fire Potion"},{"floor":20,"key":"Elixir"},{"floor":21,"key":"Block Potion"},{"floor":25,"key":"Elixir"},{"floor":33,"key":"ColorlessPotion"},{"floor":34,"key":"Block Potion"},{"floor":35,"key":"PowerPotion"},{"floor":45,"key":"BlessingOfTheForge"},{"floor":50,"key":"Death Potion"},{"floor":52,"key":"PowerPotion"}],"is_trial":false,"path_per_floor":["M","$","?","?","M","R","E","R","T","M","COS","E","M","?","R","B",null,"M","?","M","M","?","R","?","E","T","R","AVR","R","$","M","R","B",null,"M","M","$","?","?","R","E","M","T","R","M","NM","?","E","R","B",null,"M","?","?","$","M","E","COS","NM"],"character_chosen":"THE_ANIMATOR","items_purchased":["animator:Tatsumaki","animator:Patchouli","Membership Card","Bag of Preparation","infinitespire:PuzzleCube","hubris:TenFootPole","hubris:FruitBowl","LifebloodPotion","War Paint","Frozen Eye","ReplayFunnel","animator:Zero","Thread and Needle","hubris:MedicalManual","animator:Evileye","ReplayTheSpireMod:Ninjato"],"campfire_rested":3,"item_purchase_floors":[0,0,0,0,0,2,2,2,30,30,30,37,37,37,55,55],"current_hp_per_floor":[44,10,10,10,10,29,12,12,12,12,12,12,12,12,31,31,66,58,58,53,21,21,41,41,41,41,41,41,41,41,41,41,30,65,65,56,56,56,56,56,56,56,56,56,56,56,56,56,56,56,64,64,64,64,64,64,64,64,0,0],"gold":0,"neow_bonus":"","is_daily":false,"chose_seed":true,"campfire_upgraded":6,"win_rate":0.0,"timestamp":1610288764,"path_taken":["M","?","?","?","M","R","E","R","T","M","COS","E","?","?","R","BOSS","M","?","M","?","?","R","?","E","T","R","AVR","R","?","M","R","BOSS","M","M","$","?","?","R","E","M","T","R","?","NM","?","E","R","BOSS","M","?","?","$","?","E","COS","NM"],"items_purchased_type":["Card","Card","Relic","Relic","Relic","Relic","Relic","Potion","Relic","Relic","Relic","Card","Relic","Relic","Card","Relic"],"build_version":"2020-12-22","purchased_purges":6,"victory":false,"max_hp_per_floor":[66,66,66,66,66,66,66,66,66,66,66,66,66,66,66,66,66,66,66,67,67,67,67,67,67,67,67,67,67,67,67,67,67,74,74,74,74,74,74,74,74,74,74,74,74,74,67,67,67,67,67,67,67,67,67,67,67,67,67,67],"card_choices":[{"not_picked":["animator:LizardPriest","animator:EmiyaShirou","animator:ToukaNishikujou"],"picked":"SKIP","floor":1},{"not_picked":["animator:Elsword","animator:Layla","animator:Witch"],"picked":"SKIP","floor":5},{"not_picked":["animator:Suiseiseki","animator:YuukaKazami"],"picked":"animator:Megumin","floor":7},{"not_picked":["animator:Chibimoth","animator:Shirosaki"],"picked":"animator:MarisaKirisame","floor":12},{"not_picked":["animator:Mitsurugi","animator:Millim"],"picked":"animator:Tet","floor":13},{"not_picked":["animator:Biyorigo","animator:HomuraAkemi"],"picked":"animator:Kanaria","floor":16},{"not_picked":["animator:DolaSchwi","animator:LizardPriest"],"picked":"animator:Caster","floor":18},{"not_picked":["animator:DolaStephanie","animator:DolaCouronne"],"picked":"animator:Jibril","floor":20},{"not_picked":["animator:DolaSchwi","animator:Kanaria","animator:ShizuruNakatsu"],"picked":"SKIP","floor":21},{"not_picked":["animator:Jibril","animator:Chaa","animator:NagisaMomoe+1"],"picked":"SKIP","floor":25},{"not_picked":["animator:MikuIzayoi","animator:ElricEdward+1"],"picked":"animator:Vanir+1","floor":31},{"not_picked":["animator:AyatoNaoi","animator:Eve"],"picked":"animator:Rimuru","floor":33},{"not_picked":["animator:Verdia","animator:SakuraMatou"],"picked":"animator:Midou+1","floor":34},{"not_picked":["animator:SanaeKochiya","animator:ReimuHakurei+1"],"picked":"animator:YuukaKazami+1","floor":35},{"not_picked":["animator:Chris+1","animator:Millim+1"],"picked":"animator:Envy","floor":36},{"not_picked":["animator:MeguKakizaki","animator:TukaLunaMarceau+1"],"picked":"animator:Fredrika","floor":41},{"not_picked":["animator:Demiurge","animator:Jibril+1","animator:JunSakurada+1"],"picked":"SKIP","floor":42},{"not_picked":["animator:DolaSchwi+1","animator:IrohaTamaki+1"],"picked":"animator:Millim+1","floor":46},{"not_picked":["animator:Witch","animator:Raven+1"],"picked":"animator:SanaeKochiya","floor":48},{"not_picked":["animator:Saber+1","animator:MukuroHoshimiya+1"],"picked":"animator:Rimuru","floor":50},{"not_picked":["animator:YuiTsuruno+1","animator:OrikoMikuni","animator:MetalKnight+1"],"picked":"SKIP","floor":52},{"not_picked":["animator:Rimuru","animator:Shuna"],"picked":"animator:Millim+1","floor":56},{"not_picked":["animator:Vesta","animator:Geryuganshoop"],"picked":"animator:Millim+1","floor":57}],"player_experience":298156,"relics_obtained":[{"floor":7,"key":"FossilizedHelix"},{"floor":9,"key":"infinitespire:Satchel"},{"floor":12,"key":"WingedGreaves"},{"floor":25,"key":"infinitespire:Eraser"},{"floor":26,"key":"Lantern"},{"floor":41,"key":"Potion Belt"},{"floor":46,"key":"Peace Pipe"},{"floor":48,"key":"infinitespire:FocusingShard"},{"floor":57,"key":"Pet Ghost"}],"event_choices":[{"damage_healed":0,"gold_gain":100,"player_choice":"Pray","damage_taken":0,"max_hp_gain":0,"max_hp_loss":0,"event_name":"Golden Shrine","floor":19,"gold_loss":0}],"is_beta":false,"boss_relics":[{"not_picked":["SacredBark","Empty Cage"],"picked":"Philosopher\u0027s Stone"},{"not_picked":["hubris:GrandSneckoEye","hubris:ScarierMask"],"picked":"Tiny House"},{"not_picked":["animator:CursedBlade","Mark of Pain"],"picked":"Coffee Dripper"}],"items_purged_floors":[0,0,28,30,37,55],"is_endless":true,"potions_floor_spawned":[10,13,16,20,21,25,33,35,45,50,52],"killed_by":"Nightmare","ascension_level":1}}