{"host":"q0qnzbgdx8oqogg9","time":1610313086,"event":{"mods":["BaseMod","Minty Spire (QoL Compilation)","Slay-I","StSLib"],"gold_per_floor":[117,131,131,146,146,146,174,174,197,224,236,236,7,27,27,128,128,139,158,158,83,83,109,125,125,125,125,143,153,153,153],"floor_reached":30,"playtime":1046,"items_purged":["Strike_R"],"score":356,"play_id":"f7483567-117c-4a3d-9d9c-cc42dce45140","local_time":"20210110161126","is_ascension_mode":true,"campfire_choices":[{"data":"Whirlwind","floor":6,"key":"SMITH"},{"data":"Bash","floor":8,"key":"SMITH"},{"floor":12,"key":"REST"},{"data":"Wild Strike","floor":15,"key":"SMITH"},{"data":"Reaper","floor":25,"key":"SMITH"}],"circlet_count":0,"master_deck":["Strike_R+1","Strike_R+1","Defend_R","Defend_R+1","Defend_R","Defend_R","Bash+1","Finesse+1","Wild Strike+1","Whirlwind+1","Cleave","Metallicize+1","Clash","Impervious","Anger","Spot Weakness+1","RitualDagger","Reaper+1","Fire Breathing+1","Disarm+1","Impervious"],"relics":["Burning Blood","Boot","War Paint","Whetstone","Anchor","Philosopher\u0027s Stone","Bottled Flame","Blue Candle"],"acts_visited":["Exordium","TheCity"],"potions_floor_usage":[19,23,30],"damage_taken":[{"damage":4,"enemies":"Jaw Worm","floor":1,"turns":5},{"damage":0,"enemies":"Small Slimes","floor":2,"turns":4},{"damage":7,"enemies":"2 Louse","floor":4,"turns":3},{"damage":33,"enemies":"Lagavulin","floor":7,"turns":5},{"damage":32,"enemies":"Gremlin Nob","floor":10,"turns":4},{"damage":10,"enemies":"Blue Slaver","floor":11,"turns":4},{"damage":0,"enemies":"2 Fungi Beasts","floor":14,"turns":2},{"damage":29,"enemies":"The Guardian","floor":16,"turns":14},{"damage":0,"enemies":"Chosen","floor":18,"turns":5},{"damage":16,"enemies":"Spheric Guardian","floor":19,"turns":4},{"damage":0,"enemies":"Gremlin Leader","floor":23,"turns":6},{"damage":30,"enemies":"Cultist and Chosen","floor":24,"turns":5},{"damage":0,"enemies":"3 Cultists","floor":28,"turns":3},{"damage":32,"enemies":"Centurion and Healer","floor":29,"turns":9},{"damage":25,"enemies":"Book of Stabbing","floor":30,"turns":6}],"seed_played":"3762712137037189321","potions_obtained":[{"floor":10,"key":"SkillPotion"},{"floor":11,"key":"AttackPotion"},{"floor":14,"key":"Ancient Potion"},{"floor":28,"key":"ColorlessPotion"},{"floor":29,"key":"SteroidPotion"}],"is_trial":false,"path_per_floor":["M","M","?","M","?","R","E","R","T","E","M","R","$","M","R","B",null,"M","M","?","?","?","E","M","R","T","?","M","M","E"],"character_chosen":"IRONCLAD","items_purchased":["Anchor"],"campfire_rested":1,"item_purchase_floors":[13],"current_hp_per_floor":[80,80,80,79,72,72,45,45,45,19,15,39,39,45,45,22,66,72,62,56,56,56,62,38,38,38,38,44,18,0,0],"gold":153,"neow_bonus":"RANDOM_COLORLESS","is_daily":false,"chose_seed":false,"campfire_upgraded":4,"win_rate":0.0,"timestamp":1610313086,"path_taken":["M","M","?","M","?","R","E","R","T","E","M","R","$","M","R","BOSS","M","M","?","?","?","E","M","R","T","?","M","M","E"],"items_purchased_type":["Relic"],"build_version":"2020-12-22","purchased_purges":1,"victory":false,"max_hp_per_floor":[80,80,80,80,80,80,80,80,80,80,80,80,80,80,80,80,80,80,80,80,80,80,80,80,80,80,80,80,80,80,80],"card_choices":[{"not_picked":["Deep Breath","Good Instincts"],"picked":"Finesse","floor":0},{"not_picked":["Shrug It Off","Clash"],"picked":"Wild Strike","floor":1},{"not_picked":["Headbutt","Evolve"],"picked":"Whirlwind","floor":2},{"not_picked":["Havoc","Pummel"],"picked":"Cleave","floor":4},{"not_picked":["Rupture","Wild Strike","Heavy Blade"],"picked":"SKIP","floor":7},{"not_picked":["Dual Wield","Armaments"],"picked":"Metallicize","floor":10},{"not_picked":["Searing Blow","Blood for Blood"],"picked":"Clash","floor":11},{"not_picked":["Wild Strike","Seeing Red","Sword Boomerang"],"picked":"SKIP","floor":14},{"not_picked":["Limit Break","Berserk"],"picked":"Impervious","floor":16},{"not_picked":["Havoc+1","Heavy Blade"],"picked":"Anger","floor":18},{"not_picked":["Thunderclap+1","Rage"],"picked":"Spot Weakness+1","floor":19},{"not_picked":["True Grit","Thunderclap"],"picked":"Fire Breathing+1","floor":23},{"not_picked":["Headbutt","Entrench"],"picked":"Disarm+1","floor":24},{"not_picked":["Twin Strike","Thunderclap"],"picked":"Impervious","floor":28},{"not_picked":["Feel No Pain+1","Thunderclap","True Grit"],"picked":"SKIP","floor":29}],"player_experience":201611,"relics_obtained":[{"floor":7,"key":"Boot"},{"floor":9,"key":"War Paint"},{"floor":10,"key":"Whetstone"},{"floor":23,"key":"Bottled Flame"},{"floor":26,"key":"Blue Candle"}],"event_choices":[{"damage_healed":0,"gold_gain":0,"player_choice":"Ignored","damage_taken":0,"max_hp_gain":0,"max_hp_loss":0,"event_name":"Liars Game","floor":3,"gold_loss":0},{"cards_removed":["Strike_R"],"damage_healed":0,"gold_gain":0,"player_choice":"Card Removal","damage_taken":7,"max_hp_gain":0,"max_hp_loss":0,"event_name":"Golden Wing","floor":5,"gold_loss":0},{"damage_healed":0,"gold_gain":0,"player_choice":"Joined the Cult","damage_taken":6,"max_hp_gain":0,"max_hp_loss":0,"event_name":"Nest","floor":20,"gold_loss":0,"cards_obtained":["RitualDagger"]},{"cards_removed":["Strike_R"],"damage_healed":0,"gold_gain":0,"player_choice":"Gave Gold","damage_taken":0,"max_hp_gain":0,"max_hp_loss":0,"event_name":"Beggar","floor":21,"gold_loss":75},{"damage_healed":0,"gold_gain":0,"player_choice":"Read","damage_taken":0,"max_hp_gain":0,"max_hp_loss":0,"event_name":"The Library","floor":22,"gold_loss":0,"cards_obtained":["Reaper"]},{"damage_healed":0,"gold_gain":0,"player_choice":"Upgraded","damage_taken":0,"max_hp_gain":0,"max_hp_loss":0,"event_name":"Upgrade Shrine","floor":27,"gold_loss":0,"cards_upgraded":["Metallicize"]}],"is_beta":false,"boss_relics":[{"not_picked":["Busted Crown","Runic Pyramid"],"picked":"Philosopher\u0027s Stone"}],"items_purged_floors":[13],"is_endless":false,"potions_floor_spawned":[10,11,14,16,28,29],"killed_by":"Book of Stabbing","ascension_level":5}}