{"host":"ul7yvwhigba0nw36","time":1610296642,"event":{"mods":["AchievementEnabler","Act Like it!","Aspiration","BaseMod","Colored Map","Colored Powertips","Downfall","Gensokyo","Hermit","Highlight Path","Hubris","Infinite Spire","Minty Spire (QoL Compilation)","Random Character Button","Replay The Spire","StSLib","The Construct","The Cursed","The Disciple","The Necromancer"],"gold_per_floor":[117,130,130,130,23,23,51,62,62,281,281,299,326,341,341,438,438,449,460,93,53,66,100,100,111,137,137,151,162,173,203,203,302,302,322,322,333,159,159,159,159,159,159,159],"floor_reached":44,"playtime":3135,"items_purged":["SwitchThreat","Pride","CommonCold"],"score":560,"play_id":"d81c1d8d-23d5-4363-9494-1bd4c9e2cba8","local_time":"20210110163722","is_ascension_mode":false,"campfire_choices":[{"data":"hermit:Determination","floor":6,"key":"SMITH"},{"data":"hermit:Virtue","floor":15,"key":"SMITH"},{"floor":24,"key":"REST"},{"data":"hermit:Virtue","floor":32,"key":"SMITH"},{"floor":40,"key":"RECALL"}],"circlet_count":0,"master_deck":["hermit:Strike_Hermit","hermit:Strike_Hermit","hermit:Strike_Hermit+1","hermit:Strike_Hermit","hermit:Defend_Hermit","hermit:Defend_Hermit","hermit:Defend_Hermit","hermit:Defend_Hermit","hermit:Snapshot","hermit:Covet","hermit:Determination+1","hermit:Virtue+1","hermit:Desperado","hermit:Gambit","hermit:WideOpen","hermit:Desperado","hermit:LowProfile","hermit:Coalescence","hermit:HoleUp","hermit:FatalDesire+1","hermit:Desperado+1","hermit:Cheat","hermit:Feint","hermit:Spite","hermit:Feint","hermit:Virtue+1","hermit:Grudge+1","hermit:HoleUp+1","hermit:ShadowCloak+1","hermit:HeroicBravado","Gensokyo:PrivateSquare","hermit:EyeOfTheStorm","hermit:Grudge"],"relics":["hermit:Momento","NeowsBlessing","Gensokyo:Mercy","Peace Pipe","Replay:Wax Seal","HornCleat","Mango","Replay:Rubber Ducky","Replay:Ancient Bell","infinitespire:Satchel","Darkstone Periapt","hermit:RedScarf","Prayer Wheel","Strawberry","Whetstone","aspiration:HatOfInfinitePower","Empty Cage","hubris:Teleporter"],"acts_visited":["Exordium","Gensokyo:Gensokyo","Gensokyo:Gensokyoer"],"potions_floor_usage":[16,23,33,44,44,44,44,44],"damage_taken":[{"damage":0,"enemies":"Gensokyo:3_Fairies","floor":1,"turns":2},{"damage":0,"enemies":"Gensokyo:Gryphon","floor":2,"turns":1},{"damage":1,"enemies":"Gensokyo:Mamizou","floor":7,"turns":3},{"damage":8,"enemies":"Gensokyo:Python","floor":8,"turns":4},{"damage":0,"enemies":"Gensokyo:VengefulSpirit","floor":10,"turns":4},{"damage":10,"enemies":"Gensokyo:3_Kodama","floor":12,"turns":4},{"damage":28,"enemies":"Gensokyo:Aya","floor":13,"turns":6},{"damage":0,"enemies":"Gensokyo:Kitsune","floor":14,"turns":3},{"damage":0,"enemies":"Gensokyo:Reimu","floor":16,"turns":7},{"damage":8,"enemies":"Gensokyo:CosmicMonolith","floor":18,"turns":4},{"damage":19,"enemies":"Gensokyo:AngelMirror","floor":19,"turns":4},{"damage":22,"enemies":"Gensokyo:Monolith_and_Dog","floor":22,"turns":5},{"damage":8,"enemies":"Gensokyo:Koishi","floor":23,"turns":6},{"damage":15,"enemies":"Gensokyo:Slime_Group","floor":25,"turns":4},{"damage":2,"enemies":"Gensokyo:Wraith","floor":28,"turns":5},{"damage":0,"enemies":"Gensokyo:3_Gloops","floor":29,"turns":3},{"damage":5,"enemies":"Gensokyo:Slime_Group","floor":30,"turns":5},{"damage":4,"enemies":"Gensokyo:Reisen","floor":31,"turns":7},{"damage":59,"enemies":"Gensokyo:Eternal_Rivals","floor":33,"turns":12},{"damage":12,"enemies":"Gensokyo:3_Bats","floor":35,"turns":4},{"damage":17,"enemies":"Gensokyo:3_Boulders","floor":37,"turns":6},{"damage":95,"enemies":"Nightmare","floor":44,"turns":10}],"seed_played":"6141378822863667124","potions_obtained":[{"floor":2,"key":"Explosive Potion"},{"floor":8,"key":"EntropicBrew"},{"floor":13,"key":"FearPotion"},{"floor":16,"key":"Milkshake"},{"floor":18,"key":"Death Potion"},{"floor":25,"key":"SkillPotion"},{"floor":33,"key":"FearPotion"}],"is_trial":false,"path_per_floor":["M","M","?","?","COS","R","E","M","T","M","?","M","E","M","R","B",null,"M","M","$","?","M","E","R","M","T","?","M","M","M","E","R","B",null,"M","?","M","$","?","R","AVR","T","NM"],"character_chosen":"HERMIT","items_purchased":["Prayer Wheel","hermit:Grudge"],"campfire_rested":1,"item_purchase_floors":[20,38],"current_hp_per_floor":[75,75,75,75,75,75,74,66,66,66,66,70,42,42,42,42,107,99,80,80,80,58,57,91,76,76,76,74,74,69,65,65,6,114,102,108,91,91,91,91,91,91,0,0],"gold":159,"neow_bonus":"THREE_ENEMY_KILL","is_daily":false,"chose_seed":false,"campfire_upgraded":3,"win_rate":0.0,"timestamp":1610296642,"path_taken":["M","M","?","?","COS","R","E","M","T","M","?","?","E","M","R","BOSS","M","M","$","?","M","E","R","M","T","?","M","M","M","E","R","BOSS","M","?","M","$","?","R","AVR","T","NM"],"items_purchased_type":["Relic","Card"],"build_version":"2020-12-22","purchased_purges":3,"victory":false,"max_hp_per_floor":[75,75,75,75,75,75,75,75,75,75,75,89,89,89,89,89,107,107,107,107,107,107,114,114,114,114,114,114,114,114,114,114,114,114,114,120,120,120,120,120,120,120,120,120],"card_choices":[{"not_picked":["hermit:Vantage","hermit:GhostlyPresence"],"picked":"hermit:Determination","floor":1},{"not_picked":["hermit:Coalescence","hermit:Showdown"],"picked":"hermit:TrackingShot","floor":2},{"not_picked":["hermit:DeadMansHand","hermit:Enervate"],"picked":"hermit:Virtue","floor":7},{"not_picked":["hermit:TakeAim","hermit:SprayPray"],"picked":"hermit:Desperado","floor":8},{"not_picked":["hermit:Malice","hermit:Spite"],"picked":"hermit:Gambit","floor":10},{"not_picked":["hermit:FullyLoaded","hermit:Scavenge"],"picked":"hermit:WideOpen","floor":11},{"not_picked":["hermit:Misfire","hermit:CalledShot"],"picked":"hermit:Desperado","floor":11},{"not_picked":["hermit:EyeOfTheStorm","hermit:Manifest"],"picked":"hermit:LowProfile","floor":12},{"not_picked":["hermit:Headshot","hermit:TakeCover"],"picked":"hermit:Coalescence","floor":13},{"not_picked":["hermit:Grudge","hermit:Vantage"],"picked":"hermit:HoleUp","floor":14},{"not_picked":["hermit:FromBeyond","hermit:DeadOrAlive"],"picked":"hermit:FatalDesire","floor":16},{"not_picked":["Hallucinations","hubris:Lust"],"picked":"SwitchThreat","floor":17},{"not_picked":["ReplayTheSpireMod:IOU","Voices"],"picked":"CommonCold","floor":17},{"not_picked":["hubris:Despair","Pain"],"picked":"TheCursedMod:Dregs","floor":17},{"not_picked":["hermit:Glare","hermit:Magnum"],"picked":"hermit:Desperado","floor":18},{"not_picked":["hermit:Snipe","hermit:Quickdraw+1"],"picked":"hermit:Cheat","floor":19},{"not_picked":["hermit:GhostlyPresence","hermit:Roulette"],"picked":"hermit:Feint","floor":22},{"not_picked":["hermit:ItchyTrigger","hermit:CalledShot","hermit:Ricochet"],"picked":"SKIP","floor":22},{"not_picked":["hermit:TakeCover","hermit:TrackingShot","hermit:Glare+1"],"picked":"SKIP","floor":23},{"not_picked":["hermit:LoneWolf","hermit:Dive+1"],"picked":"hermit:Spite","floor":25},{"not_picked":["hermit:NoHoldsBarred","hermit:Glare"],"picked":"hermit:Feint","floor":25},{"not_picked":["hermit:Gestalt","hermit:Headshot"],"picked":"hermit:Virtue","floor":28},{"not_picked":["hermit:CalledShot","hermit:Maintenance"],"picked":"hermit:Grudge+1","floor":28},{"not_picked":["hermit:TakeAim+1","hermit:HighCaliber+1"],"picked":"hermit:HoleUp+1","floor":29},{"not_picked":["hermit:RoundhouseKick","hermit:Ricochet","hermit:Gestalt"],"picked":"SKIP","floor":29},{"not_picked":["hermit:GhostlyPresence","hermit:BigShot","hermit:Manifest"],"picked":"SKIP","floor":30},{"not_picked":["hermit:HoleUp+1","hermit:Vantage+1","hermit:Misfire"],"picked":"SKIP","floor":30},{"not_picked":["hermit:BigShot","hermit:WideOpen"],"picked":"hermit:ShadowCloak+1","floor":31},{"not_picked":["hermit:RoundhouseKick","hermit:FatalDesire"],"picked":"hermit:HeroicBravado","floor":33},{"not_picked":["hermit:CalledShot+1","hermit:FullyLoaded","hermit:Shortfuse"],"picked":"SKIP","floor":35},{"not_picked":["hermit:Desperado+1","hermit:Quickdraw+1","hermit:Ricochet"],"picked":"SKIP","floor":35},{"not_picked":["hermit:Ricochet+1","hermit:Dive"],"picked":"hermit:EyeOfTheStorm","floor":37},{"not_picked":["hermit:HoleUp","hermit:TrackingShot","hermit:HighCaliber"],"picked":"SKIP","floor":37},{"not_picked":["hermit:HoleUp","hermit:TrackingShot","hermit:HighCaliber"],"picked":"SKIP","floor":37},{"not_picked":["hermit:HoleUp","hermit:TrackingShot","hermit:HighCaliber"],"picked":"SKIP","floor":37}],"player_experience":439451,"relics_obtained":[{"floor":7,"key":"Replay:Wax Seal"},{"floor":9,"key":"HornCleat"},{"floor":13,"key":"Replay:Rubber Ducky"},{"floor":23,"key":"Strawberry"},{"floor":26,"key":"Whetstone"},{"floor":31,"key":"aspiration:HatOfInfinitePower"}],"event_choices":[],"is_beta":false,"boss_relics":[{"not_picked":["Replay:Bronze Core","hubris:HollowSoul"],"picked":"Replay:Ancient Bell"},{"not_picked":["Happy Flower","Anchor"],"picked":"infinitespire:Satchel"},{"not_picked":["StrikeDummy","Replay:Bottled Eggs"],"picked":"Darkstone Periapt"},{"not_picked":["hubris:Spice","Pocketwatch"],"picked":"hermit:RedScarf"},{"not_picked":["aspiration:SecretTechniqueScroll","hermit:ClaspedLocket"],"picked":"Empty Cage"}],"items_purged_floors":[20,38,41],"is_endless":false,"potions_floor_spawned":[2,8,13,16,18,19,25,28,33,35],"killed_by":"Nightmare","ascension_level":0}}