{"host":"2lo6hma6kymb0g9i","time":1610264506,"event":{"mods":["BaseMod","Colored Map","DeckTracker","Minty Spire (QoL Compilation)"],"gold_per_floor":[111,125,138,138,138,138,155,165,238,289,304,304,321,59,59,154,154,168,168,187,220,240,240,259,259,259],"floor_reached":25,"playtime":1609,"items_purged":[],"score":296,"play_id":"0f9a082b-6dd4-47c4-8340-7da1d80040c1","local_time":"20210110164146","is_ascension_mode":true,"campfire_choices":[{"data":"Streamline","floor":6,"key":"SMITH"},{"floor":12,"key":"REST"},{"data":"Hologram","floor":15,"key":"SMITH"},{"floor":23,"key":"REST"}],"circlet_count":0,"master_deck":["AscendersBane","Strike_B+1","Strike_B","Strike_B","Defend_B","Defend_B+1","Defend_B","Defend_B","Zap","Dualcast","Hologram+1","Streamline+1","Skim","Cold Snap","Capacitor","Cold Snap","Leap","Fission"],"relics":["Cracked Core","Frozen Egg 2","PreservedInsect","Sundial","Busted Crown","Red Mask"],"acts_visited":["Exordium","TheCity"],"potions_floor_usage":[11,16,16,21,25,25],"damage_taken":[{"damage":1,"enemies":"Cultist","floor":1,"turns":4},{"damage":2,"enemies":"Jaw Worm","floor":2,"turns":3},{"damage":3,"enemies":"2 Louse","floor":3,"turns":3},{"damage":8,"enemies":"Blue Slaver","floor":7,"turns":3},{"damage":38,"enemies":"Gremlin Gang","floor":8,"turns":4},{"damage":0,"enemies":"2 Fungi Beasts","floor":11,"turns":4},{"damage":9,"enemies":"Looter","floor":13,"turns":3},{"damage":9,"enemies":"The Guardian","floor":16,"turns":13},{"damage":16,"enemies":"Shell Parasite","floor":18,"turns":7},{"damage":14,"enemies":"Chosen","floor":20,"turns":5},{"damage":15,"enemies":"Masked Bandits","floor":21,"turns":5},{"damage":6,"enemies":"Centurion and Healer","floor":22,"turns":8},{"damage":16,"enemies":"Snecko","floor":24,"turns":6},{"damage":17,"enemies":"Book of Stabbing","floor":25,"turns":4}],"seed_played":"957204273885886839","potions_obtained":[{"floor":8,"key":"EssenceOfSteel"},{"floor":11,"key":"Weak Potion"},{"floor":13,"key":"Dexterity Potion"},{"floor":16,"key":"Weak Potion"},{"floor":20,"key":"Explosive Potion"},{"floor":21,"key":"Ancient Potion"},{"floor":24,"key":"SkillPotion"}],"is_trial":false,"path_per_floor":["M","M","M","?","?","R","M","M","T","T","M","R","M","$","R","B",null,"M","?","M","?","M","R","M","E"],"character_chosen":"DEFECT","items_purchased":["Sundial"],"campfire_rested":2,"item_purchase_floors":[14],"current_hp_per_floor":[67,65,62,47,47,47,39,1,1,1,1,23,14,14,14,5,58,42,42,28,13,7,29,13,0,0],"gold":259,"neow_bonus":"THREE_CARDS","is_daily":false,"chose_seed":false,"campfire_upgraded":2,"win_rate":0.0,"timestamp":1610264506,"path_taken":["M","M","?","?","?","R","M","M","T","?","?","R","M","$","R","BOSS","M","?","M","?","M","R","M","E"],"items_purchased_type":["Relic"],"build_version":"2020-12-22","purchased_purges":0,"victory":false,"max_hp_per_floor":[75,75,75,75,75,75,75,75,75,75,75,75,75,75,75,75,75,75,75,75,75,75,75,75,75,75],"card_choices":[{"not_picked":["Beam Cell","Stack"],"picked":"Hologram","floor":0},{"not_picked":["Steam","Storm"],"picked":"Streamline","floor":1},{"not_picked":["Loop","Streamline"],"picked":"Skim","floor":2},{"not_picked":["Rebound","Stack"],"picked":"Cold Snap","floor":3},{"not_picked":["Hologram","Redo"],"picked":"Capacitor","floor":7},{"not_picked":["Rebound","Hologram"],"picked":"Cold Snap","floor":8},{"not_picked":["Thunder Strike","Steam","Hologram"],"picked":"SKIP","floor":11},{"not_picked":["Compile Driver","Stack"],"picked":"Leap","floor":13},{"not_picked":["Rainbow","Seek"],"picked":"Fission","floor":16},{"not_picked":["Turbo"],"picked":"SKIP","floor":18},{"not_picked":["Gash"],"picked":"SKIP","floor":20},{"not_picked":["Steam+1"],"picked":"SKIP","floor":22},{"not_picked":["Undo+1"],"picked":"SKIP","floor":24}],"player_experience":1005017,"relics_obtained":[{"floor":9,"key":"Frozen Egg 2"},{"floor":10,"key":"PreservedInsect"},{"floor":21,"key":"Red Mask"}],"event_choices":[{"damage_healed":0,"gold_gain":0,"player_choice":"Entered Light","damage_taken":15,"max_hp_gain":0,"max_hp_loss":0,"event_name":"Shining Light","floor":4,"gold_loss":0,"cards_upgraded":["Defend_B","Strike_B"]},{"cards_removed":["Strike_B"],"damage_healed":0,"gold_gain":0,"player_choice":"Forget","damage_taken":0,"max_hp_gain":0,"max_hp_loss":0,"event_name":"Living Wall","floor":5,"gold_loss":0},{"damage_healed":0,"gold_gain":0,"player_choice":"Ignored","damage_taken":0,"max_hp_gain":0,"max_hp_loss":0,"event_name":"Ghosts","floor":19,"gold_loss":0},{"damage_healed":0,"gold_gain":0,"player_choice":"Fought Bandits","damage_taken":0,"max_hp_gain":0,"max_hp_loss":0,"event_name":"Masked Bandits","floor":21,"gold_loss":0}],"is_beta":false,"boss_relics":[{"not_picked":["Coffee Dripper","Ectoplasm"],"picked":"Busted Crown"}],"items_purged_floors":[],"is_endless":false,"potions_floor_spawned":[8,11,13,16,20,21,24],"killed_by":"Book of Stabbing","ascension_level":10}}