{"host":"cjhtzh7tp54jdfyv","time":1610239734,"event":{"mods":["AchievementEnabler","BaseMod","Colored Map","Colored Powertips","Curses Come First","DeckTracker","Filter the Spire","Minty Spire (QoL Compilation)","RNG Fix","Relic Sorter","Relic Stats","StSLib","UnlockEverythingMod","ojb\u0027s Better Paths Mod","ojb\u0027s Info Mod"],"gold_per_floor":[110,123,123,134,19,45,45,78,102,116,146,46,69,86,86,164,164,177,177,197,208,83,108,108,138,186,198,226,238,300,322,334,424,436,461,323,341,355,355,390,400,430,430,464,464,489,544,554,554,554,554,554,554,54,88,88],"floor_reached":57,"playtime":5337,"items_purged":["Defend_P","Defend_P","Strike_P","Strike_P","Strike_P+1"],"score":3510,"play_id":"b7a9f776-03b3-474d-8072-f6a2b303cfa1","local_time":"20210109194854","is_ascension_mode":true,"campfire_choices":[{"data":"BowlingBash","floor":7.0,"key":"SMITH"},{"floor":15.0,"key":"REST"},{"data":"Prostrate","floor":24.0,"key":"SMITH"},{"data":"TalkToTheHand","floor":27.0,"key":"SMITH"},{"data":"Omniscience","floor":29.0,"key":"SMITH"},{"data":"Adaptation","floor":32,"key":"SMITH"},{"floor":49,"key":"RECALL"},{"floor":53,"key":"REST"}],"circlet_count":0,"master_deck":["AscendersBane","Eruption+1","Vigilance+1","CutThroughFate+1","FollowUp+1","TalkToTheHand+1","Tantrum+1","WheelKick+1","FlurryOfBlows+1","Sanctity+1","Prostrate+1","Sanctity+1","Ghostly+1","Ghostly+1","Ghostly+1","TalkToTheHand+1","Omniscience+1","Adaptation+1","Omniscience+1","InnerPeace+1","EmptyMind+1"],"relics":["VioletLotus","Whetstone","Ice Cream","Lantern","Damaru","Odd Mushroom","Empty Cage","Oddly Smooth Stone","Juzu Bracelet","MawBank","Runic Pyramid","Bag of Marbles","Question Card","Dream Catcher","Mark of the Bloom","Calipers","TungstenRod","Vajra","Boot","Bag of Preparation"],"acts_visited":["Exordium","TheCity","TheBeyond","TheEnding"],"potions_floor_usage":[46,55],"damage_taken":[{"damage":2.0,"enemies":"Cultist","floor":1.0,"turns":3.0},{"damage":4.0,"enemies":"2 Louse","floor":2.0,"turns":3.0},{"damage":4.0,"enemies":"Small Slimes","floor":4.0,"turns":3.0},{"damage":14.0,"enemies":"Gremlin Nob","floor":6.0,"turns":3.0},{"damage":20.0,"enemies":"3 Sentries","floor":8.0,"turns":4.0},{"damage":0.0,"enemies":"Looter","floor":10.0,"turns":2.0},{"damage":0.0,"enemies":"Gremlin Nob","floor":11.0,"turns":2.0},{"damage":0.0,"enemies":"The Mushroom Lair","floor":13.0,"turns":2.0},{"damage":3.0,"enemies":"Blue Slaver","floor":14.0,"turns":2.0},{"damage":4.0,"enemies":"The Guardian","floor":16.0,"turns":6.0},{"damage":18.0,"enemies":"Shell Parasite","floor":18.0,"turns":3.0},{"damage":0.0,"enemies":"Chosen","floor":20.0,"turns":3.0},{"damage":0.0,"enemies":"Shelled Parasite and Fungi","floor":21.0,"turns":3.0},{"damage":6.0,"enemies":"Book of Stabbing","floor":23.0,"turns":5.0},{"damage":0.0,"enemies":"Slavers","floor":25.0,"turns":4.0},{"damage":0.0,"enemies":"Centurion and Healer","floor":28.0,"turns":4.0},{"damage":0,"enemies":"Sentry and Sphere","floor":31,"turns":4},{"damage":3,"enemies":"Automaton","floor":33,"turns":6},{"damage":0,"enemies":"3 Shapes","floor":35,"turns":3},{"damage":3,"enemies":"3 Darklings","floor":37,"turns":4},{"damage":0,"enemies":"Spire Growth","floor":38,"turns":4},{"damage":0,"enemies":"Nemesis","floor":40,"turns":5},{"damage":2,"enemies":"4 Shapes","floor":41,"turns":5},{"damage":0,"enemies":"Giant Head","floor":42,"turns":4},{"damage":0,"enemies":"Reptomancer","floor":44,"turns":5},{"damage":0,"enemies":"Giant Head","floor":46,"turns":4},{"damage":0,"enemies":"2 Orb Walkers","floor":47,"turns":4},{"damage":0,"enemies":"Writhing Mass","floor":48,"turns":4},{"damage":0,"enemies":"Awakened One","floor":50,"turns":5},{"damage":0,"enemies":"Time Eater","floor":51,"turns":8},{"damage":13,"enemies":"Shield and Spear","floor":55,"turns":5},{"damage":0,"enemies":"The Heart","floor":56,"turns":7}],"seed_played":"7398141469781638699","potions_obtained":[{"floor":6.0,"key":"Strength Potion"},{"floor":8.0,"key":"SneckoOil"},{"floor":10.0,"key":"SkillPotion"},{"floor":13.0,"key":"BlessingOfTheForge"},{"floor":16.0,"key":"Fire Potion"},{"floor":21.0,"key":"Ambrosia"},{"floor":23.0,"key":"Fruit Juice"},{"floor":46,"key":"Block Potion"},{"floor":55,"key":"Fruit Juice"}],"is_trial":false,"path_per_floor":["M","M","?","M","$","E","R","E","T","M","E","$","?","M","R","B",null,"M","?","M","M","$","E","R","E","T","R","M","R","?","M","R","B",null,"M","$","M","M","?","E","M","E","T","E","?","E","?","M","R","B","B",null,"R","$","E","B",null],"character_chosen":"WATCHER","items_purchased":["TalkToTheHand","Vajra","Boot"],"campfire_rested":2,"item_purchase_floors":[5,54,54],"current_hp_per_floor":[59,55,48,44,44,30,30,10,10,10,10,10,10,7,27,23,57,39,34,34,34,34,28,28,28,28,28,28,28,28,28,28,25,32,32,32,29,29,29,29,27,27,27,27,27,27,27,27,27,27,27,27,27,27,14,14],"gold":88,"neow_bonus":"BOSS_RELIC","is_daily":false,"chose_seed":false,"campfire_upgraded":5,"win_rate":0.0,"timestamp":1610239734,"path_taken":["M","M","?","M","$","E","R","E","T","?","E","$","?","M","R","BOSS","M","?","M","M","$","E","R","E","T","R","M","R","?","M","R","BOSS","M","$","M","M","?","E","M","E","T","E","?","E","?","M","R","BOSS","BOSS","R","$","E","BOSS"],"items_purchased_type":["Card","Relic","Relic"],"build_version":"2020-12-22","purchased_purges":5,"victory":true,"max_hp_per_floor":[68,68,68,68,68,68,68,68,68,68,68,68,68,68,68,68,68,68,34,34,34,34,34,34,34,34,34,34,34,34,34,34,34,34,34,34,34,34,34,34,34,34,34,34,34,39,39,39,39,39,39,39,39,39,39,39],"relic_stats":{"Dream Catcher":1,"Mark of the Bloom":25,"counters":[32,129],"VioletLotus":[89],"Juzu Bracelet":1,"Bag of Preparation":[2],"Whetstone":["Eruption","TalkToTheHand"],"MawBank":120,"Question Card":6,"Boot":[88],"obtain_stats":[{"Ice Cream":8,"Lantern":9,"Mark of the Bloom":45,"Calipers":46,"Damaru":11,"Oddly Smooth Stone":23,"Vajra":54,"Juzu Bracelet":25,"Bag of Preparation":55,"Whetstone":6,"Odd Mushroom":13,"Empty Cage":17,"MawBank":26,"Question Card":42,"Boot":54,"Dream Catcher":44,"VioletLotus":0,"Bag of Marbles":40,"PureWater":0,"TungstenRod":47,"Runic Pyramid":34},{"Ice Cream":5,"Lantern":5,"Mark of the Bloom":25,"Calipers":26,"Damaru":7,"Oddly Smooth Stone":14,"Vajra":30,"Juzu Bracelet":15,"Bag of Preparation":31,"Whetstone":4,"Odd Mushroom":8,"Empty Cage":10,"MawBank":15,"Question Card":24,"Boot":30,"Dream Catcher":25,"VioletLotus":0,"Bag of Marbles":22,"PureWater":0,"TungstenRod":27,"Runic Pyramid":18},{"Ice Cream":16,"Lantern":16,"Mark of the Bloom":92,"Calipers":96,"Damaru":20,"Oddly Smooth Stone":44,"Vajra":117,"Juzu Bracelet":48,"Bag of Preparation":122,"Whetstone":12,"Odd Mushroom":22,"Empty Cage":30,"MawBank":48,"Question Card":87,"Boot":117,"Dream Catcher":92,"VioletLotus":0,"Bag of Marbles":78,"PureWater":0,"TungstenRod":100,"Runic Pyramid":62}],"TungstenRod":20},"card_choices":[{"not_picked":["ForeignInfluence","Indignation"],"picked":"CutThroughFate","floor":1.0},{"not_picked":["WaveOfTheHand","SandsOfTime"],"picked":"FollowUp","floor":2.0},{"not_picked":["Halt","Consecrate"],"picked":"BowlingBash","floor":4.0},{"not_picked":["SpiritShield","InnerPeace"],"picked":"Tantrum","floor":6.0},{"not_picked":["Conclude","ThirdEye"],"picked":"WheelKick","floor":8.0},{"not_picked":["FollowUp","ThirdEye"],"picked":"FlurryOfBlows","floor":10.0},{"not_picked":["Crescendo","Tantrum"],"picked":"Sanctity","floor":11.0},{"not_picked":["SashWhip","ForeignInfluence"],"picked":"Prostrate","floor":13.0},{"not_picked":["Swivel","Evaluate"],"picked":"Sanctity","floor":14.0},{"not_picked":["PathToVictory","Consecrate","Swivel+1"],"picked":"SKIP","floor":18.0},{"not_picked":["EmptyBody","PathToVictory"],"picked":"TalkToTheHand","floor":20.0},{"not_picked":["EmptyBody+1","PathToVictory+1","SandsOfTime"],"picked":"SKIP","floor":21.0},{"not_picked":["ForeignInfluence","FollowUp","EmptyBody"],"picked":"SKIP","floor":23.0},{"not_picked":["Tantrum+1","Prostrate","Wallop"],"picked":"SKIP","floor":25.0},{"not_picked":["WaveOfTheHand+1","PathToVictory"],"picked":"Omniscience","floor":28.0},{"not_picked":["SashWhip","Meditate"],"picked":"Adaptation","floor":31},{"not_picked":["Judgement","Ragnarok"],"picked":"Omniscience","floor":33},{"not_picked":["FollowUp","Protect"],"picked":"InnerPeace+1","floor":35},{"not_picked":["WreathOfFlame","CrushJoints"],"picked":"EmptyMind","floor":37},{"not_picked":["Crescendo+1","Protect","SignatureMove"],"picked":"SKIP","floor":38},{"not_picked":["PathToVictory+1","CrushJoints","WreathOfFlame+1"],"picked":"SKIP","floor":40},{"not_picked":["JustLucky+1","CutThroughFate","Conclude"],"picked":"SKIP","floor":41},{"not_picked":["Establishment","Prostrate","Pray"],"picked":"SKIP","floor":42},{"not_picked":["ThirdEye+1","SashWhip","SignatureMove+1","PathToVictory"],"picked":"SKIP","floor":44},{"not_picked":["Sanctity","SpiritShield","Pray","EmptyMind"],"picked":"SKIP","floor":46},{"not_picked":["DeceiveReality+1","FlurryOfBlows+1","ThirdEye","Prostrate"],"picked":"SKIP","floor":48},{"not_picked":["FlurryOfBlows","Study+1","Halt","ThirdEye"],"picked":"SKIP","floor":55}],"player_experience":4401800,"relics_obtained":[{"floor":6.0,"key":"Whetstone"},{"floor":8.0,"key":"Ice Cream"},{"floor":9.0,"key":"Lantern"},{"floor":11.0,"key":"Damaru"},{"floor":13.0,"key":"Odd Mushroom"},{"floor":23.0,"key":"Oddly Smooth Stone"},{"floor":25.0,"key":"Juzu Bracelet"},{"floor":26.0,"key":"MawBank"},{"floor":40,"key":"Bag of Marbles"},{"floor":42,"key":"Question Card"},{"floor":44,"key":"Dream Catcher"},{"floor":46,"key":"Calipers"},{"floor":47,"key":"TungstenRod"},{"floor":55,"key":"Bag of Preparation"}],"event_choices":[{"cards_removed":["Defend_P"],"damage_healed":0.0,"max_hp_gain":0.0,"max_hp_loss":0.0,"gold_gain":0.0,"event_name":"Golden Wing","player_choice":"Card Removal","floor":3.0,"gold_loss":0.0,"damage_taken":7.0},{"damage_healed":0.0,"max_hp_gain":0.0,"max_hp_loss":0.0,"gold_gain":0.0,"event_name":"Mushrooms","player_choice":"Fought Mushrooms","floor":13.0,"gold_loss":0.0,"damage_taken":0.0},{"damage_healed":0.0,"max_hp_gain":0.0,"max_hp_loss":34.0,"gold_gain":0.0,"event_name":"Ghosts","player_choice":"Became a Ghost","floor":19.0,"gold_loss":0.0,"damage_taken":0.0,"cards_obtained":["Ghostly","Ghostly","Ghostly"]},{"damage_healed":0.0,"max_hp_gain":0.0,"max_hp_loss":0.0,"gold_gain":50.0,"event_name":"Nest","player_choice":"Stole From Cult","floor":30.0,"gold_loss":0.0,"damage_taken":0.0},{"cards_removed":["BowlingBash"],"damage_healed":0,"gold_gain":0,"player_choice":"Removed Attack","damage_taken":0,"max_hp_gain":0,"max_hp_loss":0,"event_name":"Falling","floor":39,"gold_loss":0},{"damage_healed":0,"gold_gain":0,"player_choice":"Upgrade","damage_taken":0,"relics_obtained":["Mark of the Bloom"],"max_hp_gain":0,"max_hp_loss":0,"event_name":"MindBloom","floor":45,"gold_loss":0,"cards_upgraded":["Strike_P","Vigilance","CutThroughFate","FollowUp","Tantrum","WheelKick","FlurryOfBlows","Sanctity","Sanctity","Ghostly","Ghostly","Ghostly","Omniscience","EmptyMind"]},{"damage_healed":0,"gold_gain":0,"player_choice":"Fight","damage_taken":0,"max_hp_gain":0,"max_hp_loss":0,"event_name":"Mysterious Sphere","floor":47,"gold_loss":0}],"is_beta":false,"boss_relics":[{"not_picked":["SlaversCollar","Runic Dome"],"picked":"Empty Cage"},{"not_picked":["Tiny House","SacredBark"],"picked":"Runic Pyramid"}],"items_purged_floors":[5,12,22,36,54],"is_endless":false,"potions_floor_spawned":[6,8,10,13,16,21,23,31,37,38,41,46,47,48,55],"ascension_level":20}}