{"host":"058erotkld4bsq33","time":1610285045,"event":{"mods":["BaseMod","Better Third Choice","Colored Powertips","Curses Come First","Dark Map","Minty Spire (QoL Compilation)","Quick Restart","Rare Cards Sparkle","Relic Stats","StSLib","UnlockEverythingMod"],"gold_per_floor":[118,129,139,239,255,255,282,282,282,282,282,296,296,316,316,412,412,425,425,437,437,437,437,465,465,465,3,3,13,13,33,33,128,128,139,150,164,164,20,20,31,81,81,110,110,26,26,38,38,38],"floor_reached":51,"playtime":3537,"items_purged":[],"score":720,"play_id":"6594482f-e826-4120-8807-254b4cbf87a7","local_time":"20210110052405","is_ascension_mode":false,"campfire_choices":[{"data":"Blur","floor":6.0,"key":"SMITH"},{"data":"Deadly Poison","floor":8.0,"key":"SMITH"},{"data":"Neutralize","floor":11.0,"key":"SMITH"},{"floor":15.0,"key":"REST"},{"data":"Wraith Form v2","floor":23.0,"key":"SMITH"},{"data":"Corpse Explosion","floor":25.0,"key":"SMITH"},{"data":"Sadistic Nature","floor":28.0,"key":"SMITH"},{"data":"Finesse","floor":30.0,"key":"SMITH"},{"floor":32.0,"key":"REST"},{"data":"Enlightenment","floor":40.0,"key":"SMITH"},{"data":"Metamorphosis","floor":45.0,"key":"SMITH"},{"data":"Adrenaline","floor":47.0,"key":"SMITH"},{"data":"Crippling Poison","floor":49,"key":"SMITH"}],"circlet_count":0,"master_deck":["Defend_G","Defend_G","Defend_G","Defend_G","Defend_G","Survivor","Neutralize+1","Poisoned Stab","Deadly Poison+1","Blur+1","Deadly Poison","Crippling Poison+1","Wraith Form v2+1","PiercingWail","Bite","Bite","Bite","Bite","Bite","Corpse Explosion+1","Sadistic Nature+1","Finesse+1","Blur+1","Terror+1","Adrenaline+1","PiercingWail+1","Bouncing Flask+1","Metamorphosis+1","Finesse","Enlightenment+1","Poisoned Stab+1","Flash of Steel"],"relics":["Ring of the Snake","Blue Candle","Singing Bowl","MutagenicStrength","InkBottle","Dead Branch","Centennial Puzzle","Runic Pyramid","Lantern","Shovel","Happy Flower","Boot"],"acts_visited":["Exordium","TheCity","TheBeyond"],"potions_floor_usage":[50,50],"damage_taken":[{"damage":1.0,"enemies":"Jaw Worm","floor":1.0,"turns":6.0},{"damage":0.0,"enemies":"Cultist","floor":2.0,"turns":3.0},{"damage":0.0,"enemies":"2 Louse","floor":3.0,"turns":2.0},{"damage":0.0,"enemies":"Red Slaver","floor":5.0,"turns":4.0},{"damage":30.0,"enemies":"Gremlin Nob","floor":7.0,"turns":5.0},{"damage":2.0,"enemies":"Looter","floor":12.0,"turns":3.0},{"damage":0.0,"enemies":"Exordium Wildlife","floor":14.0,"turns":4.0},{"damage":39.0,"enemies":"The Guardian","floor":16.0,"turns":9.0},{"damage":4.0,"enemies":"Chosen","floor":18.0,"turns":5.0},{"damage":12.0,"enemies":"Spheric Guardian","floor":20.0,"turns":6.0},{"damage":16.0,"enemies":"Gremlin Leader","floor":24.0,"turns":7.0},{"damage":0.0,"enemies":"Centurion and Healer","floor":29.0,"turns":5.0},{"damage":6.0,"enemies":"Snecko","floor":31.0,"turns":4.0},{"damage":27.0,"enemies":"Champ","floor":33.0,"turns":14.0},{"damage":0.0,"enemies":"3 Darklings","floor":35.0,"turns":3.0},{"damage":4.0,"enemies":"Orb Walker","floor":36.0,"turns":5.0},{"damage":0.0,"enemies":"Transient","floor":37.0,"turns":5.0},{"damage":0.0,"enemies":"Sphere and 2 Shapes","floor":41.0,"turns":4.0},{"damage":0.0,"enemies":"Mind Bloom Boss Battle","floor":42.0,"turns":5.0},{"damage":1.0,"enemies":"Reptomancer","floor":44.0,"turns":5.0},{"damage":6,"enemies":"Jaw Worm Horde","floor":48,"turns":2},{"damage":80,"enemies":"Awakened One","floor":50,"turns":13}],"seed_played":"-4768039480388588798","potions_obtained":[{"floor":1.0,"key":"Poison Potion"},{"floor":2.0,"key":"AttackPotion"},{"floor":3.0,"key":"DuplicationPotion"},{"floor":7.0,"key":"ColorlessPotion"},{"floor":20.0,"key":"Dexterity Potion"},{"floor":22.0,"key":"SkillPotion"},{"floor":22.0,"key":"SpeedPotion"},{"floor":33.0,"key":"Block Potion"},{"floor":37.0,"key":"ColorlessPotion"},{"floor":41.0,"key":"Fruit Juice"},{"floor":48,"key":"Explosive Potion"}],"is_trial":false,"path_per_floor":["M","M","M","?","M","R","E","R","T","?","R","M","?","M","R","B",null,"M","?","M","?","?","R","E","R","T","$","R","M","R","M","R","B",null,"M","M","M","?","$","R","M","?","T","E","R","$","R","M","R","B",null],"character_chosen":"THE_SILENT","items_purchased":["Sadistic Nature","Centennial Puzzle","Finesse","Block Potion","Lantern","Flash of Steel"],"campfire_rested":2,"item_purchase_floors":[27,27,27,27,39,46],"current_hp_per_floor":[76,76,76,76,76,76,46,46,46,46,46,46,46,46,69,30,79,77,77,65,56,56,56,46,46,46,46,46,48,48,48,56,35,56,58,56,58,48,48,48,52,61,61,66,66,66,66,64,64,2],"gold":38,"neow_bonus":"TEN_PERCENT_HP_BONUS","is_daily":false,"chose_seed":false,"campfire_upgraded":11,"win_rate":0.0,"timestamp":1610285045,"path_taken":["M","M","M","?","?","R","E","R","T","?","R","?","?","M","R","BOSS","M","?","M","?","?","R","E","R","T","$","R","M","R","M","R","BOSS","M","M","?","?","$","R","M","?","T","E","R","?","R","M","R","BOSS"],"items_purchased_type":["Card","Relic","Card","Potion","Relic","Card"],"build_version":"2020-12-22","purchased_purges":0,"victory":true,"max_hp_per_floor":[77,77,77,77,77,77,77,77,77,77,77,79,79,79,79,79,79,81,81,81,56,56,56,56,56,56,56,56,56,56,56,56,56,56,58,58,58,58,58,58,58,65,65,67,67,67,67,69,69,69],"relic_stats":{"Centennial Puzzle":[15],"Shovel":0,"Singing Bowl":12,"Happy Flower":[6],"counters":[22,119],"Blue Candle":[0],"Dead Branch":[52],"Boot":[14],"obtain_stats":[{"Centennial Puzzle":27,"Lantern":39,"Shovel":42,"Singing Bowl":9,"Happy Flower":43,"Blue Candle":7,"MutagenicStrength":19,"Dead Branch":26,"Boot":44,"InkBottle":24,"Ring of the Snake":0,"Runic Pyramid":34},{"Centennial Puzzle":11,"Lantern":17,"Shovel":19,"Singing Bowl":5,"Happy Flower":19,"Blue Candle":5,"MutagenicStrength":9,"Dead Branch":11,"Boot":20,"InkBottle":11,"Ring of the Snake":0,"Runic Pyramid":14},{"Centennial Puzzle":54,"Lantern":90,"Shovel":99,"Singing Bowl":20,"Happy Flower":99,"Blue Candle":20,"MutagenicStrength":41,"Dead Branch":54,"Boot":104,"InkBottle":54,"Ring of the Snake":0,"Runic Pyramid":77}],"InkBottle":[26],"Ring of the Snake":[44]},"card_choices":[{"not_picked":["Blade Dance","Dagger Throw"],"picked":"Poisoned Stab","floor":1.0},{"not_picked":["Acrobatics","Dagger Spray"],"picked":"Deadly Poison","floor":2.0},{"not_picked":["Backstab","Outmaneuver"],"picked":"Blur","floor":3.0},{"not_picked":["Riddle With Holes","Outmaneuver"],"picked":"Deadly Poison","floor":5.0},{"not_picked":["Tactician","A Thousand Cuts","Cloak And Dagger"],"picked":"SKIP","floor":7.0},{"not_picked":["Deadly Poison","Blade Dance","Flechettes"],"picked":"Singing Bowl","floor":12.0},{"not_picked":["Backflip","Sucker Punch"],"picked":"Crippling Poison","floor":14.0},{"not_picked":["Adrenaline","Doppelganger"],"picked":"Wraith Form v2","floor":16.0},{"not_picked":["Slice","Calculated Gamble+1","Riddle With Holes"],"picked":"Singing Bowl","floor":18.0},{"not_picked":["Deflect","Quick Slash"],"picked":"PiercingWail","floor":20.0},{"not_picked":["Outmaneuver","Well Laid Plans"],"picked":"Corpse Explosion","floor":24.0},{"not_picked":["Prepared","Dagger Throw"],"picked":"Blur+1","floor":29.0},{"not_picked":["PiercingWail","Dash+1"],"picked":"Terror+1","floor":31.0},{"not_picked":["Storm of Steel","Envenom"],"picked":"Adrenaline","floor":33.0},{"not_picked":["Concentrate","Quick Slash","Prepared"],"picked":"Singing Bowl","floor":35.0},{"not_picked":["Deflect+1","Flying Knee+1"],"picked":"PiercingWail+1","floor":36.0},{"not_picked":["Acrobatics+1","Quick Slash"],"picked":"Bouncing Flask+1","floor":37.0},{"not_picked":["Violence","Master of Strategy"],"picked":"Metamorphosis","floor":38.0},{"not_picked":["Master of Strategy","Metamorphosis"],"picked":"Finesse","floor":38.0},{"not_picked":["Master of Strategy","Discovery"],"picked":"Enlightenment","floor":38.0},{"not_picked":["Backflip+1","Backstab"],"picked":"Poisoned Stab+1","floor":41.0},{"not_picked":["Acrobatics+1","Deadly Poison","Flying Knee+1"],"picked":"Singing Bowl","floor":42.0},{"not_picked":["Cloak And Dagger","Prepared","Flechettes+1"],"picked":"Singing Bowl","floor":44.0},{"not_picked":["Poisoned Stab","Cloak And Dagger","PiercingWail"],"picked":"Singing Bowl","floor":48}],"player_experience":110338,"relics_obtained":[{"floor":7.0,"key":"Blue Candle"},{"floor":9.0,"key":"Singing Bowl"},{"floor":24.0,"key":"InkBottle"},{"floor":26.0,"key":"Dead Branch"},{"floor":42.0,"key":"Shovel"},{"floor":43.0,"key":"Happy Flower"},{"floor":44.0,"key":"Boot"}],"event_choices":[{"damage_healed":0.0,"max_hp_gain":0.0,"max_hp_loss":0.0,"gold_gain":100.0,"event_name":"Wheel of Change","player_choice":"Gold","floor":4.0,"gold_loss":0.0,"damage_taken":0.0},{"damage_healed":0.0,"max_hp_gain":0.0,"max_hp_loss":0.0,"gold_gain":0.0,"event_name":"Purifier","player_choice":"Ignored","floor":10.0,"gold_loss":0.0,"damage_taken":0.0},{"damage_healed":0.0,"max_hp_gain":0.0,"max_hp_loss":0.0,"gold_gain":0.0,"event_name":"The Cleric","player_choice":"Leave","floor":13.0,"gold_loss":0.0,"damage_taken":0.0},{"damage_healed":0.0,"max_hp_gain":0.0,"max_hp_loss":0.0,"gold_gain":0.0,"event_name":"Drug Dealer","player_choice":"Inject Mutagens","floor":19.0,"gold_loss":0.0,"damage_taken":0.0,"relics_obtained":["MutagenicStrength"]},{"damage_healed":0.0,"max_hp_gain":0.0,"max_hp_loss":25.0,"gold_gain":0.0,"event_name":"Vampires","player_choice":"Became a vampire","floor":21.0,"gold_loss":0.0,"damage_taken":0.0,"cards_obtained":["Bite","Bite","Bite","Bite","Bite"]},{"damage_healed":0.0,"max_hp_gain":0.0,"max_hp_loss":0.0,"gold_gain":0.0,"event_name":"Lab","player_choice":"Got Potions","floor":22.0,"gold_loss":0.0,"damage_taken":0.0},{"damage_healed":0.0,"max_hp_gain":0.0,"max_hp_loss":0.0,"gold_gain":0.0,"event_name":"SensoryStone","player_choice":"Memory 3","floor":38.0,"gold_loss":0.0,"damage_taken":10.0},{"damage_healed":0.0,"max_hp_gain":0.0,"max_hp_loss":0.0,"gold_gain":0.0,"event_name":"MindBloom","player_choice":"Fight","floor":42.0,"gold_loss":0.0,"damage_taken":0.0}],"is_beta":false,"boss_relics":[{"not_picked":["Snecko Eye","Sozu","Fusion Hammer"]},{"not_picked":["Velvet Choker","Pandora\u0027s Box"],"picked":"Runic Pyramid"}],"items_purged_floors":[],"is_endless":false,"potions_floor_spawned":[1,2,3,7,12,20,33,37,41,48],"ascension_level":0}}