{"host":"tnsigirk6wurdark","time":1610319971,"event":{"mods":["BaseMod","Colored Map","Colored Powertips","DeckTracker","Highlight Path","Minty Spire (QoL Compilation)","Quick Restart","Relic Sorter","StSLib","SuperFastMode","Synergy Search"],"gold_per_floor":[114,125,125,125,139,139,182,182,182,212,212,236,260,275,275,275,275],"floor_reached":16,"playtime":1005,"items_purged":[],"score":173,"play_id":"1b18b56a-bfe2-42aa-9c84-3b0ac51b8745","local_time":"20210110230611","is_ascension_mode":true,"campfire_choices":[{"data":"Caltrops","floor":6,"key":"SMITH"},{"floor":8,"key":"REST"},{"data":"Adrenaline","floor":11,"key":"SMITH"},{"floor":15,"key":"REST"}],"circlet_count":0,"master_deck":["AscendersBane","Strike_G","Strike_G","Strike_G","Strike_G","Defend_G","Defend_G","Defend_G","Defend_G","Defend_G","Survivor","Neutralize","Leg Sweep","Caltrops+1","Tools of the Trade","Bullet Time","Adrenaline+1","Quick Slash","Dodge and Roll","Expertise"],"relics":["Ring of the Snake","The Courier","Golden Idol","Ice Cream","Bag of Marbles"],"acts_visited":["Exordium"],"potions_floor_usage":[7,7],"damage_taken":[{"damage":1,"enemies":"2 Louse","floor":1,"turns":4},{"damage":0,"enemies":"Jaw Worm","floor":2,"turns":6},{"damage":0,"enemies":"Cultist","floor":5,"turns":4},{"damage":20,"enemies":"Lagavulin","floor":7,"turns":14},{"damage":9,"enemies":"Exordium Wildlife","floor":12,"turns":7},{"damage":5,"enemies":"3 Louse","floor":13,"turns":2},{"damage":6,"enemies":"Gremlin Gang","floor":14,"turns":5},{"damage":51,"enemies":"Slime Boss","floor":16,"turns":9}],"seed_played":"-7868236196134684384","potions_obtained":[{"floor":1,"key":"SmokeBomb"},{"floor":2,"key":"Explosive Potion"},{"floor":5,"key":"EssenceOfSteel"}],"is_trial":false,"path_per_floor":["M","M","?","?","M","R","E","R","T","?","R","M","M","M","R","B"],"character_chosen":"THE_SILENT","items_purchased":[],"campfire_rested":2,"item_purchase_floors":[],"current_hp_per_floor":[64,64,46,46,46,46,26,47,47,47,47,38,33,27,48,0,0],"gold":275,"neow_bonus":"TEN_PERCENT_HP_BONUS","is_daily":false,"chose_seed":false,"campfire_upgraded":2,"win_rate":0.0,"timestamp":1610319971,"path_taken":["M","M","?","?","?","R","E","R","T","?","R","M","M","M","R","BOSS"],"items_purchased_type":[],"build_version":"2020-12-22","purchased_purges":0,"victory":false,"max_hp_per_floor":[72,72,72,72,72,72,72,72,72,72,72,72,72,72,72,72,72],"card_choices":[{"not_picked":["Deadly Poison","Endless Agony"],"picked":"Leg Sweep","floor":1},{"not_picked":["Underhanded Strike","Outmaneuver"],"picked":"Caltrops","floor":2},{"not_picked":["Caltrops","Dodge and Roll"],"picked":"Bullet Time","floor":5},{"not_picked":["Backflip","Accuracy"],"picked":"Adrenaline","floor":7},{"not_picked":["Poisoned Stab","Sucker Punch"],"picked":"Quick Slash","floor":12},{"not_picked":["Slice","Prepared"],"picked":"Dodge and Roll","floor":13},{"not_picked":["Underhanded Strike","Infinite Blades"],"picked":"Expertise","floor":14}],"player_experience":662375,"relics_obtained":[{"floor":7,"key":"Ice Cream"},{"floor":9,"key":"The Courier"}],"event_choices":[{"damage_healed":0,"gold_gain":0,"player_choice":"Take Damage","damage_taken":18,"relics_obtained":["Golden Idol"],"max_hp_gain":0,"max_hp_loss":0,"event_name":"Golden Idol","floor":3,"gold_loss":0},{"damage_healed":0,"gold_gain":0,"cards_transformed":["Strike_G"],"player_choice":"Transformed","damage_taken":0,"max_hp_gain":0,"max_hp_loss":0,"event_name":"Transmorgrifier","floor":4,"gold_loss":0,"cards_obtained":["Tools of the Trade"]},{"damage_healed":0,"gold_gain":30,"player_choice":"Searched \u00272\u0027 times","damage_taken":0,"relics_obtained":["Bag of Marbles"],"max_hp_gain":0,"max_hp_loss":0,"event_name":"Dead Adventurer","floor":10,"gold_loss":0}],"is_beta":false,"boss_relics":[],"items_purged_floors":[],"is_endless":false,"potions_floor_spawned":[1,2,5],"killed_by":"Slime Boss","ascension_level":14}}