{"host":"Jinnai","time":1610312864,"event":{"mods":["BaseMod","Bestiary","Block Reminder","Colored Map","Colored Powertips","Highlight Path","Minty Spire (QoL Compilation)","Quick Restart","Relic Stats","StSLib"],"gold_per_floor":[109,2,2,14,30,58,58,133,133,143,178,197,197,231,231,315,315,340,340,365,376,144,144,194,26,26,53,72,111,111,140,140,140,140],"floor_reached":33,"playtime":1412,"items_purged":["Pain"],"score":564,"play_id":"0d8ce5a8-3127-4850-9cff-b62b6c7718e4","local_time":"20210110160744","is_ascension_mode":true,"campfire_choices":[{"floor":7,"key":"REST"},{"floor":13,"key":"REST"},{"floor":15,"key":"REST"},{"floor":23,"key":"REST"},{"data":"Neutralize","floor":30,"key":"SMITH"},{"floor":32,"key":"REST"}],"circlet_count":0,"master_deck":["AscendersBane","Strike_G","Strike_G","Strike_G","Strike_G","Strike_G","Defend_G","Defend_G","Defend_G","Defend_G","Defend_G","Survivor","Neutralize+1","Bouncing Flask+1","Backstab","Deadly Poison","Dagger Spray","Slice","Unload","Dash+1","Poisoned Stab+1","Underhanded Strike+1","Sucker Punch+1","Die Die Die+1","Bane+1","Heel Hook+1","Backflip","Tools of the Trade","Slice+1"],"relics":["Ring of the Snake","NeowsBlessing","WarpedTongs","Oddly Smooth Stone","Molten Egg 2","CeramicFish","Akabeko","Runic Pyramid","Art of War","Lee\u0027s Waffle","The Courier","Toy Ornithopter"],"acts_visited":["Exordium","TheCity"],"potions_floor_usage":[11,16,33],"damage_taken":[{"damage":0,"enemies":"Jaw Worm","floor":1,"turns":1},{"damage":0,"enemies":"Cultist","floor":4,"turns":1},{"damage":2,"enemies":"2 Louse","floor":5,"turns":1},{"damage":28,"enemies":"3 Sentries","floor":6,"turns":6},{"damage":8,"enemies":"Lots of Slimes","floor":10,"turns":4},{"damage":13,"enemies":"Gremlin Nob","floor":11,"turns":4},{"damage":10,"enemies":"2 Fungi Beasts","floor":12,"turns":2},{"damage":6,"enemies":"3 Sentries","floor":14,"turns":6},{"damage":33,"enemies":"The Guardian","floor":16,"turns":11},{"damage":7,"enemies":"3 Byrds","floor":18,"turns":4},{"damage":0,"enemies":"Chosen","floor":20,"turns":3},{"damage":25,"enemies":"Snake Plant","floor":21,"turns":3},{"damage":16,"enemies":"Slavers","floor":27,"turns":3},{"damage":1,"enemies":"Snecko","floor":28,"turns":5},{"damage":34,"enemies":"Book of Stabbing","floor":29,"turns":5},{"damage":9,"enemies":"Cultist and Chosen","floor":31,"turns":5},{"damage":61,"enemies":"Automaton","floor":33,"turns":6}],"seed_played":"-8759320631587242518","potions_obtained":[{"floor":1,"key":"DistilledChaos"},{"floor":5,"key":"Block Potion"},{"floor":12,"key":"Swift Potion"},{"floor":20,"key":"GamblersBrew"}],"is_trial":false,"path_per_floor":["M","$","?","M","M","E","R","?","T","M","E","M","R","E","R","B",null,"M","?","M","M","$","R","?","$","T","E","M","E","R","M","R","B"],"character_chosen":"THE_SILENT","items_purchased":["Backstab","Deadly Poison","Art of War","Lee\u0027s Waffle"],"campfire_rested":5,"item_purchase_floors":[2,2,22,25],"current_hp_per_floor":[59,59,59,59,57,29,48,37,37,29,16,6,25,19,38,5,51,44,44,44,19,19,38,38,73,73,57,56,22,22,13,34,0,0],"gold":140,"neow_bonus":"THREE_ENEMY_KILL","is_daily":false,"chose_seed":false,"campfire_upgraded":1,"win_rate":0.0,"timestamp":1610312864,"path_taken":["M","$","?","M","?","E","R","?","T","M","E","M","R","E","R","BOSS","M","?","M","?","$","R","?","$","T","E","M","E","R","?","R","BOSS"],"items_purchased_type":["Card","Card","Relic","Relic"],"build_version":"2020-12-18","purchased_purges":1,"victory":false,"max_hp_per_floor":[66,66,66,66,66,66,66,66,66,66,66,66,66,66,66,66,66,66,66,66,66,66,66,66,73,73,73,73,73,73,73,73,73,73],"relic_stats":{"Lee\u0027s Waffle":35,"counters":[17,70],"CeramicFish":81,"Art of War":[2],"obtain_stats":[{"Lee\u0027s Waffle":25,"NeowsBlessing":0,"CeramicFish":11,"Oddly Smooth Stone":6,"Molten Egg 2":9,"The Courier":26,"Art of War":22,"Akabeko":14,"Toy Ornithopter":29,"Ring of the Snake":0,"WarpedTongs":3,"Runic Pyramid":17},{"Lee\u0027s Waffle":12,"NeowsBlessing":0,"CeramicFish":6,"Oddly Smooth Stone":4,"Molten Egg 2":4,"The Courier":12,"Art of War":12,"Akabeko":8,"Toy Ornithopter":15,"Ring of the Snake":0,"WarpedTongs":1,"Runic Pyramid":9},{"Lee\u0027s Waffle":46,"NeowsBlessing":0,"CeramicFish":17,"Oddly Smooth Stone":9,"Molten Egg 2":9,"The Courier":46,"Art of War":46,"Akabeko":25,"Toy Ornithopter":59,"Ring of the Snake":0,"WarpedTongs":1,"Runic Pyramid":36}],"Toy Ornithopter":5,"Ring of the Snake":[34],"WarpedTongs":[69]},"card_choices":[{"not_picked":["Backflip","Deadly Poison"],"picked":"Bouncing Flask","floor":1},{"not_picked":["Quick Slash","Poisoned Stab"],"picked":"Dagger Spray","floor":4},{"not_picked":["PiercingWail","Deadly Poison"],"picked":"Slice","floor":5},{"not_picked":["Tactician","Endless Agony"],"picked":"Unload","floor":6},{"not_picked":["Dagger Spray+1","Masterful Stab+1"],"picked":"Dash+1","floor":10},{"not_picked":["Quick Slash+1","Escape Plan"],"picked":"Poisoned Stab+1","floor":11},{"not_picked":["Accuracy","Deadly Poison"],"picked":"Underhanded Strike+1","floor":12},{"not_picked":["Dodge and Roll","Flechettes+1"],"picked":"Sucker Punch+1","floor":14},{"not_picked":["After Image","Night Terror"],"picked":"Die Die Die+1","floor":16},{"not_picked":["Leg Sweep","Dodge and Roll+1"],"picked":"Bane+1","floor":18},{"not_picked":["Sucker Punch+1","Well Laid Plans"],"picked":"Heel Hook+1","floor":20},{"not_picked":["Dagger Throw+1","Slice+1","Deadly Poison+1"],"picked":"SKIP","floor":21},{"not_picked":["Well Laid Plans","Quick Slash+1","Riddle With Holes+1"],"picked":"SKIP","floor":27},{"not_picked":["Well Laid Plans","Quick Slash+1","Riddle With Holes+1"],"picked":"SKIP","floor":27},{"not_picked":["Endless Agony+1","Flying Knee+1"],"picked":"Backflip","floor":28},{"not_picked":["Cloak And Dagger","Deadly Poison"],"picked":"Tools of the Trade","floor":29},{"not_picked":["Sucker Punch+1","Blur"],"picked":"Slice+1","floor":31}],"player_experience":1507203,"relics_obtained":[{"floor":6,"key":"Oddly Smooth Stone"},{"floor":9,"key":"Molten Egg 2"},{"floor":11,"key":"CeramicFish"},{"floor":14,"key":"Akabeko"},{"floor":26,"key":"The Courier"},{"floor":29,"key":"Toy Ornithopter"}],"event_choices":[{"damage_healed":0,"gold_gain":0,"player_choice":"Rummage","damage_taken":0,"relics_obtained":["WarpedTongs"],"max_hp_gain":0,"max_hp_loss":0,"event_name":"Accursed Blacksmith","floor":3,"gold_loss":0,"cards_obtained":["Pain"]},{"damage_healed":0,"gold_gain":75,"player_choice":"Gather Gold","damage_taken":11,"max_hp_gain":0,"max_hp_loss":0,"event_name":"World of Goop","floor":8,"gold_loss":0},{"damage_healed":0,"gold_gain":0,"player_choice":"Upgraded","damage_taken":0,"max_hp_gain":0,"max_hp_loss":0,"event_name":"Upgrade Shrine","floor":19,"gold_loss":0,"cards_upgraded":["Bouncing Flask"]},{"damage_healed":0,"gold_gain":50,"player_choice":"Pray","damage_taken":0,"max_hp_gain":0,"max_hp_loss":0,"event_name":"Golden Shrine","floor":24,"gold_loss":0}],"is_beta":true,"boss_relics":[{"not_picked":["Tiny House","Black Star"],"picked":"Runic Pyramid"}],"items_purged_floors":[22],"is_endless":false,"potions_floor_spawned":[1,5,12,14,20,28,29],"killed_by":"Automaton","ascension_level":17}}