{"host":"g0kvl32a5uvdvg3r","time":1610309192,"event":{"mods":["BaseMod","Hermit","Minty Spire (QoL Compilation)","Replay The Spire","Shop Mod","StSLib"],"gold_per_floor":[114,129,144,144,159,189,189,219,244,244,259,274,274,289,289,389,389,404,404,404,419,434,464,479,494,519,519,519,534,564,252,252,352,352,367,277,235,250,265,295,295,45,45,75,90,15,30,80,80,80],"floor_reached":51,"playtime":3661,"items_purged":[],"score":661,"play_id":"6d592516-4294-4fd3-ac60-a54502f7c1bf","local_time":"20210110200632","daily_mods":["Specialized","Diverse","Night Terrors"],"is_ascension_mode":false,"campfire_choices":[{"floor":7,"key":"REST"},{"data":"Strike_G","floor":15,"key":"PURGE"},{"floor":27,"key":"REST"},{"data":"Inflame","floor":32,"key":"SMITH"},{"floor":41,"key":"REST"},{"floor":49,"key":"REST"}],"circlet_count":0,"master_deck":["Strike_G+1","Strike_G+1","Strike_G+1","Strike_G+1","Defend_G+1","Defend_G+1","Defend_G+1","Defend_G+1","Defend_G+1","Survivor","Neutralize+1","hermit:Coalescence+1","hermit:Coalescence","hermit:Coalescence","hermit:Coalescence","Endless Agony","Thunderclap+1","Consecrate","Judgement+1","Anger","ReplayTheSpireMod:Repulse","Distraction","Hyperbeam+1","Deflect","ReplayTheSpireMod:Muscle Training+1","hermit:Glare","ReplayTheSpireMod:Scrap Shanks+1","Dual Wield+1","Cloak And Dagger","Inflame+1","Prepared+1","Madness+1","Die Die Die+1","Replay:Parry+1","ReplayTheSpireMod:Shiv Toss","Infernal Blade+1","Go for the Eyes"],"relics":["Ring of the Snake","Golden Egg","Matryoshka","Sundial","Bronze Scales","Strawberry","Snecko Scales","Enchiridion","Centennial Puzzle","MealTicket","Replay:Rubber Ducky","Darkstone Periapt","Membership Card","Art of War","Fusion Hammer","Vajra","Ninja Scroll","Garlic","Nunchaku","HornCleat","ClockworkSouvenir","Vampiric Spirits"],"acts_visited":["Exordium","TheCity","TheBeyond"],"potions_floor_usage":[6,16,16,16,23,29,30,30,33,33,38,44,50,50,50],"damage_taken":[{"damage":7,"enemies":"2 Louse","floor":1,"turns":5},{"damage":4,"enemies":"Cultist","floor":2,"turns":6},{"damage":0,"enemies":"Small Slimes","floor":3,"turns":5},{"damage":10,"enemies":"2 Fungi Beasts","floor":5,"turns":3},{"damage":45,"enemies":"Gremlin Nob","floor":6,"turns":6},{"damage":13,"enemies":"Replay:BlueRogue","floor":8,"turns":8},{"damage":0,"enemies":"3 Louse","floor":11,"turns":2},{"damage":7,"enemies":"Blue Slaver","floor":12,"turns":3},{"damage":9,"enemies":"Exordium Thugs","floor":14,"turns":4},{"damage":35,"enemies":"Fading Forest","floor":16,"turns":11},{"damage":0,"enemies":"2 Thieves","floor":18,"turns":3},{"damage":0,"enemies":"Chosen","floor":21,"turns":3},{"damage":1,"enemies":"Snake Plant","floor":22,"turns":3},{"damage":5,"enemies":"Slavers","floor":23,"turns":3},{"damage":0,"enemies":"Cultist and Chosen","floor":24,"turns":4},{"damage":2,"enemies":"Centurion and Healer","floor":25,"turns":2},{"damage":8,"enemies":"Snake Plant","floor":29,"turns":3},{"damage":0,"enemies":"Gremlin Leader","floor":30,"turns":4},{"damage":26,"enemies":"Champ","floor":33,"turns":8},{"damage":1,"enemies":"3 Shapes","floor":35,"turns":2},{"damage":0,"enemies":"3 Darklings","floor":38,"turns":2},{"damage":19,"enemies":"Spire Growth","floor":39,"turns":5},{"damage":10,"enemies":"Giant Head","floor":40,"turns":6},{"damage":0,"enemies":"Reptomancer","floor":44,"turns":4},{"damage":11,"enemies":"4 Shapes","floor":45,"turns":3},{"damage":1,"enemies":"3 Darklings","floor":47,"turns":3},{"damage":0,"enemies":"Mind Bloom Boss Battle","floor":48,"turns":2},{"damage":52,"enemies":"Replay:Hell Engine","floor":50,"turns":8}],"seed_played":"-956745095108410897","potions_obtained":[{"floor":1,"key":"AttackPotion"},{"floor":6,"key":"FearPotion"},{"floor":11,"key":"Milkshake"},{"floor":12,"key":"LiquidBronze"},{"floor":18,"key":"CunningPotion"},{"floor":22,"key":"Strength Potion"},{"floor":23,"key":"Adrenaline Potion"},{"floor":24,"key":"Dexterity Potion"},{"floor":30,"key":"Weak Potion"},{"floor":33,"key":"Poison Potion"},{"floor":38,"key":"GhostInAJar"},{"floor":44,"key":"CunningPotion"},{"floor":45,"key":"SpeedPotion"},{"floor":48,"key":"ColorlessPotion"}],"is_trial":false,"path_per_floor":["M","M","M","?","M","E","R","E","T","?","M","M","?","M","R","B",null,"M","?","?","M","M","E","M","M","T","R","?","M","E","$","R","B",null,"M","?","$","M","M","E","R","$","T","E","M","$","M","?","R","B",null],"character_chosen":"THE_SILENT","items_purchased":["Membership Card","Madness","Art of War","Milkshake","Replay:Parry","Ninja Scroll","Garlic","ClockworkSouvenir"],"campfire_rested":4,"item_purchase_floors":[31,31,31,31,37,42,42,46],"current_hp_per_floor":[63,59,59,59,49,4,65,52,52,52,52,45,40,31,31,6,72,72,56,56,56,55,50,50,48,48,67,67,59,59,67,67,41,67,66,66,67,67,48,38,62,62,62,62,51,62,61,61,57,6],"gold":80,"neow_bonus":"","is_daily":true,"chose_seed":false,"campfire_upgraded":1,"win_rate":0.0,"timestamp":1610309192,"path_taken":["M","M","M","?","?","E","R","E","T","?","M","M","?","M","R","BOSS","M","?","?","M","M","E","M","M","T","R","?","M","E","$","R","BOSS","M","?","?","M","M","E","R","$","T","E","M","$","?","?","R","BOSS"],"items_purchased_type":["Relic","Card","Relic","Potion","Card","Relic","Relic","Relic"],"build_version":"2020-12-22","purchased_purges":0,"victory":true,"max_hp_per_floor":[70,70,70,70,70,70,65,65,65,65,65,65,72,72,72,72,72,72,72,72,72,72,72,72,72,72,67,67,67,67,67,67,67,67,67,67,67,67,67,67,62,62,62,62,62,62,62,62,57,57],"card_choices":[{"not_picked":["Lockon","Stack"],"picked":"Endless Agony","floor":1},{"not_picked":["Tantrum","Deadly Poison"],"picked":"Thunderclap","floor":2},{"not_picked":["hermit:ItchyTrigger","ReplayTheSpireMod:Necrosis"],"picked":"Consecrate","floor":3},{"not_picked":["Bouncing Flask","Steam Power","Heavy Blade"],"picked":"SKIP","floor":5},{"not_picked":["Deadly Poison","Time Bomb","ReplayTheSpireMod:Strike From Hell"],"picked":"SKIP","floor":6},{"not_picked":["Creative AI","Static Discharge"],"picked":"Judgement","floor":8},{"not_picked":["hermit:Manifest","Run Through"],"picked":"Anger","floor":11},{"not_picked":["Second Wind","Burning Pact"],"picked":"ReplayTheSpireMod:Repulse","floor":12},{"not_picked":["Auto Shields","hermit:LowProfile"],"picked":"Distraction","floor":14},{"not_picked":["Machine Learning","Malaise"],"picked":"Hyperbeam","floor":16},{"not_picked":["Replay:Hum","Shrug It Off"],"picked":"Deflect","floor":18},{"not_picked":["hermit:TrackingShot","Cloak And Dagger+1"],"picked":"ReplayTheSpireMod:Muscle Training+1","floor":21},{"not_picked":["Wireheading","ClearTheMind"],"picked":"hermit:Glare","floor":22},{"not_picked":["EmptyFist+1","Melter"],"picked":"ReplayTheSpireMod:Scrap Shanks+1","floor":23},{"not_picked":["Rebound","Vengeance"],"picked":"Dual Wield+1","floor":24},{"not_picked":["hermit:Quickdraw","Reaper"],"picked":"Cloak And Dagger","floor":25},{"not_picked":["Flying Knee","Rebound"],"picked":"Inflame","floor":29},{"not_picked":["Replay:Anticipation","hermit:BodyArmor"],"picked":"Prepared+1","floor":30},{"not_picked":["Machine Learning","SpiritShield"],"picked":"Die Die Die","floor":33},{"not_picked":["Bloodletting+1","Replay:BluntJabs","BowlingBash"],"picked":"SKIP","floor":35},{"not_picked":["Clothesline","Disarm"],"picked":"ReplayTheSpireMod:Shiv Toss","floor":38},{"not_picked":["Sucker Punch","Wallop+1","Stack"],"picked":"SKIP","floor":39},{"not_picked":["ThirdEye","Go for the Eyes"],"picked":"Infernal Blade+1","floor":40},{"not_picked":["Flying Knee","Chaos"],"picked":"Go for the Eyes","floor":44},{"not_picked":["hermit:Vantage","ReplayTheSpireMod:GoodbyeWorld+1","Defragment"],"picked":"SKIP","floor":45},{"not_picked":["LikeWater+1","ReplayTheSpireMod:Shiv Toss+1","Replay:ManipulateFuture+1"],"picked":"SKIP","floor":47}],"player_experience":1138960,"relics_obtained":[{"floor":6,"key":"Golden Egg"},{"floor":8,"key":"Matryoshka"},{"floor":9,"key":"Sundial"},{"floor":9,"key":"Bronze Scales"},{"floor":19,"key":"Enchiridion"},{"floor":23,"key":"Centennial Puzzle"},{"floor":26,"key":"MealTicket"},{"floor":26,"key":"Replay:Rubber Ducky"},{"floor":30,"key":"Darkstone Periapt"},{"floor":40,"key":"Vajra"},{"floor":43,"key":"Nunchaku"},{"floor":44,"key":"HornCleat"},{"floor":48,"key":"Vampiric Spirits"}],"event_choices":[{"damage_healed":0,"gold_gain":0,"player_choice":"Upgraded","damage_taken":0,"max_hp_gain":0,"max_hp_loss":0,"event_name":"Upgrade Shrine","floor":4,"gold_loss":0,"cards_upgraded":["Neutralize"]},{"damage_healed":0,"gold_gain":0,"player_choice":"Grow","damage_taken":0,"max_hp_gain":0,"max_hp_loss":0,"event_name":"Living Wall","floor":10,"gold_loss":0,"cards_upgraded":["Thunderclap"]},{"damage_healed":0,"gold_gain":0,"player_choice":"Success","damage_taken":12,"relics_obtained":["Strawberry"],"max_hp_gain":0,"max_hp_loss":0,"event_name":"Scrap Ooze","floor":13,"gold_loss":0},{"damage_healed":0,"gold_gain":0,"player_choice":"Obtained Book","damage_taken":16,"max_hp_gain":0,"max_hp_loss":0,"event_name":"Cursed Tome","floor":19,"gold_loss":0},{"damage_healed":0,"gold_gain":0,"player_choice":"Simplicity","damage_taken":0,"max_hp_gain":0,"max_hp_loss":0,"event_name":"Back to Basics","floor":20,"gold_loss":0,"cards_upgraded":["Strike_G","Strike_G","Strike_G","Strike_G","Defend_G","Defend_G","Defend_G","Defend_G","Defend_G"]},{"damage_healed":0,"gold_gain":0,"player_choice":"Ignored","damage_taken":0,"max_hp_gain":0,"max_hp_loss":0,"event_name":"The Mausoleum","floor":28,"gold_loss":0},{"cards_removed":["hermit:Coalescence"],"damage_healed":0,"gold_gain":0,"player_choice":"Upgrade and Remove","damage_taken":0,"max_hp_gain":0,"max_hp_loss":0,"event_name":"Designer","floor":36,"gold_loss":90,"cards_upgraded":["hermit:Coalescence"]},{"damage_healed":0,"gold_gain":0,"player_choice":"Fight","damage_taken":0,"max_hp_gain":0,"max_hp_loss":0,"event_name":"MindBloom","floor":48,"gold_loss":0}],"is_beta":false,"boss_relics":[{"not_picked":["Kintsugi","Runic Pyramid"],"picked":"Snecko Scales"},{"not_picked":["Painkiller Herb","Snecko Eye"],"picked":"Fusion Hammer"}],"items_purged_floors":[],"is_endless":false,"potions_floor_spawned":[1,6,11,12,14,18,22,23,24,30,33,38,44,45,48],"ascension_level":0}}