{"host":"5x08nt64u3vxxcfi","time":1610256901,"event":{"mods":["BaseMod","Minty Spire (QoL Compilation)","StSLib","SuperFastMode"],"gold_per_floor":[112,212,226,226,238,238,265,295,295,295,324,35,67,82,82,178,178,194,212,212,212,212,212,223,223,250,250,269,122,138,163,163,259,259,279,23,41,41,53,53,85,97,178,208,220,212,12,12,12,12],"floor_reached":51,"playtime":988,"items_purged":["Writhe","Strike_G"],"score":1110,"play_id":"fa2843a6-33c5-4ff6-9860-2d78e871f2c7","local_time":"20210110143501","is_ascension_mode":true,"campfire_choices":[{"data":"Noxious Fumes","floor":6.0,"key":"SMITH"},{"data":"Footwork","floor":10.0,"key":"SMITH"},{"data":"Catalyst","floor":15.0,"key":"SMITH"},{"data":"Wraith Form v2","floor":23,"key":"SMITH"},{"floor":25,"key":"REST"},{"floor":27,"key":"REST"},{"data":"Catalyst","floor":32,"key":"SMITH"},{"data":"Catalyst","floor":40,"key":"SMITH"},{"data":"Neutralize","floor":42,"key":"SMITH"},{"data":"Well Laid Plans","floor":45,"key":"SMITH"},{"data":"Footwork","floor":49,"key":"SMITH"}],"circlet_count":0,"master_deck":["Strike_G","Strike_G","Strike_G","Strike_G","Defend_G","Defend_G+1","Defend_G","Defend_G","Defend_G","Survivor","Neutralize+1","Catalyst+1","Noxious Fumes+1","Footwork+1","Catalyst+1","Bouncing Flask","Noxious Fumes","Crippling Poison+1","Catalyst+1","Footwork","Wraith Form v2+1","Blur","Noxious Fumes+1","Bane","Corpse Explosion","Quick Slash","Well Laid Plans+1","Poisoned Stab+1","Backflip","Footwork+1","Prepared+1","Footwork+1","Deflect+1","Deflect+1","Reflex","Bandage Up","Backstab+1","Concentrate+1","Dagger Throw+1","Bouncing Flask"],"relics":["Ring of the Snake","NeowsBlessing","WingedGreaves","The Specimen","Tough Bandages","Lantern","Prayer Wheel","Lizard Tail","Black Star","War Paint","Anchor","Juzu Bracelet","Akabeko","Busted Crown","Strange Spoon","HornCleat","MawBank","Ninja Scroll","TwistedFunnel"],"acts_visited":["Exordium","TheCity","TheBeyond"],"potions_floor_usage":[33,33,41],"damage_taken":[{"damage":0.0,"enemies":"Jaw Worm","floor":1.0,"turns":1.0},{"damage":0.0,"enemies":"Cultist","floor":3.0,"turns":1.0},{"damage":0.0,"enemies":"2 Louse","floor":5.0,"turns":1.0},{"damage":12.0,"enemies":"3 Sentries","floor":7.0,"turns":8.0},{"damage":4.0,"enemies":"Lagavulin","floor":8.0,"turns":7.0},{"damage":8.0,"enemies":"Gremlin Nob","floor":11.0,"turns":3.0},{"damage":12.0,"enemies":"Lagavulin","floor":13.0,"turns":3.0},{"damage":7.0,"enemies":"2 Fungi Beasts","floor":14.0,"turns":3.0},{"damage":0.0,"enemies":"Slime Boss","floor":16.0,"turns":3.0},{"damage":2.0,"enemies":"Chosen","floor":18.0,"turns":4.0},{"damage":2.0,"enemies":"Shell Parasite","floor":19.0,"turns":5.0},{"damage":7.0,"enemies":"Centurion and Healer","floor":22.0,"turns":5.0},{"damage":42,"enemies":"Snake Plant","floor":24,"turns":4},{"damage":0,"enemies":"3 Cultists","floor":28,"turns":2},{"damage":8,"enemies":"Snecko","floor":30,"turns":3},{"damage":11,"enemies":"Book of Stabbing","floor":31,"turns":6},{"damage":21,"enemies":"Automaton","floor":33,"turns":6},{"damage":0,"enemies":"3 Shapes","floor":35,"turns":5},{"damage":5,"enemies":"Orb Walker","floor":37,"turns":4},{"damage":1,"enemies":"3 Darklings","floor":39,"turns":4},{"damage":9,"enemies":"Nemesis","floor":41,"turns":5},{"damage":1,"enemies":"4 Shapes","floor":44,"turns":2},{"damage":21,"enemies":"Time Eater","floor":50,"turns":6}],"seed_played":"34268375494275842","potions_obtained":[{"floor":1.0,"key":"SkillPotion"},{"floor":3.0,"key":"BlessingOfTheForge"},{"floor":7.0,"key":"BlessingOfTheForge"},{"floor":8.0,"key":"Energy Potion"},{"floor":18.0,"key":"Block Potion"},{"floor":21.0,"key":"Poison Potion"},{"floor":28,"key":"Block Potion"},{"floor":41,"key":"Ancient Potion"},{"floor":44,"key":"EssenceOfSteel"},{"floor":46,"key":"BlessingOfTheForge"}],"is_trial":false,"path_per_floor":["M","?","M","?","M","R","E","E","T","R","E","$","E","M","R","B",null,"M","M","?","?","M","R","M","R","T","R","M","$","M","E","R","B",null,"M","$","M","?","M","R","E","R","T","M","R","?","$","?","R","B",null],"character_chosen":"THE_SILENT","items_purchased":["Prayer Wheel","Footwork","Strange Spoon","TwistedFunnel","Bouncing Flask"],"campfire_rested":2,"item_purchase_floors":[12,29,36,47,47],"current_hp_per_floor":[63,63,63,68,68,68,56,52,52,52,44,44,32,25,25,25,63,61,59,59,59,52,52,10,32,32,54,54,54,46,35,35,14,60,60,60,55,55,58,58,53,53,53,56,56,56,56,56,56,35],"gold":12,"neow_bonus":"THREE_ENEMY_KILL","is_daily":false,"chose_seed":false,"campfire_upgraded":9,"win_rate":0.0,"timestamp":1610256901,"path_taken":["M","?","?","?","M","R","E","E","T","R","E","$","E","M","R","BOSS","M","M","?","?","M","R","?","R","T","R","M","$","M","E","R","BOSS","M","$","M","?","M","R","E","R","T","M","R","?","$","?","R","BOSS"],"items_purchased_type":["Relic","Card","Relic","Relic","Card"],"build_version":"2020-12-22","purchased_purges":2,"victory":true,"max_hp_per_floor":[70,70,70,75,75,75,75,75,75,75,75,75,75,75,75,75,75,75,75,75,75,75,75,75,75,75,75,75,75,75,75,75,75,75,75,75,75,75,75,75,75,75,75,75,75,75,75,75,75,75],"card_choices":[{"not_picked":["Flechettes","Outmaneuver"],"picked":"Catalyst","floor":1.0},{"not_picked":["Dodge and Roll","Predator"],"picked":"Noxious Fumes","floor":3.0},{"not_picked":["Flying Knee","Setup"],"picked":"Footwork","floor":5.0},{"not_picked":["Choke","Setup"],"picked":"Catalyst","floor":7.0},{"not_picked":["Riddle With Holes","Escape Plan"],"picked":"Bouncing Flask","floor":8.0},{"not_picked":["Eviscerate","Riddle With Holes"],"picked":"Noxious Fumes","floor":11.0},{"not_picked":["Sucker Punch","Concentrate"],"picked":"Crippling Poison","floor":13.0},{"not_picked":["Finisher","Deflect"],"picked":"Catalyst","floor":14.0},{"not_picked":["Reflex","Masterful Stab"],"picked":"Footwork","floor":14.0},{"not_picked":["Die Die Die","Unload"],"picked":"Wraith Form v2","floor":16.0},{"not_picked":["Quick Slash","Bane+1"],"picked":"Blur","floor":18.0},{"not_picked":["Choke","Accuracy","Endless Agony"],"picked":"SKIP","floor":18.0},{"not_picked":["Flechettes+1","Skewer"],"picked":"Noxious Fumes+1","floor":19.0},{"not_picked":["Flying Knee","Slice+1"],"picked":"Bane","floor":19.0},{"not_picked":["Catalyst","Distraction+1"],"picked":"Corpse Explosion","floor":22},{"not_picked":["All Out Attack","Backflip"],"picked":"Quick Slash","floor":22},{"not_picked":["PiercingWail","Endless Agony"],"picked":"Well Laid Plans","floor":24},{"not_picked":["Cloak And Dagger","Dagger Throw"],"picked":"Poisoned Stab+1","floor":24},{"not_picked":["Grand Finale","Underhanded Strike+1"],"picked":"Backflip","floor":28},{"not_picked":["Cloak And Dagger+1","Dash+1","Masterful Stab"],"picked":"SKIP","floor":28},{"not_picked":["Poisoned Stab","Quick Slash+1"],"picked":"Prepared+1","floor":30},{"not_picked":["Finisher","Prepared"],"picked":"Footwork","floor":30},{"not_picked":["All Out Attack","Outmaneuver","Poisoned Stab"],"picked":"SKIP","floor":31},{"not_picked":[],"picked":"Deflect+1","floor":35},{"not_picked":[],"picked":"Deflect+1","floor":35},{"not_picked":[],"picked":"Reflex","floor":37},{"not_picked":["Cloak And Dagger+1"],"picked":"SKIP","floor":37},{"not_picked":[],"picked":"Bandage Up","floor":38},{"not_picked":[],"picked":"Backstab+1","floor":39},{"not_picked":["Slice+1"],"picked":"SKIP","floor":39},{"not_picked":[],"picked":"Concentrate+1","floor":41},{"not_picked":[],"picked":"Dagger Throw+1","floor":44},{"not_picked":["Quick Slash"],"picked":"SKIP","floor":44}],"player_experience":74005,"relics_obtained":[{"floor":7.0,"key":"WingedGreaves"},{"floor":8.0,"key":"The Specimen"},{"floor":9.0,"key":"Tough Bandages"},{"floor":11.0,"key":"Lantern"},{"floor":13.0,"key":"Lizard Tail"},{"floor":26,"key":"Anchor"},{"floor":31,"key":"Juzu Bracelet"},{"floor":31,"key":"Akabeko"},{"floor":41,"key":"HornCleat"},{"floor":41,"key":"MawBank"},{"floor":43,"key":"Ninja Scroll"}],"event_choices":[{"damage_healed":0.0,"max_hp_gain":0.0,"max_hp_loss":0.0,"gold_gain":100.0,"event_name":"Golden Shrine","player_choice":"Pray","floor":2.0,"gold_loss":0.0,"damage_taken":0.0},{"damage_healed":0.0,"max_hp_gain":5.0,"max_hp_loss":0.0,"gold_gain":0.0,"event_name":"Big Fish","player_choice":"Donut","floor":4.0,"gold_loss":0.0,"damage_taken":0.0},{"damage_healed":0.0,"max_hp_gain":0.0,"max_hp_loss":0.0,"gold_gain":0.0,"event_name":"The Mausoleum","player_choice":"Opened","floor":20.0,"gold_loss":0.0,"damage_taken":0.0,"relics_obtained":["War Paint"],"cards_obtained":["Writhe"]},{"damage_healed":0.0,"max_hp_gain":0.0,"max_hp_loss":0.0,"gold_gain":0.0,"event_name":"Lab","player_choice":"Got Potions","floor":21.0,"gold_loss":0.0,"damage_taken":0.0},{"damage_healed":0,"gold_gain":0,"player_choice":"Memory 1","damage_taken":0,"max_hp_gain":0,"max_hp_loss":0,"event_name":"SensoryStone","floor":38,"gold_loss":0},{"damage_healed":0,"gold_gain":0,"player_choice":"Bought 1 Potion","damage_taken":0,"max_hp_gain":0,"max_hp_loss":0,"event_name":"The Woman in Blue","floor":46,"gold_loss":0},{"damage_healed":0,"gold_gain":0,"player_choice":"Forge","damage_taken":0,"max_hp_gain":0,"max_hp_loss":0,"event_name":"Accursed Blacksmith","floor":48,"gold_loss":0,"cards_upgraded":["Footwork"]}],"is_beta":false,"boss_relics":[{"not_picked":["Runic Pyramid","HoveringKite"],"picked":"Black Star"},{"not_picked":["Philosopher\u0027s Stone","WristBlade"],"picked":"Busted Crown"}],"items_purged_floors":[29,36],"is_endless":false,"potions_floor_spawned":[1,3,7,8,18,22,28,41,44],"ascension_level":7}}