{"host":"w5vfr18i2ft1pzo2","time":1610299112,"event":{"mods":["AchievementEnabler","Act Like it!","Aspiration","BaseMod","Better Third Choice","BetterRewards","Colored Map","Colored Powertips","Conspire","Curses Come First","DNKmod","Defuse TimeMaze Blight","Dota2Spire","Elementarium","Energized Spire","Evolution","Force Act Four","Fox Events","Friendly Minions","Gensokyo","GifTheSpireLib","Gold Saver","GungeonMod","Halation","Hallownest","Hubris","Hyrulean Relics","Infinite Spire","Jedi Mod","Marisa????????","Minty Spire (QoL Compilation)","MostiFishMod","Poor People Problems","Prisma Mod","Remilia??????","Replay The Spire","SacredBarkPlus","Small Relic Pack","Spicy Shops","Spikes Relics","StSLib","Stuff the Spire","SuperFastMode","Synergy Search","The Blue Laboratory","The Servant 0.9.4","Trackpad","Treasure Hunter","Uncapped","Wandering Minibosses","Yakumo Yukari mod","noobMod","vexMod","??????REMEMod"],"gold_per_floor":[2858,2858,1731,1747,1677,1702,1728,1107,1107,1139,1166,1198,1229,1262,1262,1343,1343,1359,1359,1359,1389,1413,1442,1476,1513,1540,1592,1626,1653,1681,1738,1738,1831,1831,2313,2313,2313,935,964,1012,1066,1112,1121,1130,1193,1231,1297,1378,1378,1554,1603,1603,1603,1603,1663,1770],"floor_reached":57,"playtime":3433,"items_purged":["EmptyBody","SashWhip","Evaluate"],"score":4063,"play_id":"98b6dd53-aed0-4cae-bd28-33b064b55753","local_time":"20210111011832","daily_mods":["Heirloom","Time Dilation","Flight","DeadlyEvents","Elite Swarm","Lethality"],"is_ascension_mode":true,"campfire_choices":[{"floor":15,"key":"RECALL"},{"floor":49,"key":"DIG"},{"data":"infinitespire:UltimateForm","floor":53,"key":"SMITH"}],"circlet_count":0,"master_deck":["AscendersBane","FollowUp","BowlingBash+1","CutThroughFate+1","Evaluate","ThirdEye+1","Eruption","Vigilance","PrismaMod:MiyuDevil+1","TalkToTheHand+1","EmptyMind+1","Consecrate+1","WheelKick","TH:BikiniMail+1","MostiFishMod:CyberBuddha","TH:CursedSword+1","MostiFishMod:Nomercy+1","TH:BikiniMail+1","TH:TreasureMap","MasterReality","TH:BikiniMail","Scrawl","TH:CopperCoins+1","MostiFishMod:StarHerder+1","TH:CursedSword+1","LessonLearned+1","TH:BikiniMail","MostiFishMod:ScryFuture+1","MostiFishMod:KamiSmash","MostiFishMod:LegendTransform","TH:BikiniMail+1","REME_CRH","Adaptation","TH:BikiniMail","MostiFishMod:StarLaLaLa","TH:TreasureMap+1","MostiFishMod:DisColor","TH:TreasureMap","Scrawl+1","TH:CopperCoins","TH:TreasureMap+1","MostiFishMod:Disappear","TH:TreasureMap","Ragnarok+1","TH:CopperCoins+1","MostiFishMod:StarOceanP","TH:BikiniMail","MostiFishMod:Dust","Adaptation","TH:CopperCoins+1","DevaForm","Eruption+1","TH:TreasureMap","MostiFishMod:Adaptation","TH:CopperCoins","Blasphemy","TH:BikiniMail","MostiFishMod:ScryFuture","TH:CopperCoins+1","infinitespire:UltimateForm+1","TH:CopperCoins","MostiFishMod:Adaptation+1","infinitespire:Collect+1","TH:TreasureMap","LessonLearned","TH:TreasureMap","Establishment","TH:TreasureMap","Vault"],"relics":["PureWater","EVO:Axolotl","DaveBox","Ring of Chaos","ice","REME_ComplimentaryCards","StuffTheSpire:Wildfire","RhineFirstAidKit","SynthV:TestCard","Hallownest:DreamNailRelic","MealTicket","Dota2Spire:LinkenSphere","Boot","Hallownest:StagBellRelic1","zeldaRelics:CourageTriforce","DemoMod:GnawedKey","halation:IllGainedPizza","StuffTheSpire:Experiment12","zeldaRelics:WisdomTriforce","zeldaRelics:PowerTriforce","VioletLotus","relicPack:DSword","Pet Ghost","infinitespire:Eraser","Potion Belt","Pocketwatch","infinitespire:Magic Flask","Jackal-EndForJourney","wanderingMiniBosses:LockLocket","StrikeDummy","ClockworkSouvenir","jedi:firstaidkit","Mercury Hourglass","Dota2Spire:AssaultCuirass","CeramicFish","hubris:Metronome","aspiration:AnachronicSnailShell","trackpad:IceCube","Bird Faced Urn","infinitespire:Lucky Rock","Unceasing Top","Durian","Prayer Wheel","Dota2Spire:BlackKingBar"],"acts_visited":["Hallownest:Greenpath","Hallownest:CityofTears","Hallownest:KingdomsEdge","TheEnding"],"potions_floor_usage":[1,10,10,12,13,33,33,33,33,35,39,55,55],"damage_taken":[{"damage":0,"enemies":"2_ Uuma","floor":1,"turns":2},{"damage":0,"enemies":"Hallownest:2_MossCreeps","floor":4,"turns":1},{"damage":0,"enemies":"Hallownest:eliteVengeflyKing","floor":6,"turns":1},{"damage":0,"enemies":"Hallownest:eliteMossKnight","floor":7,"turns":1},{"damage":0,"enemies":"Hallownest:eliteVengeflyKing","floor":10,"turns":2},{"damage":0,"enemies":"Hallownest:eliteCrystalGuardian","floor":11,"turns":2},{"damage":0,"enemies":"Hallownest:eliteVengeflyKing","floor":12,"turns":2},{"damage":0,"enemies":"Hallownest:eliteCrystalGuardian","floor":13,"turns":2},{"damage":0,"enemies":"Hallownest:eliteMossKnight","floor":14,"turns":1},{"damage":9,"enemies":"Hallownest:BossFalseKnight","floor":16,"turns":4},{"damage":0,"enemies":"Hallownest:Guard_and_Sentry","floor":18,"turns":1},{"damage":0,"enemies":"Hallownest:eliteSoulWarrior","floor":21,"turns":3},{"damage":2,"enemies":"Hallownest:Flukemon_and_Top","floor":22,"turns":3},{"damage":0,"enemies":"Hallownest:Nosk","floor":23,"turns":3},{"damage":0,"enemies":"Nightmare","floor":24,"turns":3},{"damage":8,"enemies":"Hallownest:eliteSoulWarrior","floor":25,"turns":3},{"damage":0,"enemies":"Hallownest:eliteWatcherKnight","floor":27,"turns":13},{"damage":0,"enemies":"Hallownest:eliteSoulWarrior","floor":28,"turns":3},{"damage":1,"enemies":"Hallownest:eliteWatcherKnight","floor":29,"turns":6},{"damage":0,"enemies":"Hallownest:eliteSoulWarrior","floor":30,"turns":1},{"damage":110,"enemies":"Hallownest:2_Flukemon","floor":31,"turns":11},{"damage":55,"enemies":"Hallownest:BossMantisLord","floor":33,"turns":4},{"damage":19,"enemies":"Hallownest:2_Littles","floor":35,"turns":4},{"damage":50,"enemies":"Hallownest:Shield_Heavy","floor":39,"turns":7},{"damage":5,"enemies":"Hallownest:eliteHiveKnight","floor":40,"turns":3},{"damage":24,"enemies":"Hallownest:eliteCollector","floor":41,"turns":3},{"damage":6,"enemies":"Hallownest:StalkingDevout","floor":42,"turns":2},{"damage":0,"enemies":"Hallownest:eliteHiveKnight","floor":45,"turns":7},{"damage":0,"enemies":"Nightmare","floor":46,"turns":2},{"damage":0,"enemies":"Hallownest:eliteHiveKnight","floor":47,"turns":6},{"damage":0,"enemies":"Hallownest:eliteCollector","floor":48,"turns":7},{"damage":46,"enemies":"Hallownest:BossHollowKnight","floor":50,"turns":9},{"damage":13,"enemies":"Hallownest:BossGreyPrinceZote","floor":51,"turns":3},{"damage":1,"enemies":"Shield and Spear","floor":55,"turns":3},{"damage":123,"enemies":"The Heart","floor":56,"turns":7}],"seed_played":"6004555987703755252","potions_obtained":[{"floor":1,"key":"blueLaboratory:LouseDecoction"},{"floor":10,"key":"FearPotion"},{"floor":11,"key":"SpeedPotion"},{"floor":13,"key":"BlessingOfTheForge"},{"floor":16,"key":"blueLaboratory:FrostheartPotion"},{"floor":21,"key":"blueLaboratory:EnragingPotion"},{"floor":24,"key":"blueLaboratory:PressurePotion"},{"floor":27,"key":"blueLaboratory:AbyssPotion"},{"floor":31,"key":"Energy Potion"},{"floor":35,"key":"BottledMiracle"},{"floor":40,"key":"Dexterity Potion"},{"floor":46,"key":"FearPotion"},{"floor":47,"key":"Ancient Potion"},{"floor":55,"key":"blueLaboratory:LouseDecoction"}],"is_trial":true,"path_per_floor":["M","?","$","M","?","E","E","$","T","E","E","E","E","E","R_BF","B",null,"M","?","?","E","M","E","NM","E","T","E","E","E","E","M","R_BF","B",null,"M","T","?","$","M","E","E","E","T","AVR","E","NM","E","E","R_BF","B","B",null,"R","$","E","B",null],"character_chosen":"WATCHER","items_purchased":["MealTicket","Dota2Spire:LinkenSphere","Boot","Flashbang","EmptyMind","Consecrate","MostiFishMod:Nomercy+1","DemoMod:GnawedKey","halation:IllGainedPizza","StuffTheSpire:Experiment12","ClockworkSouvenir","jedi:firstaidkit","Mercury Hourglass","Dota2Spire:AssaultCuirass","Adrenaline Potion","Swift Potion"],"campfire_rested":0,"item_purchase_floors":[3,3,3,3,3,3,8,8,8,8,38,38,38,38,38,38],"current_hp_per_floor":[78,78,78,78,78,78,78,85,85,85,85,85,85,85,85,76,83,83,48,56,56,54,54,54,46,46,46,46,45,45,102,102,47,98,79,79,89,104,66,134,112,106,106,106,106,106,118,134,139,162,165,207,207,221,223,208],"gold":1770,"neow_bonus":"","is_daily":false,"chose_seed":false,"campfire_upgraded":1,"win_rate":0.0,"timestamp":1610299112,"path_taken":["M","?","$","?","?","E","E","$","T","E","E","E","E","?","R_BF","BOSS","M","?","?","?","?","E","NM","E","T","E","E","E","E","M","R_BF","BOSS","M","?","?","$","?","E","E","E","T","AVR","E","NM","E","E","R_BF","BOSS","BOSS","R","$","E","BOSS"],"items_purchased_type":["Relic","Relic","Relic","Potion","Card","Card","Card","Relic","Relic","Relic","Relic","Relic","Relic","Relic","Potion","Potion"],"build_version":"2020-12-22","purchased_purges":3,"victory":true,"max_hp_per_floor":[85,85,85,85,85,85,85,85,85,85,85,85,85,85,85,85,85,85,85,85,85,85,85,85,85,85,85,85,85,85,102,102,115,115,121,121,121,121,132,134,136,137,137,137,141,141,144,150,155,180,221,221,221,221,228,317],"card_choices":[{"not_picked":["Protect","Halt"],"picked":"TalkToTheHand","floor":1},{"not_picked":["MostiFishMod:FlowState","Wallop","Halt","LikeWater"],"picked":"WheelKick","floor":4},{"not_picked":["TH:CursedSword","TH:ElvenBoots","TH:EnergyPotion"],"picked":"TH:BikiniMail","floor":6},{"not_picked":["Devotion","MostiFishMod:Adaptation","MostiFishMod:Disappear","Ragnarok"],"picked":"MostiFishMod:CyberBuddha","floor":6},{"not_picked":["TH:PixieDust","TH:EnergyPotion","TH:ElvenBoots"],"picked":"TH:CursedSword","floor":7},{"not_picked":["MostiFishMod:Minus","Brilliance","MostiFishMod:Pointsdynamics","MostiFishMod:Disappear","Replay:AllIn"],"picked":"SKIP","floor":7},{"not_picked":["TH:ArmorSpikes","TH:TreasureMap","TH:CursedSword"],"picked":"TH:BikiniMail","floor":9},{"not_picked":["TH:PixieDust","TH:CursedSword","TH:DeckOfManyThings"],"picked":"TH:TreasureMap","floor":10},{"not_picked":["Devotion","MostiFishMod:StarOceanP","ConjureBlade","MostiFishMod:Moonprays"],"picked":"MasterReality","floor":10},{"not_picked":["TH:TreasureMap","TH:CopperCoins","TH:PixieDust"],"picked":"TH:BikiniMail","floor":11},{"not_picked":["Devotion","Ragnarok","REME_WorshipGod","SpiritShield"],"picked":"Scrawl","floor":11},{"not_picked":["TH:ArmorSpikes","TH:Mimic","TH:DeckOfManyThings"],"picked":"TH:CopperCoins","floor":12},{"not_picked":["MostiFishMod:DustFall","Ragnarok","Alpha","MostiFishMod:StarLaLaLa"],"picked":"MostiFishMod:StarHerder","floor":12},{"not_picked":["TH:ArmorSpikes","TH:DeckOfManyThings","TH:PixieDust"],"picked":"TH:CursedSword","floor":13},{"not_picked":["DeusExMachina","MostiFishMod:StarHerder","MostiFishMod:Moonprays","MasterReality"],"picked":"LessonLearned","floor":13},{"not_picked":["TH:Mimic","TH:ArmorSpikes","TH:TreasureMap"],"picked":"TH:BikiniMail","floor":14},{"not_picked":["MasterReality","MostiFishMod:Minus","MostiFishMod:StarOceanP","Alpha"],"picked":"MostiFishMod:ScryFuture","floor":14},{"not_picked":["Devotion","Establishment","MostiFishMod:Minus","MostiFishMod:Unraveling"],"picked":"MostiFishMod:KamiSmash","floor":16},{"not_picked":["FlyingSleeves","Protect+1","EmptyFist","Evaluate"],"picked":"MostiFishMod:LegendTransform","floor":18},{"not_picked":["TH:DeckOfManyThings","TH:PixieDust","TH:ElvenBoots"],"picked":"TH:BikiniMail","floor":21},{"not_picked":["MostiFishMod:DisColor","Scrawl","Replay:LoomingThreat","Brilliance"],"picked":"REME_CRH","floor":21},{"not_picked":["MostiFishMod:PathToVictory","JustLucky","SashWhip","SignatureMove"],"picked":"Adaptation","floor":22},{"not_picked":["TH:DeckOfManyThings","TH:ArmorSpikes","TH:CopperCoins"],"picked":"TH:BikiniMail","floor":23},{"not_picked":["Scrawl","Judgement","SpiritShield","Alpha"],"picked":"MostiFishMod:StarLaLaLa","floor":23},{"not_picked":["TH:ElvenBoots","TH:DeckOfManyThings","TH:PixieDust"],"picked":"TH:TreasureMap","floor":24},{"not_picked":["MostiFishMod:StarLaLaLa","MostiFishMod:Unraveling","Scrawl","MostiFishMod:CyberBuddha"],"picked":"MostiFishMod:DisColor","floor":24},{"not_picked":["TH:Mimic","TH:EnergyPotion","TH:CursedSword"],"picked":"TH:TreasureMap","floor":25},{"not_picked":["MostiFishMod:StarLaLaLa","REME_WorshipGod","MostiFishMod:ScryFuture","MostiFishMod:DisColor"],"picked":"Scrawl","floor":25},{"not_picked":["TH:CursedSword","TH:ArmorSpikes","TH:EnergyPotion"],"picked":"TH:CopperCoins","floor":26},{"not_picked":["TH:ElvenBoots","TH:Mimic","TH:DeckOfManyThings"],"picked":"TH:TreasureMap","floor":27},{"not_picked":["Replay:LoomingThreat","MostiFishMod:KamiSmash","SpiritShield","MostiFishMod:StarOceanP"],"picked":"MostiFishMod:Disappear","floor":27},{"not_picked":["TH:PixieDust","TH:Mimic","TH:CopperCoins"],"picked":"TH:TreasureMap","floor":28},{"not_picked":["REME_CRH","MostiFishMod:StarHerder","SpiritShield","MostiFishMod:ScryFuture"],"picked":"Ragnarok","floor":28},{"not_picked":["TH:CursedSword","TH:ElvenBoots","TH:ArmorSpikes"],"picked":"TH:CopperCoins","floor":29},{"not_picked":["Wish","MostiFishMod:Minus","MostiFishMod:Pointsdynamics","MostiFishMod:DisColor"],"picked":"MostiFishMod:StarOceanP","floor":29},{"not_picked":["TH:EnergyPotion","TH:CopperCoins","TH:PixieDust"],"picked":"TH:BikiniMail","floor":30},{"not_picked":["Replay:AllIn","Replay:LoomingThreat","Alpha","Judgement"],"picked":"MostiFishMod:Dust","floor":30},{"not_picked":["Conclude","EmptyFist","Study+1","REME_MusicOfDeath","MostiFishMod:Clarity","EmptyBody"],"picked":"Adaptation","floor":31},{"not_picked":["TH:ArmorSpikes","TH:PixieDust","TH:CursedSword"],"picked":"TH:CopperCoins","floor":33},{"not_picked":["MostiFishMod:OutWit","Wish","MostiFishMod:DisColor","Ragnarok"],"picked":"DevaForm","floor":33},{"not_picked":["EmptyFist+1","WheelKick+1","FlurryOfBlows+1","FearNoEvil","Collect"],"picked":"SKIP","floor":35},{"not_picked":["TH:DeckOfManyThings","TH:Mimic","TH:ArmorSpikes","TH:PixieDust"],"picked":"SKIP","floor":36},{"not_picked":["Weave+1","BowlingBash","CrushJoints+1","Replay:Cycle","Prostrate"],"picked":"SKIP","floor":39},{"not_picked":["TH:PixieDust","TH:ArmorSpikes","TH:ElvenBoots"],"picked":"TH:TreasureMap","floor":40},{"not_picked":["MostiFishMod:Dust","REME_EmptyShield","REME_CRH","Replay:LoomingThreat"],"picked":"MostiFishMod:Adaptation","floor":40},{"not_picked":["TH:DeckOfManyThings","TH:Mimic","TH:PixieDust"],"picked":"TH:CopperCoins","floor":41},{"not_picked":["MostiFishMod:Moonprays","MostiFishMod:StarOceanP","Alpha","REME_EmptyShield"],"picked":"Blasphemy","floor":41},{"not_picked":["TH:PixieDust","TH:TreasureMap","TH:ElvenBoots"],"picked":"TH:BikiniMail","floor":42},{"not_picked":["MostiFishMod:StarOceanP","MostiFishMod:StarWish","Blasphemy","Alpha"],"picked":"MostiFishMod:ScryFuture","floor":42},{"not_picked":["TH:CursedSword","TH:ArmorSpikes","TH:DeckOfManyThings"],"picked":"TH:CopperCoins","floor":43},{"not_picked":["TH:CursedSword","TH:DeckOfManyThings","TH:PixieDust"],"picked":"TH:CopperCoins","floor":45},{"not_picked":["Wish","Judgement","REME_EmptyShield","DeusExMachina","MostiFishMod:Disappear"],"picked":"MostiFishMod:Adaptation","floor":45},{"not_picked":["infinitespire:Execution","ReplayTheSpireMod:Echoes of Time"],"picked":"infinitespire:Collect","floor":46},{"not_picked":["TH:Mimic","TH:EnergyPotion","TH:CursedSword","TH:PixieDust"],"picked":"SKIP","floor":46},{"not_picked":["MostiFishMod:Dust","Replay:LoomingThreat","REME_CRH","REME_EmptyShield","Brilliance"],"picked":"SKIP","floor":46},{"not_picked":["TH:Mimic","TH:EnergyPotion","TH:CursedSword","TH:PixieDust"],"picked":"SKIP","floor":46},{"not_picked":["MostiFishMod:Dust","Replay:LoomingThreat","REME_CRH","REME_EmptyShield","Brilliance"],"picked":"SKIP","floor":46},{"not_picked":["TH:ElvenBoots","TH:CursedSword","TH:EnergyPotion"],"picked":"TH:TreasureMap","floor":47},{"not_picked":["SpiritShield","MasterReality","DevaForm","ConjureBlade"],"picked":"LessonLearned","floor":47},{"not_picked":["TH:CursedSword","TH:Mimic","TH:DeckOfManyThings"],"picked":"TH:TreasureMap","floor":48},{"not_picked":["MostiFishMod:StarOceanP","Replay:AllIn","Alpha","MostiFishMod:DustFall"],"picked":"Establishment","floor":48},{"not_picked":["TH:EnergyPotion","TH:CursedSword","TH:CopperCoins"],"picked":"TH:TreasureMap","floor":55},{"not_picked":["ConjureBlade","Brilliance","REME_WorshipGod","MostiFishMod:StarWish"],"picked":"Vault","floor":55}],"player_experience":276185,"relics_obtained":[{"floor":1,"key":"SynthV:TestCard"},{"floor":6,"key":"zeldaRelics:CouragePiece"},{"floor":7,"key":"zeldaRelics:CouragePiece"},{"floor":10,"key":"zeldaRelics:CouragePiece"},{"floor":11,"key":"zeldaRelics:WisdomPiece"},{"floor":12,"key":"zeldaRelics:WisdomPiece"},{"floor":13,"key":"zeldaRelics:WisdomPiece"},{"floor":14,"key":"zeldaRelics:PowerPiece"},{"floor":21,"key":"zeldaRelics:PowerPiece"},{"floor":23,"key":"zeldaRelics:PowerPiece"},{"floor":24,"key":"Pet Ghost"},{"floor":25,"key":"infinitespire:Eraser"},{"floor":26,"key":"Potion Belt"},{"floor":27,"key":"Pocketwatch"},{"floor":30,"key":"infinitespire:Magic Flask"},{"floor":35,"key":"wanderingMiniBosses:LockLocket"},{"floor":36,"key":"StrikeDummy"},{"floor":40,"key":"CeramicFish"},{"floor":41,"key":"hubris:Metronome"},{"floor":42,"key":"aspiration:AnachronicSnailShell"},{"floor":45,"key":"trackpad:IceCube"},{"floor":46,"key":"Bird Faced Urn"},{"floor":47,"key":"infinitespire:Lucky Rock"},{"floor":48,"key":"Unceasing Top"},{"floor":49,"key":"Durian"},{"floor":55,"key":"Dota2Spire:BlackKingBar"}],"event_choices":[],"is_beta":false,"boss_relics":[{"not_picked":["Replay:Ancient Bell","GreenFoldingFan"],"picked":"VioletLotus"},{"not_picked":["CosmicIsotope","aspiration:ServantSkillbook"],"picked":"Jackal-EndForJourney"}],"items_purged_floors":[3,3,38],"is_endless":false,"potions_floor_spawned":[1,10,11,13,16,21,22,24,27,31,35,40,46,47,55],"ascension_level":20}}