{"host":"h23hlq20ir8sps7h","time":1610309792,"event":{"mods":["Act Like it!","Aspiration","BaseMod","BetterRewards","Colored Map","Conspire","Energized Spire","Friendly Minions","GifTheSpireLib","Halation","Hubris","Ironclad Rager","Minty Spire (QoL Compilation)","Permanent Neow","Prisma Mod","Quarter Circle Forward PUNCH!","Quick Restart","Railgun Mod","Remilia??????","Replay The Spire","SCP261 Mod","Shop Mod","Spikes Relics","StSLib","Stuff the Spire","The Animator","The Hierophant","The Problem Sleuth","The Runesmith","The Sage","Trackpad","Wandering Minibosses","vexMod"],"gold_per_floor":[110,21,34,48,64,94,94,121,147,147,161,191,191,209,209,308,408,418,436,449,464,464,498,509,509,509,388,413,413,440,440,440,541,541,557,573,573,586,586,586,618,618,618,618,633,633,633,660,660,660,660,660,582,607,607],"floor_reached":56,"playtime":5443,"items_purged":["PrismaMod:MiyuCommonAttack"],"score":1203,"play_id":"e0f53bb3-55d8-44a5-9eb7-01781884198c","local_time":"20210110121632","is_ascension_mode":true,"campfire_choices":[{"floor":7,"key":"RECALL"},{"data":"PrismaMod:MiyuUncommonDexBuff","floor":13,"key":"SMITH"},{"data":"PrismaMod:MiyuUncommonStrBuff","floor":15,"key":"SMITH"},{"data":"Discovery","floor":25,"key":"SMITH"},{"data":"PrismaMod:MiyuOrbIncreasePerm","floor":29,"key":"SMITH"},{"data":"Decay","floor":32,"key":"PURGE"},{"data":"PrismaMod:MiyuCheapChannelDefend","floor":40,"key":"SMITH"},{"data":"PrismaMod:MiyuOrbIncreasePerm","floor":42,"key":"SMITH"},{"data":"PrismaMod:MiyuCheapPlate","floor":44,"key":"SMITH"},{"data":"PrismaMod:MiyuUncommonPlate","floor":46,"key":"SMITH"},{"data":"PrismaMod:MiyuCheapChannelAttack","floor":49,"key":"SMITH"},{"data":"PrismaMod:MiyuChristmas","floor":52,"key":"SMITH"}],"circlet_count":0,"master_deck":["PrismaMod:MiyuCommonDefend","PrismaMod:MiyuCommonDefend","PrismaMod:MiyuCommonDefend","PrismaMod:MiyuCommonDefend","PrismaMod:MiyuCommonAttack","PrismaMod:MiyuCommonAttack","PrismaMod:MiyuCommonAttack","PrismaMod:MiyuCommonAttack","PrismaMod:MiyuCheapChannelAttack+1","PrismaMod:MiyuCheapChannelDefend","Discovery+1","PrismaMod:MiyuCheapChannelDefend+1","PrismaMod:MiyuOrbIncreasePerm+1","PrismaMod:MiyuUncommonDexBuff+1","PrismaMod:MiyuUberAttack","PrismaMod:MiyuUncommonStrBuff+1","PrismaMod:MiyuCarnivalDefend","PrismaMod:MiyuDevil","PrismaMod:MiyuChristmas+1","PrismaMod:MiyuAttackChannelAttack","PrismaMod:MiyuUncommonDefend","PrismaMod:MiyuCheapDefend2+1","PrismaMod:MiyuCheapDefend1+1","PrismaMod:MiyuCheapPlate+1","PrismaMod:MiyuDevil","PrismaMod:MiyuUncommonAttack+1","PrismaMod:MiyuUberAttack+1","PrismaMod:MiyuCheapDexBuff+1","PrismaMod:MiyuDefendChannelDefend+1","PrismaMod:MiyuCheapDefend2+1","PrismaMod:MiyuCheapAttack1+1","PrismaMod:MiyuDevil+1","PrismaMod:MiyuCheapDexBuff+1","Reforge+1","PrismaMod:MiyuOrbIncreasePerm+1","PrismaMod:MiyuUncommonPlate+1","PrismaMod:MiyuDevil+1","PrismaMod:MiyuUncommonStrBuff+1","PrismaMod:MiyuDefendChannelDefend+1"],"relics":["PrismaMod:PrismaSapphire","Vajra","RetroEgg","hubris:OldNail","Replay:PocketPolymizer","Replay:Wanted Poster","halation:StarCompass","conspire:DecoderRing","Golden Egg","halation:QuantumPhysicsTextbook","hubris:Metronome","aspiration:PoetsPen_weak","wanderingMiniBosses:CarrionFlame","Replay:Baseball","Torii","trackpad:DisasterInABottle","aspiration:Lifesprig"],"acts_visited":["Exordium","TheCity","TheBeyond","TheEnding"],"potions_floor_usage":[],"damage_taken":[{"damage":0,"enemies":"2 Louse","floor":1,"turns":3},{"damage":0,"enemies":"Cultist","floor":3,"turns":3},{"damage":7,"enemies":"Jaw Worm","floor":4,"turns":4},{"damage":0,"enemies":"3 Louse","floor":5,"turns":6},{"damage":0,"enemies":"Lagavulin","floor":6,"turns":9},{"damage":17,"enemies":"Gremlin Nob","floor":8,"turns":6},{"damage":1,"enemies":"Exordium Thugs","floor":11,"turns":5},{"damage":0,"enemies":"3 Sentries","floor":12,"turns":12},{"damage":0,"enemies":"Looter","floor":14,"turns":4},{"damage":6,"enemies":"The Guardian","floor":16,"turns":9},{"damage":56,"enemies":"Chosen","floor":18,"turns":7},{"damage":6,"enemies":"Shell Parasite","floor":19,"turns":6},{"damage":0,"enemies":"Centurion and Healer","floor":20,"turns":8},{"damage":3,"enemies":"Snake Plant","floor":21,"turns":5},{"damage":3,"enemies":"Book of Stabbing","floor":23,"turns":6},{"damage":1,"enemies":"Shelled Parasite and Fungi","floor":24,"turns":4},{"damage":4,"enemies":"conspire:SneckoGhost","floor":28,"turns":7},{"damage":14,"enemies":"Gremlin Leader","floor":30,"turns":8},{"damage":11,"enemies":"conspire:MysteriousRune","floor":33,"turns":10},{"damage":17,"enemies":"3 Shapes","floor":35,"turns":5},{"damage":10,"enemies":"3 Darklings","floor":36,"turns":8},{"damage":30,"enemies":"Spire Growth","floor":38,"turns":5},{"damage":0,"enemies":"Giant Head","floor":41,"turns":10},{"damage":0,"enemies":"Transient","floor":45,"turns":5},{"damage":0,"enemies":"Nemesis","floor":48,"turns":9},{"damage":0,"enemies":"Replay:Hell Engine","floor":50,"turns":10},{"damage":28,"enemies":"Shield and Spear","floor":54,"turns":9},{"damage":48,"enemies":"The Heart","floor":55,"turns":10}],"seed_played":"-6009503512094912084","potions_obtained":[{"floor":4,"key":"ColorlessPotion"},{"floor":5,"key":"SkillPotion"},{"floor":6,"key":"Milkshake"},{"floor":11,"key":"BlessingOfTheForge"},{"floor":24,"key":"sagemod:Wine"},{"floor":38,"key":"LifebloodPotion"},{"floor":41,"key":"EntropicBrew"}],"is_trial":false,"path_per_floor":["M","$","M","M","M","E","R","E","T","?","M","E","R","M","R","B",null,"M","M","M","M","?","E","M","R","T","$","E","R","E","?","R_BF","B",null,"M","M","?","M","?","R","E","R","T","R","M","R","?","E","R","B",null,"R","$","E","B",null],"character_chosen":"MIYU","items_purchased":["PrismaMod:MiyuOrbIncreasePerm","PrismaMod:MiyuUncommonDexBuff","PrismaMod:MiyuUberAttack","PrismaMod:MiyuUncommonStrBuff"],"campfire_rested":0,"item_purchase_floors":[2,2,27,53],"current_hp_per_floor":[75,75,75,72,75,75,75,62,62,62,65,69,69,73,73,75,75,19,17,21,22,22,23,26,26,26,26,30,30,24,24,24,21,75,58,56,56,34,34,34,50,50,50,50,58,58,58,66,66,74,75,75,75,51,11],"gold":607,"neow_bonus":"RANDOM_COLORLESS","is_daily":false,"chose_seed":false,"campfire_upgraded":10,"win_rate":0.0,"timestamp":1610309792,"path_taken":["M","$","M","M","M","E","R","E","T","?","?","E","R","M","R","BOSS","M","M","?","M","?","E","M","R","T","$","E","R","E","?","R_BF","BOSS","M","M","?","?","?","R","E","R","T","R","M","R","?","E","R","BOSS","R","$","E","BOSS"],"items_purchased_type":["Card","Card","Card","Card"],"build_version":"2020-12-22","purchased_purges":1,"victory":true,"max_hp_per_floor":[75,75,75,75,75,75,75,75,75,75,75,75,75,75,75,75,75,75,75,75,75,75,75,75,75,75,75,75,75,75,75,75,75,75,75,75,75,75,75,75,75,75,75,75,75,75,75,75,75,75,75,75,75,75,75],"card_choices":[{"not_picked":["Replay:Sssssssssstrike","Panacea"],"picked":"Discovery","floor":0},{"not_picked":["PrismaMod:MiyuCheapChannelVul","PrismaMod:MiyuDevil"],"picked":"PrismaMod:MiyuCheapChannelDefend","floor":1},{"not_picked":["PrismaMod:MiyuCheapPlate","PrismaMod:MiyuEvokeBuffStr"],"picked":"PrismaMod:MiyuUberAttack","floor":3},{"not_picked":["PrismaMod:MiyuDefenseRemoval","PrismaMod:MiyuAttackChannelVul"],"picked":"PrismaMod:MiyuUncommonStrBuff","floor":4},{"not_picked":["PrismaMod:MiyuDefenseExplosion","PrismaMod:MiyuAttackChannelWeak","PrismaMod:MiyuEvokeBuffStr"],"picked":"SKIP","floor":5},{"not_picked":["PrismaMod:MiyuCheapDexBuff","PrismaMod:MiyuUncommonAttack"],"picked":"PrismaMod:MiyuCarnivalDefend","floor":6},{"not_picked":["PrismaMod:MiyuCheapChannelRandom","PrismaMod:MiyuEvokeAllDefend"],"picked":"PrismaMod:MiyuDevil","floor":8},{"not_picked":["PrismaMod:MiyuEvokeAll","PrismaMod:MiyuAttackChannelVul"],"picked":"PrismaMod:MiyuChristmas","floor":11},{"not_picked":["PrismaMod:MiyuCheapStrBuff","PrismaMod:MiyuUncommonPlate"],"picked":"PrismaMod:MiyuAttackChannelAttack","floor":12},{"not_picked":["PrismaMod:MiyuCheapAttack2","PrismaMod:MiyuCheapChannelVul"],"picked":"PrismaMod:MiyuUncommonDefend","floor":14},{"not_picked":["PrismaMod:MiyuDefenseAbsorbMinor","PrismaMod:MiyuCarnivalDefend"],"picked":"PrismaMod:MiyuCheapDefend2","floor":16},{"not_picked":["PrismaMod:MiyuCheapChannelDefend","PrismaMod:MiyuCommonAOEAttack"],"picked":"PrismaMod:MiyuCheapDefend1","floor":18},{"not_picked":["PrismaMod:MiyuCheapStrBuff","PrismaMod:MiyuCheapChannelWeak","PrismaMod:MiyuMaid"],"picked":"SKIP","floor":19},{"not_picked":["PrismaMod:MiyuDefenseRemoval","PrismaMod:MiyuEvokeAllDefend"],"picked":"PrismaMod:MiyuCheapPlate","floor":20},{"not_picked":["PrismaMod:MiyuEvokeBuffDex+1","PrismaMod:MiyuCheapEvoke+1","PrismaMod:MiyuEvokeBuffStr"],"picked":"SKIP","floor":21},{"not_picked":["PrismaMod:MiyuCheapChannelDefend","PrismaMod:MiyuUncommonAttack"],"picked":"PrismaMod:MiyuDevil","floor":23},{"not_picked":["PrismaMod:MiyuCheapChannelWeak","PrismaMod:MiyuCheapChannelVul"],"picked":"PrismaMod:MiyuUncommonAttack+1","floor":24},{"not_picked":["PrismaMod:MiyuDefenseRemoval","PrismaMod:MiyuCheapChannelVul"],"picked":"PrismaMod:MiyuCheapDexBuff","floor":28},{"not_picked":["PrismaMod:MiyuCarnivalAttack","PrismaMod:MiyuEvokeCheapAttack"],"picked":"PrismaMod:MiyuDefendChannelDefend","floor":30},{"not_picked":["PrismaMod:MiyuBride","PrismaMod:MiyuChannelAttackEvoke"],"picked":"PrismaMod:MiyuCheapDefend2","floor":33},{"not_picked":["PrismaMod:MiyuEvokeBuffStr+1","PrismaMod:MiyuCheapEvoke+1"],"picked":"PrismaMod:MiyuCheapAttack1","floor":35},{"not_picked":["PrismaMod:MiyuMaid","PrismaMod:MiyuCheapChannelVul"],"picked":"PrismaMod:MiyuDevil+1","floor":36},{"not_picked":["PrismaMod:MiyuCheapChannelWeak","PrismaMod:MiyuCommonAOEAttack"],"picked":"PrismaMod:MiyuCheapDexBuff+1","floor":38},{"not_picked":["ReplayTheSpireMod:Private Reserves","Crow Ritual"],"picked":"Reforge","floor":39},{"not_picked":["PrismaMod:MiyuCarnivalAttack","PrismaMod:MiyuAttackChannelVul"],"picked":"PrismaMod:MiyuOrbIncreasePerm","floor":41},{"not_picked":["PrismaMod:MiyuCheapAttack1+1","PrismaMod:MiyuCheapAttack2"],"picked":"PrismaMod:MiyuUncommonPlate","floor":45},{"not_picked":["PrismaMod:MiyuUberDefend","PrismaMod:MiyuCheapChannelVul"],"picked":"PrismaMod:MiyuDevil+1","floor":48},{"not_picked":["PrismaMod:MiyuCheapEvoke+1","PrismaMod:MiyuDevil"],"picked":"PrismaMod:MiyuDefendChannelDefend","floor":54}],"player_experience":279236,"relics_obtained":[{"floor":6,"key":"Vajra"},{"floor":8,"key":"RetroEgg"},{"floor":12,"key":"Replay:PocketPolymizer"},{"floor":23,"key":"conspire:DecoderRing"},{"floor":26,"key":"Golden Egg"},{"floor":28,"key":"halation:QuantumPhysicsTextbook"},{"floor":30,"key":"hubris:Metronome"},{"floor":38,"key":"wanderingMiniBosses:CarrionFlame"},{"floor":41,"key":"Replay:Baseball"},{"floor":43,"key":"Torii"},{"floor":48,"key":"trackpad:DisasterInABottle"},{"floor":54,"key":"aspiration:Lifesprig"}],"event_choices":[{"damage_healed":0,"gold_gain":0,"player_choice":"Gave Potion","damage_taken":0,"relics_obtained":["hubris:OldNail"],"max_hp_gain":0,"max_hp_loss":0,"event_name":"WeMeetAgain","floor":10,"gold_loss":0},{"damage_healed":0,"gold_gain":0,"player_choice":"Smashed Altar","damage_taken":0,"max_hp_gain":0,"max_hp_loss":0,"event_name":"Forgotten Altar","floor":31,"gold_loss":0,"cards_obtained":["Decay"]},{"damage_healed":0,"gold_gain":0,"player_choice":"Ignored","damage_taken":0,"max_hp_gain":0,"max_hp_loss":0,"event_name":"SecretPortal","floor":37,"gold_loss":0},{"damage_healed":0,"gold_gain":0,"player_choice":"Memory 1","damage_taken":0,"max_hp_gain":0,"max_hp_loss":0,"event_name":"SensoryStone","floor":39,"gold_loss":0},{"cards_removed":["PrismaMod:MiyuCommonDefend"],"damage_healed":0,"gold_gain":0,"player_choice":"Card Removal","damage_taken":0,"max_hp_gain":0,"max_hp_loss":0,"event_name":"Wheel of Change","floor":47,"gold_loss":0}],"is_beta":false,"boss_relics":[{"not_picked":["energizedSpire:MagnifyingGlass","conspire:RoyalGoblet"],"picked":"Replay:Wanted Poster"},{"not_picked":["conspire:SeveredTorchhead","qcfpunch:Dark_Gi"],"picked":"aspiration:PoetsPen_weak"}],"items_purged_floors":[27],"is_endless":false,"potions_floor_spawned":[4,5,6,11,16,18,20,24,30,38,41,48],"ascension_level":1}}