{"host":"oi6p1guiqfwwvxym","time":1610257631,"event":{"mods":["BaseMod","Colored Map","Minty Spire (QoL Compilation)"],"gold_per_floor":[115,115,128,128,151,184,184,219,219,255,255,255,255,268,268,268,268],"floor_reached":16,"playtime":558,"items_purged":[],"score":212,"play_id":"f3bc5947-43d8-4829-8abe-b45b1f085d9e","local_time":"20210109214711","is_ascension_mode":true,"campfire_choices":[{"data":"Wild Strike","floor":7,"key":"SMITH"},{"data":"Carnage","floor":13,"key":"SMITH"},{"data":"Spot Weakness","floor":15,"key":"SMITH"}],"circlet_count":0,"master_deck":["AscendersBane","Strike_R","Strike_R","Strike_R","Strike_R","Defend_R","Defend_R","Defend_R","Defend_R","Bash","Pommel Strike","Cleave","Wild Strike+1","Carnage+1","Feel No Pain","Spot Weakness+1"],"relics":["Coffee Dripper","Golden Idol","Mummified Hand","CaptainsWheel","Mango","White Beast Statue"],"acts_visited":["Exordium"],"potions_floor_usage":[8],"damage_taken":[{"damage":0,"enemies":"Small Slimes","floor":1,"turns":3},{"damage":0,"enemies":"2 Louse","floor":3,"turns":2},{"damage":1,"enemies":"Cultist","floor":5,"turns":3},{"damage":21,"enemies":"Gremlin Nob","floor":6,"turns":4},{"damage":15,"enemies":"Lagavulin","floor":8,"turns":3},{"damage":10,"enemies":"3 Sentries","floor":10,"turns":5},{"damage":0,"enemies":"Exordium Wildlife","floor":14,"turns":3},{"damage":28,"enemies":"The Guardian","floor":16,"turns":7}],"seed_played":"-1841131599604286301","potions_obtained":[{"floor":5,"key":"DistilledChaos"},{"floor":14,"key":"FearPotion"}],"is_trial":false,"path_per_floor":["M","?","M","?","M","E","R","E","T","E","?","?","R","M","R","B"],"character_chosen":"IRONCLAD","items_purchased":[],"campfire_rested":0,"item_purchase_floors":[],"current_hp_per_floor":[68,68,68,61,60,39,39,24,38,28,28,28,28,28,28,0,0],"gold":268,"neow_bonus":"BOSS_RELIC","is_daily":false,"chose_seed":false,"campfire_upgraded":3,"win_rate":0.0,"timestamp":1610257631,"path_taken":["M","?","M","?","M","E","R","E","T","E","?","?","R","M","R","BOSS"],"items_purchased_type":[],"build_version":"2020-12-22","purchased_purges":0,"victory":false,"max_hp_per_floor":[75,68,68,68,68,68,68,68,82,82,82,82,82,82,82,82,82],"card_choices":[{"not_picked":["Sword Boomerang","Havoc"],"picked":"Pommel Strike","floor":1},{"not_picked":["Power Through","Shrug It Off"],"picked":"Cleave","floor":3},{"not_picked":["Body Slam","Twin Strike","Iron Wave"],"picked":"SKIP","floor":5},{"not_picked":["Warcry","Double Tap"],"picked":"Wild Strike","floor":6},{"not_picked":["Perfected Strike","Thunderclap"],"picked":"Carnage","floor":8},{"not_picked":["Clash","Seeing Red"],"picked":"Feel No Pain","floor":10},{"not_picked":["Shrug It Off","Iron Wave"],"picked":"Spot Weakness","floor":14}],"player_experience":344498,"relics_obtained":[{"floor":6,"key":"Mummified Hand"},{"floor":8,"key":"CaptainsWheel"},{"floor":9,"key":"Mango"},{"floor":10,"key":"White Beast Statue"}],"event_choices":[{"damage_healed":0,"gold_gain":0,"player_choice":"Lose Max HP","damage_taken":0,"relics_obtained":["Golden Idol"],"max_hp_gain":0,"max_hp_loss":7,"event_name":"Golden Idol","floor":2,"gold_loss":0},{"cards_removed":["Strike_R"],"damage_healed":0,"gold_gain":0,"player_choice":"Card Removal","damage_taken":7,"max_hp_gain":0,"max_hp_loss":0,"event_name":"Golden Wing","floor":4,"gold_loss":0},{"damage_healed":0,"gold_gain":0,"player_choice":"Ignored","damage_taken":0,"max_hp_gain":0,"max_hp_loss":0,"event_name":"Liars Game","floor":11,"gold_loss":0},{"damage_healed":0,"gold_gain":0,"player_choice":"Ignored","damage_taken":0,"max_hp_gain":0,"max_hp_loss":0,"event_name":"Shining Light","floor":12,"gold_loss":0}],"is_beta":false,"boss_relics":[],"items_purged_floors":[],"is_endless":false,"potions_floor_spawned":[5,14],"killed_by":"The Guardian","ascension_level":16}}