{"host":"ad59wuc8ynh8u2z6","time":1610316424,"event":{"mods":["AchievementEnabler","BaseMod","Colored Powertips","DeckTracker","Highlight Path","Minty Spire (QoL Compilation)","Permanent Neow"],"gold_per_floor":[15,26,46,46,64,64,95,113,113,144,162,189,39,55,55,159,159,178,178,191,116,133,162,176,189,266,281,292,292,292],"floor_reached":29,"playtime":1467,"items_purged":["Eruption"],"score":380,"play_id":"71638dd1-a10c-40ad-8e29-6ae5b3cb5b8c","local_time":"20210110230704","is_ascension_mode":true,"campfire_choices":[{"data":"Alpha","floor":6.0,"key":"SMITH"},{"data":"ThirdEye","floor":15.0,"key":"SMITH"}],"circlet_count":0,"master_deck":["Strike_P","Strike_P","Defend_P","Defend_P","Defend_P","Defend_P","Vigilance","Alpha+1","Pray","ThirdEye","ThirdEye","Sanctity","ThirdEye+1","Vault","ThirdEye+1","Alpha","DevaForm","Sanctity"],"relics":["HolyWater","InkBottle","Kunai","Gremlin Horn","Mercury Hourglass","Sundial","Strange Spoon","Pantograph","Bottled Lightning"],"acts_visited":["Exordium","TheCity"],"potions_floor_usage":[28],"damage_taken":[{"damage":0.0,"enemies":"Cultist","floor":1.0,"turns":3.0},{"damage":17.0,"enemies":"Small Slimes","floor":2.0,"turns":3.0},{"damage":4.0,"enemies":"Jaw Worm","floor":3.0,"turns":4.0},{"damage":10.0,"enemies":"Red Slaver","floor":5.0,"turns":5.0},{"damage":0.0,"enemies":"Lagavulin","floor":7.0,"turns":5.0},{"damage":11.0,"enemies":"Looter","floor":8.0,"turns":4.0},{"damage":10.0,"enemies":"3 Sentries","floor":10.0,"turns":3.0},{"damage":1.0,"enemies":"Blue Slaver","floor":11.0,"turns":5.0},{"damage":0.0,"enemies":"Lagavulin","floor":12.0,"turns":5.0},{"damage":0.0,"enemies":"Large Slime","floor":14.0,"turns":4.0},{"damage":25.0,"enemies":"Slime Boss","floor":16.0,"turns":5.0},{"damage":0.0,"enemies":"Chosen","floor":18.0,"turns":4.0},{"damage":0,"enemies":"2 Thieves","floor":20,"turns":2},{"damage":4,"enemies":"Snecko","floor":22,"turns":4},{"damage":19,"enemies":"Book of Stabbing","floor":23,"turns":5},{"damage":27,"enemies":"Shelled Parasite and Fungi","floor":24,"turns":5},{"damage":1,"enemies":"Sentry and Sphere","floor":25,"turns":5},{"damage":14,"enemies":"Snecko","floor":27,"turns":5},{"damage":3,"enemies":"Centurion and Healer","floor":28,"turns":4},{"damage":7,"enemies":"Gremlin Leader","floor":29,"turns":3}],"seed_played":"8514185421113153432","potions_obtained":[{"floor":3.0,"key":"SpeedPotion"},{"floor":8.0,"key":"Regen Potion"},{"floor":11.0,"key":"PowerPotion"},{"floor":14.0,"key":"SteroidPotion"},{"floor":16.0,"key":"EssenceOfSteel"},{"floor":25,"key":"EssenceOfSteel"}],"is_trial":false,"path_per_floor":["M","M","M","?","M","R","E","M","T","E","M","E","$","M","R","B",null,"M","?","M","$","M","E","M","M","T","M","M","E"],"character_chosen":"WATCHER","items_purchased":["Strange Spoon"],"campfire_rested":0,"item_purchase_floors":[13],"current_hp_per_floor":[72,55,51,44,34,34,34,23,23,13,27,27,27,27,27,2,72,72,72,72,72,68,49,22,21,21,7,4,0,0],"gold":292,"neow_bonus":"TRANSFORM_TWO_CARDS","is_daily":false,"chose_seed":false,"campfire_upgraded":2,"win_rate":0.0,"timestamp":1610316424,"path_taken":["M","?","M","?","M","R","E","M","T","E","M","E","$","M","R","BOSS","M","?","M","$","M","E","M","M","T","M","?","E"],"items_purchased_type":["Relic"],"build_version":"2020-12-22","purchased_purges":1,"victory":false,"max_hp_per_floor":[72,72,72,72,72,72,72,72,72,72,72,72,72,72,72,72,72,72,72,72,72,72,72,72,72,72,72,72,72,72],"card_choices":[{"not_picked":["FlurryOfBlows","ClearTheMind","JustLucky"],"picked":"SKIP","floor":1.0},{"not_picked":["Evaluate","Protect","Adaptation"],"picked":"SKIP","floor":2.0},{"not_picked":["SashWhip","TalkToTheHand"],"picked":"ThirdEye","floor":3.0},{"not_picked":["Meditate","WreathOfFlame"],"picked":"ThirdEye","floor":5.0},{"not_picked":["FlurryOfBlows","Establishment","FollowUp"],"picked":"SKIP","floor":7.0},{"not_picked":["Worship","BowlingBash","Indignation"],"picked":"SKIP","floor":8.0},{"not_picked":["Evaluate","CarveReality"],"picked":"Sanctity","floor":10.0},{"not_picked":["WheelKick","Worship","EmptyBody"],"picked":"SKIP","floor":11.0},{"not_picked":["SashWhip","FlurryOfBlows","Blasphemy"],"picked":"SKIP","floor":12.0},{"not_picked":["CutThroughFate","CrushJoints"],"picked":"ThirdEye","floor":14.0},{"not_picked":["DevaForm","MasterReality"],"picked":"Vault","floor":16.0},{"not_picked":["BowlingBash","CrushJoints"],"picked":"ThirdEye+1","floor":18.0},{"not_picked":["JustLucky+1","CutThroughFate+1","Swivel"],"picked":"SKIP","floor":20},{"not_picked":["Swivel","Meditate","Study"],"picked":"SKIP","floor":22},{"not_picked":["Halt","Crescendo"],"picked":"DevaForm","floor":23},{"not_picked":["EmptyBody","Sanctity","Crescendo"],"picked":"SKIP","floor":24},{"not_picked":["EmptyBody","Sanctity","Crescendo"],"picked":"SKIP","floor":24},{"not_picked":["EmptyBody","Crescendo"],"picked":"Sanctity","floor":24},{"not_picked":["Protect","Prostrate","Evaluate"],"picked":"SKIP","floor":25},{"not_picked":["JustLucky","EmptyBody","Indignation"],"picked":"SKIP","floor":27},{"not_picked":["Crescendo+1","Protect+1","Indignation"],"picked":"SKIP","floor":28}],"player_experience":53676,"relics_obtained":[{"floor":7.0,"key":"Kunai"},{"floor":9.0,"key":"Gremlin Horn"},{"floor":10.0,"key":"Mercury Hourglass"},{"floor":12.0,"key":"Sundial"},{"floor":23,"key":"Pantograph"},{"floor":26,"key":"Bottled Lightning"}],"event_choices":[{"damage_healed":0.0,"max_hp_gain":0.0,"max_hp_loss":0.0,"gold_gain":0.0,"event_name":"Scrap Ooze","player_choice":"Success","floor":4.0,"gold_loss":0.0,"damage_taken":7.0,"relics_obtained":["InkBottle"]},{"damage_healed":0.0,"max_hp_gain":0.0,"max_hp_loss":0.0,"gold_gain":0.0,"event_name":"Match and Keep!","player_choice":"1 cards matched","floor":19.0,"gold_loss":0.0,"damage_taken":0.0,"cards_obtained":["Alpha"]}],"is_beta":false,"boss_relics":[{"not_picked":["Runic Pyramid","Calling Bell"],"picked":"HolyWater"}],"items_purged_floors":[21],"is_endless":false,"potions_floor_spawned":[3,8,11,14,16,22,24,25],"killed_by":"Gremlin Leader","ascension_level":2}}