{"host":"ldbx2jhnvtia1ouf","time":1610298538,"event":{"mods":["BaseMod","Better Note","Better Sensory Stone","Better Skull","Better Third Choice","Block Reminder","Colored Map","Colored Powertips","Curses Come First","Highlight Path","Minty Spire (QoL Compilation)","Permanent Neow","Replay The Spire","Spicy Shops","StSLib","Transform Curses","Unceasing Turn Reminder"],"gold_per_floor":[112,131,131,231,242,272,272,7,7,7,39,39,55,75,75,179,179,197,213,213,232,157,189,199,209,286,303,303,95,107,119,119,219,219,230,230,230,246,263,288,304,316,370,370,63,113,113,123,123,123,123,123,23,49,49,49],"floor_reached":55,"playtime":5361,"items_purged":["Strike_R","Feed"],"score":708,"play_id":"0497a658-ff10-4c4e-999e-4b6541383b05","local_time":"20210111030858","is_ascension_mode":false,"campfire_choices":[{"floor":7,"key":"REST"},{"floor":12,"key":"REST"},{"data":"Defend_R","floor":32,"key":"PURGE"},{"floor":44,"key":"REST"},{"floor":47,"key":"RECALL"},{"data":"Barricade","floor":49,"key":"SMITH"},{"data":"Magnetism","floor":52,"key":"SMITH"}],"circlet_count":0,"master_deck":["Defend_R+1","Bash","Shrug It Off+1","Caltrops","ReplayTheSpireMod:Stacked","Iron Wave","ReplayReversal+1","Body Slam","Magnetism+1","Flame Barrier+1","Flame Barrier+1","Ghostly Armor+1","Carnage","Hemogenesis","CurseOfTheBell","Apotheosis+1","Body Slam","Shrug It Off+1","Barricade+1","Enlightenment+1","Demonic Infusion+1","Uppercut+1","Entrench+1","Parasite","Hemokinesis+1","Battle Trance+1"],"relics":["Burning Blood","Toy Ornithopter","Dream Catcher","Toxic Egg 2","Replay:Baseball","Calling Bell","War Paint","Shuriken","Replay:Kaleidoscope","Gremlin Food","Ooze Armor","ReplayTheSpireMod:Lightbulb","ReplayTheSpireMod:Spearhead","Ice Cream","Ginger","ReplayTheSpireMod:TigerMarble"],"acts_visited":["Exordium","TheCity","TheBeyond","TheEnding"],"potions_floor_usage":[6,6,14,16,21,23,33,35,38,40,41,42,50],"damage_taken":[{"damage":4,"enemies":"2 Louse","floor":1,"turns":4},{"damage":0,"enemies":"Cultist","floor":2,"turns":3},{"damage":11,"enemies":"Jaw Worm","floor":5,"turns":4},{"damage":11,"enemies":"Lagavulin","floor":6,"turns":8},{"damage":19,"enemies":"3 Sentries","floor":11,"turns":7},{"damage":12,"enemies":"Exordium Wildlife","floor":13,"turns":5},{"damage":9,"enemies":"Exordium Thugs","floor":14,"turns":6},{"damage":10,"enemies":"The Guardian","floor":16,"turns":10},{"damage":3,"enemies":"3 Byrds","floor":18,"turns":4},{"damage":14,"enemies":"Spheric Guardian","floor":19,"turns":7},{"damage":0,"enemies":"Snecko","floor":21,"turns":5},{"damage":19,"enemies":"Book of Stabbing","floor":23,"turns":5},{"damage":12,"enemies":"Chosen and Byrds","floor":24,"turns":3},{"damage":0,"enemies":"Snake Plant","floor":25,"turns":4},{"damage":0,"enemies":"Snecko","floor":27,"turns":5},{"damage":1,"enemies":"Centurion and Healer","floor":30,"turns":8},{"damage":10,"enemies":"Shelled Parasite and Fungi","floor":31,"turns":5},{"damage":15,"enemies":"Pondfish","floor":33,"turns":12},{"damage":19,"enemies":"3 Darklings","floor":35,"turns":6},{"damage":2,"enemies":"3 Shapes","floor":38,"turns":7},{"damage":20,"enemies":"Sphere and 2 Shapes","floor":39,"turns":7},{"damage":27,"enemies":"Nemesis","floor":40,"turns":9},{"damage":50,"enemies":"Transient","floor":41,"turns":5},{"damage":28,"enemies":"Writhing Mass","floor":42,"turns":6},{"damage":0,"enemies":"Mind Bloom Boss Battle","floor":46,"turns":7},{"damage":2,"enemies":"Sphere and 2 Shapes","floor":48,"turns":6},{"damage":12,"enemies":"Replay:Hell Engine","floor":50,"turns":12},{"damage":22,"enemies":"Shield and Spear","floor":54,"turns":5},{"damage":74,"enemies":"The Heart","floor":55,"turns":8}],"seed_played":"3721785912441464323","potions_obtained":[{"floor":2,"key":"Reflective Coating"},{"floor":5,"key":"Block Potion"},{"floor":13,"key":"SteroidPotion"},{"floor":14,"key":"HeartOfIron"},{"floor":18,"key":"LifebloodPotion"},{"floor":19,"key":"DistilledChaos"},{"floor":21,"key":"FearPotion"},{"floor":30,"key":"FearPotion"},{"floor":39,"key":"PowerPotion"},{"floor":40,"key":"GamblersBrew"},{"floor":42,"key":"Toxic Potion"}],"is_trial":false,"path_per_floor":["M","M","?","?","M","E","R","$","T","?","E","R","M","M","R_BF","B",null,"M","M","?","M","?","E","M","M","T","M","?","$","M","M","R_BF","B",null,"M","?","?","M","M","E","M","M","T","R","$","?","R","M","R","B",null,"R","$","E","B"],"character_chosen":"IRONCLAD","items_purchased":["ReplayReversal+1","Body Slam","Magnetism","Enlightenment+1","Ice Cream"],"campfire_rested":3,"item_purchase_floors":[8,8,8,29,45],"current_hp_per_floor":[72,72,45,45,40,45,66,66,66,59,46,67,61,63,63,64,72,72,64,64,72,72,64,58,64,64,72,72,72,72,68,68,70,72,64,64,64,76,76,60,28,18,18,42,42,67,67,84,84,89,89,89,89,73,0,0],"gold":49,"neow_bonus":"REMOVE_TWO","is_daily":false,"chose_seed":false,"campfire_upgraded":2,"win_rate":0.0,"timestamp":1610298538,"path_taken":["M","M","?","?","?","E","R","$","T","?","E","R","M","M","R_BF","BOSS","M","M","?","?","?","E","M","M","T","M","?","$","?","M","R_BF","BOSS","M","?","?","M","?","E","M","M","T","R","$","?","R","M","R","BOSS","R","$","E","BOSS"],"items_purchased_type":["Card","Card","Card","Card","Relic"],"build_version":"2020-12-22","purchased_purges":2,"victory":false,"max_hp_per_floor":[72,72,72,72,72,72,72,72,72,72,72,72,72,72,72,72,72,72,72,72,72,72,72,72,72,72,72,72,72,72,72,72,72,72,72,72,72,76,83,83,83,83,83,83,83,83,83,89,89,89,89,89,89,89,89,89],"card_choices":[{"not_picked":["Heavy Blade","Thunderclap"],"picked":"Shrug It Off","floor":1},{"not_picked":["Blood for Blood","ReplayTheSpireMod:Strike From Hell","Replay:Undeath\u0027s Touch"],"picked":"SKIP","floor":2},{"not_picked":["Cleave","ReplayTheSpireMod:Strike From Hell"],"picked":"ReplayTheSpireMod:Stacked","floor":5},{"not_picked":["Sword Boomerang","ReplayTheSpireMod:Strike From Hell","Cleave"],"picked":"SKIP","floor":6},{"not_picked":["Blood for Blood","Shrug It Off"],"picked":"Iron Wave","floor":7},{"not_picked":["Dark Embrace","Disarm+1"],"picked":"Flame Barrier+1","floor":11},{"not_picked":["Shockwave+1","Heavy Blade"],"picked":"Flame Barrier+1","floor":13},{"not_picked":["Pummel","Havoc+1"],"picked":"Ghostly Armor+1","floor":14},{"not_picked":["Bludgeon","Immolate"],"picked":"Hemogenesis","floor":16},{"not_picked":["Replay:Undeath\u0027s Touch","Clothesline+1","Perfected Strike"],"picked":"SKIP","floor":18},{"not_picked":["Feel No Pain+1","Twin Strike"],"picked":"Rage+1","floor":19},{"not_picked":["Wild Strike","True Grit+1"],"picked":"Body Slam","floor":21},{"not_picked":["Thunderclap","Pummel"],"picked":"Shrug It Off+1","floor":23},{"not_picked":["Feel No Pain+1","Iron Wave"],"picked":"Feed","floor":24},{"not_picked":["Infernal Blade+1","Cleave","Armaments+1"],"picked":"SKIP","floor":25},{"not_picked":["Pommel Strike","Anger","Iron Wave"],"picked":"SKIP","floor":27},{"not_picked":["Fire Breathing","Whirlwind+1","Body Slam"],"picked":"SKIP","floor":30},{"not_picked":["Clash","Heavy Blade","Shrug It Off+1"],"picked":"SKIP","floor":31},{"not_picked":["Eclipse+1","Offering+1"],"picked":"Demonic Infusion+1","floor":33},{"not_picked":["Shrug It Off+1","Defy Death+1","Perfected Strike"],"picked":"SKIP","floor":35},{"not_picked":["Headbutt+1","Armaments+1","Searing Blow+1"],"picked":"SKIP","floor":38},{"not_picked":["Power Through+1","Run Through","ReplayTheSpireMod:Muscle Training+1"],"picked":"SKIP","floor":39},{"not_picked":["Limit Break+1","Spot Weakness+1"],"picked":"Entrench+1","floor":40},{"not_picked":["True Grit+1","ReplayTheSpireMod:Stacked+1","ReplayTheSpireMod:LeadingStrike"],"picked":"SKIP","floor":41},{"not_picked":["Clothesline","Blood for Blood","Rage+1"],"picked":"SKIP","floor":42},{"not_picked":["Pommel Strike+1","Thunderclap"],"picked":"Hemokinesis+1","floor":46},{"not_picked":["Whirlwind+1","Rampage+1","Sword Boomerang"],"picked":"SKIP","floor":48},{"not_picked":["Twin Strike","Wild Strike+1"],"picked":"Battle Trance+1","floor":54}],"player_experience":95868,"relics_obtained":[{"floor":6,"key":"Dream Catcher"},{"floor":9,"key":"Toxic Egg 2"},{"floor":11,"key":"Replay:Baseball"},{"floor":17,"key":"War Paint"},{"floor":17,"key":"Shuriken"},{"floor":17,"key":"Replay:Kaleidoscope"},{"floor":23,"key":"Gremlin Food"},{"floor":40,"key":"ReplayTheSpireMod:Lightbulb"},{"floor":43,"key":"ReplayTheSpireMod:Spearhead"},{"floor":46,"key":"Ginger"},{"floor":54,"key":"ReplayTheSpireMod:TigerMarble"}],"event_choices":[{"damage_healed":0,"gold_gain":100,"player_choice":"Pray","damage_taken":0,"max_hp_gain":0,"max_hp_loss":0,"event_name":"Golden Shrine","floor":4,"gold_loss":0},{"cards_removed":["Strike_R"],"damage_healed":0,"gold_gain":0,"player_choice":"Card Removal","damage_taken":7,"max_hp_gain":0,"max_hp_loss":0,"event_name":"Golden Wing","floor":10,"gold_loss":0},{"cards_removed":["ReplayTheSpireMod:Stacked"],"damage_healed":0,"gold_gain":0,"player_choice":"Take \u0026 Give","damage_taken":0,"max_hp_gain":0,"max_hp_loss":0,"event_name":"betterNote:BetterNote","floor":20,"gold_loss":0,"cards_obtained":["Apotheosis"]},{"cards_removed":["Strike_R"],"damage_healed":0,"gold_gain":0,"player_choice":"Gave Gold","damage_taken":0,"max_hp_gain":0,"max_hp_loss":0,"event_name":"Beggar","floor":22,"gold_loss":75},{"damage_healed":0,"gold_gain":0,"player_choice":"1 cards matched","damage_taken":0,"max_hp_gain":0,"max_hp_loss":0,"event_name":"Match and Keep!","floor":28,"gold_loss":0,"cards_obtained":["Barricade"]},{"cards_removed":["Rage"],"damage_healed":0,"gold_gain":0,"player_choice":"Removed Skill","damage_taken":0,"max_hp_gain":0,"max_hp_loss":0,"event_name":"Falling","floor":36,"gold_loss":0},{"damage_healed":0,"gold_gain":0,"cards_transformed":["Defend_R"],"player_choice":"Transformed","damage_taken":0,"max_hp_gain":0,"max_hp_loss":0,"event_name":"Transmorgrifier","floor":37,"gold_loss":0,"cards_obtained":["Uppercut"]},{"damage_healed":0,"gold_gain":0,"player_choice":"Fight","damage_taken":0,"max_hp_gain":0,"max_hp_loss":0,"event_name":"MindBloom","floor":46,"gold_loss":0}],"is_beta":false,"boss_relics":[{"not_picked":["Honey Jar","Fusion Hammer"],"picked":"Calling Bell"},{"not_picked":["SlaversCollar","Cursed Key"],"picked":"Ooze Armor"}],"items_purged_floors":[29,53],"is_endless":false,"potions_floor_spawned":[2,5,13,14,18,19,21,30,39,40,42],"killed_by":"The Heart","ascension_level":0}}