{"host":"d61fcf2p3sjwe6yo","time":1610271571,"event":{"mods":["AchievementEnabler","BaseMod","Colored Map","Minty Spire (QoL Compilation)","StSLib","SuperFastMode"],"gold_per_floor":[114,134,59,78,88,122,139,139,164,177,177,177,209,219,219,219,219],"floor_reached":16,"playtime":497,"items_purged":["Shame"],"score":165,"play_id":"243318d4-5030-4504-92f8-571e51bf8e93","local_time":"20210110123931","is_ascension_mode":true,"campfire_choices":[{"data":"Zap","floor":8.0,"key":"SMITH"},{"floor":12.0,"key":"REST"},{"floor":15,"key":"REST"}],"circlet_count":0,"master_deck":["Strike_B","Strike_B","Strike_B","Strike_B","Defend_B","Defend_B","Defend_B","Defend_B","Zap+1","Dualcast","Ball Lightning","Capacitor","Coolheaded"],"relics":["Cracked Core","Calipers","CaptainsWheel","Juzu Bracelet","PreservedInsect"],"acts_visited":["Exordium"],"potions_floor_usage":[14,16],"damage_taken":[{"damage":1.0,"enemies":"Cultist","floor":1.0,"turns":3.0},{"damage":2.0,"enemies":"Jaw Worm","floor":2.0,"turns":3.0},{"damage":1.0,"enemies":"Small Slimes","floor":4.0,"turns":3.0},{"damage":0.0,"enemies":"Exordium Wildlife","floor":5.0,"turns":3.0},{"damage":50.0,"enemies":"3 Sentries","floor":6.0,"turns":8.0},{"damage":0.0,"enemies":"Large Slime","floor":7.0,"turns":4.0},{"damage":16.0,"enemies":"Lots of Slimes","floor":10.0,"turns":3.0},{"damage":10,"enemies":"Lagavulin","floor":13,"turns":6},{"damage":1,"enemies":"2 Fungi Beasts","floor":14,"turns":3},{"damage":47,"enemies":"The Guardian","floor":16,"turns":9}],"seed_played":"8984962540337676242","potions_obtained":[{"floor":5.0,"key":"Regen Potion"},{"floor":6.0,"key":"SteroidPotion"},{"floor":7.0,"key":"FearPotion"},{"floor":13,"key":"Block Potion"},{"floor":14,"key":"ColorlessPotion"}],"is_trial":false,"path_per_floor":["M","M","$","M","M","E","M","R","T","M","?","R","E","M","R","B"],"character_chosen":"DEFECT","items_purchased":[],"campfire_rested":2,"item_purchase_floors":[],"current_hp_per_floor":[67,65,65,64,64,29,29,29,29,13,13,35,25,24,46,0,0],"gold":219,"neow_bonus":"ONE_RARE_RELIC","is_daily":false,"chose_seed":false,"campfire_upgraded":1,"win_rate":0.0,"timestamp":1610271571,"path_taken":["M","M","$","M","M","E","M","R","T","M","?","R","E","M","R","BOSS"],"items_purchased_type":[],"build_version":"2020-12-22","purchased_purges":1,"victory":false,"max_hp_per_floor":[75,75,75,75,75,75,75,75,75,75,75,75,75,75,75,75,75],"card_choices":[{"not_picked":["Gash","Beam Cell","Rebound"],"picked":"SKIP","floor":1.0},{"not_picked":["Sweeping Beam","Coolheaded"],"picked":"Ball Lightning","floor":2.0},{"not_picked":["Storm","Double Energy","White Noise"],"picked":"SKIP","floor":4.0},{"not_picked":["Conserve Battery","Double Energy"],"picked":"Capacitor","floor":5.0},{"not_picked":["Hologram","Chaos","Creative AI"],"picked":"SKIP","floor":6.0},{"not_picked":["Beam Cell","Streamline","Recycle"],"picked":"SKIP","floor":7.0},{"not_picked":["Rebound","Redo","Skim"],"picked":"SKIP","floor":10.0},{"not_picked":["Blizzard","Consume"],"picked":"Coolheaded","floor":13},{"not_picked":["Stack","Turbo","Storm"],"picked":"SKIP","floor":14}],"player_experience":173088,"relics_obtained":[{"floor":6.0,"key":"CaptainsWheel"},{"floor":9.0,"key":"Juzu Bracelet"},{"floor":13,"key":"PreservedInsect"}],"event_choices":[{"damage_healed":0.0,"max_hp_gain":0.0,"max_hp_loss":0.0,"gold_gain":0.0,"event_name":"Scrap Ooze","player_choice":"Fled","floor":11.0,"gold_loss":0.0,"damage_taken":0.0}],"is_beta":false,"boss_relics":[],"items_purged_floors":[3],"is_endless":false,"potions_floor_spawned":[5,6,7,13,14],"killed_by":"The Guardian","ascension_level":9}}