{"host":"2c1pg2m9wpz3w4c0","time":1610244630,"event":{"mods":["AchievementEnabler","Act Like it!","Aspiration","BaseMod","Better Note","BetterRewards","Curses Come First","Disable Question Mark Monsters","Halation","Hubris","Infinite Spire","Lotus Mark","Marisa????????","Minty Spire (QoL Compilation)","Replay The Spire","StSLib","SuperFastMode","The Clintock","The Jungle","The Marked","The Runesmith","Transform Curses"],"gold_per_floor":[119,119,138,138,138,138,158,176,176,201,201,219,219,234,234,331,331,343,353,313,313,24,24,44,78,104,104,118,118,118,136,136,237,237,254,254,254],"floor_reached":36,"playtime":1100,"items_purged":[],"score":534,"play_id":"7e86c29b-67e6-4b00-92f8-f4ba42cd0807","local_time":"20210109191030","is_ascension_mode":false,"campfire_choices":[{"floor":11,"key":"REST"},{"data":"Rampage","floor":13,"key":"SMITH"},{"data":"ReplayTheSpireMod:Muscle Training","floor":15,"key":"SMITH"},{"floor":23,"key":"REST"},{"floor":27,"key":"REST"},{"data":"Anger","floor":29,"key":"SMITH"},{"data":"Spot Weakness","floor":32,"key":"SMITH"}],"circlet_count":0,"master_deck":["Strike_R","Strike_R","Strike_R","Strike_R","Defend_R","Defend_R","Defend_R","Defend_R","Bash","Shrug It Off+1","Flex+1","ReplayTheSpireMod:Stacked+1","Clothesline+1","ReplayTheSpireMod:Muscle Training","Pummel","ReplayTheSpireMod:Muscle Training+1","hubris:ReadiedAction","Flex","Warcry","Rampage+1","Sentinel","Berserk+1","Flex","Heavy Blade+1","Anger+1","Bash","Feed+1","Body Slam","Pummel","Normality","Disarm+1","Spot Weakness+1","Reaper+1","Perfected Strike+1"],"relics":["Burning Blood","Golden Egg","Happy Flower","halation:PinkSoulGem","Potion Belt","Bag of Marbles","Cursed Key","halation:LettersToHer","hubris:PeanutButter","aspiration:HiddenCompartment","halation:HeavySnake"],"acts_visited":["Exordium","theJungle:Jungle","TheBeyond"],"potions_floor_usage":[10,14,16,24,24,25,25,33],"damage_taken":[{"damage":10,"enemies":"Small Slimes","floor":1,"turns":4},{"damage":1,"enemies":"Jaw Worm","floor":3,"turns":3},{"damage":0,"enemies":"2 Louse","floor":7,"turns":2},{"damage":4,"enemies":"Red Slaver","floor":8,"turns":3},{"damage":25,"enemies":"Gremlin Nob","floor":10,"turns":4},{"damage":7,"enemies":"Gremlin Gang","floor":12,"turns":3},{"damage":4,"enemies":"Exordium Wildlife","floor":14,"turns":3},{"damage":27,"enemies":"Slime Boss","floor":16,"turns":10},{"damage":13,"enemies":"theJungle:MUSHROOMGANG","floor":18,"turns":6},{"damage":38,"enemies":"theJungle:GiantWrat","floor":19,"turns":6},{"damage":1,"enemies":"theJungle:JungleHuntersEncounter","floor":24,"turns":6},{"damage":19,"enemies":"theJungle:Cassacara","floor":25,"turns":5},{"damage":0,"enemies":"theJungle:Snecko_Cultist_And_Trap","floor":28,"turns":8},{"damage":0,"enemies":"Snake Plant","floor":31,"turns":3},{"damage":3,"enemies":"theJungle:FunGuy","floor":33,"turns":10},{"damage":13,"enemies":"Orb Walker","floor":35,"turns":3},{"damage":83,"enemies":"3 Darklings","floor":36,"turns":7}],"seed_played":"-1555749121542558198","potions_obtained":[{"floor":7,"key":"Energy Potion"},{"floor":12,"key":"Toxic Potion"},{"floor":14,"key":"ColorlessPotion"},{"floor":19,"key":"SkillPotion"},{"floor":20,"key":"GamblersBrew"},{"floor":20,"key":"PowerPotion"},{"floor":20,"key":"Elixir"},{"floor":24,"key":"PowerPotion"},{"floor":25,"key":"PowerPotion"}],"is_trial":false,"path_per_floor":["M","?","M","$","?","?","M","M","T","E","R","M","R","M","R","B",null,"M","M","?","?","$","R","M","E","T","R","M","R","$","M","R","B",null,"M","M"],"character_chosen":"IRONCLAD","items_purchased":["Golden Egg","Shrug It Off","Flex","ReplayTheSpireMod:Stacked","Clothesline","halation:LettersToHer","Feed"],"campfire_rested":3,"item_purchase_floors":[0,0,0,0,0,22,22],"current_hp_per_floor":[56,56,61,61,61,61,67,69,69,50,74,73,73,75,75,54,80,73,41,41,41,41,65,74,61,61,84,84,84,84,84,84,84,84,77,0,0],"gold":254,"neow_bonus":"","is_daily":false,"chose_seed":false,"campfire_upgraded":4,"win_rate":0.0,"timestamp":1610244630,"path_taken":["M","?","M","?","?","?","M","?","T","E","R","M","R","M","R","BOSS","M","?","?","?","$","R","M","E","T","R","M","R","?","M","R","BOSS","M","M"],"items_purchased_type":["Relic","Card","Card","Card","Card","Relic","Card"],"build_version":"2020-12-22","purchased_purges":0,"victory":false,"max_hp_per_floor":[80,80,80,80,80,80,80,80,80,80,80,80,80,80,80,80,80,80,80,80,80,80,80,84,84,84,84,84,84,84,84,84,84,84,84,84,84],"card_choices":[{"not_picked":["True Grit","Perfected Strike"],"picked":"ReplayTheSpireMod:Muscle Training","floor":1},{"not_picked":["Twin Strike","ReplayReversal"],"picked":"Pummel","floor":3},{"not_picked":["Headbutt","Blood for Blood"],"picked":"hubris:ReadiedAction","floor":7},{"not_picked":["Sword Boomerang","Perfected Strike"],"picked":"Flex","floor":8},{"not_picked":["Brutality","Abandon"],"picked":"Warcry","floor":10},{"not_picked":["Seeing Red","Reckless Charge"],"picked":"Rampage","floor":12},{"not_picked":["ReplayTheSpireMod:Strike From Hell","Wild Strike"],"picked":"Sentinel","floor":14},{"not_picked":["Immolate","Corruption"],"picked":"Berserk","floor":16},{"not_picked":["True Grit","Run Through+1"],"picked":"Flex","floor":18},{"not_picked":["hubris:CleavingFinish","Pummel"],"picked":"Heavy Blade+1","floor":19},{"not_picked":["Wild Strike","hubris:SharpeningStone"],"picked":"Body Slam","floor":24},{"not_picked":["Dark Embrace","Run Through+1"],"picked":"Pummel","floor":25},{"not_picked":["Anger+1","Clothesline+1"],"picked":"Disarm+1","floor":28},{"not_picked":["Ghostly Armor","Dark Embrace"],"picked":"Spot Weakness","floor":31},{"not_picked":["hubris:StunningStrike","Brutality"],"picked":"Reaper","floor":33},{"not_picked":["Shrug It Off","Entrench"],"picked":"Perfected Strike+1","floor":35}],"player_experience":1159740,"relics_obtained":[{"floor":2,"key":"Happy Flower"},{"floor":9,"key":"Potion Belt"},{"floor":10,"key":"Bag of Marbles"},{"floor":25,"key":"hubris:PeanutButter"},{"floor":26,"key":"halation:LettersToHer"},{"floor":26,"key":"aspiration:HiddenCompartment"}],"event_choices":[{"damage_healed":0,"gold_gain":0,"cards_transformed":["Strike_R"],"player_choice":"Transformed","damage_taken":0,"max_hp_gain":0,"max_hp_loss":0,"event_name":"Transmorgrifier","floor":6,"gold_loss":0,"cards_obtained":["ReplayTheSpireMod:Muscle Training"]},{"damage_healed":0,"gold_gain":0,"player_choice":"Bought 3 Potions","damage_taken":0,"max_hp_gain":0,"max_hp_loss":0,"event_name":"The Woman in Blue","floor":20,"gold_loss":0},{"damage_healed":0,"gold_gain":0,"player_choice":"2 cards matched","damage_taken":0,"max_hp_gain":0,"max_hp_loss":0,"event_name":"Match and Keep!","floor":21,"gold_loss":0,"cards_obtained":["Anger","Bash"]}],"is_beta":false,"boss_relics":[{"not_picked":["aspiration:DefectSkillbook","halation:Risk"],"picked":"Cursed Key"},{"not_picked":["hubris:BlackHole","aspiration:PoetsPen_weak"],"picked":"halation:HeavySnake"}],"items_purged_floors":[],"is_endless":false,"potions_floor_spawned":[7,12,14,19,24,25],"killed_by":"3 Darklings","ascension_level":0}}