{"host":"sian7qp8a9pc9xwd","time":1610277536,"event":{"mods":["BaseMod","Lobotomy","Minty Spire (QoL Compilation)","StSLib"],"gold_per_floor":[118,118,134,134,134,175,175,198,278,278,312,337,352,371,371,371,371],"floor_reached":16,"playtime":830,"items_purged":[],"score":151,"play_id":"1fdbc9f5-9bd2-413a-b7de-07f1d846f66b","local_time":"20210110061856","is_ascension_mode":true,"campfire_choices":[{"floor":7,"key":"REST"},{"floor":15,"key":"REST"}],"circlet_count":0,"master_deck":["Strike_R","Strike_R","Strike_R","Strike_R","Defend_R","Defend_R","Defend_R","Defend_R","Bash","CrumblingArmor","Body Slam","Scorched","FairyFestival","Dark Embrace","Wellcheers","Wild Strike","Alriune","Heavy Blade","BigBadWolf","Flex","RedShoes","Bloodbath","Battle Trance"],"relics":["Burning Blood","CogitoBucket","Golden Idol","PreservedInsect","Regal Pillow","Bottled Lightning","Red Skull","BehaviorAdjustment"],"acts_visited":["Exordium"],"potions_floor_usage":[16,16],"damage_taken":[{"damage":13.0,"enemies":"Jaw Worm","floor":1.0,"turns":5.0},{"damage":4.0,"enemies":"Small Slimes","floor":3.0,"turns":4.0},{"damage":30,"enemies":"Gremlin Nob","floor":6,"turns":4},{"damage":0,"enemies":"2 Louse","floor":8,"turns":1},{"damage":64,"enemies":"Lagavulin","floor":11,"turns":5},{"damage":0,"enemies":"Red Slaver","floor":12,"turns":1},{"damage":0,"enemies":"Gremlin Gang","floor":13,"turns":1},{"damage":20,"enemies":"3 Louse","floor":14,"turns":1},{"damage":66,"enemies":"The Guardian","floor":16,"turns":5}],"seed_played":"-8593532969191129379","potions_obtained":[{"floor":8,"key":"SmokeBomb"},{"floor":11,"key":"SkillPotion"},{"floor":12,"key":"Fire Potion"},{"floor":14,"key":"SkillPotion"}],"is_trial":false,"path_per_floor":["M","?","M","?","?","E","R","M","T","?","E","M","M","M","R","B"],"character_chosen":"IRONCLAD","items_purchased":[],"campfire_rested":2,"item_purchase_floors":[],"current_hp_per_floor":[65,70,72,72,65,41,79,79,79,79,22,28,34,21,59,0,0],"gold":371,"neow_bonus":"","is_daily":false,"chose_seed":false,"campfire_upgraded":0,"win_rate":0.0,"timestamp":1610277536,"path_taken":["M","?","M","?","?","E","R","M","T","?","E","?","M","M","R","BOSS"],"items_purchased_type":[],"build_version":"2020-12-22","purchased_purges":0,"victory":false,"max_hp_per_floor":[80,85,85,79,79,79,79,79,79,79,79,79,79,79,79,79,79],"card_choices":[{"not_picked":["SpiderBud","PunishingBird"],"picked":"CrumblingArmor","floor":1.0},{"not_picked":["Uppercut","True Grit"],"picked":"Body Slam","floor":1.0},{"not_picked":["MeatLantern","SpiderBud"],"picked":"Scorched","floor":3.0},{"not_picked":["Spot Weakness","Armaments","Fire Breathing"],"picked":"SKIP","floor":3.0},{"not_picked":["Murderer","BeautyBeast"],"picked":"FairyFestival","floor":6},{"not_picked":["Clothesline","Rampage"],"picked":"Dark Embrace","floor":6},{"not_picked":["OSAHOGD","Bloodbath"],"picked":"Wellcheers","floor":8},{"not_picked":["Evolve","Anger"],"picked":"Wild Strike","floor":8},{"not_picked":["CherryBlossoms","Bloodbath"],"picked":"Alriune","floor":11},{"not_picked":["Dropkick","Shockwave"],"picked":"Heavy Blade","floor":11},{"not_picked":["MeatLantern","OldLady"],"picked":"BigBadWolf","floor":12},{"not_picked":["Power Through","Bloodletting"],"picked":"Flex","floor":12},{"not_picked":["LaLuna","DespairKnight"],"picked":"RedShoes","floor":13},{"not_picked":["Iron Wave","Uppercut","Berserk"],"picked":"SKIP","floor":13},{"not_picked":["Iron Wave","Uppercut","Berserk"],"picked":"SKIP","floor":13},{"not_picked":["OldLady","BeautyBeast"],"picked":"Bloodbath","floor":14},{"not_picked":["Dual Wield","Metallicize"],"picked":"Battle Trance","floor":14}],"player_experience":657881,"relics_obtained":[{"floor":6,"key":"Regal Pillow"},{"floor":9,"key":"Bottled Lightning"},{"floor":11,"key":"Red Skull"}],"event_choices":[{"damage_healed":0.0,"max_hp_gain":5.0,"max_hp_loss":0.0,"gold_gain":0.0,"event_name":"Big Fish","player_choice":"Donut","floor":2.0,"gold_loss":0.0,"damage_taken":0.0},{"damage_healed":0.0,"max_hp_gain":0.0,"max_hp_loss":6.0,"gold_gain":0.0,"event_name":"Golden Idol","player_choice":"Lose Max HP","floor":4.0,"gold_loss":0.0,"damage_taken":0.0,"relics_obtained":["Golden Idol"]},{"damage_healed":0.0,"max_hp_gain":0.0,"max_hp_loss":0.0,"gold_gain":0.0,"event_name":"Scrap Ooze","player_choice":"Success","floor":5.0,"gold_loss":0.0,"damage_taken":7.0,"relics_obtained":["PreservedInsect"]},{"cards_removed":["Strike_R"],"damage_healed":0,"gold_gain":0,"player_choice":"Offered Basic","damage_taken":0,"max_hp_gain":0,"max_hp_loss":0,"event_name":"Bonfire Elementals","floor":10,"gold_loss":0}],"is_beta":false,"boss_relics":[],"items_purged_floors":[],"is_endless":false,"potions_floor_spawned":[8,11,12,14],"killed_by":"The Guardian","ascension_level":7}}