{"host":"i1h39d0gfh5c6uxl","time":1610297423,"event":{"mods":["AchievementEnabler","BaseMod","Colored Map","Colored Powertips","Highlight Path","Minty Spire (QoL Compilation)"],"gold_per_floor":[114,114,124,137,162,191,208,221,221,221,43,43,77,94,94,191,191,203,218,218,317,317,317,351,351,351,377,253,253,264,264,264,264,264],"floor_reached":33,"playtime":812,"items_purged":["Strike_R+1"],"score":293,"play_id":"06f0d4e8-3d29-47ce-a453-85fb2f5399ba","local_time":"20210111005023","is_ascension_mode":false,"campfire_choices":[{"data":"Bash","floor":10.0,"key":"SMITH"},{"data":"Armaments","floor":15.0,"key":"SMITH"},{"data":"Corruption","floor":23.0,"key":"SMITH"},{"floor":25.0,"key":"REST"},{"floor":32,"key":"REST"}],"circlet_count":0,"master_deck":["Strike_R+1","Strike_R+1","Defend_R+1","Defend_R+1","Defend_R+1","Bash+1","Sword Boomerang","Clothesline","Shrug It Off","Impervious","Perfected Strike","Fiend Fire","Armaments+1","Cleave","True Grit","Demon Form","Sword Boomerang","Infernal Blade","Corruption+1","Heavy Blade"],"relics":["Sozu"],"acts_visited":["Exordium","TheCity"],"potions_floor_usage":[],"damage_taken":[{"damage":2.0,"enemies":"2 Louse","floor":1.0,"turns":2.0},{"damage":1.0,"enemies":"Cultist","floor":3.0,"turns":3.0},{"damage":0.0,"enemies":"Small Slimes","floor":4.0,"turns":3.0},{"damage":16.0,"enemies":"Gremlin Nob","floor":6.0,"turns":4.0},{"damage":0.0,"enemies":"2 Fungi Beasts","floor":7.0,"turns":3.0},{"damage":0.0,"enemies":"Blue Slaver","floor":8.0,"turns":3.0},{"damage":21.0,"enemies":"Lagavulin","floor":13.0,"turns":5.0},{"damage":0.0,"enemies":"3 Louse","floor":14.0,"turns":2.0},{"damage":23.0,"enemies":"Slime Boss","floor":16.0,"turns":10.0},{"damage":11.0,"enemies":"Shell Parasite","floor":18.0,"turns":4.0},{"damage":0.0,"enemies":"Spheric Guardian","floor":19.0,"turns":4.0},{"damage":13.0,"enemies":"Book of Stabbing","floor":24.0,"turns":5.0},{"damage":49.0,"enemies":"Slavers","floor":27.0,"turns":6.0},{"damage":17,"enemies":"Cultist and Chosen","floor":30,"turns":5},{"damage":41,"enemies":"Collector","floor":33,"turns":3}],"seed_played":"-8978627940996570759","potions_obtained":[],"is_trial":false,"path_per_floor":["M","?","M","M","T","E","M","M","T","R","$","?","E","M","R","B",null,"M","M","?","?","?","R","E","R","T","E","$","T","M","?","R","B"],"character_chosen":"IRONCLAD","items_purchased":["Fiend Fire","Armaments","Heavy Blade"],"campfire_rested":2,"item_purchase_floors":[11,11,28],"current_hp_per_floor":[78,78,77,77,77,61,61,61,61,61,61,61,40,40,40,17,80,69,69,69,69,69,69,56,80,80,31,31,31,14,14,38,0,0],"gold":264,"neow_bonus":"BOSS_RELIC","is_daily":false,"chose_seed":false,"campfire_upgraded":3,"win_rate":0.0,"timestamp":1610297423,"path_taken":["M","?","?","M","?","E","M","M","T","R","$","?","E","M","R","BOSS","M","M","?","?","?","R","E","R","T","E","?","?","M","?","R","BOSS"],"items_purchased_type":["Card","Card","Card"],"build_version":"2020-12-22","purchased_purges":1,"victory":false,"max_hp_per_floor":[80,80,80,80,80,80,80,80,80,80,80,80,80,80,80,80,80,80,80,80,80,80,80,80,80,80,80,80,80,80,80,80,80,80],"card_choices":[{"not_picked":["Feel No Pain","Flex"],"picked":"Sword Boomerang","floor":1.0},{"not_picked":["Seeing Red","Thunderclap","Body Slam"],"picked":"SKIP","floor":3.0},{"not_picked":["Perfected Strike","True Grit"],"picked":"Clothesline","floor":4.0},{"not_picked":["Spot Weakness","Anger"],"picked":"Shrug It Off","floor":6.0},{"not_picked":["Metallicize","Clash"],"picked":"Impervious","floor":7.0},{"not_picked":["Power Through","Entrench"],"picked":"Perfected Strike","floor":8.0},{"not_picked":["Clothesline","Pommel Strike"],"picked":"Cleave","floor":13.0},{"not_picked":["Dual Wield","Heavy Blade"],"picked":"True Grit","floor":14.0},{"not_picked":["Offering","Feed"],"picked":"Demon Form","floor":16.0},{"not_picked":["Clothesline+1","Anger","Reckless Charge+1"],"picked":"SKIP","floor":18.0},{"not_picked":["Rupture","Cleave"],"picked":"Sword Boomerang","floor":19.0},{"not_picked":["Anger","Inflame","Perfected Strike"],"picked":"SKIP","floor":24.0},{"not_picked":["True Grit","Thunderclap","Burning Pact"],"picked":"SKIP","floor":27.0},{"not_picked":["Bloodletting","Twin Strike","Carnage"],"picked":"SKIP","floor":30}],"player_experience":1342075,"relics_obtained":[],"event_choices":[{"damage_healed":0.0,"max_hp_gain":0.0,"max_hp_loss":0.0,"gold_gain":0.0,"event_name":"WeMeetAgain","player_choice":"Ignored","floor":2.0,"gold_loss":0.0,"damage_taken":0.0},{"damage_healed":0.0,"max_hp_gain":0.0,"max_hp_loss":0.0,"gold_gain":0.0,"event_name":"Scrap Ooze","player_choice":"Fled","floor":12.0,"gold_loss":0.0,"damage_taken":0.0},{"damage_healed":0.0,"max_hp_gain":0.0,"max_hp_loss":0.0,"gold_gain":0.0,"event_name":"Back to Basics","player_choice":"Simplicity","floor":20.0,"gold_loss":0.0,"damage_taken":0.0,"cards_upgraded":["Strike_R","Strike_R","Strike_R","Strike_R","Strike_R","Defend_R","Defend_R","Defend_R","Defend_R"]},{"damage_healed":0.0,"max_hp_gain":0.0,"max_hp_loss":0.0,"gold_gain":99.0,"event_name":"Nest","player_choice":"Stole From Cult","floor":21.0,"gold_loss":0.0,"damage_taken":0.0},{"damage_healed":0.0,"max_hp_gain":0.0,"max_hp_loss":0.0,"gold_gain":0.0,"cards_transformed":["Strike_R","Defend_R"],"event_name":"Drug Dealer","player_choice":"Became Test Subject","floor":22.0,"gold_loss":0.0,"damage_taken":0.0,"cards_obtained":["Infernal Blade","Corruption"]},{"cards_removed":["Strike_R"],"damage_healed":0,"gold_gain":0,"player_choice":"Purged","damage_taken":0,"max_hp_gain":0,"max_hp_loss":0,"event_name":"Purifier","floor":31,"gold_loss":0}],"is_beta":false,"boss_relics":[{"not_picked":["Empty Cage","SacredBark","Velvet Choker"]}],"items_purged_floors":[28],"is_endless":false,"potions_floor_spawned":[1,7,13,16,19,24,27],"killed_by":"Collector","ascension_level":0}}