{"host":"50per11302020","time":1610244074,"event":{"mods":["AchievementEnabler","BaseMod","Colored Map","Minty Spire (QoL Compilation)","Relic Stats","StSLib"],"gold_per_floor":[109,8,8,25,25,60,235,235,306,323,273,292,49,67,67,145,145,165,165,240,260,270,296,296,314,314,314,343,442,456,456,456,530,530,542,542,402,415,72,20,30,30,30,65,65,79,79,112,112,112],"floor_reached":51,"playtime":2932,"items_purged":[],"score":1317,"play_id":"7abfa434-48a5-4547-aeb7-93bb47db81b6","local_time":"20210109180114","is_ascension_mode":true,"campfire_choices":[{"data":"Accuracy","floor":8.0,"key":"SMITH"},{"data":"Infinite Blades","floor":15.0,"key":"SMITH"},{"data":"Night Terror","floor":24.0,"key":"SMITH"},{"data":"Malaise","floor":27.0,"key":"SMITH"},{"floor":32.0,"key":"REST"},{"floor":45.0,"key":"REST"},{"data":"After Image","floor":49.0,"key":"SMITH"}],"circlet_count":0,"master_deck":["AscendersBane","Survivor","Neutralize","Accuracy+1","Infinite Blades+1","Blade Dance","Prepared","Blade Dance","Adrenaline","Malaise+1","Phantasmal Killer","Masterful Stab","Dagger Throw","Terror","Riddle With Holes","Backstab","Bane","Terror","Backflip","Night Terror+1","Caltrops+1","J.A.X.","Blade Dance","Sucker Punch+1","Caltrops+1","PiercingWail","After Image","Accuracy+1","Well Laid Plans","Blur","After Image+1","Panache","Backflip","Infinite Blades","Secret Weapon","Crippling Poison"],"relics":["Ring of the Snake","NeowsBlessing","Tingsha","Lizard Tail","Bottled Tornado","Paper Crane","Pandora\u0027s Box","Eternal Feather","Mercury Hourglass","Pen Nib","Runic Dome","Ornamental Fan","Sundial","Gremlin Horn"],"acts_visited":["Exordium","TheCity","TheBeyond"],"potions_floor_usage":[50],"damage_taken":[{"damage":0.0,"enemies":"Small Slimes","floor":1.0,"turns":1.0},{"damage":0.0,"enemies":"2 Louse","floor":4.0,"turns":1.0},{"damage":0.0,"enemies":"Lagavulin","floor":6.0,"turns":1.0},{"damage":0.0,"enemies":"Jaw Worm","floor":10.0,"turns":2.0},{"damage":0.0,"enemies":"Large Slime","floor":12.0,"turns":2.0},{"damage":0.0,"enemies":"Exordium Thugs","floor":14.0,"turns":2.0},{"damage":0.0,"enemies":"Slime Boss","floor":16.0,"turns":6.0},{"damage":0.0,"enemies":"Spheric Guardian","floor":18.0,"turns":2.0},{"damage":15.0,"enemies":"2 Thieves","floor":21.0,"turns":3.0},{"damage":0.0,"enemies":"Shelled Parasite and Fungi","floor":22.0,"turns":2.0},{"damage":25.0,"enemies":"Book of Stabbing","floor":23.0,"turns":3.0},{"damage":3.0,"enemies":"Centurion and Healer","floor":25.0,"turns":3.0},{"damage":26.0,"enemies":"Gremlin Leader","floor":28.0,"turns":3.0},{"damage":15.0,"enemies":"Cultist and Chosen","floor":30.0,"turns":4.0},{"damage":32.0,"enemies":"Collector","floor":33.0,"turns":5.0},{"damage":9.0,"enemies":"Orb Walker","floor":35.0,"turns":3.0},{"damage":34.0,"enemies":"3 Darklings","floor":38.0,"turns":6.0},{"damage":0.0,"enemies":"Transient","floor":41.0,"turns":5.0},{"damage":55.0,"enemies":"Reptomancer","floor":44.0,"turns":3.0},{"damage":29.0,"enemies":"Sphere and 2 Shapes","floor":46.0,"turns":3.0},{"damage":13.0,"enemies":"Nemesis","floor":48.0,"turns":5.0},{"damage":38,"enemies":"Donu and Deca","floor":50,"turns":9}],"seed_played":"3926566870444382300","potions_obtained":[{"floor":4.0,"key":"LiquidMemories"},{"floor":10.0,"key":"SkillPotion"},{"floor":23.0,"key":"Regen Potion"},{"floor":33.0,"key":"EssenceOfSteel"},{"floor":38.0,"key":"SteroidPotion"},{"floor":46.0,"key":"Fruit Juice"}],"is_trial":false,"path_per_floor":["M","$","?","M","$","E","?","R","T","M","?","M","$","M","R","B",null,"M","?","?","M","M","E","R","M","T","R","E","?","M","?","R","B",null,"M","?","$","M","$","$","M","?","T","E","R","M","?","E","R","B",null],"character_chosen":"THE_SILENT","items_purchased":["Infinite Blades","Blade Dance","Paper Crane","Well Laid Plans","Blur","After Image","Panache","Backflip"],"campfire_rested":2,"item_purchase_floors":[2,2,13,37,37,39,39,40],"current_hp_per_floor":[63,63,51,51,51,51,51,51,51,51,51,51,51,51,51,51,65,65,65,58,43,43,18,33,30,30,45,28,28,13,13,49,17,57,48,48,48,14,14,14,14,14,14,6,48,19,66,53,66,28],"gold":112,"neow_bonus":"THREE_ENEMY_KILL","is_daily":false,"chose_seed":false,"campfire_upgraded":5,"win_rate":0.0,"timestamp":1610244074,"path_taken":["M","$","?","M","$","E","?","R","T","M","?","M","$","M","R","BOSS","M","?","?","?","M","E","R","M","T","R","E","?","M","?","R","BOSS","M","?","$","M","?","$","?","?","T","E","R","M","?","E","R","BOSS"],"items_purchased_type":["Card","Card","Relic","Card","Card","Card","Card","Card"],"build_version":"2020-12-18","purchased_purges":0,"victory":true,"max_hp_per_floor":[70,70,70,70,70,70,70,70,70,70,70,70,70,70,70,70,70,70,70,70,70,70,70,70,70,70,70,70,70,70,70,70,70,70,70,70,70,70,70,70,70,70,70,70,70,70,66,66,66,66],"relic_stats":{"Lizard Tail":35,"Gremlin Horn":[1,1],"counters":[22,74],"Ornamental Fan":[32],"Sundial":[0],"Tingsha":[76],"Pandora\u0027s Box":["Phantasmal Killer","Masterful Stab","Dagger Throw","Terror","Riddle With Holes","Backstab","Bane","Terror","Backflip","Night Terror"],"Eternal Feather":79,"Pen Nib":[11],"obtain_stats":[{"NeowsBlessing":0,"Gremlin Horn":48,"Tingsha":3,"Eternal Feather":23,"Pen Nib":28,"Bottled Tornado":9,"Paper Crane":13,"Mercury Hourglass":26,"Runic Dome":34,"Lizard Tail":6,"Ornamental Fan":43,"Sundial":44,"Pandora\u0027s Box":17,"Ring of the Snake":0},{"NeowsBlessing":0,"Gremlin Horn":21,"Tingsha":1,"Eternal Feather":11,"Pen Nib":13,"Bottled Tornado":3,"Paper Crane":5,"Mercury Hourglass":12,"Runic Dome":15,"Lizard Tail":3,"Ornamental Fan":18,"Sundial":19,"Pandora\u0027s Box":7,"Ring of the Snake":0},{"NeowsBlessing":0,"Gremlin Horn":65,"Tingsha":1,"Eternal Feather":25,"Pen Nib":31,"Bottled Tornado":3,"Paper Crane":7,"Mercury Hourglass":28,"Runic Dome":40,"Lizard Tail":3,"Ornamental Fan":54,"Sundial":57,"Pandora\u0027s Box":15,"Ring of the Snake":0}],"Ring of the Snake":[44],"Mercury Hourglass":[197]},"card_choices":[{"not_picked":["Blade Dance","Deflect"],"picked":"Accuracy","floor":1.0},{"not_picked":["Flechettes","Deadly Poison"],"picked":"Prepared","floor":4.0},{"not_picked":["Dagger Throw","Deflect"],"picked":"Blade Dance","floor":6.0},{"not_picked":["Dodge and Roll","Poisoned Stab"],"picked":"Adrenaline","floor":10.0},{"not_picked":["Poisoned Stab","All Out Attack","Skewer"],"picked":"SKIP","floor":12.0},{"not_picked":["Dagger Throw","Riddle With Holes","Caltrops"],"picked":"SKIP","floor":14.0},{"not_picked":["A Thousand Cuts","Wraith Form v2"],"picked":"Malaise","floor":16.0},{"not_picked":["Quick Slash","Deadly Poison"],"picked":"Caltrops+1","floor":18.0},{"not_picked":["Acrobatics","Eviscerate"],"picked":"Blade Dance","floor":21.0},{"not_picked":["Escape Plan","Setup"],"picked":"Sucker Punch+1","floor":22.0},{"not_picked":["Bane","Heel Hook"],"picked":"Caltrops+1","floor":23.0},{"not_picked":["Quick Slash","Deadly Poison"],"picked":"PiercingWail","floor":25.0},{"not_picked":["All Out Attack","Deadly Poison","Flying Knee"],"picked":"SKIP","floor":28.0},{"not_picked":["Choke","Riddle With Holes","Catalyst"],"picked":"SKIP","floor":30.0},{"not_picked":["Malaise","Night Terror"],"picked":"After Image","floor":33.0},{"not_picked":["Dagger Throw","Riddle With Holes","Dagger Spray"],"picked":"SKIP","floor":35.0},{"not_picked":["Prepared","Flying Knee","Quick Slash"],"picked":"SKIP","floor":38.0},{"not_picked":["Blade Dance","Deadly Poison"],"picked":"Infinite Blades","floor":41.0},{"not_picked":["Deep Breath","Panacea"],"picked":"Secret Weapon","floor":42.0},{"not_picked":["Concentrate","PiercingWail","Deflect+1"],"picked":"SKIP","floor":44.0},{"not_picked":["Endless Agony","Deadly Poison","Cloak And Dagger"],"picked":"SKIP","floor":46.0},{"not_picked":["PiercingWail+1","Slice"],"picked":"Crippling Poison","floor":48.0}],"player_experience":141921,"relics_obtained":[{"floor":6.0,"key":"Lizard Tail"},{"floor":9.0,"key":"Bottled Tornado"},{"floor":23.0,"key":"Eternal Feather"},{"floor":26.0,"key":"Mercury Hourglass"},{"floor":28.0,"key":"Pen Nib"},{"floor":43.0,"key":"Ornamental Fan"},{"floor":44.0,"key":"Sundial"},{"floor":48.0,"key":"Gremlin Horn"}],"event_choices":[{"damage_healed":0.0,"max_hp_gain":0.0,"max_hp_loss":0.0,"gold_gain":0.0,"event_name":"Scrap Ooze","player_choice":"Success","floor":3.0,"gold_loss":0.0,"damage_taken":12.0,"relics_obtained":["Tingsha"]},{"damage_healed":0.0,"max_hp_gain":0.0,"max_hp_loss":0.0,"gold_gain":175.0,"event_name":"Liars Game","player_choice":"AGREE","floor":7.0,"gold_loss":0.0,"damage_taken":0.0,"cards_obtained":["Doubt"]},{"cards_removed":["Doubt"],"damage_healed":0.0,"max_hp_gain":0.0,"max_hp_loss":0.0,"gold_gain":0.0,"event_name":"The Cleric","player_choice":"Card Removal","floor":11.0,"gold_loss":50.0,"damage_taken":0.0},{"damage_healed":0.0,"max_hp_gain":0.0,"max_hp_loss":0.0,"gold_gain":0.0,"event_name":"Drug Dealer","player_choice":"Obtain J.A.X.","floor":19.0,"gold_loss":0.0,"damage_taken":0.0,"cards_obtained":["J.A.X."]},{"damage_healed":0.0,"max_hp_gain":0.0,"max_hp_loss":0.0,"gold_gain":75.0,"event_name":"FaceTrader","player_choice":"Touch","floor":20.0,"gold_loss":0.0,"damage_taken":7.0},{"damage_healed":0.0,"max_hp_gain":0.0,"max_hp_loss":0.0,"gold_gain":99.0,"event_name":"Nest","player_choice":"Stole From Cult","floor":29.0,"gold_loss":0.0,"damage_taken":0.0},{"damage_healed":0.0,"max_hp_gain":0.0,"max_hp_loss":0.0,"gold_gain":0.0,"event_name":"Vampires","player_choice":"Ignored","floor":31.0,"gold_loss":0.0,"damage_taken":0.0},{"damage_healed":0.0,"max_hp_gain":0.0,"max_hp_loss":0.0,"gold_gain":0.0,"event_name":"Duplicator","player_choice":"Copied","floor":36.0,"gold_loss":0.0,"damage_taken":0.0,"cards_obtained":["Accuracy"]},{"damage_healed":0.0,"max_hp_gain":0.0,"max_hp_loss":0.0,"gold_gain":0.0,"event_name":"SensoryStone","player_choice":"Memory 1","floor":42.0,"gold_loss":0.0,"damage_taken":0.0},{"damage_healed":61.0,"max_hp_gain":0.0,"max_hp_loss":9.0,"gold_gain":0.0,"event_name":"The Moai Head","player_choice":"Heal","floor":47.0,"gold_loss":0.0,"damage_taken":0.0}],"is_beta":true,"boss_relics":[{"not_picked":["Snecko Eye","Empty Cage"],"picked":"Pandora\u0027s Box"},{"not_picked":["Runic Pyramid","SacredBark"],"picked":"Runic Dome"}],"items_purged_floors":[],"is_endless":false,"potions_floor_spawned":[4,10,23,33,38,46],"ascension_level":13}}