{"host":"5wznv0010959mrmz","time":1610287302,"event":{"mods":["BaseMod","Highlight Path","Minty Spire (QoL Compilation)","Relic Stats"],"gold_per_floor":[216,236,249,54,66,66,78,78,78,109,109,123,48,105,105,201,201,214,214,214,230,253,296,296,29,29,29,29,52,65,109,109,203,203,223,203,224,68,92,92,92,92],"floor_reached":41,"playtime":1140,"items_purged":["Injury","Strike_G"],"score":991,"play_id":"161e829a-ade9-4dfa-86dc-839675cf19dc","local_time":"20210110080142","is_ascension_mode":true,"campfire_choices":[{"data":"Apotheosis","floor":6,"key":"SMITH"},{"data":"Die Die Die","floor":11,"key":"SMITH"},{"data":"Noxious Fumes","floor":15,"key":"SMITH"},{"floor":24,"key":"REST"},{"floor":28,"key":"REST"},{"floor":32,"key":"RECALL"},{"floor":40,"key":"REST"}],"circlet_count":0,"master_deck":["AscendersBane","Strike_G","Strike_G","Strike_G","Strike_G","Defend_G","Defend_G","Defend_G","Defend_G","Defend_G","Survivor","Neutralize","Dagger Spray","Poisoned Stab","Slice","Apotheosis+1","Noxious Fumes+1","Die Die Die+1","Corpse Explosion","Backstab","Leg Sweep+1","Catalyst","Catalyst","Night Terror","Deadly Poison","Backflip","Parasite","Backflip"],"relics":["Ring of the Snake","Golden Idol","Pantograph","Singing Bowl","Cursed Key","Letter Opener","DollysMirror","Art of War","Kunai","Fusion Hammer"],"acts_visited":["Exordium","TheCity","TheBeyond"],"potions_floor_usage":[5,5,16,22,23,33,33,39],"damage_taken":[{"damage":3,"enemies":"Cultist","floor":1,"turns":4},{"damage":1,"enemies":"Jaw Worm","floor":2,"turns":5},{"damage":1,"enemies":"2 Louse","floor":3,"turns":3},{"damage":2,"enemies":"Large Slime","floor":5,"turns":5},{"damage":23,"enemies":"Exordium Wildlife","floor":7,"turns":4},{"damage":14,"enemies":"3 Sentries","floor":10,"turns":6},{"damage":4,"enemies":"Blue Slaver","floor":12,"turns":4},{"damage":14,"enemies":"Slime Boss","floor":16,"turns":12},{"damage":11,"enemies":"2 Thieves","floor":18,"turns":3},{"damage":0,"enemies":"Chosen","floor":21,"turns":3},{"damage":34,"enemies":"Shelled Parasite and Fungi","floor":22,"turns":5},{"damage":17,"enemies":"Slavers","floor":23,"turns":3},{"damage":4,"enemies":"Snecko","floor":29,"turns":4},{"damage":2,"enemies":"Snake Plant","floor":30,"turns":3},{"damage":0,"enemies":"Gremlin Leader","floor":31,"turns":4},{"damage":57,"enemies":"Champ","floor":33,"turns":12},{"damage":16,"enemies":"Orb Walker","floor":35,"turns":3},{"damage":22,"enemies":"3 Darklings","floor":37,"turns":2},{"damage":28,"enemies":"Writhing Mass","floor":39,"turns":6},{"damage":32,"enemies":"Spire Growth","floor":41,"turns":2}],"seed_played":"3305354534765562654","potions_obtained":[{"floor":2,"key":"AttackPotion"},{"floor":3,"key":"Explosive Potion"},{"floor":12,"key":"AttackPotion"},{"floor":16,"key":"SneckoOil"},{"floor":21,"key":"Block Potion"},{"floor":23,"key":"Ancient Potion"},{"floor":29,"key":"Fruit Juice"},{"floor":33,"key":"Energy Potion"},{"floor":35,"key":"SkillPotion"}],"is_trial":false,"path_per_floor":["M","M","M","$","M","R","M","?","T","E","R","M","$","?","R","B",null,"M","?","?","M","M","E","R","$","T","?","R","M","M","E","R","B",null,"M","?","M","$","M","R","M"],"character_chosen":"THE_SILENT","items_purchased":["Apotheosis","Catalyst","DollysMirror","Block Potion","Backflip"],"campfire_rested":3,"item_purchase_floors":[4,25,25,25,38],"current_hp_per_floor":[56,55,54,54,52,52,29,29,29,17,17,15,15,15,15,26,59,50,50,50,52,20,3,25,25,25,25,47,45,45,47,47,20,70,56,56,34,34,6,32,0,0],"gold":92,"neow_bonus":"HUNDRED_GOLD","is_daily":false,"chose_seed":false,"campfire_upgraded":3,"win_rate":0.0,"timestamp":1610287302,"path_taken":["M","M","M","$","M","R","M","?","T","E","R","M","$","?","R","BOSS","M","?","?","M","M","E","R","$","T","?","R","M","?","E","R","BOSS","M","?","M","$","M","R","M"],"items_purchased_type":["Card","Card","Relic","Potion","Card"],"build_version":"2020-12-22","purchased_purges":2,"victory":false,"max_hp_per_floor":[66,66,66,66,66,66,66,66,66,68,68,70,70,70,70,70,70,72,72,72,74,76,76,76,76,76,76,76,78,80,82,82,87,87,89,89,89,89,89,89,89,89],"relic_stats":{"Singing Bowl":18,"counters":[20,93],"Golden Idol":97,"Pantograph":50,"Art of War":[4],"Letter Opener":[59],"Kunai":[9],"Cursed Key":1,"obtain_stats":[{"Singing Bowl":10,"Golden Idol":8,"DollysMirror":25,"Pantograph":9,"Fusion Hammer":34,"Art of War":26,"Letter Opener":23,"Kunai":31,"Cursed Key":17,"Ring of the Snake":0},{"Singing Bowl":6,"Golden Idol":5,"DollysMirror":12,"Pantograph":5,"Fusion Hammer":16,"Art of War":12,"Letter Opener":12,"Kunai":15,"Cursed Key":8,"Ring of the Snake":0},{"Singing Bowl":27,"Golden Idol":21,"DollysMirror":57,"Pantograph":21,"Fusion Hammer":80,"Art of War":57,"Letter Opener":57,"Kunai":68,"Cursed Key":43,"Ring of the Snake":0}],"Ring of the Snake":[40]},"card_choices":[{"not_picked":["Quick Slash","Poisoned Stab"],"picked":"Dagger Spray","floor":1},{"not_picked":["Concentrate","Cloak And Dagger"],"picked":"Poisoned Stab","floor":2},{"not_picked":["Footwork","Cloak And Dagger"],"picked":"Slice","floor":3},{"not_picked":["Dagger Spray","Deadly Poison"],"picked":"Noxious Fumes","floor":5},{"not_picked":["Prepared","Deflect"],"picked":"Die Die Die","floor":7},{"not_picked":["Dodge and Roll","Deadly Poison","Accuracy"],"picked":"Singing Bowl","floor":10},{"not_picked":["Flying Knee","Skewer","Prepared"],"picked":"Singing Bowl","floor":12},{"not_picked":["Wraith Form v2","Doppelganger"],"picked":"Corpse Explosion","floor":16},{"not_picked":["Flechettes","Cloak And Dagger+1","Quick Slash"],"picked":"Singing Bowl","floor":18},{"not_picked":["Underhanded Strike+1","Dagger Spray","PiercingWail"],"picked":"Singing Bowl","floor":21},{"not_picked":["Deflect","Concentrate","Outmaneuver"],"picked":"Singing Bowl","floor":22},{"not_picked":["Well Laid Plans+1","Bullet Time"],"picked":"Leg Sweep+1","floor":23},{"not_picked":["Cloak And Dagger","Flying Knee","Dodge and Roll"],"picked":"Singing Bowl","floor":29},{"not_picked":["Sucker Punch","Cloak And Dagger+1","Dagger Spray"],"picked":"Singing Bowl","floor":30},{"not_picked":["Predator","Poisoned Stab","Cloak And Dagger"],"picked":"Singing Bowl","floor":31},{"not_picked":["Doppelganger","Corpse Explosion"],"picked":"Night Terror","floor":33},{"not_picked":["Underhanded Strike+1","Deflect+1","Slice"],"picked":"Singing Bowl","floor":35},{"not_picked":["Dodge and Roll","All Out Attack"],"picked":"Deadly Poison","floor":37},{"not_picked":["Riddle With Holes+1","Acrobatics"],"picked":"Backflip","floor":39}],"player_experience":435672,"relics_obtained":[{"floor":9,"key":"Pantograph"},{"floor":10,"key":"Singing Bowl"},{"floor":23,"key":"Letter Opener"},{"floor":26,"key":"Art of War"},{"floor":31,"key":"Kunai"}],"event_choices":[{"damage_healed":0,"gold_gain":0,"player_choice":"Take Wound","damage_taken":0,"relics_obtained":["Golden Idol"],"max_hp_gain":0,"max_hp_loss":0,"event_name":"Golden Idol","floor":8,"gold_loss":0,"cards_obtained":["Injury"]},{"damage_healed":0,"gold_gain":57,"player_choice":"Gained Gold","damage_taken":0,"max_hp_gain":0,"max_hp_loss":0,"event_name":"Golden Wing","floor":14,"gold_loss":0},{"damage_healed":0,"gold_gain":0,"player_choice":"Ignored","damage_taken":0,"max_hp_gain":0,"max_hp_loss":0,"event_name":"Vampires","floor":19,"gold_loss":0},{"damage_healed":0,"gold_gain":0,"player_choice":"Read","damage_taken":0,"max_hp_gain":0,"max_hp_loss":0,"event_name":"The Library","floor":20,"gold_loss":0,"cards_obtained":["Backstab"]},{"cards_removed":["Writhe"],"damage_healed":0,"gold_gain":0,"player_choice":"Elegance","damage_taken":0,"max_hp_gain":0,"max_hp_loss":0,"event_name":"Back to Basics","floor":27,"gold_loss":0},{"damage_healed":0,"gold_gain":0,"player_choice":"Bought 1 Potion","damage_taken":0,"max_hp_gain":0,"max_hp_loss":0,"event_name":"The Woman in Blue","floor":36,"gold_loss":0}],"is_beta":false,"boss_relics":[{"not_picked":["Calling Bell","SlaversCollar"],"picked":"Cursed Key"},{"not_picked":["Busted Crown","HoveringKite"],"picked":"Fusion Hammer"}],"items_purged_floors":[13,38],"is_endless":false,"potions_floor_spawned":[2,3,12,16,21,23,29,33,35,37],"killed_by":"Spire Growth","ascension_level":20}}