{"host":"v44q4b4ve3ukxjf4","time":1610248260,"event":{"mods":["BaseMod","Colored Map","DeckTracker","Hermit","Keyboard Shortcuts","Minty Spire (QoL Compilation)","Quick Restart","StSLib","SuperFastMode"],"gold_per_floor":[111,36,336,5,180,214,228,228,228,228,251,276,276,297,297,395,395,380,380,360,397,132,132,132],"floor_reached":23,"playtime":1023,"items_purged":["hermit:Defend_Hermit","hermit:Defend_Hermit","hermit:Defend_Hermit"],"score":212,"play_id":"9df086b2-6c37-446a-809a-ec556ffa5ca0","local_time":"20210110121100","is_ascension_mode":false,"campfire_choices":[{"data":"hermit:Strike_Hermit","floor":10.0,"key":"PURGE"},{"data":"hermit:Spite","floor":13.0,"key":"SMITH"},{"data":"hermit:CursedWeapon","floor":15.0,"key":"SMITH"}],"circlet_count":0,"master_deck":["hermit:Snapshot","hermit:Covet","hermit:Scavenge","hermit:BigShot","Doubt","hermit:Grudge","Parasite","hermit:Gestalt","hermit:Spite+1","hermit:CursedWeapon+1","hermit:EternalForm","hermit:Brawl","hermit:GoldenBullet","hermit:Determination","hermit:Scavenge","hermit:ShadowCloak","hermit:Dive","hermit:Desperado"],"relics":["hermit:Momento","NeowsBlessing","Old Coin","ClockworkSouvenir","Juzu Bracelet","Peace Pipe","Empty Cage","Red Mask"],"acts_visited":["Exordium","TheCity"],"potions_floor_usage":[23],"damage_taken":[{"damage":0.0,"enemies":"Cultist","floor":1.0,"turns":1.0},{"damage":0.0,"enemies":"Gremlin Nob","floor":6.0,"turns":1.0},{"damage":0.0,"enemies":"2 Louse","floor":7.0,"turns":1.0},{"damage":5.0,"enemies":"Small Slimes","floor":11.0,"turns":3.0},{"damage":3.0,"enemies":"2 Fungi Beasts","floor":12.0,"turns":4.0},{"damage":14.0,"enemies":"3 Louse","floor":14.0,"turns":4.0},{"damage":47.0,"enemies":"Hexaghost","floor":16.0,"turns":9.0},{"damage":15.0,"enemies":"2 Thieves","floor":18.0,"turns":4.0},{"damage":31.0,"enemies":"Masked Bandits","floor":21.0,"turns":4.0},{"damage":29,"enemies":"Slavers","floor":23,"turns":2}],"seed_played":"8354388073857478060","potions_obtained":[{"floor":1.0,"key":"Fire Potion"},{"floor":11.0,"key":"SteroidPotion"},{"floor":12.0,"key":"ColorlessPotion"},{"floor":16.0,"key":"AttackPotion"},{"floor":18.0,"key":"Energy Potion"},{"floor":20.0,"key":"hermit:Eclipse"}],"is_trial":false,"path_per_floor":["M","$","?","$","?","E","M","?","T","R","M","M","R","M","R","B",null,"M","?","?","?","$","E"],"character_chosen":"HERMIT","items_purchased":["hermit:BigShot","ClockworkSouvenir","hermit:ShadowCloak","hermit:Dive","hermit:Desperado"],"campfire_rested":0,"item_purchase_floors":[4,4,22,22,22],"current_hp_per_floor":[75,75,68,68,68,68,68,75,75,75,70,67,67,53,53,6,75,60,60,60,29,29,0,0],"gold":132,"neow_bonus":"THREE_ENEMY_KILL","is_daily":false,"chose_seed":false,"campfire_upgraded":2,"win_rate":0.0,"timestamp":1610248260,"path_taken":["M","$","?","$","?","E","M","?","T","R","M","M","R","M","R","BOSS","M","?","?","?","$","E"],"items_purchased_type":["Card","Relic","Card","Card","Card"],"build_version":"2020-12-22","purchased_purges":3,"victory":false,"max_hp_per_floor":[75,75,75,75,75,75,75,75,75,75,75,75,75,75,75,75,75,75,75,75,75,75,75,75],"card_choices":[{"not_picked":["hermit:WideOpen","hermit:SprayPray"],"picked":"hermit:Scavenge","floor":1.0},{"not_picked":["hermit:OverwhelmingPower","hermit:Roulette"],"picked":"hermit:Grudge","floor":6.0},{"not_picked":["hermit:LoneWolf","hermit:Cheat","hermit:WideOpen"],"picked":"SKIP","floor":7.0},{"not_picked":["hermit:Snipe","hermit:LowProfile"],"picked":"hermit:Gestalt","floor":11.0},{"not_picked":["hermit:Quickdraw","hermit:LuckOfTheDraw"],"picked":"hermit:Spite","floor":12.0},{"not_picked":["hermit:Misfire","hermit:Desperado"],"picked":"hermit:CursedWeapon","floor":14.0},{"not_picked":["hermit:HighNoon","hermit:Dissolve"],"picked":"hermit:EternalForm","floor":16.0},{"not_picked":["hermit:LowProfile","hermit:Snipe"],"picked":"hermit:Brawl","floor":18.0},{"not_picked":["hermit:WideOpen","hermit:Determination"],"picked":"hermit:Scavenge","floor":21.0}],"player_experience":263611,"relics_obtained":[{"floor":6.0,"key":"Juzu Bracelet"},{"floor":9.0,"key":"Peace Pipe"},{"floor":21.0,"key":"Red Mask"}],"event_choices":[{"damage_healed":0.0,"max_hp_gain":0.0,"max_hp_loss":0.0,"gold_gain":0.0,"event_name":"Scrap Ooze","player_choice":"Success","floor":3.0,"gold_loss":0.0,"damage_taken":7.0,"relics_obtained":["Old Coin"]},{"damage_healed":0.0,"max_hp_gain":0.0,"max_hp_loss":0.0,"gold_gain":175.0,"event_name":"Liars Game","player_choice":"AGREE","floor":5.0,"gold_loss":0.0,"damage_taken":0.0,"cards_obtained":["Doubt"]},{"damage_healed":18.0,"max_hp_gain":0.0,"max_hp_loss":0.0,"gold_gain":0.0,"event_name":"Mushrooms","player_choice":"Healed and dodged fight","floor":8.0,"gold_loss":0.0,"damage_taken":0.0,"cards_obtained":["Parasite"]},{"damage_healed":0.0,"max_hp_gain":0.0,"max_hp_loss":0.0,"gold_gain":0.0,"cards_transformed":["hermit:Strike_Hermit","hermit:Defend_Hermit"],"event_name":"Drug Dealer","player_choice":"Became Test Subject","floor":19.0,"gold_loss":0.0,"damage_taken":0.0,"cards_obtained":["hermit:GoldenBullet","hermit:Determination"]},{"damage_healed":0.0,"max_hp_gain":0.0,"max_hp_loss":0.0,"gold_gain":0.0,"event_name":"The Woman in Blue","player_choice":"Bought 1 Potion","floor":20.0,"gold_loss":0.0,"damage_taken":0.0},{"damage_healed":0.0,"max_hp_gain":0.0,"max_hp_loss":0.0,"gold_gain":0.0,"event_name":"Masked Bandits","player_choice":"Fought Bandits","floor":21.0,"gold_loss":0.0,"damage_taken":0.0}],"is_beta":false,"boss_relics":[{"not_picked":["Coffee Dripper","hermit:DentedPlate"],"picked":"Empty Cage"}],"items_purged_floors":[2,4,22],"is_endless":false,"potions_floor_spawned":[1,11,12,16,18],"killed_by":"Slavers","ascension_level":0}}