{"host":"52jmisti11ysmja4","time":1610304628,"event":{"mods":["Aspiration","BaseMod","Better Third Choice","Minty Spire (QoL Compilation)","Remove Card Discount Mod","StSLib"],"gold_per_floor":[112,13,30,48,5,5,39,39,63,104,167,193,220,232,232,315,374,374,374],"floor_reached":18,"playtime":913,"items_purged":["Defend_R","Defend_R","Defend_R","Defend_R","Strike_R","Strike_R","Strike_R","Strike_R","Strike_R"],"score":360,"play_id":"50e0b4b1-a34e-4da9-8f32-fb83e88c36b0","local_time":"20210110105028","is_ascension_mode":true,"campfire_choices":[{"data":"Uppercut","floor":6,"key":"SMITH"},{"floor":15,"key":"DIG"}],"circlet_count":0,"master_deck":["AscendersBane","Bash","Inflame","Flex","Uppercut+1","Cleave","Shrug It Off","Inflame","Iron Wave","Iron Wave","Offering+1","Heavy Blade"],"relics":["Burning Blood","aspiration:Nostalgia","Ring of the Snake","CeramicFish","Bag of Preparation","Eternal Feather","Shovel","Pen Nib","Tiny House"],"acts_visited":["Exordium","TheCity"],"potions_floor_usage":[10,12,16],"damage_taken":[{"damage":1,"enemies":"Cultist","floor":1,"turns":3},{"damage":12,"enemies":"Jaw Worm","floor":3,"turns":3},{"damage":10,"enemies":"Small Slimes","floor":4,"turns":3},{"damage":14,"enemies":"Lagavulin","floor":7,"turns":5},{"damage":32,"enemies":"3 Sentries","floor":10,"turns":5},{"damage":10,"enemies":"Gremlin Nob","floor":12,"turns":4},{"damage":3,"enemies":"Looter","floor":13,"turns":3},{"damage":43,"enemies":"Exordium Thugs","floor":14,"turns":5},{"damage":12,"enemies":"The Guardian","floor":16,"turns":7},{"damage":6,"enemies":"3 Byrds","floor":18,"turns":2}],"seed_played":"5814637091649449171","potions_obtained":[{"floor":3,"key":"CultistPotion"},{"floor":10,"key":"Block Potion"},{"floor":12,"key":"FairyPotion"},{"floor":14,"key":"Strength Potion"},{"floor":17,"key":"SteroidPotion"}],"is_trial":false,"path_per_floor":["M","$","M","M","$","R","E","?","T","E","?","E","M","M","R","B",null,"M"],"character_chosen":"IRONCLAD","items_purchased":["Inflame","Flex","Shrug It Off"],"campfire_rested":0,"item_purchase_floors":[2,2,5],"current_hp_per_floor":[73,73,67,63,63,63,55,59,59,33,33,29,32,28,34,28,68,62,62],"gold":374,"neow_bonus":"NOSTALGIA","is_daily":false,"chose_seed":false,"campfire_upgraded":1,"win_rate":0.0,"timestamp":1610304628,"path_taken":["M","$","M","M","$","R","E","?","T","E","?","E","?","M","R","BOSS","M"],"items_purchased_type":["Card","Card","Card"],"build_version":"2020-12-22","purchased_purges":9,"victory":false,"max_hp_per_floor":[75,75,75,75,75,75,75,75,75,75,75,75,75,75,75,75,80,80,80],"card_choices":[{"not_picked":["Clothesline","Wild Strike","Shockwave"],"picked":"SKIP","floor":1},{"not_picked":["Spot Weakness","Perfected Strike"],"picked":"Uppercut","floor":3},{"not_picked":["Sentinel","Burning Pact"],"picked":"Cleave","floor":4},{"not_picked":["Flex","Warcry"],"picked":"Inflame","floor":7},{"not_picked":["Pummel","Immolate"],"picked":"Iron Wave","floor":10},{"not_picked":["Body Slam","Carnage","Clash"],"picked":"SKIP","floor":12},{"not_picked":["Cleave","Clothesline"],"picked":"Iron Wave","floor":13},{"not_picked":["Body Slam","Immolate","Uppercut"],"picked":"SKIP","floor":14},{"not_picked":["Corruption","Fiend Fire"],"picked":"Offering","floor":16},{"not_picked":["Havoc","Shrug It Off"],"picked":"Heavy Blade","floor":17}],"player_experience":474450,"relics_obtained":[{"floor":7,"key":"CeramicFish"},{"floor":9,"key":"Bag of Preparation"},{"floor":10,"key":"Eternal Feather"},{"floor":12,"key":"Shovel"},{"floor":15,"key":"Pen Nib"}],"event_choices":[{"damage_healed":0,"gold_gain":63,"player_choice":"Gained Gold","damage_taken":0,"max_hp_gain":0,"max_hp_loss":0,"event_name":"Golden Wing","floor":11,"gold_loss":0}],"is_beta":false,"boss_relics":[{"not_picked":["Empty Cage","Fusion Hammer"],"picked":"Tiny House"}],"items_purged_floors":[5,5,5,5,5,5,5,5,5],"is_endless":false,"potions_floor_spawned":[3,10,12,14],"killed_by":"3 Byrds","ascension_level":20}}