{"host":"2qv44oxt58ptq59r","time":1610297895,"event":{"mods":["AchievementEnabler","BaseMod","Colored Powertips","Highlight Path","Minty Spire (QoL Compilation)","Permanent Neow","StSLib"],"gold_per_floor":[112,131,35,49,61,96,96,96,123,149,161,35,47,60,60,163,163,176,209,224,243,20,59,87,87,87,87,11,30,30,50,50,162,162,189,213,222,249,258,258,285,285,361,361,361],"floor_reached":44,"playtime":6687,"items_purged":[],"score":497,"play_id":"a519a6fc-5634-4c82-92d1-b775e1168e44","local_time":"20210110165815","is_ascension_mode":false,"campfire_choices":[{"data":"Bash","floor":8,"key":"SMITH"},{"data":"Whirlwind","floor":15,"key":"SMITH"},{"data":"Juggernaut","floor":25,"key":"SMITH"},{"floor":30,"key":"RECALL"},{"data":"Panache","floor":32,"key":"SMITH"},{"data":"Limit Break","floor":40,"key":"SMITH"},{"data":"Demon Form","floor":42,"key":"SMITH"}],"circlet_count":0,"master_deck":["Strike_R","Strike_R","Strike_R","Strike_R","Defend_R","Defend_R","Defend_R","Defend_R","Bash+1","Cleave","Pommel Strike","Clothesline","Whirlwind+1","Juggernaut+1","Thunderclap","Rage","Panache+1","Rage+1","Inflame","Inflame","Reaper","Limit Break+1","Heavy Blade","Carnage","Blind","Shrug It Off+1","Demon Form+1"],"relics":["Black Blood","Art of War","Bag of Preparation","PreservedInsect","Toy Ornithopter","Mummified Hand","Mark of Pain","Red Mask","CeramicFish","Paper Frog","Omamori","Magic Flower"],"acts_visited":["Exordium","TheCity","TheBeyond"],"potions_floor_usage":[5,6,11,14,16,16,23,24,31,33,36],"damage_taken":[{"damage":6,"enemies":"Cultist","floor":1,"turns":3},{"damage":7,"enemies":"Small Slimes","floor":2,"turns":5},{"damage":3,"enemies":"2 Louse","floor":4,"turns":3},{"damage":4,"enemies":"Blue Slaver","floor":5,"turns":4},{"damage":16,"enemies":"3 Sentries","floor":6,"turns":7},{"damage":5,"enemies":"Gremlin Nob","floor":10,"turns":3},{"damage":9,"enemies":"Exordium Thugs","floor":11,"turns":3},{"damage":16,"enemies":"Large Slime","floor":13,"turns":4},{"damage":1,"enemies":"2 Fungi Beasts","floor":14,"turns":3},{"damage":44,"enemies":"The Guardian","floor":16,"turns":14},{"damage":10,"enemies":"Chosen","floor":18,"turns":4},{"damage":0,"enemies":"Masked Bandits","floor":19,"turns":2},{"damage":17,"enemies":"2 Thieves","floor":20,"turns":3},{"damage":7,"enemies":"Snake Plant","floor":21,"turns":3},{"damage":0,"enemies":"Slavers","floor":23,"turns":2},{"damage":0,"enemies":"Sentry and Sphere","floor":24,"turns":3},{"damage":10,"enemies":"Snecko","floor":29,"turns":3},{"damage":15,"enemies":"Shelled Parasite and Fungi","floor":31,"turns":4},{"damage":85,"enemies":"Collector","floor":33,"turns":9},{"damage":2,"enemies":"Orb Walker","floor":35,"turns":2},{"damage":1,"enemies":"3 Shapes","floor":36,"turns":3},{"damage":23,"enemies":"Jaw Worm Horde","floor":38,"turns":3},{"damage":35,"enemies":"Nemesis","floor":41,"turns":7},{"damage":49,"enemies":"Sphere and 2 Shapes","floor":44,"turns":5}],"seed_played":"-5950638146026332610","potions_obtained":[{"floor":10,"key":"Energy Potion"},{"floor":11,"key":"Swift Potion"},{"floor":13,"key":"FearPotion"},{"floor":14,"key":"CultistPotion"},{"floor":16,"key":"Fire Potion"},{"floor":19,"key":"SmokeBomb"},{"floor":23,"key":"ColorlessPotion"},{"floor":33,"key":"SkillPotion"}],"is_trial":false,"path_per_floor":["M","M","$","M","M","E","T","R","T","E","M","$","M","M","R","B",null,"M","?","M","M","$","E","M","R","T","?","$","M","R","M","R","B",null,"M","M","?","M","?","R","E","R","T","M"],"character_chosen":"IRONCLAD","items_purchased":["AttackPotion","Weak Potion","BloodPotion","Rage","Panache","Block Potion","Inflame","PowerPotion"],"campfire_rested":0,"item_purchase_floors":[3,3,12,12,22,22,28,28],"current_hp_per_floor":[80,79,79,80,80,70,70,70,70,71,73,73,63,80,80,52,80,76,80,69,68,68,79,80,80,80,80,80,76,76,80,80,16,80,80,80,80,69,69,69,46,46,46,0,0],"gold":361,"neow_bonus":"RANDOM_COMMON_RELIC","is_daily":false,"chose_seed":false,"campfire_upgraded":6,"win_rate":0.0,"timestamp":1610297895,"path_taken":["M","M","$","M","M","E","?","R","T","E","?","$","M","M","R","BOSS","M","?","M","M","$","E","M","R","T","?","$","?","R","M","R","BOSS","M","M","?","M","?","R","E","R","T","?"],"items_purchased_type":["Potion","Potion","Potion","Card","Card","Potion","Card","Potion"],"build_version":"2020-12-22","purchased_purges":0,"victory":false,"max_hp_per_floor":[80,80,80,80,80,80,80,80,80,80,80,80,80,80,80,80,80,80,80,80,80,80,80,80,80,80,80,80,80,80,80,80,80,80,80,80,80,80,80,80,80,80,80,80,80],"card_choices":[{"not_picked":["Twin Strike","Searing Blow","Warcry"],"picked":"SKIP","floor":1},{"not_picked":["Warcry","Flame Barrier"],"picked":"Cleave","floor":2},{"not_picked":["Fire Breathing","Twin Strike"],"picked":"Pommel Strike","floor":4},{"not_picked":["Second Wind","Heavy Blade","Ghostly Armor"],"picked":"SKIP","floor":5},{"not_picked":["Pommel Strike","Twin Strike","Wild Strike"],"picked":"SKIP","floor":6},{"not_picked":["Cleave","True Grit"],"picked":"Clothesline","floor":10},{"not_picked":["Clothesline","Headbutt"],"picked":"Whirlwind","floor":11},{"not_picked":["Bludgeon","Wild Strike","Pommel Strike"],"picked":"SKIP","floor":13},{"not_picked":["Heavy Blade","Flame Barrier","Clash"],"picked":"SKIP","floor":14},{"not_picked":["Double Tap","Limit Break"],"picked":"Juggernaut","floor":16},{"not_picked":["Second Wind+1","Rampage","Shrug It Off"],"picked":"SKIP","floor":18},{"not_picked":["Power Through+1","Carnage"],"picked":"Thunderclap","floor":19},{"not_picked":["Rampage","Whirlwind"],"picked":"Rage","floor":20},{"not_picked":["Second Wind","Twin Strike","Rupture+1"],"picked":"SKIP","floor":21},{"not_picked":["Flex","Reckless Charge+1"],"picked":"Rage+1","floor":23},{"not_picked":["Pommel Strike+1","Warcry+1"],"picked":"Inflame","floor":24},{"not_picked":["Dual Wield","Armaments"],"picked":"Reaper","floor":29},{"not_picked":["Infernal Blade","Searing Blow","Pommel Strike"],"picked":"SKIP","floor":31},{"not_picked":["Bludgeon","Fiend Fire"],"picked":"Limit Break","floor":33},{"not_picked":["Shrug It Off+1","Cleave+1"],"picked":"Heavy Blade","floor":35},{"not_picked":["Reckless Charge","Pommel Strike"],"picked":"Carnage","floor":36},{"not_picked":["Dramatic Entrance","Violence"],"picked":"Blind","floor":37},{"not_picked":["Warcry+1","Sword Boomerang+1"],"picked":"Shrug It Off+1","floor":38},{"not_picked":["Berserk","Havoc+1","Warcry+1"],"picked":"SKIP","floor":41}],"player_experience":5281901,"relics_obtained":[{"floor":6,"key":"Bag of Preparation"},{"floor":7,"key":"PreservedInsect"},{"floor":9,"key":"Toy Ornithopter"},{"floor":10,"key":"Mummified Hand"},{"floor":19,"key":"Red Mask"},{"floor":23,"key":"CeramicFish"},{"floor":26,"key":"Paper Frog"},{"floor":41,"key":"Magic Flower"}],"event_choices":[{"damage_healed":0,"gold_gain":0,"player_choice":"Fought Bandits","damage_taken":0,"max_hp_gain":0,"max_hp_loss":0,"event_name":"Masked Bandits","floor":19,"gold_loss":0},{"cards_removed":["Rage"],"damage_healed":0,"gold_gain":0,"player_choice":"Gave Card","damage_taken":0,"relics_obtained":["Omamori"],"max_hp_gain":0,"max_hp_loss":0,"event_name":"WeMeetAgain","floor":27,"gold_loss":0},{"damage_healed":0,"gold_gain":0,"player_choice":"Memory 1","damage_taken":0,"max_hp_gain":0,"max_hp_loss":0,"event_name":"SensoryStone","floor":37,"gold_loss":0},{"damage_healed":0,"gold_gain":0,"cards_transformed":["Strike_R"],"player_choice":"Transformed","damage_taken":0,"max_hp_gain":0,"max_hp_loss":0,"event_name":"Transmorgrifier","floor":39,"gold_loss":0,"cards_obtained":["Demon Form"]}],"is_beta":false,"boss_relics":[{"not_picked":["Snecko Eye","Ectoplasm"],"picked":"Mark of Pain"},{"not_picked":["Black Star","Cursed Key"],"picked":"Black Blood"}],"items_purged_floors":[],"is_endless":false,"potions_floor_spawned":[10,11,13,14,16,19,23,33],"killed_by":"Sphere and 2 Shapes","ascension_level":0}}