{"host":"d23wowvt3mehu8rg","time":1610283357,"event":{"mods":["BaseMod","Colored Powertips","Dark Map","Highlight Path","Minty Spire (QoL Compilation)","Slay-I"],"gold_per_floor":[109,127,127,52,70,98,98,131,131,131,186,186,214,241,241,341,341,330,340,351,86,103,129,129,160,186,111,146,146,165,380,380,481,481,497,230,240,240,265,265,294,294,294,313,313,87,103,103,103,103,103,103,26,61,61,61],"floor_reached":55,"playtime":4785,"items_purged":["Strike_G","Strike_G"],"score":1015,"play_id":"c9184637-0394-4b14-bfc2-1b760c19763e","local_time":"20210110135557","is_ascension_mode":true,"campfire_choices":[{"data":"Neutralize","floor":7,"key":"SMITH"},{"floor":10,"key":"REST"},{"data":"Survivor","floor":12,"key":"SMITH"},{"floor":15,"key":"RECALL"},{"floor":24,"key":"REST"},{"data":"Dash","floor":29,"key":"SMITH"},{"floor":32,"key":"REST"},{"data":"Calculated Gamble","floor":40,"key":"SMITH"},{"data":"Catalyst","floor":42,"key":"SMITH"},{"data":"Dash","floor":45,"key":"SMITH"},{"data":"Corpse Explosion","floor":49,"key":"SMITH"},{"data":"Caltrops","floor":52,"key":"SMITH"}],"circlet_count":0,"master_deck":["Strike_G","Strike_G","Strike_G","Defend_G","Defend_G","Defend_G","Defend_G","Survivor+1","Neutralize+1","Dagger Throw","Predator","Dash+1","Dodge and Roll","Bullet Time","Eviscerate","Dash+1","Dagger Spray+1","Adrenaline","Adrenaline","Venomology","Well Laid Plans+1","Corpse Explosion+1","Caltrops+1","Noxious Fumes","Deadly Poison","Calculated Gamble+1","PiercingWail+1","Catalyst+1","Phantasmal Killer","Distraction+1","Dodge and Roll+1","Backflip+1","Doubt","Grand Finale","Acrobatics+1"],"relics":["SlaversCollar","Ornamental Fan","Sundial","Mercury Hourglass","Odd Mushroom","Paper Crane","Snecko Eye","Bronze Scales","Tiny Chest","Ice Cream","Old Coin","Coffee Dripper","Orrery","Pen Nib","Darkstone Periapt","PreservedInsect","Toolbox","Nunchaku"],"acts_visited":["Exordium","TheCity","TheBeyond","TheEnding"],"potions_floor_usage":[6,6,23,25,28,33,33,37,41,41,41,50,50,50,54,55],"damage_taken":[{"damage":0,"enemies":"Small Slimes","floor":1,"turns":6},{"damage":0,"enemies":"Jaw Worm","floor":2,"turns":4},{"damage":1,"enemies":"2 Louse","floor":5,"turns":3},{"damage":18,"enemies":"Gremlin Nob","floor":6,"turns":4},{"damage":17,"enemies":"Lagavulin","floor":8,"turns":7},{"damage":1,"enemies":"The Mushroom Lair","floor":13,"turns":3},{"damage":0,"enemies":"3 Sentries","floor":14,"turns":5},{"damage":0,"enemies":"The Guardian","floor":16,"turns":14},{"damage":4,"enemies":"2 Thieves","floor":18,"turns":4},{"damage":6,"enemies":"Spheric Guardian","floor":19,"turns":5},{"damage":11,"enemies":"Snake Plant","floor":20,"turns":5},{"damage":9,"enemies":"3 Cultists","floor":22,"turns":4},{"damage":19,"enemies":"Gremlin Leader","floor":23,"turns":6},{"damage":0,"enemies":"Book of Stabbing","floor":25,"turns":4},{"damage":0,"enemies":"Gremlin Leader","floor":28,"turns":4},{"damage":2,"enemies":"Centurion and Healer","floor":30,"turns":3},{"damage":0,"enemies":"Champ","floor":33,"turns":9},{"damage":0,"enemies":"3 Shapes","floor":35,"turns":3},{"damage":0,"enemies":"Orb Walker","floor":37,"turns":3},{"damage":15,"enemies":"Nemesis","floor":41,"turns":5},{"damage":39,"enemies":"Spire Growth","floor":44,"turns":5},{"damage":0,"enemies":"Writhing Mass","floor":47,"turns":3},{"damage":33,"enemies":"Time Eater","floor":50,"turns":10},{"damage":28,"enemies":"Shield and Spear","floor":54,"turns":3},{"damage":81,"enemies":"The Heart","floor":55,"turns":6}],"seed_played":"7522675516884033070","potions_obtained":[{"floor":1,"key":"ColorlessPotion"},{"floor":5,"key":"FearPotion"},{"floor":16,"key":"Weak Potion"},{"floor":19,"key":"SpeedPotion"},{"floor":25,"key":"Ancient Potion"},{"floor":28,"key":"SpeedPotion"},{"floor":38,"key":"Ancient Potion"},{"floor":41,"key":"AttackPotion"}],"is_trial":false,"path_per_floor":["M","M","?","$","M","E","R","E","T","R","?","R","?","E","R","B",null,"M","M","M","$","M","E","R","E","T","?","E","R","M","?","R","B",null,"M","$","M","?","T","R","E","R","T","M","R","$","M","?","R","B",null,"R","$","E","B"],"character_chosen":"THE_SILENT","items_purchased":["Eviscerate","Dash","SteroidPotion","Noxious Fumes","Deadly Poison","Orrery","Regen Potion","Toolbox","Grand Finale"],"campfire_rested":3,"item_purchase_floors":[21,21,21,36,36,36,46,46,53],"current_hp_per_floor":[70,70,70,70,69,51,51,34,34,55,55,55,54,54,54,54,70,66,60,49,49,40,21,42,42,42,42,42,42,40,40,61,61,70,70,70,70,70,70,70,55,55,55,16,16,16,16,76,76,58,76,76,76,48,0,0],"gold":61,"neow_bonus":"BOSS_RELIC","is_daily":false,"chose_seed":false,"campfire_upgraded":8,"win_rate":0.0,"timestamp":1610283357,"path_taken":["M","M","?","$","M","E","R","E","T","R","?","R","?","E","R","BOSS","M","M","M","$","M","E","R","E","T","?","E","R","M","?","R","BOSS","M","$","M","?","?","R","E","R","T","M","R","$","M","?","R","BOSS","R","$","E","BOSS"],"items_purchased_type":["Card","Card","Potion","Card","Card","Relic","Potion","Relic","Card"],"build_version":"2020-12-22","purchased_purges":2,"victory":false,"max_hp_per_floor":[70,70,70,70,70,70,70,70,70,70,70,70,70,70,70,70,70,70,70,70,70,70,70,70,70,70,70,70,70,70,70,70,70,70,70,70,70,70,70,70,70,70,70,70,70,70,70,76,76,76,76,76,76,76,76,76],"card_choices":[{"not_picked":["Distraction","Concentrate"],"picked":"Dagger Throw","floor":1},{"not_picked":["Calculated Gamble","Acrobatics"],"picked":"Predator","floor":2},{"not_picked":["Blade Dance","Flying Knee","Reflex"],"picked":"SKIP","floor":5},{"not_picked":["Slice","Flying Knee","Malaise"],"picked":"SKIP","floor":6},{"not_picked":["Phantasmal Killer","Footwork"],"picked":"Dash","floor":8},{"not_picked":["Blade Dance","Heel Hook"],"picked":"Dodge and Roll","floor":14},{"not_picked":["A Thousand Cuts","Grand Finale"],"picked":"Bullet Time","floor":16},{"not_picked":["Heel Hook+1","Quick Slash","Dodge and Roll"],"picked":"SKIP","floor":18},{"not_picked":["Bane","Skewer","Slice"],"picked":"SKIP","floor":19},{"not_picked":["Sucker Punch","Outmaneuver","Heel Hook"],"picked":"SKIP","floor":20},{"not_picked":["Expertise","Dodge and Roll"],"picked":"Dagger Spray+1","floor":22},{"not_picked":["Flechettes+1","Terror+1"],"picked":"Adrenaline","floor":23},{"not_picked":["Blade Dance+1","Heel Hook"],"picked":"Adrenaline","floor":25},{"not_picked":["Well Laid Plans","Bane+1"],"picked":"Venomology","floor":28},{"not_picked":["Skewer","Accuracy"],"picked":"Well Laid Plans+1","floor":30},{"not_picked":["Night Terror","Tools of the Trade"],"picked":"Corpse Explosion","floor":33},{"not_picked":["Outmaneuver+1","Quick Slash+1"],"picked":"Caltrops","floor":35},{"not_picked":["Crippling Poison","Tactician+1"],"picked":"Calculated Gamble","floor":36},{"not_picked":["Slice","Backflip+1"],"picked":"PiercingWail+1","floor":36},{"not_picked":["Unload","Grand Finale"],"picked":"Catalyst","floor":36},{"not_picked":["Blade Dance","Crippling Poison"],"picked":"Phantasmal Killer","floor":36},{"not_picked":["Bane+1","Acrobatics","Underhanded Strike+1"],"picked":"SKIP","floor":37},{"not_picked":["Finisher","Dagger Throw"],"picked":"Distraction+1","floor":41},{"not_picked":["Cloak And Dagger+1","Slice+1"],"picked":"Dodge and Roll+1","floor":44},{"not_picked":["Underhanded Strike+1","Deflect"],"picked":"Backflip+1","floor":47},{"not_picked":["Cloak And Dagger+1","Night Terror"],"picked":"Acrobatics+1","floor":54}],"player_experience":169978,"relics_obtained":[{"floor":6,"key":"Ornamental Fan"},{"floor":8,"key":"Sundial"},{"floor":9,"key":"Mercury Hourglass"},{"floor":13,"key":"Odd Mushroom"},{"floor":14,"key":"Paper Crane"},{"floor":23,"key":"Bronze Scales"},{"floor":25,"key":"Tiny Chest"},{"floor":28,"key":"Ice Cream"},{"floor":39,"key":"Pen Nib"},{"floor":41,"key":"Darkstone Periapt"},{"floor":43,"key":"PreservedInsect"},{"floor":54,"key":"Nunchaku"}],"event_choices":[{"damage_healed":0,"gold_gain":0,"player_choice":"Fled","damage_taken":0,"max_hp_gain":0,"max_hp_loss":0,"event_name":"Scrap Ooze","floor":3,"gold_loss":0},{"damage_healed":0,"gold_gain":55,"player_choice":"Gained Gold","damage_taken":0,"max_hp_gain":0,"max_hp_loss":0,"event_name":"Golden Wing","floor":11,"gold_loss":0},{"damage_healed":0,"gold_gain":0,"player_choice":"Fought Mushrooms","damage_taken":0,"max_hp_gain":0,"max_hp_loss":0,"event_name":"Mushrooms","floor":13,"gold_loss":0},{"cards_removed":["Defend_G"],"damage_healed":0,"gold_gain":0,"player_choice":"Gave Gold","damage_taken":0,"max_hp_gain":0,"max_hp_loss":0,"event_name":"Beggar","floor":27,"gold_loss":75},{"damage_healed":0,"gold_gain":0,"player_choice":"Obtained Relic","damage_taken":0,"relics_obtained":["Old Coin"],"max_hp_gain":0,"max_hp_loss":0,"event_name":"Addict","floor":31,"gold_loss":85},{"damage_healed":0,"gold_gain":0,"player_choice":"Got Potions","damage_taken":0,"max_hp_gain":0,"max_hp_loss":0,"event_name":"Lab","floor":38,"gold_loss":0},{"damage_healed":54,"gold_gain":0,"player_choice":"Heal","damage_taken":0,"max_hp_gain":0,"max_hp_loss":0,"event_name":"MindBloom","floor":48,"gold_loss":0,"cards_obtained":["Doubt"]}],"is_beta":false,"boss_relics":[{"not_picked":["Sozu","Cursed Key"],"picked":"Snecko Eye"},{"not_picked":["Empty Cage","Velvet Choker"],"picked":"Coffee Dripper"}],"items_purged_floors":[4,21],"is_endless":false,"potions_floor_spawned":[1,5,16,19,22,25,28,41,44,47],"killed_by":"The Heart","ascension_level":1}}