{"host":"m113y2j4kbc0e5kb","time":1610260186,"event":{"mods":["BaseMod","Colored Powertips","Lobotomy","LobotomyExtend","Minty Spire (QoL Compilation)","StSLib"],"gold_per_floor":[113,128,142,152,163,163,178,178,178,178,178,193,193,78,78,181,181,197,197,213,225,241,254,254,284,284,284,318,344,90,90,90],"floor_reached":31,"playtime":1942,"items_purged":["SpecialBullet"],"score":319,"play_id":"03175e9a-22e9-414f-a9f0-e5667df2e91c","local_time":"20210110152946","is_ascension_mode":false,"campfire_choices":[{"floor":15.0,"key":"REST"}],"circlet_count":0,"master_deck":["SpecialBullet","SpecialBullet","SpecialBullet","SpecialBullet","SpecialBullet","SpecialBullet","SpecialBullet","InformationCode","CentralCode","ExtractionCode","Thinking Ahead+1","VoidDream","Horn","TodaysExpression","TodaysExpression","CrumblingArmor","Beak","SecurityCode","Ecstasy","LongBird","BloodyDesire","Hypocrisy","LaLuna","OSAHOGD","Pinks","UniverseFragment","Variant","BodiesMountain","SomewhereSpear+1","Adoration+1"],"relics":["CogitoBucket","RabbitCall","LetterFromLob","Theresia","Shuriken","Sozu","BehaviorAdjustment","Bottled Tornado","Dead Branch","Akabeko","Red Mask","Singing Bowl"],"acts_visited":["Exordium","TheCity"],"potions_floor_usage":[25],"damage_taken":[{"damage":11.0,"enemies":"Jaw Worm","floor":1.0,"turns":2.0},{"damage":0.0,"enemies":"Small Slimes","floor":2.0,"turns":2.0},{"damage":0.0,"enemies":"Cultist","floor":3.0,"turns":2.0},{"damage":8.0,"enemies":"Exordium Wildlife","floor":4.0,"turns":5.0},{"damage":9.0,"enemies":"2 Fungi Beasts","floor":5.0,"turns":2.0},{"damage":12.0,"enemies":"3 Louse","floor":7.0,"turns":4.0},{"damage":0.0,"enemies":"Exordium Wildlife","floor":12.0,"turns":2.0},{"damage":10.0,"enemies":"Slime Boss","floor":16.0,"turns":7.0},{"damage":4.0,"enemies":"2 Thieves","floor":18.0,"turns":4.0},{"damage":0.0,"enemies":"Chosen","floor":20.0,"turns":3.0},{"damage":30,"enemies":"Centurion and Healer","floor":21,"turns":11},{"damage":10,"enemies":"Sentry and Sphere","floor":22,"turns":4},{"damage":8,"enemies":"Snake Plant","floor":23,"turns":3},{"damage":17,"enemies":"Slavers","floor":25,"turns":4},{"damage":53,"enemies":"Gremlin Leader","floor":28,"turns":6},{"damage":30,"enemies":"Masked Bandits","floor":29,"turns":4},{"damage":22,"enemies":"Cultist and Chosen","floor":31,"turns":2}],"seed_played":"-5273765326164968149","potions_obtained":[{"floor":1.0,"key":"Dexterity Potion"},{"floor":5.0,"key":"SneckoOil"}],"is_trial":false,"path_per_floor":["M","M","M","M","M","R","M","R","T","?","?","M","R","$","R","B",null,"M","?","M","M","M","M","R","E","T","R","E","?","$","M"],"character_chosen":"Angela","items_purchased":["Ecstasy","Singing Bowl"],"campfire_rested":1,"item_purchase_floors":[14,30],"current_hp_per_floor":[38,38,38,30,21,21,9,9,9,9,9,9,9,9,30,32,74,74,60,72,58,64,72,72,80,80,80,58,53,53,37,37],"gold":90,"neow_bonus":"RANDOM_COLORLESS_2","is_daily":false,"chose_seed":false,"campfire_upgraded":0,"win_rate":0.0,"timestamp":1610260186,"path_taken":["M","M","M","M","M","R","M","R","T","?","?","M","R","$","R","BOSS","M","?","M","M","M","M","R","E","T","R","E","?","$","M"],"items_purchased_type":["Card","Relic"],"build_version":"2020-12-22","purchased_purges":1,"victory":false,"max_hp_per_floor":[70,70,70,70,70,70,70,70,70,70,70,70,70,70,70,74,74,74,79,79,83,87,91,91,95,95,95,99,99,99,99,99],"card_choices":[{"not_picked":["Mayhem","Chrysalis"],"picked":"Thinking Ahead","floor":0.0},{"not_picked":["Scorched","MeatLantern"],"picked":"VoidDream","floor":1.0},{"not_picked":["SomewhereSpear"],"picked":"Horn","floor":1.0},{"not_picked":["InTheNameOfLoveAndHate","CherryBlossom"],"picked":"SKIP","floor":2.0},{"not_picked":["SingingMachine","GreedKing"],"picked":"Wellcheers","floor":3.0},{"not_picked":["SomewhereSpear"],"picked":"TodaysExpression","floor":3.0},{"not_picked":["CUTE"],"picked":"TodaysExpression","floor":4.0},{"not_picked":["UniverseFragment","Woodsman"],"picked":"CrumblingArmor","floor":5.0},{"not_picked":["FeatherOfHonor","RedEyes"],"picked":"SKIP","floor":5.0},{"not_picked":["RedEyes","TodaysExpression"],"picked":"SKIP","floor":7.0},{"not_picked":["Christmas","SomewhereSpear"],"picked":"SKIP","floor":12.0},{"not_picked":["ShyLook","OSAHOGD"],"picked":"LongBird","floor":16.0},{"not_picked":["FeatherOfHonor"],"picked":"BloodyDesire","floor":18.0},{"not_picked":["Loneliness"],"picked":"Hypocrisy","floor":20.0},{"not_picked":["MeltingLove","Bloodbath"],"picked":"LaLuna","floor":21},{"not_picked":["Horn","RapturousDream"],"picked":"SKIP","floor":21},{"not_picked":["BlueStar","CherryBlossoms"],"picked":"OSAHOGD","floor":22},{"not_picked":["TodaysExpression"],"picked":"Pinks","floor":22},{"not_picked":["SolemnVow","RedEyes"],"picked":"SKIP","floor":22},{"not_picked":["FairyFestival","Murderer"],"picked":"UniverseFragment","floor":23},{"not_picked":["FeatherOfHonor","Soda"],"picked":"SKIP","floor":23},{"not_picked":["QueenOfHatred","HappyTeddy"],"picked":"Variant","floor":25},{"not_picked":["Reverberation","Horn","Loneliness"],"picked":"SKIP","floor":25},{"not_picked":["Laetitia","Porccubus"],"picked":"BodiesMountain","floor":28},{"not_picked":["FourthMatchFlame","Lantern"],"picked":"SomewhereSpear+1","floor":28},{"not_picked":["CUTE+1","Lantern+1"],"picked":"Adoration+1","floor":29},{"not_picked":["Bloodbath","Scarecrow","BeautyBeast"],"picked":"Singing Bowl","floor":29}],"player_experience":1104090,"relics_obtained":[{"floor":1.0,"key":"LetterFromLob"},{"floor":9.0,"key":"Shuriken"},{"floor":25,"key":"Bottled Tornado"},{"floor":26,"key":"Dead Branch"},{"floor":28,"key":"Akabeko"},{"floor":29,"key":"Red Mask"}],"event_choices":[{"damage_healed":0.0,"max_hp_gain":0.0,"max_hp_loss":0.0,"gold_gain":0.0,"cards_transformed":["Wellcheers"],"event_name":"Living Wall","player_choice":"Change","floor":10.0,"gold_loss":0.0,"damage_taken":0.0,"cards_obtained":["Beak"]},{"damage_healed":0.0,"max_hp_gain":0.0,"max_hp_loss":0.0,"gold_gain":0.0,"event_name":"Upgrade Shrine","player_choice":"Upgraded","floor":11.0,"gold_loss":0.0,"damage_taken":0.0,"cards_upgraded":["Thinking Ahead"]},{"damage_healed":0.0,"max_hp_gain":5.0,"max_hp_loss":0.0,"gold_gain":0.0,"event_name":"Forgotten Altar","player_choice":"Shed Blood","floor":19.0,"gold_loss":0.0,"damage_taken":19.0},{"damage_healed":0,"gold_gain":0,"player_choice":"Fought Bandits","damage_taken":0,"max_hp_gain":0,"max_hp_loss":0,"event_name":"Masked Bandits","floor":29,"gold_loss":0}],"is_beta":false,"boss_relics":[{"not_picked":["SacredBark","Runic Pyramid"],"picked":"Sozu"}],"items_purged_floors":[14],"is_endless":false,"potions_floor_spawned":[1,5,18,23,29],"killed_by":"Cultist and Chosen","ascension_level":0}}