{"host":"f5y45f7z7ziu0smp","time":1610264265,"event":{"mods":["AchievementEnabler","BaseMod","Koishi","Marisa£¨Ùöéë¡¡Øª×âÞÞ£©","Minty Spire (QoL Compilation)","StSLib","SuperFastMode"],"gold_per_floor":[115,134,59,9,9,43,56,56,82,111,121,121,132,207,207,307,307,322,322,322],"floor_reached":19,"playtime":505,"items_purged":["Defend_B"],"score":212,"play_id":"a406c176-f6a2-4e60-acd0-940953028cd4","local_time":"20210110163745","is_ascension_mode":true,"campfire_choices":[{"floor":15,"key":"REST"}],"circlet_count":0,"master_deck":["Strike_B+1","Strike_B","Strike_B+1","Defend_B","Defend_B","Zap","Dualcast","Storm","Hello World","Storm","Heatsinks","Coolheaded","Conserve Battery","Seek","CurseOfTheBell","Go for the Eyes"],"relics":["Cracked Core","NeowsBlessing","Regal Pillow","Whetstone","Cables","Ancient Tea Set","Calling Bell","Toy Ornithopter","The Courier","Shovel","GremlinMask"],"acts_visited":["Exordium","TheCity"],"potions_floor_usage":[10,16,16,16,16],"damage_taken":[{"damage":0,"enemies":"Small Slimes","floor":1,"turns":1},{"damage":0,"enemies":"2 Louse","floor":2,"turns":1},{"damage":0,"enemies":"3 Sentries","floor":6,"turns":1},{"damage":1,"enemies":"Jaw Worm","floor":7,"turns":4},{"damage":14,"enemies":"Gremlin Nob","floor":10,"turns":3},{"damage":16,"enemies":"3 Louse","floor":11,"turns":3},{"damage":16,"enemies":"Large Slime","floor":13,"turns":2},{"damage":21,"enemies":"Slime Boss","floor":16,"turns":15},{"damage":31,"enemies":"3 Byrds","floor":18,"turns":4}],"seed_played":"548328152402283111","potions_obtained":[{"floor":2,"key":"PowerPotion"},{"floor":6,"key":"Swift Potion"},{"floor":7,"key":"EntropicBrew"},{"floor":11,"key":"Energy Potion"},{"floor":18,"key":"SteroidPotion"}],"is_trial":false,"path_per_floor":["M","M","$","?","?","E","M","?","T","E","M","?","M","?","R","B",null,"M","?"],"character_chosen":"DEFECT","items_purchased":[],"campfire_rested":1,"item_purchase_floors":[],"current_hp_per_floor":[75,75,75,75,68,68,67,72,72,58,42,30,14,3,42,21,80,49,49,49],"gold":322,"neow_bonus":"THREE_ENEMY_KILL","is_daily":false,"chose_seed":false,"campfire_upgraded":0,"win_rate":0.0,"timestamp":1610264265,"path_taken":["M","M","$","?","?","E","?","?","T","E","M","?","M","?","R","BOSS","M","?"],"items_purchased_type":[],"build_version":"2020-12-22","purchased_purges":1,"victory":false,"max_hp_per_floor":[75,75,75,75,75,75,75,80,80,80,80,80,80,80,80,80,80,80,80,80],"card_choices":[{"not_picked":["Coolheaded","Conserve Battery"],"picked":"Storm","floor":1},{"not_picked":["Cold Snap","Streamline"],"picked":"Hello World","floor":2},{"not_picked":["Blizzard","Doom and Gloom"],"picked":"Storm","floor":6},{"not_picked":["Steam","Darkness"],"picked":"Heatsinks","floor":7},{"not_picked":["Rebound","Multi-Cast"],"picked":"Coolheaded","floor":10},{"not_picked":["Loop","Lockon","Coolheaded"],"picked":"SKIP","floor":11},{"not_picked":["Doom and Gloom","Leap"],"picked":"Conserve Battery","floor":13},{"not_picked":["Multi-Cast","Reboot"],"picked":"Seek","floor":16},{"not_picked":["Genetic Algorithm","Rip and Tear"],"picked":"Go for the Eyes","floor":18}],"player_experience":81598,"relics_obtained":[{"floor":6,"key":"Regal Pillow"},{"floor":9,"key":"Whetstone"},{"floor":10,"key":"Cables"},{"floor":17,"key":"Toy Ornithopter"},{"floor":17,"key":"The Courier"},{"floor":17,"key":"Shovel"}],"event_choices":[{"cards_removed":["Defend_B"],"damage_healed":0,"gold_gain":0,"player_choice":"Card Removal","damage_taken":0,"max_hp_gain":0,"max_hp_loss":0,"event_name":"The Cleric","floor":4,"gold_loss":50},{"cards_removed":["Strike_B"],"damage_healed":0,"gold_gain":0,"player_choice":"Card Removal","damage_taken":7,"max_hp_gain":0,"max_hp_loss":0,"event_name":"Golden Wing","floor":5,"gold_loss":0},{"damage_healed":0,"gold_gain":0,"player_choice":"Donut","damage_taken":0,"max_hp_gain":5,"max_hp_loss":0,"event_name":"Big Fish","floor":8,"gold_loss":0},{"damage_healed":0,"gold_gain":0,"player_choice":"Success","damage_taken":12,"relics_obtained":["Ancient Tea Set"],"max_hp_gain":0,"max_hp_loss":0,"event_name":"Scrap Ooze","floor":12,"gold_loss":0},{"damage_healed":0,"gold_gain":75,"player_choice":"Gather Gold","damage_taken":11,"max_hp_gain":0,"max_hp_loss":0,"event_name":"World of Goop","floor":14,"gold_loss":0},{"damage_healed":0,"gold_gain":0,"player_choice":"Trade","damage_taken":0,"relics_obtained":["GremlinMask"],"max_hp_gain":0,"max_hp_loss":0,"event_name":"FaceTrader","floor":19,"gold_loss":0}],"is_beta":false,"boss_relics":[{"not_picked":["Inserter","Velvet Choker"],"picked":"Calling Bell"}],"items_purged_floors":[3],"is_endless":false,"potions_floor_spawned":[2,6,7,11,13,18],"ascension_level":1}}