{"host":"v9oq5ccz01n9mezq","time":1610242785,"event":{"mods":["BaseMod","Colored Map","Minty Spire (QoL Compilation)"],"gold_per_floor":[114,132,151,3,17,17,17,44,96,21,38,38,38,66,66,171,171,182,209,124,124,142,142,169,169,219,230,244,279,299,310,310,409,409,425,182,194,194,208,208,242,261,261,261,261],"floor_reached":44,"playtime":2105,"items_purged":["Strike_R","Strike_R"],"score":592,"play_id":"5eee4a3f-a8f0-4eb7-a4f7-e45c7c4cff93","local_time":"20210109203945","is_ascension_mode":true,"campfire_choices":[{"data":"Bash","floor":7,"key":"SMITH"},{"data":"Immolate","floor":12,"key":"SMITH"},{"data":"Uppercut","floor":15,"key":"SMITH"},{"data":"Shrug It Off","floor":23,"key":"SMITH"},{"data":"Bloodletting","floor":25,"key":"SMITH"},{"data":"Reckless Charge","floor":32,"key":"PURGE"},{"data":"Cleave+1","floor":40,"key":"PURGE"}],"circlet_count":0,"master_deck":["Strike_R","Strike_R","Defend_R","Defend_R","Defend_R","Defend_R","Bash+1","Anger","Immolate+1","Uppercut+1","Bloodletting+1","Rage+1","Shrug It Off+1","Whirlwind+1","Shockwave+1","Reaper","Double Tap+1"],"relics":["Burning Blood","Orichalcum","Pantograph","PreservedInsect","Regal Pillow","Bronze Scales","Velvet Choker","Red Mask","Strawberry","Toxic Egg 2","Tiny Chest","Peace Pipe","SlaversCollar","Anchor","Vajra","InkBottle"],"acts_visited":["Exordium","TheCity","TheBeyond"],"potions_floor_usage":[19,19,33,39,44,44],"damage_taken":[{"damage":2,"enemies":"Jaw Worm","floor":1,"turns":3},{"damage":1,"enemies":"2 Louse","floor":2,"turns":3},{"damage":0,"enemies":"Cultist","floor":3,"turns":2},{"damage":4,"enemies":"Blue Slaver","floor":5,"turns":3},{"damage":2,"enemies":"Gremlin Nob","floor":8,"turns":3},{"damage":0,"enemies":"Large Slime","floor":11,"turns":3},{"damage":0,"enemies":"3 Sentries","floor":14,"turns":2},{"damage":30,"enemies":"The Guardian","floor":16,"turns":7},{"damage":9,"enemies":"Shell Parasite","floor":18,"turns":3},{"damage":0,"enemies":"Masked Bandits","floor":19,"turns":2},{"damage":0,"enemies":"3 Byrds","floor":22,"turns":2},{"damage":9,"enemies":"Slavers","floor":24,"turns":3},{"damage":10,"enemies":"Snecko","floor":27,"turns":4},{"damage":0,"enemies":"3 Cultists","floor":28,"turns":2},{"damage":1,"enemies":"Gremlin Leader","floor":29,"turns":4},{"damage":2,"enemies":"Chosen and Byrds","floor":30,"turns":4},{"damage":11,"enemies":"Shelled Parasite and Fungi","floor":31,"turns":2},{"damage":108,"enemies":"Champ","floor":33,"turns":14},{"damage":0,"enemies":"3 Shapes","floor":35,"turns":1},{"damage":3,"enemies":"Orb Walker","floor":37,"turns":3},{"damage":21,"enemies":"Maw","floor":39,"turns":7},{"damage":29,"enemies":"Giant Head","floor":41,"turns":6},{"damage":36,"enemies":"Transient","floor":42,"turns":5},{"damage":44,"enemies":"Nemesis","floor":44,"turns":5}],"seed_played":"-8336552266639681429","potions_obtained":[{"floor":2,"key":"LiquidMemories"},{"floor":5,"key":"Dexterity Potion"},{"floor":8,"key":"SmokeBomb"},{"floor":22,"key":"SneckoOil"},{"floor":24,"key":"FairyPotion"},{"floor":33,"key":"Fire Potion"},{"floor":39,"key":"LiquidBronze"},{"floor":41,"key":"Regen Potion"}],"is_trial":false,"path_per_floor":["M","M","M","$","M","?","R","E","T","$","M","R","?","E","R","B",null,"M","?","?","?","M","R","E","R","T","M","M","E","M","M","R","B",null,"M","$","M","?","M","R","E","M","T","E"],"character_chosen":"IRONCLAD","items_purchased":["Orichalcum","Anchor"],"campfire_rested":0,"item_purchase_floors":[4,36],"current_hp_per_floor":[80,80,80,80,80,55,55,59,59,59,65,65,65,71,71,56,80,77,80,87,87,87,87,84,84,84,80,86,87,87,82,82,11,87,87,87,87,83,68,68,49,19,19,0,0],"gold":261,"neow_bonus":"TRANSFORM_CARD","is_daily":false,"chose_seed":false,"campfire_upgraded":5,"win_rate":0.0,"timestamp":1610242785,"path_taken":["M","M","M","$","M","?","R","E","T","$","M","R","?","E","R","BOSS","M","?","?","?","M","R","E","R","T","M","M","E","M","M","R","BOSS","M","$","M","?","M","R","E","M","T","E"],"items_purchased_type":["Relic","Relic"],"build_version":"2020-12-22","purchased_purges":2,"victory":false,"max_hp_per_floor":[80,80,80,80,80,80,80,80,80,80,80,80,80,80,80,80,80,80,80,87,87,87,87,87,87,87,87,87,87,87,87,87,87,87,87,87,87,83,83,83,83,83,83,83,83],"card_choices":[{"not_picked":["Heavy Blade","Thunderclap","Warcry"],"picked":"SKIP","floor":1},{"not_picked":["Clash","Armaments"],"picked":"Cleave","floor":2},{"not_picked":["Fire Breathing","Iron Wave","Clash"],"picked":"SKIP","floor":3},{"not_picked":["Body Slam","Rage"],"picked":"Anger","floor":5},{"not_picked":["Flex","Sever Soul"],"picked":"Immolate","floor":8},{"not_picked":["Sword Boomerang","Blood for Blood","Ghostly Armor"],"picked":"SKIP","floor":11},{"not_picked":["Searing Blow","Anger"],"picked":"Uppercut","floor":14},{"not_picked":["Twin Strike","Anger"],"picked":"Bloodletting","floor":18},{"not_picked":["Anger+1","Uppercut"],"picked":"Rage+1","floor":19},{"not_picked":["Dark Embrace","Second Wind"],"picked":"Shrug It Off","floor":22},{"not_picked":["Searing Blow+1","Double Tap"],"picked":"Whirlwind+1","floor":24},{"not_picked":["Clothesline","Dark Embrace","Iron Wave+1"],"picked":"SKIP","floor":27},{"not_picked":["Cleave","Dark Embrace+1"],"picked":"Shockwave+1","floor":28},{"not_picked":["Iron Wave","Entrench+1","Reckless Charge+1"],"picked":"SKIP","floor":29},{"not_picked":["Armaments+1","Whirlwind","Body Slam"],"picked":"SKIP","floor":30},{"not_picked":["Shockwave+1","Combust+1","Blood for Blood+1"],"picked":"SKIP","floor":31},{"not_picked":["Brutality","Demon Form"],"picked":"Reaper","floor":33},{"not_picked":["Wild Strike+1","Havoc+1","Second Wind+1"],"picked":"SKIP","floor":35},{"not_picked":["Twin Strike+1","Clothesline+1"],"picked":"Double Tap+1","floor":37},{"not_picked":["Dark Embrace","Twin Strike","Reckless Charge"],"picked":"SKIP","floor":39},{"not_picked":["Second Wind+1","Havoc+1","Limit Break+1"],"picked":"SKIP","floor":41},{"not_picked":["Hemokinesis+1","Sword Boomerang+1","Dual Wield+1"],"picked":"SKIP","floor":42}],"player_experience":65608,"relics_obtained":[{"floor":8,"key":"PreservedInsect"},{"floor":9,"key":"Regal Pillow"},{"floor":14,"key":"Bronze Scales"},{"floor":19,"key":"Red Mask"},{"floor":24,"key":"Toxic Egg 2"},{"floor":26,"key":"Tiny Chest"},{"floor":29,"key":"Peace Pipe"},{"floor":41,"key":"Vajra"},{"floor":43,"key":"InkBottle"}],"event_choices":[{"damage_healed":0,"gold_gain":0,"player_choice":"Success","damage_taken":25,"relics_obtained":["Pantograph"],"max_hp_gain":0,"max_hp_loss":0,"event_name":"Scrap Ooze","floor":6,"gold_loss":0},{"damage_healed":0,"gold_gain":0,"player_choice":"Upgraded","damage_taken":0,"max_hp_gain":0,"max_hp_loss":0,"event_name":"Upgrade Shrine","floor":13,"gold_loss":0,"cards_upgraded":["Cleave"]},{"damage_healed":0,"gold_gain":0,"player_choice":"Fought Bandits","damage_taken":0,"max_hp_gain":0,"max_hp_loss":0,"event_name":"Masked Bandits","floor":19,"gold_loss":0},{"damage_healed":0,"gold_gain":0,"player_choice":"Obtained Relic","damage_taken":0,"relics_obtained":["Strawberry"],"max_hp_gain":0,"max_hp_loss":0,"event_name":"Addict","floor":20,"gold_loss":85},{"damage_healed":0,"gold_gain":0,"player_choice":"Ignored","damage_taken":0,"max_hp_gain":0,"max_hp_loss":0,"event_name":"Ghosts","floor":21,"gold_loss":0},{"damage_healed":0,"gold_gain":0,"player_choice":"Max HP","damage_taken":0,"max_hp_gain":0,"max_hp_loss":4,"event_name":"Winding Halls","floor":38,"gold_loss":0}],"is_beta":false,"boss_relics":[{"not_picked":["Calling Bell","Fusion Hammer"],"picked":"Velvet Choker"},{"not_picked":["SacredBark","Black Star"],"picked":"SlaversCollar"}],"items_purged_floors":[10,36],"is_endless":false,"potions_floor_spawned":[2,5,8,22,24,28,33,39,41],"killed_by":"Nemesis","ascension_level":3}}