{"host":"9n6i2vl93jt4o42q","time":1610277970,"event":{"mods":["BaseMod","Downfall","Minty Spire (QoL Compilation)","Relic Stats","StSLib"],"gold_per_floor":[99,115,132,151,44,58,85,85,85,95,270,270,296,328,344,421,421,421,436,456,456,472,77,77,2,21,40,67,67,67,94,120,205,217,229,251,133,133,143,474,525,539,389,407,433,443,461,478,490,490],"floor_reached":51,"playtime":4853,"items_purged":["Doubt"],"score":1316,"play_id":"8e099e2f-1080-4691-bd0f-63ad00f2889c","local_time":"20210110122610","is_ascension_mode":true,"campfire_choices":[{"data":"Guardian:TwinSlam","floor":1.0,"key":"SMITH"},{"data":"Guardian:CurlUp","floor":9.0,"key":"SMITH"},{"floor":18.0,"key":"RECALL"},{"data":"Guardian:RevengeProtocol","floor":25.0,"key":"SMITH"},{"floor":30.0,"key":"REST"},{"data":"Guardian:AncientConstruct","floor":35.0,"key":"SMITH"},{"floor":43.0,"key":"REST"}],"circlet_count":0,"master_deck":["AscendersBane","Guardian:Strike_Guardian","Guardian:Strike_Guardian","Guardian:Strike_Guardian","Guardian:Strike_Guardian","Guardian:Defend_Guardian","Guardian:Defend_Guardian","Guardian:Defend_Guardian","Guardian:Defend_Guardian","Guardian:CurlUp+1","Guardian:TwinSlam+1","Guardian:PiercingHide","Guardian:PiercingHide","Guardian:SpikerProtocol","Guardian:PrimingBeam","Guardian:ChargeCore","Guardian:Repulse","Guardian:AncientConstruct+1","Guardian:Clone","Guardian:ChargeUp","Guardian:ConstructionForm","Guardian:DonusPower","Guardian:RevengeProtocol+1","Guardian:BronzeArmor","Guardian:PolyBeam","Guardian:VentSteam+1","Guardian:EvasiveProtocol","Guardian:Recover","Guardian:ArmoredProtocol","CurseOfTheBell","Guardian:TimeCapacitor","Guardian:FloatingOrbs","Guardian:RefractedBeam+1","Guardian:DonusPower+1","Guardian:Gem_Cyan"],"relics":["Guardian:StasisSlotReductionRelic","PreservedInsect","downfall:ShatteredFragment","Potion Belt","Anchor","Black Star","Orrery","Bottled Tornado","downfall:HeartBlessingRed","Mango","Tiny Chest","MawBank","Juzu Bracelet","Calling Bell","Guardian:PickAxe","InkBottle","Du-Vu Doll","Old Coin","Smiling Mask","downfall:HeartBlessingBlue","downfall:HeartBlessingGreen","Bottled Lightning","Bottled Flame"],"acts_visited":["Exordium","TheCity","TheBeyond"],"potions_floor_usage":[],"damage_taken":[{"damage":5.0,"enemies":"2 Louse","floor":2.0,"turns":2.0},{"damage":0.0,"enemies":"Jaw Worm","floor":3.0,"turns":3.0},{"damage":0.0,"enemies":"Cultist","floor":4.0,"turns":4.0},{"damage":0.0,"enemies":"downfall:FleeingMerchant","floor":5.0,"turns":4.0},{"damage":0.0,"enemies":"2 Fungi Beasts","floor":6.0,"turns":3.0},{"damage":0.0,"enemies":"Exordium Thugs","floor":10.0,"turns":4.0},{"damage":5.0,"enemies":"3 Sentries","floor":14.0,"turns":4.0},{"damage":4.0,"enemies":"Large Slime","floor":15.0,"turns":5.0},{"damage":18.0,"enemies":"downfall:Ironclad","floor":16.0,"turns":7.0},{"damage":0.0,"enemies":"3 Byrds","floor":19.0,"turns":3.0},{"damage":7.0,"enemies":"Chosen","floor":20.0,"turns":4.0},{"damage":4.0,"enemies":"Snecko","floor":22.0,"turns":7.0},{"damage":0.0,"enemies":"downfall:FleeingMerchant","floor":23.0,"turns":4.0},{"damage":0.0,"enemies":"Centurion and Healer","floor":26.0,"turns":5.0},{"damage":24.0,"enemies":"Snake Plant","floor":27.0,"turns":6.0},{"damage":13.0,"enemies":"Gremlin Leader","floor":28.0,"turns":7.0},{"damage":14.0,"enemies":"Slavers","floor":31.0,"turns":4.0},{"damage":5.0,"enemies":"Shelled Parasite and Fungi","floor":32.0,"turns":5.0},{"damage":13.0,"enemies":"downfall:Silent","floor":33.0,"turns":6.0},{"damage":9.0,"enemies":"3 Darklings","floor":36.0,"turns":4.0},{"damage":0.0,"enemies":"downfall:FleeingMerchant","floor":37.0,"turns":4.0},{"damage":18.0,"enemies":"3 Shapes","floor":39.0,"turns":4.0},{"damage":1.0,"enemies":"Nemesis","floor":40.0,"turns":9.0},{"damage":5.0,"enemies":"Maw","floor":42.0,"turns":6.0},{"damage":0.0,"enemies":"3 Darklings","floor":44.0,"turns":6.0},{"damage":0.0,"enemies":"Giant Head","floor":45.0,"turns":5.0},{"damage":0,"enemies":"Transient","floor":46,"turns":5},{"damage":8,"enemies":"Jaw Worm Horde","floor":47,"turns":4},{"damage":14,"enemies":"4 Shapes","floor":48,"turns":7},{"damage":8,"enemies":"Maw","floor":49,"turns":6},{"damage":22,"enemies":"downfall:Watcher","floor":50,"turns":7}],"seed_played":"3970149271997221067","potions_obtained":[{"floor":6.0,"key":"Weak Potion"},{"floor":10.0,"key":"Regen Potion"},{"floor":14.0,"key":"PowerPotion"},{"floor":15.0,"key":"DuplicationPotion"},{"floor":19.0,"key":"Ancient Potion"},{"floor":29.0,"key":"CultistPotion"},{"floor":31.0,"key":"FearPotion"},{"floor":33.0,"key":"SkillPotion"},{"floor":40.0,"key":"GamblersBrew"},{"floor":44.0,"key":"FairyPotion"}],"is_trial":false,"path_per_floor":["R","M","M","M","$","M","T","?","R","M","?","?","T","E","M","B",null,"R","M","M","?","M","$","T","R","M","M","E","?","R","E","M","B",null,"R","M","$","?","M","E","T","M","R","M","E","M","M","M","M","B",null],"character_chosen":"GUARDIAN","items_purchased":["Guardian:SpikerProtocol","Guardian:Gem_Cyan","Guardian:RevengeProtocol","Guardian:BronzeArmor","Orrery","Guardian:TimeCapacitor"],"campfire_rested":2,"item_purchase_floors":[5,5,23,23,23,37],"current_hp_per_floor":[65,60,60,60,60,60,60,36,36,36,36,36,36,31,27,9,56,56,56,49,49,45,45,45,45,45,21,22,22,47,45,40,27,71,71,62,62,62,44,43,43,38,76,76,76,76,68,54,46,24],"gold":490,"neow_bonus":"BOSS_RELIC","is_daily":false,"chose_seed":false,"campfire_upgraded":4,"win_rate":0.0,"timestamp":1610277970,"path_taken":["R","M","M","M","$","M","T","?","R","M","?","?","?","E","M","BOSS","R","M","M","?","M","?","T","R","M","M","E","?","R","E","M","BOSS","R","M","$","?","M","E","T","M","R","M","E","M","M","M","M","BOSS"],"items_purchased_type":["Card","Card","Card","Card","Relic","Card"],"build_version":"2020-12-22","purchased_purges":1,"victory":true,"max_hp_per_floor":[72,72,72,72,72,72,72,72,72,72,72,72,72,72,72,72,72,72,72,72,72,72,72,72,72,72,72,86,86,86,86,86,86,86,86,86,86,86,86,86,86,86,96,96,96,96,96,96,96,96],"relic_stats":{"counters":[31,154],"Tiny Chest":0,"PreservedInsect":392,"Black Star":4,"Juzu Bracelet":0,"MawBank":72,"Smiling Mask":0,"obtain_stats":[{"Guardian:StasisSlotReductionRelic":0,"Mango":28,"downfall:HeartBlessingGreen":43,"Juzu Bracelet":31,"Bottled Tornado":24,"Smiling Mask":40,"Old Coin":40,"Guardian:PickAxe":34,"Dream Catcher":14,"downfall:HeartBlessingBlue":43,"Tiny Chest":28,"InkBottle":34,"Potion Belt":12,"downfall:ShatteredFragment":8,"downfall:HeartBlessingRed":25,"Guardian:ModeShifter":0,"PreservedInsect":7,"MawBank":31,"Calling Bell":34,"Du-Vu Doll":34,"Anchor":13,"Bottled Flame":45,"Orrery":23,"Black Star":17,"Bottled Lightning":45},{"Guardian:StasisSlotReductionRelic":0,"Mango":16,"downfall:HeartBlessingGreen":24,"Juzu Bracelet":17,"Bottled Tornado":13,"Smiling Mask":23,"Old Coin":23,"Guardian:PickAxe":19,"Dream Catcher":7,"downfall:HeartBlessingBlue":24,"Tiny Chest":16,"InkBottle":19,"Potion Belt":6,"downfall:ShatteredFragment":5,"downfall:HeartBlessingRed":13,"Guardian:ModeShifter":0,"PreservedInsect":5,"MawBank":17,"Calling Bell":19,"Du-Vu Doll":19,"Anchor":6,"Bottled Flame":26,"Orrery":13,"Black Star":9,"Bottled Lightning":26},{"Guardian:StasisSlotReductionRelic":0,"Mango":72,"downfall:HeartBlessingGreen":114,"Juzu Bracelet":76,"Bottled Tornado":54,"Smiling Mask":108,"Old Coin":108,"Guardian:PickAxe":87,"Dream Catcher":24,"downfall:HeartBlessingBlue":114,"Tiny Chest":72,"InkBottle":87,"Potion Belt":20,"downfall:ShatteredFragment":16,"downfall:HeartBlessingRed":54,"Guardian:ModeShifter":0,"PreservedInsect":16,"MawBank":76,"Calling Bell":87,"Du-Vu Doll":87,"Anchor":20,"Bottled Flame":125,"Orrery":54,"Black Star":36,"Bottled Lightning":125}],"InkBottle":[36]},"card_choices":[{"not_picked":["Guardian:CrystalBeam","Guardian:MultiBeam"],"picked":"Guardian:PiercingHide","floor":2.0},{"not_picked":["Guardian:Repulse","Guardian:VentSteam"],"picked":"Guardian:PiercingHide","floor":3.0},{"not_picked":["Guardian:SentryBeam","Guardian:PrimingBeam"],"picked":"Guardian:Gem_White","floor":4.0},{"not_picked":["Guardian:PiercingHide","Guardian:ShieldCharger"],"picked":"Guardian:Gem_Cyan","floor":5.0},{"not_picked":["Guardian:Reroute","Guardian:Gem_Green"],"picked":"Guardian:PrimingBeam","floor":6.0},{"not_picked":["Guardian:TimeBomb","Guardian:RollAttack"],"picked":"Guardian:ChargeCore","floor":10.0},{"not_picked":["Guardian:TimeSifter","Guardian:TemporalShield"],"picked":"Guardian:Repulse","floor":14.0},{"not_picked":["Guardian:BronzeOrb","Guardian:PiercingHide"],"picked":"Guardian:Gem_White","floor":15.0},{"not_picked":["Guardian:StasisEngine","Guardian:BaubleBeam"],"picked":"Guardian:AncientConstruct","floor":16.0},{"not_picked":["Guardian:ChargeCore","Guardian:CrystalBeam"],"picked":"Guardian:Clone","floor":19.0},{"not_picked":["Guardian:Planning","Guardian:Gem_Green"],"picked":"Guardian:ChargeUp","floor":20.0},{"not_picked":["Guardian:Suspension","Guardian:Gem_Green"],"picked":"Guardian:DonusPower","floor":22.0},{"not_picked":["Guardian:RollAttack","Guardian:TemporalShield","Guardian:PrismaticBeam"],"picked":"SKIP","floor":23.0},{"not_picked":["Guardian:BronzeOrb","Guardian:CompilePackage"],"picked":"Guardian:PolyBeam","floor":23.0},{"not_picked":["Guardian:Incinerate","Guardian:Planning"],"picked":"Guardian:VentSteam+1","floor":23.0},{"not_picked":["Guardian:CrystalBeam","Guardian:ShieldCharger","Guardian:Incinerate"],"picked":"SKIP","floor":26.0},{"not_picked":["Guardian:Recover","Guardian:VentSteam"],"picked":"Guardian:EvasiveProtocol","floor":27.0},{"not_picked":["Guardian:Suspension","Guardian:ChargeCore"],"picked":"Guardian:Recover","floor":28.0},{"not_picked":["Guardian:Gem_Green","Guardian:GatlingBeam"],"picked":"Guardian:ArmoredProtocol","floor":31.0},{"not_picked":["Guardian:CrystalBeam","Guardian:PrismaticBarrier","Guardian:Harden"],"picked":"SKIP","floor":32.0},{"not_picked":["Guardian:SphericShield","Guardian:FastForward"],"picked":"Guardian:Gem_Orange","floor":33.0},{"not_picked":["Guardian:SentryBeam+1","Guardian:Suspension","Guardian:FuturePlans"],"picked":"SKIP","floor":36.0},{"not_picked":["Guardian:Preprogram+1","Guardian:CrystalBeam+1","Guardian:RollAttack+1"],"picked":"SKIP","floor":37.0},{"not_picked":["Guardian:WalkerClaw","Guardian:PiercingHide+1"],"picked":"Guardian:FloatingOrbs","floor":39.0},{"not_picked":["Guardian:RollAttack+1","Guardian:Gem_Lightblue","Guardian:TimeSifter"],"picked":"SKIP","floor":40.0},{"not_picked":["Guardian:ShieldCharger+1","Guardian:Gem_Green"],"picked":"Guardian:Gem_Crimson","floor":42.0},{"not_picked":["Guardian:GuardianWhirl","Guardian:ShieldCharger","Guardian:AncientConstruct"],"picked":"SKIP","floor":44.0},{"not_picked":["Guardian:PiercingHide","Guardian:Gem_Lightblue","Guardian:StasisField"],"picked":"SKIP","floor":45},{"not_picked":["Guardian:Planning","Guardian:RollAttack"],"picked":"Guardian:RefractedBeam+1","floor":46},{"not_picked":["Guardian:FloatingOrbs","Guardian:RollAttack+1","Guardian:Suspension"],"picked":"SKIP","floor":47},{"not_picked":["Guardian:ShieldSpikes","Guardian:SpikerProtocol"],"picked":"Guardian:DonusPower+1","floor":48},{"not_picked":["Guardian:DecasProtection","Guardian:CrystalBeam+1"],"picked":"Guardian:Gem_Cyan","floor":49}],"player_experience":2293716,"relics_obtained":[{"floor":7.0,"key":"PreservedInsect"},{"floor":13.0,"key":"Anchor"},{"floor":14.0,"key":"Dream Catcher"},{"floor":24.0,"key":"Bottled Tornado"},{"floor":28.0,"key":"Mango"},{"floor":28.0,"key":"Tiny Chest"},{"floor":31.0,"key":"MawBank"},{"floor":31.0,"key":"Juzu Bracelet"},{"floor":34.0,"key":"Guardian:PickAxe"},{"floor":34.0,"key":"InkBottle"},{"floor":34.0,"key":"Du-Vu Doll"},{"floor":40.0,"key":"Old Coin"},{"floor":40.0,"key":"Smiling Mask"},{"floor":45,"key":"Bottled Lightning"},{"floor":45,"key":"Bottled Flame"}],"event_choices":[],"is_beta":false,"boss_relics":[{"not_picked":["Philosopher\u0027s Stone","Fusion Hammer"],"picked":"Black Star"},{"not_picked":["Runic Pyramid","Snecko Eye"],"picked":"Calling Bell"}],"items_purged_floors":[37],"is_endless":false,"potions_floor_spawned":[6,10,14,15,19,26,31,33,40,44,46,47,48,49],"ascension_level":14}}