{"host":"y76ypncwubx6puhd","time":1610301888,"event":{"mods":["BaseMod","Bestiary","Better Third Choice","Block Reminder","Colored Powertips","Curses Come First","Downfall","Hermit","Minty Spire (QoL Compilation)","Relic Stats","StSLib"],"gold_per_floor":[114,114,130,140,151,186,200,200,200,210,36,52,0,63,63,63,63],"floor_reached":16,"playtime":1880,"items_purged":[],"score":104,"play_id":"ae7838ca-7e1b-4b4f-929c-07a58e2319dd","local_time":"20210111020448","is_ascension_mode":false,"campfire_choices":[{"data":"hermit:BlackWind","floor":15,"key":"SMITH"}],"circlet_count":0,"master_deck":["hermit:Strike_Hermit","hermit:Strike_Hermit","hermit:Strike_Hermit","hermit:Strike_Hermit","hermit:Defend_Hermit","hermit:Defend_Hermit","hermit:Defend_Hermit","hermit:Defend_Hermit","hermit:Snapshot","hermit:Covet+1","hermit:Deadeye","hermit:LuckOfTheDraw","hermit:Determination","hermit:Gambit","hermit:Feint","hermit:Manifest","hermit:LoneWolf","hermit:BlackWind+1","hermit:LowProfile","hermit:Vantage","Enlightenment"],"relics":["hermit:Momento","NeowsBlessing","Shovel","HornCleat","Matryoshka"],"acts_visited":["Exordium"],"potions_floor_usage":[12,14,16,16,16,16],"damage_taken":[{"damage":0,"enemies":"Cultist","floor":1,"turns":1},{"damage":0,"enemies":"Jaw Worm","floor":3,"turns":1},{"damage":0,"enemies":"2 Louse","floor":4,"turns":1},{"damage":13,"enemies":"2 Fungi Beasts","floor":5,"turns":4},{"damage":55,"enemies":"Lagavulin","floor":6,"turns":8},{"damage":0,"enemies":"Large Slime","floor":7,"turns":5},{"damage":0,"enemies":"Exordium Thugs","floor":10,"turns":5},{"damage":0,"enemies":"3 Louse","floor":12,"turns":1},{"damage":0,"enemies":"Lagavulin Event","floor":14,"turns":4},{"damage":16,"enemies":"The Guardian","floor":16,"turns":9}],"seed_played":"3089321045430254100","potions_obtained":[{"floor":1,"key":"Swift Potion"},{"floor":6,"key":"LiquidBronze"},{"floor":7,"key":"EntropicBrew"},{"floor":8,"key":"Explosive Potion"},{"floor":12,"key":"Swift Potion"},{"floor":14,"key":"SteroidPotion"}],"is_trial":false,"path_per_floor":["M","?","M","M","M","E","M","?","T","M","$","M","?","?","R","B"],"character_chosen":"HERMIT","items_purchased":["hermit:BlackWind","hermit:LowProfile"],"campfire_rested":0,"item_purchase_floors":[11,11],"current_hp_per_floor":[75,75,75,75,62,7,7,7,7,7,7,7,13,13,13,0,0],"gold":63,"neow_bonus":"THREE_ENEMY_KILL","is_daily":false,"chose_seed":false,"campfire_upgraded":1,"win_rate":0.0,"timestamp":1610301888,"path_taken":["M","?","M","M","M","E","M","?","T","?","$","M","?","?","R","BOSS"],"items_purchased_type":["Card","Card"],"build_version":"2020-12-22","purchased_purges":0,"victory":false,"max_hp_per_floor":[75,75,75,75,75,75,75,75,75,75,75,75,81,81,81,81,81],"relic_stats":{"Shovel":0,"counters":[10,39],"obtain_stats":[{"Shovel":6,"HornCleat":9,"Matryoshka":14,"NeowsBlessing":0,"hermit:Momento":0},{"Shovel":5,"HornCleat":6,"Matryoshka":9,"NeowsBlessing":0,"hermit:Momento":0},{"Shovel":15,"HornCleat":20,"Matryoshka":30,"NeowsBlessing":0,"hermit:Momento":0}]},"card_choices":[{"not_picked":["hermit:Spite","hermit:Ricochet"],"picked":"hermit:Deadeye","floor":1},{"not_picked":["hermit:CalledShot","hermit:TakeCover"],"picked":"hermit:LuckOfTheDraw","floor":3},{"not_picked":["hermit:Showdown","hermit:LowProfile"],"picked":"hermit:Determination","floor":4},{"not_picked":["hermit:FlashPowder","hermit:Cheat"],"picked":"hermit:Gambit","floor":5},{"not_picked":["hermit:SprayPray","hermit:Ricochet"],"picked":"hermit:Feint","floor":6},{"not_picked":["hermit:FlashPowder","hermit:Scavenge"],"picked":"hermit:Manifest","floor":7},{"not_picked":["hermit:Roulette","hermit:HoleUp"],"picked":"hermit:LoneWolf","floor":10},{"not_picked":["hermit:GhostlyPresence","hermit:Dive"],"picked":"hermit:Vantage","floor":12}],"player_experience":21260,"relics_obtained":[{"floor":6,"key":"Shovel"},{"floor":9,"key":"HornCleat"},{"floor":14,"key":"Matryoshka"}],"event_choices":[{"damage_healed":0,"gold_gain":0,"player_choice":"Grow","damage_taken":0,"max_hp_gain":0,"max_hp_loss":0,"event_name":"Living Wall","floor":2,"gold_loss":0,"cards_upgraded":["hermit:Covet"]},{"damage_healed":0,"gold_gain":0,"player_choice":"Got Potions","damage_taken":0,"max_hp_gain":0,"max_hp_loss":0,"event_name":"Lab","floor":8,"gold_loss":0},{"damage_healed":0,"gold_gain":0,"player_choice":"RENOUNCE","damage_taken":52,"max_hp_gain":0,"max_hp_loss":0,"event_name":"betterThird:BetterSerpent","floor":13,"gold_loss":52,"cards_obtained":["Enlightenment"]},{"damage_healed":0,"gold_gain":0,"player_choice":"Searched \u00272\u0027 times","damage_taken":0,"max_hp_gain":0,"max_hp_loss":0,"event_name":"Dead Adventurer","floor":14,"gold_loss":0}],"is_beta":false,"boss_relics":[],"items_purged_floors":[],"is_endless":false,"potions_floor_spawned":[1,6,7,12,14],"killed_by":"The Guardian","ascension_level":0}}