{"host":"l84l8xigz5v5foa2","time":1610275920,"event":{"mods":["2.2 Compatiblity","AchievementEnabler","BaseMod","Better Note","Better Vampires","Card Filter","Colored Map","DeckTracker","Downfall","Gremlin Skip","Highlight Path","Keyboard Shortcuts","Minty Spire (QoL Compilation)","Permanent Neow","Quick Restart","Relic Filter","Relic Stats","StSLib","SuperFastMode","Transform Curses","Unknown Chances"],"gold_per_floor":[99,116,135,135,135,235,235,235,269,269,27,27,57,68,87,159,159,159,178,197,197,197,197,221,146,197,307,307,400,491,566,659,813,813,738,795,887,887,338,438,438,537,371,483,408,457,457,568,663,743,743,858,78,78,118],"floor_reached":56,"playtime":3757,"items_purged":["hexamod:Strike","hexamod:Strike","hexamod:Defend","hexamod:Strike"],"score":2306,"play_id":"41f8661a-ddec-43f6-8db0-b3963ffcdd77","local_time":"20210110195200","is_ascension_mode":true,"campfire_choices":[{"data":"hexamod:Float","floor":1.0,"key":"SMITH"},{"data":"hexamod:EtherealExpedition","floor":8.0,"key":"SMITH"},{"data":"hexamod:SuperheatedStrike","floor":12.0,"key":"SMITH"},{"data":"hexamod:FastForward","floor":18.0,"key":"SMITH"},{"data":"hexamod:ThermalTransfer","floor":25.0,"key":"SMITH"},{"floor":28.0,"key":"RECALL"},{"data":"hexamod:RecurringNightmare","floor":35.0,"key":"SMITH"},{"data":"Panache","floor":45.0,"key":"SMITH"},{"data":"hexamod:InspiringFlames","floor":47.0,"key":"SMITH"},{"data":"hexamod:RecurringNightmare","floor":54.0,"key":"SMITH"}],"circlet_count":0,"master_deck":["AscendersBane","hexamod:Defend+1","hexamod:Defend","hexamod:Defend","hexamod:Sear","hexamod:Float+1","Panache+1","hexamod:StepThrough","hexamod:EtherealExpedition+1","hexamod:SuperheatedStrike+1","hexamod:FourthSeal","hexamod:AdvancingGuard+1","hexamod:StepThrough","hexamod:HauntingEcho","hexamod:FastForward+1","hexamod:SoulSteal","hexamod:GiftsFromTheDead","hexamod:ThermalTransfer+1","hexamod:NightmareGuise+1","hexamod:RecurringNightmare+1","hexamod:SpectersWail","hexamod:GhostShield","hexamod:TimeWarp","hexamod:GhostShield+1","hexamod:InspiringFlames+1","hexamod:SkipABeat","hexamod:RecurringNightmare+1","hexamod:StepThrough","expansioncontent:StudyTheSpire"],"relics":["hexamod:SpiritBrand","Meat on the Bone","Bag of Marbles","War Paint","Coffee Dripper","Enchiridion","downfall:KnowingSkull","Toy Ornithopter","downfall:HeartBlessingGreen","Pen Nib","Juzu Bracelet","expansioncontent:StudyCardRelic","downfall:HeartBlessingRed","CaptainsWheel","HandDrill","Mummified Hand","Gremlin Horn","Toolbox","hexamod:MatchstickCase","downfall:HeartBlessingBlue","Ancient Tea Set","Eternal Feather","hexamod:CandleOfCauterizing","Ornamental Fan"],"acts_visited":["TheCity","TheBeyond","TheEnding"],"potions_floor_usage":[55,55],"damage_taken":[{"damage":1.0,"enemies":"Small Slimes","floor":2.0,"turns":3.0},{"damage":0.0,"enemies":"2 Louse","floor":3.0,"turns":3.0},{"damage":22.0,"enemies":"3 Sentries","floor":9.0,"turns":8.0},{"damage":0.0,"enemies":"downfall:FleeingMerchant","floor":11.0,"turns":4.0},{"damage":9.0,"enemies":"Lagavulin","floor":13.0,"turns":4.0},{"damage":0.0,"enemies":"Cultist","floor":14.0,"turns":3.0},{"damage":3.0,"enemies":"3 Louse","floor":15.0,"turns":3.0},{"damage":1.0,"enemies":"downfall:Watcher","floor":16.0,"turns":7.0},{"damage":0.0,"enemies":"Spheric Guardian","floor":19.0,"turns":3.0},{"damage":4.0,"enemies":"Chosen and Byrds","floor":20.0,"turns":5.0},{"damage":3.0,"enemies":"Sentry and Sphere","floor":26.0,"turns":4.0},{"damage":23.0,"enemies":"Gremlin Leader","floor":27.0,"turns":4.0},{"damage":6.0,"enemies":"Snake Plant","floor":29.0,"turns":3.0},{"damage":10.0,"enemies":"Shelled Parasite and Fungi","floor":30.0,"turns":4.0},{"damage":38.0,"enemies":"Slavers","floor":31.0,"turns":4.0},{"damage":6.0,"enemies":"Snecko","floor":32.0,"turns":4.0},{"damage":28.0,"enemies":"downfall:Defect","floor":33.0,"turns":9.0},{"damage":3.0,"enemies":"Orb Walker","floor":36.0,"turns":4.0},{"damage":10.0,"enemies":"2 Orb Walkers","floor":37.0,"turns":3.0},{"damage":10.0,"enemies":"downfall:FleeingMerchant","floor":39.0,"turns":4.0},{"damage":9.0,"enemies":"3 Shapes","floor":40.0,"turns":4.0},{"damage":6.0,"enemies":"Sphere and 2 Shapes","floor":42.0,"turns":4.0},{"damage":6.0,"enemies":"downfall:FleeingMerchant","floor":43.0,"turns":3.0},{"damage":6.0,"enemies":"Nemesis","floor":44.0,"turns":5.0},{"damage":6.0,"enemies":"Reptomancer","floor":48.0,"turns":4.0},{"damage":6.0,"enemies":"Jaw Worm Horde","floor":49.0,"turns":4.0},{"damage":13.0,"enemies":"downfall:Silent","floor":50.0,"turns":8.0},{"damage":15.0,"enemies":"downfall:CharBossMerchant","floor":52.0,"turns":7.0},{"damage":41,"enemies":"downfall:NeowBoss","floor":55,"turns":21}],"seed_played":"7951771149772641071","potions_obtained":[{"floor":9.0,"key":"Slimebound:ThreeZeroPotion"},{"floor":11.0,"key":"Swift Potion"},{"floor":13.0,"key":"SteroidPotion"},{"floor":14.0,"key":"hexamod:EctoCoolerPotion"},{"floor":15.0,"key":"DistilledChaos"},{"floor":16.0,"key":"Fire Potion"},{"floor":19.0,"key":"Strength Potion"},{"floor":20.0,"key":"CultistPotion"},{"floor":26.0,"key":"hexamod:EctoCoolerPotion"},{"floor":27.0,"key":"Guardian:BlockOnCardUsePotion"},{"floor":27.0,"key":"FearPotion"},{"floor":29.0,"key":"Explosive Potion"},{"floor":30.0,"key":"Fire Potion"},{"floor":30.0,"key":"Swift Potion"},{"floor":31.0,"key":"Ancient Potion"},{"floor":31.0,"key":"Swift Potion"},{"floor":32.0,"key":"Fire Potion"},{"floor":33.0,"key":"DistilledChaos"},{"floor":36.0,"key":"SkillPotion"},{"floor":37.0,"key":"champ:CounterPotion"},{"floor":39.0,"key":"Regen Potion"},{"floor":40.0,"key":"Regen Potion"}],"is_trial":false,"path_per_floor":["R","M","M","?","?","?","T","R","E","?","$","R","E","M","M","B",null,"R","M","M","?","?","?","T","R","M","E","R","M","M","E","M","B",null,"R","M","?","?","$","M","T","M","?","E","R","T","R","E","M","B",null,"E","$","R","B",null],"character_chosen":"THE_SPIRIT","items_purchased":["hexamod:StepThrough","hexamod:HauntingEcho","hexamod:FastForward","HandDrill","Mummified Hand","Gremlin Horn","Toolbox","hexamod:RecurringNightmare","hexamod:StepThrough","Ornamental Fan","expansioncontent:StudyTheSpire"],"campfire_rested":0,"item_purchase_floors":[11,11,11,39,39,43,43,53,53,53,53],"current_hp_per_floor":[57,56,56,61,61,61,61,61,39,39,39,39,42,42,39,38,56,56,56,52,31,31,17,17,17,31,30,30,41,41,25,41,25,53,53,55,50,50,55,51,51,45,39,33,43,43,43,37,43,42,65,50,50,65,72],"gold":118,"neow_bonus":"RANDOM_COLORLESS_2","is_daily":false,"chose_seed":false,"campfire_upgraded":9,"win_rate":0.0,"timestamp":1610275920,"path_taken":["R","M","M","?","?","?","T","R","E","?","$","R","E","M","M","BOSS","R","M","M","?","?","?","T","R","?","E","R","M","M","E","M","BOSS","R","M","?","?","$","M","T","M","?","E","R","?","R","E","M","BOSS","E","$","R","BOSS"],"items_purchased_type":["Card","Card","Card","Relic","Relic","Relic","Relic","Card","Card","Relic","Card"],"build_version":"2020-12-22","purchased_purges":4,"victory":true,"max_hp_per_floor":[57,57,57,62,62,62,62,62,62,62,62,62,62,62,62,62,62,62,62,62,62,62,62,62,62,62,62,62,62,62,62,62,62,62,62,62,62,62,62,62,62,62,62,62,72,72,72,72,72,72,72,72,72,72,72],"relic_stats":{"Gremlin Horn":[11,11],"counters":[29,146],"Mummified Hand":[59],"Ornamental Fan":[40],"Eternal Feather":15,"Pen Nib":[20],"Juzu Bracelet":0,"HandDrill":[46],"War Paint":["hexamod:Defend","hexamod:AdvancingGuard"],"obtain_stats":[{"hexamod:CandleOfCauterizing":52,"downfall:HeartBlessingRed":35,"Gremlin Horn":43,"Enchiridion":21,"downfall:HeartBlessingGreen":25,"Eternal Feather":48,"Pen Nib":27,"Juzu Bracelet":31,"expansioncontent:StudyCardRelic":34,"War Paint":13,"Ancient Tea Set":46,"hexamod:MatchstickCase":44,"CaptainsWheel":37,"Mummified Hand":39,"downfall:HeartBlessingBlue":45,"Ornamental Fan":53,"Toolbox":43,"downfall:KnowingSkull":23,"Bag of Marbles":9,"Coffee Dripper":17,"HandDrill":39,"hexamod:SpiritBrand":0,"Toy Ornithopter":24,"Meat on the Bone":7},{"hexamod:CandleOfCauterizing":28,"downfall:HeartBlessingRed":17,"Gremlin Horn":23,"Enchiridion":10,"downfall:HeartBlessingGreen":10,"Eternal Feather":25,"Pen Nib":12,"Juzu Bracelet":15,"expansioncontent:StudyCardRelic":17,"War Paint":5,"Ancient Tea Set":24,"hexamod:MatchstickCase":24,"CaptainsWheel":19,"Mummified Hand":20,"downfall:HeartBlessingBlue":24,"Ornamental Fan":28,"Toolbox":23,"downfall:KnowingSkull":10,"Bag of Marbles":3,"Coffee Dripper":8,"HandDrill":20,"hexamod:SpiritBrand":0,"Toy Ornithopter":10,"Meat on the Bone":2},{"hexamod:CandleOfCauterizing":125,"downfall:HeartBlessingRed":75,"Gremlin Horn":97,"Enchiridion":43,"downfall:HeartBlessingGreen":43,"Eternal Feather":106,"Pen Nib":51,"Juzu Bracelet":62,"expansioncontent:StudyCardRelic":75,"War Paint":22,"Ancient Tea Set":102,"hexamod:MatchstickCase":102,"CaptainsWheel":82,"Mummified Hand":86,"downfall:HeartBlessingBlue":102,"Ornamental Fan":125,"Toolbox":97,"downfall:KnowingSkull":43,"Bag of Marbles":14,"Coffee Dripper":35,"HandDrill":86,"hexamod:SpiritBrand":0,"Toy Ornithopter":43,"Meat on the Bone":6}],"Toy Ornithopter":90,"Meat on the Bone":108},"card_choices":[{"not_picked":["Chrysalis","Master of Strategy"],"picked":"Panache","floor":0.0},{"not_picked":["hexamod:Hexaguard","hexamod:GhostLash"],"picked":"hexamod:StepThrough","floor":2.0},{"not_picked":["hexamod:PhantomFireball","hexamod:ThermalTransfer"],"picked":"hexamod:EtherealExpedition","floor":3.0},{"not_picked":["hexamod:SwordOfDarkness","hexamod:AdvancingGuard"],"picked":"hexamod:SuperheatedStrike","floor":9.0},{"not_picked":["hexamod:Toasty","hexamod:BurningTouch"],"picked":"hexamod:AdvancingGuard","floor":11.0},{"not_picked":["hexamod:AdvancingGuard","hexamod:CatchUp"],"picked":"hexamod:SoulSteal","floor":13.0},{"not_picked":["hexamod:ThermalTransfer","hexamod:HeatCrush","hexamod:AdvancingGuard"],"picked":"SKIP","floor":14.0},{"not_picked":["hexamod:GhostLash","hexamod:HeatCrush","hexamod:BurningTouch"],"picked":"SKIP","floor":15.0},{"not_picked":["hexamod:WildfireWeapon","hexamod:FifthSeal"],"picked":"hexamod:GiftsFromTheDead","floor":16.0},{"not_picked":["hexamod:PhantomCloak","hexamod:SwordOfDarkness"],"picked":"hexamod:ThermalTransfer","floor":19.0},{"not_picked":["hexamod:GhostflameBarrier","hexamod:GhostShield"],"picked":"hexamod:NightmareGuise+1","floor":20.0},{"not_picked":["hexamod:NightmareStrike","hexamod:GhostOfSpirePresent","hexamod:GhostLash"],"picked":"SKIP","floor":26.0},{"not_picked":["hexamod:NightmareStrike","hexamod:SearingWound","hexamod:HeatCrush"],"picked":"SKIP","floor":27.0},{"not_picked":["hexamod:SpectralAdrenaline","hexamod:ShieldOfDarkness"],"picked":"hexamod:SpectersWail","floor":29.0},{"not_picked":["hexamod:BurningTouch","hexamod:RainOfEmbers"],"picked":"hexamod:GhostShield","floor":30.0},{"not_picked":["hexamod:NightmareStrike","hexamod:BurningTouch","hexamod:GhostLash"],"picked":"SKIP","floor":31.0},{"not_picked":["hexamod:EtherealExpedition","hexamod:BurningTouch","hexamod:PowerFromBeyond"],"picked":"SKIP","floor":32.0},{"not_picked":["hexamod:WildfireWeapon","hexamod:UnleashSpirits"],"picked":"hexamod:TimeWarp","floor":33.0},{"not_picked":["hexamod:Firestarter","hexamod:RadiantFlame"],"picked":"hexamod:GhostShield+1","floor":36.0},{"not_picked":["hexamod:CatchUp","hexamod:GhostflameBarrier"],"picked":"hexamod:InspiringFlames","floor":37.0},{"not_picked":["hexamod:FourthSeal","hexamod:SwordOfDarkness","hexamod:PowerFromBeyond"],"picked":"SKIP","floor":39.0},{"not_picked":["hexamod:RainOfEmbers","hexamod:GhostLash","hexamod:FastForward"],"picked":"SKIP","floor":40.0},{"not_picked":["hexamod:Firestarter+1","hexamod:UnleashSpirits","hexamod:CatchUp"],"picked":"SKIP","floor":42.0},{"not_picked":["hexamod:Firestarter+1","hexamod:UnleashSpirits","hexamod:CatchUp"],"picked":"SKIP","floor":42.0},{"not_picked":["hexamod:DynamicBlow","hexamod:PhantomFireball","hexamod:FastForward"],"picked":"SKIP","floor":43.0},{"not_picked":["hexamod:GhostOfSpireFuture","hexamod:ParanormalForm","hexamod:BacktrackSmack+1"],"picked":"SKIP","floor":44.0},{"not_picked":["hexamod:CatchUp","hexamod:Again","hexamod:DynamicBlow"],"picked":"SKIP","floor":48.0},{"not_picked":["hexamod:NightmareGuise","hexamod:GhostOfSpireFuture"],"picked":"hexamod:SkipABeat","floor":49.0},{"not_picked":["hexamod:AdvancingGuard","hexamod:SkipABeat","hexamod:SpectralAdrenaline"],"picked":"SKIP","floor":52.0}],"player_experience":3057830,"relics_obtained":[{"floor":7.0,"key":"Meat on the Bone"},{"floor":9.0,"key":"Bag of Marbles"},{"floor":13.0,"key":"War Paint"},{"floor":21.0,"key":"Enchiridion"},{"floor":24.0,"key":"Toy Ornithopter"},{"floor":27.0,"key":"Pen Nib"},{"floor":31.0,"key":"Juzu Bracelet"},{"floor":37.0,"key":"CaptainsWheel"},{"floor":44.0,"key":"hexamod:MatchstickCase"},{"floor":46.0,"key":"Ancient Tea Set"},{"floor":48.0,"key":"Eternal Feather"},{"floor":52.0,"key":"hexamod:CandleOfCauterizing"}],"event_choices":[{"damage_healed":0.0,"max_hp_gain":5.0,"max_hp_loss":0.0,"gold_gain":0.0,"event_name":"Big Fish","player_choice":"Donut","floor":4.0,"gold_loss":0.0,"damage_taken":0.0},{"cards_removed":["hexamod:Strike"],"damage_healed":0.0,"max_hp_gain":0.0,"max_hp_loss":0.0,"gold_gain":0.0,"event_name":"The Cleric","player_choice":"Card Removal","floor":5.0,"gold_loss":0.0,"damage_taken":0.0},{"damage_healed":0.0,"max_hp_gain":0.0,"max_hp_loss":0.0,"gold_gain":0.0,"event_name":"The Library","player_choice":"Read","floor":22.0,"gold_loss":0.0,"damage_taken":0.0,"cards_obtained":["hexamod:RecurringNightmare"]},{"damage_healed":0.0,"max_hp_gain":0.0,"max_hp_loss":0.0,"gold_gain":0.0,"event_name":"Mysterious Sphere","player_choice":"Fight","floor":37.0,"gold_loss":0.0,"damage_taken":0.0}],"is_beta":false,"boss_relics":[{"not_picked":["Sozu","Astrolabe"],"picked":"Coffee Dripper"},{"not_picked":["Philosopher\u0027s Stone","Fusion Hammer"],"picked":"expansioncontent:StudyCardRelic"}],"items_purged_floors":[11,39,43,53],"is_endless":false,"potions_floor_spawned":[9,14,15,16,26,27,30,31,33,37,40,44,48,49],"ascension_level":20}}