{"host":"qvl114e0jmbc6yhm","time":1610318057,"event":{"mods":["Act Like it!","BaseMod","Hermit","Highlight Path","Hubris","Jedi Mod","Marisa????????","Marked Mod","Minty Spire (QoL Compilation)","Permanent Neow","Random Character Button","Relic Sorter","Relic Stats","Replay The Spire","Shop Mod","Spicy Shops","StSLib","The Jungle","The Runesmith"],"gold_per_floor":[361,361,361,379,379,379,413,431,481,261,279,279,305,337,337,437,437],"floor_reached":16,"playtime":935,"items_purged":[],"score":201,"play_id":"889e43fc-7ba7-4c82-86e4-48ff24cac76d","local_time":"20210110173417","is_ascension_mode":true,"campfire_choices":[{"data":"jedi:pocketpoison","floor":6,"key":"SMITH"},{"floor":12,"key":"REST"},{"floor":15,"key":"REST"}],"circlet_count":0,"master_deck":["AscendersBane","Strike_G","Strike_G","Strike_G","Strike_G","Strike_G","Defend_G+1","Defend_G","Defend_G","Defend_G","Defend_G","Survivor+1","Neutralize","Deadly Poison","jedi:pocketpoison+1","Backflip","After Image"],"relics":["Ring of the Snake","hubris:Icosahedron","Blue Doll","TwistedFunnel","Toolbox","Regal Pillow","MealTicket"],"acts_visited":["Exordium"],"potions_floor_usage":[7,11,16],"damage_taken":[{"damage":0,"enemies":"Small Slimes","floor":1,"turns":6},{"damage":0,"enemies":"2 Louse","floor":4,"turns":3},{"damage":20,"enemies":"3 Sentries","floor":7,"turns":10},{"damage":1,"enemies":"Jaw Worm","floor":8,"turns":6},{"damage":0,"enemies":"Large Slime","floor":11,"turns":6},{"damage":22,"enemies":"Gremlin Nob","floor":13,"turns":4},{"damage":5,"enemies":"3 Sentries","floor":14,"turns":8},{"damage":55,"enemies":"Slime Boss","floor":16,"turns":8}],"seed_played":"-3903732647971943497","potions_obtained":[{"floor":1,"key":"Dexterity Potion"},{"floor":7,"key":"Fruit Juice"},{"floor":11,"key":"jedi:wingpotion"}],"is_trial":false,"path_per_floor":["M","?","?","M","?","R","E","M","T","$","M","R","E","E","R","B"],"character_chosen":"THE_SILENT","items_purchased":["TwistedFunnel","Toolbox"],"campfire_rested":2,"item_purchase_floors":[10,10],"current_hp_per_floor":[59,59,52,52,39,39,19,18,18,18,23,44,22,17,53,0,0],"gold":437,"neow_bonus":"TWO_FIFTY_GOLD","is_daily":false,"chose_seed":false,"campfire_upgraded":1,"win_rate":0.0,"timestamp":1610318057,"path_taken":["M","?","?","M","?","R","E","M","T","$","?","R","E","E","R","BOSS"],"items_purchased_type":["Relic","Relic"],"build_version":"2020-12-22","purchased_purges":0,"victory":false,"max_hp_per_floor":[66,66,66,66,66,66,66,66,66,66,71,71,71,71,71,71,71],"relic_stats":{"Regal Pillow":15,"counters":[8,51],"MealTicket":0,"obtain_stats":[{"TwistedFunnel":10,"Regal Pillow":13,"hubris:Icosahedron":2,"Toolbox":10,"Blue Doll":7,"MealTicket":14,"Ring of the Snake":0},{"TwistedFunnel":4,"Regal Pillow":6,"hubris:Icosahedron":1,"Toolbox":4,"Blue Doll":3,"MealTicket":7,"Ring of the Snake":0},{"TwistedFunnel":25,"Regal Pillow":35,"hubris:Icosahedron":6,"Toolbox":25,"Blue Doll":19,"MealTicket":43,"Ring of the Snake":0}],"Ring of the Snake":[16]},"card_choices":[{"not_picked":["Masterful Stab","Distraction"],"picked":"Deadly Poison","floor":1},{"not_picked":["Dagger Throw","Acrobatics"],"picked":"jedi:pocketpoison","floor":4},{"not_picked":["Terror","Calculated Gamble"],"picked":"Backflip","floor":7},{"not_picked":["Underhanded Strike","Caltrops","Dodge and Roll"],"picked":"SKIP","floor":8},{"not_picked":["ReplayTheSpireMod:Scrap Shanks","Eviscerate","Toxin Wave"],"picked":"SKIP","floor":11},{"not_picked":["Outmaneuver","Acrobatics","hubris:Counter"],"picked":"SKIP","floor":13},{"not_picked":["Flying Knee","Accuracy"],"picked":"After Image","floor":14}],"player_experience":2431411,"relics_obtained":[{"floor":7,"key":"Blue Doll"},{"floor":13,"key":"Regal Pillow"},{"floor":14,"key":"MealTicket"}],"event_choices":[{"cards_removed":["jedi:frostbite"],"damage_healed":0,"gold_gain":0,"player_choice":"Card Removal","damage_taken":7,"max_hp_gain":0,"max_hp_loss":0,"event_name":"Golden Wing","floor":3,"gold_loss":0},{"damage_healed":0,"gold_gain":0,"player_choice":"Entered Light","damage_taken":13,"max_hp_gain":0,"max_hp_loss":0,"event_name":"Shining Light","floor":5,"gold_loss":0,"cards_upgraded":["Defend_G","Survivor"]}],"is_beta":false,"boss_relics":[],"items_purged_floors":[],"is_endless":false,"potions_floor_spawned":[1,7,11],"killed_by":"Slime Boss","ascension_level":14}}