{"host":"k85tjwrh7mjrrc9a","time":1610315948,"event":{"mods":["AchievementEnabler","BaseMod","Colored Powertips","Highlight Path","Minty Spire (QoL Compilation)","Rare Cards Sparkle","StSLib"],"gold_per_floor":[114,68,68,85,96,96,123,48,74,100,100,131,149,164,164,260,260,275,295,311,311,323,358,358,358,384,384,402,14,14,31,31,131,131,146,196,196,160,160,160,14,41,41,41,54,67,67,67,67,67],"floor_reached":51,"playtime":2637,"items_purged":["Pain"],"score":1069,"play_id":"75f8ea4a-65d8-4eb0-a2f7-4c3c91789094","local_time":"20210110165908","is_ascension_mode":true,"campfire_choices":[{"data":"True Grit","floor":6.0,"key":"SMITH"},{"floor":15.0,"key":"REST"},{"floor":24,"key":"REST"},{"data":"Demon Form","floor":27,"key":"SMITH"},{"data":"True Grit","floor":30,"key":"SMITH"},{"floor":32,"key":"REST"},{"data":"Battle Trance","floor":40,"key":"SMITH"},{"data":"Pommel Strike","floor":44,"key":"SMITH"},{"floor":47,"key":"REST"},{"data":"Heavy Blade","floor":49,"key":"SMITH"}],"circlet_count":0,"master_deck":["Strike_R","Strike_R","Strike_R","Strike_R","Strike_R","Defend_R","Defend_R","Defend_R","Defend_R","Bash","Pummel","Pommel Strike+1","True Grit+1","True Grit+1","Shrug It Off","Uppercut","Inflame","Cleave","Pommel Strike","Demon Form+1","Shockwave","Heavy Blade+1","Battle Trance+1","Heavy Blade"],"relics":["Burning Blood","NeowsBlessing","WarpedTongs","Dream Catcher","Bag of Marbles","Odd Mushroom","Incense Burner","Busted Crown","MutagenicStrength","Centennial Puzzle","Ancient Tea Set","Membership Card","Torii","Strawberry","Philosopher\u0027s Stone","WingedGreaves","Thread and Needle","FossilizedHelix","Mercury Hourglass","InkBottle"],"acts_visited":["Exordium","TheCity","TheBeyond"],"potions_floor_usage":[16,16,20,45,50,50,50],"damage_taken":[{"damage":0.0,"enemies":"Cultist","floor":1.0,"turns":1.0},{"damage":2.0,"enemies":"Small Slimes","floor":4.0,"turns":1.0},{"damage":2.0,"enemies":"2 Louse","floor":5.0,"turns":1.0},{"damage":38.0,"enemies":"3 Sentries","floor":7.0,"turns":13.0},{"damage":7.0,"enemies":"The Mushroom Lair","floor":10.0,"turns":5.0},{"damage":27.0,"enemies":"Lagavulin","floor":12.0,"turns":8.0},{"damage":12.0,"enemies":"Exordium Wildlife","floor":13.0,"turns":6.0},{"damage":4.0,"enemies":"Gremlin Gang","floor":14.0,"turns":6.0},{"damage":39,"enemies":"Slime Boss","floor":16,"turns":7},{"damage":21,"enemies":"3 Byrds","floor":18,"turns":6},{"damage":13,"enemies":"Shell Parasite","floor":19,"turns":5},{"damage":18,"enemies":"Chosen and Byrds","floor":20,"turns":6},{"damage":24,"enemies":"3 Cultists","floor":22,"turns":5},{"damage":0,"enemies":"Gremlin Leader","floor":23,"turns":6},{"damage":10,"enemies":"Centurion and Healer","floor":28,"turns":6},{"damage":13,"enemies":"Cultist and Chosen","floor":31,"turns":5},{"damage":34,"enemies":"Automaton","floor":33,"turns":7},{"damage":0,"enemies":"Orb Walker","floor":35,"turns":2},{"damage":19,"enemies":"Mind Bloom Boss Battle","floor":36,"turns":6},{"damage":11,"enemies":"Giant Head","floor":42,"turns":7},{"damage":0,"enemies":"3 Darklings","floor":45,"turns":4},{"damage":40,"enemies":"Writhing Mass","floor":46,"turns":4},{"damage":48,"enemies":"Time Eater","floor":50,"turns":7}],"seed_played":"-8731737124514343959","potions_obtained":[{"floor":7.0,"key":"Fire Potion"},{"floor":12.0,"key":"Swift Potion"},{"floor":14.0,"key":"SkillPotion"},{"floor":19,"key":"LiquidMemories"},{"floor":23,"key":"AttackPotion"},{"floor":31,"key":"FearPotion"},{"floor":35,"key":"Fire Potion"},{"floor":46,"key":"Block Potion"}],"is_trial":false,"path_per_floor":["M","$","?","M","M","R","E","$","T","?","?","E","M","M","R","B",null,"M","M","M","?","M","E","R","?","T","R","M","$","R","M","R","B",null,"M","?","?","$","?","R","$","E","T","R","M","M","R","T","R","B",null],"character_chosen":"IRONCLAD","items_purchased":["Pommel Strike","Membership Card","Torii","Strawberry","Heavy Blade","Battle Trance","Thread and Needle"],"campfire_rested":4,"item_purchase_floors":[2,29,29,29,29,38,41],"current_hp_per_floor":[78,78,78,80,80,80,48,48,48,47,47,26,20,22,46,13,63,48,41,29,29,11,17,41,41,41,41,37,44,44,37,63,35,74,80,67,67,67,67,67,67,62,62,62,68,34,60,60,60,18],"gold":67,"neow_bonus":"THREE_ENEMY_KILL","is_daily":false,"chose_seed":false,"campfire_upgraded":6,"win_rate":0.0,"timestamp":1610315948,"path_taken":["M","$","?","?","M","R","E","$","T","?","?","E","M","?","R","BOSS","M","?","M","?","M","E","R","?","T","R","M","$","R","M","R","BOSS","M","?","?","$","?","R","$","E","T","R","M","?","R","?","R","BOSS"],"items_purchased_type":["Card","Relic","Relic","Relic","Card","Card","Relic"],"build_version":"2020-12-22","purchased_purges":1,"victory":true,"max_hp_per_floor":[80,80,80,80,80,80,80,80,80,80,80,80,80,80,80,80,80,80,80,80,80,80,80,80,80,80,80,80,87,87,87,87,87,87,87,87,87,87,87,87,87,87,87,87,87,87,87,87,87,87],"card_choices":[{"not_picked":["Perfected Strike","Searing Blow"],"picked":"Pummel","floor":1.0},{"not_picked":["Armaments","Sword Boomerang"],"picked":"True Grit","floor":4.0},{"not_picked":["Ghostly Armor","Bloodletting"],"picked":"True Grit","floor":5.0},{"not_picked":["Twin Strike","Reckless Charge"],"picked":"Shrug It Off","floor":7.0},{"not_picked":["Rupture","Anger"],"picked":"Uppercut","floor":10.0},{"not_picked":["Pommel Strike","Corruption"],"picked":"Inflame","floor":12.0},{"not_picked":["Rupture","Clash","Uppercut"],"picked":"SKIP","floor":13.0},{"not_picked":["Clash","Headbutt"],"picked":"Cleave","floor":14.0},{"not_picked":["Intimidate","Reckless Charge"],"picked":"Pommel Strike","floor":15.0},{"not_picked":["Reaper","Corruption"],"picked":"Demon Form","floor":16},{"not_picked":["Clothesline+1"],"picked":"SKIP","floor":18},{"not_picked":["Anger"],"picked":"SKIP","floor":19},{"not_picked":["Headbutt+1"],"picked":"SKIP","floor":20},{"not_picked":[],"picked":"Shockwave","floor":22},{"not_picked":["Blood for Blood"],"picked":"SKIP","floor":23},{"not_picked":["Bloodletting"],"picked":"SKIP","floor":28},{"not_picked":["Flex"],"picked":"SKIP","floor":31},{"not_picked":["True Grit+1"],"picked":"SKIP","floor":35},{"not_picked":["Feel No Pain+1"],"picked":"SKIP","floor":42},{"not_picked":["Reckless Charge"],"picked":"SKIP","floor":45},{"not_picked":["Havoc"],"picked":"SKIP","floor":46}],"player_experience":180007,"relics_obtained":[{"floor":7.0,"key":"Dream Catcher"},{"floor":9.0,"key":"Bag of Marbles"},{"floor":10.0,"key":"Odd Mushroom"},{"floor":12.0,"key":"Incense Burner"},{"floor":23,"key":"Centennial Puzzle"},{"floor":26,"key":"Ancient Tea Set"},{"floor":36,"key":"WingedGreaves"},{"floor":42,"key":"FossilizedHelix"},{"floor":43,"key":"Mercury Hourglass"},{"floor":48,"key":"InkBottle"}],"event_choices":[{"damage_healed":0.0,"max_hp_gain":0.0,"max_hp_loss":0.0,"gold_gain":0.0,"event_name":"Accursed Blacksmith","player_choice":"Rummage","floor":3.0,"gold_loss":0.0,"damage_taken":0.0,"relics_obtained":["WarpedTongs"],"cards_obtained":["Pain"]},{"damage_healed":0.0,"max_hp_gain":0.0,"max_hp_loss":0.0,"gold_gain":0.0,"event_name":"Mushrooms","player_choice":"Fought Mushrooms","floor":10.0,"gold_loss":0.0,"damage_taken":0.0},{"damage_healed":0.0,"max_hp_gain":0.0,"max_hp_loss":0.0,"gold_gain":0.0,"event_name":"Liars Game","player_choice":"Ignored","floor":11.0,"gold_loss":0.0,"damage_taken":0.0},{"damage_healed":0,"gold_gain":0,"player_choice":"Inject Mutagens","damage_taken":0,"relics_obtained":["MutagenicStrength"],"max_hp_gain":0,"max_hp_loss":0,"event_name":"Drug Dealer","floor":21,"gold_loss":0},{"damage_healed":0,"gold_gain":0,"player_choice":"Ignored","damage_taken":0,"max_hp_gain":0,"max_hp_loss":0,"event_name":"Ghosts","floor":25,"gold_loss":0},{"damage_healed":0,"gold_gain":0,"player_choice":"Fight","damage_taken":0,"max_hp_gain":0,"max_hp_loss":0,"event_name":"MindBloom","floor":36,"gold_loss":0},{"damage_healed":0,"gold_gain":0,"player_choice":"Ignored","damage_taken":0,"max_hp_gain":0,"max_hp_loss":0,"event_name":"Tomb of Lord Red Mask","floor":37,"gold_loss":0},{"damage_healed":0,"gold_gain":0,"player_choice":"Copied","damage_taken":0,"max_hp_gain":0,"max_hp_loss":0,"event_name":"Duplicator","floor":39,"gold_loss":0,"cards_obtained":["Heavy Blade"]}],"is_beta":false,"boss_relics":[{"not_picked":["Sozu","Runic Dome"],"picked":"Busted Crown"},{"not_picked":["Empty Cage","Calling Bell"],"picked":"Philosopher\u0027s Stone"}],"items_purged_floors":[8],"is_endless":false,"potions_floor_spawned":[7,12,14,19,23,31,35,46],"ascension_level":9}}