{"host":"52m1o8iwwagurbjs","time":1610246919,"event":{"mods":["AchievementEnabler","BaseMod","Bestiary","Colored Powertips","GifTheSpireLib","Minty Spire (QoL Compilation)","Quick Restart","RNG Fix","Relic Stats","StSLib"],"gold_per_floor":[118,133,133,283,300,300,328,339,339,339,339],"floor_reached":10,"playtime":346,"items_purged":[],"score":136,"play_id":"90e3afb9-0fb7-449e-ade6-aa32ec38a88e","local_time":"20210109214839","is_ascension_mode":true,"campfire_choices":[{"data":"Glass Knife","floor":6,"key":"SMITH"}],"circlet_count":0,"master_deck":["AscendersBane","Strike_G","Strike_G","Strike_G","Strike_G","Defend_G","Defend_G","Defend_G","Defend_G","Defend_G","Survivor","Neutralize","Glass Knife+1","Slice","Dagger Throw","Doubt","Dagger Spray","Dash","Leg Sweep"],"relics":["Ring of the Snake","Pantograph","The Courier"],"acts_visited":["Exordium"],"potions_floor_usage":[7,10],"damage_taken":[{"damage":7,"enemies":"2 Louse","floor":1,"turns":3},{"damage":0,"enemies":"Cultist","floor":2,"turns":3},{"damage":4,"enemies":"Jaw Worm","floor":5,"turns":2},{"damage":32,"enemies":"Lagavulin","floor":7,"turns":6},{"damage":0,"enemies":"Looter","floor":8,"turns":3},{"damage":21,"enemies":"Gremlin Nob","floor":10,"turns":3}],"seed_played":"6666545368359822613","potions_obtained":[{"floor":1,"key":"DistilledChaos"},{"floor":7,"key":"LiquidBronze"},{"floor":8,"key":"SkillPotion"}],"is_trial":false,"path_per_floor":["M","M","?","?","M","R","E","M","T","E"],"character_chosen":"THE_SILENT","items_purchased":[],"campfire_rested":0,"item_purchase_floors":[],"current_hp_per_floor":[52,52,52,52,48,48,16,16,16,0,0],"gold":339,"neow_bonus":"THREE_RARE_CARDS","is_daily":false,"chose_seed":false,"campfire_upgraded":1,"win_rate":0.0,"timestamp":1610246919,"path_taken":["M","M","?","?","M","R","E","M","T","E"],"items_purchased_type":[],"build_version":"2020-12-22","purchased_purges":0,"victory":false,"max_hp_per_floor":[60,60,60,60,60,60,60,60,60,60,60],"relic_stats":{"counters":[6,20],"Pantograph":0,"obtain_stats":[{"Pantograph":7,"The Courier":9,"Ring of the Snake":0},{"Pantograph":4,"The Courier":5,"Ring of the Snake":0},{"Pantograph":14,"The Courier":17,"Ring of the Snake":0}],"Ring of the Snake":[12]},"card_choices":[{"not_picked":["Tools of the Trade","A Thousand Cuts"],"picked":"Glass Knife","floor":0},{"not_picked":["Quick Slash","Eviscerate"],"picked":"Slice","floor":1},{"not_picked":["Eviscerate","Acrobatics"],"picked":"Dagger Throw","floor":2},{"not_picked":["Slice","Tactician"],"picked":"Dagger Spray","floor":5},{"not_picked":["Accuracy","Tools of the Trade"],"picked":"Dash","floor":7},{"not_picked":["All Out Attack","Flying Knee"],"picked":"Leg Sweep","floor":8}],"player_experience":1107189,"relics_obtained":[{"floor":7,"key":"Pantograph"},{"floor":9,"key":"The Courier"}],"event_choices":[{"cards_removed":["Strike_G"],"damage_healed":0,"gold_gain":0,"player_choice":"Purged","damage_taken":0,"max_hp_gain":0,"max_hp_loss":0,"event_name":"Purifier","floor":3,"gold_loss":0},{"damage_healed":0,"gold_gain":150,"player_choice":"AGREE","damage_taken":0,"max_hp_gain":0,"max_hp_loss":0,"event_name":"Liars Game","floor":4,"gold_loss":0,"cards_obtained":["Doubt"]}],"is_beta":false,"boss_relics":[],"items_purged_floors":[],"is_endless":false,"potions_floor_spawned":[1,7,8],"killed_by":"Gremlin Nob","ascension_level":20}}