{"host":"y9cfhv0nasly8qeh","time":1610264404,"event":{"mods":["BaseMod","Minty Spire (QoL Compilation)","Relic Stats","StSLib","[IsaacMod]ÒÔÈö¼âËþ"],"gold_per_floor":[116,9305,9305,9315,9315,9343,9393,9421,9421,9446,9459,8470,8470,6806,6806,6883,6883,6903,6903,6903,6004,6015,6041,6054,6088,6112,6122,6122,5497,5515,5004,5004,5080,5080,5099,4545,4558,4603,4622,4622,4649,4666,4735,4815,4815,4843,4856,4887,4887,4887,4887,4887,4010,4041,4041],"floor_reached":56,"playtime":2810,"items_purged":["Strike_R","Strike_R","Strike_R","Strike_R","Defend_R","Defend_R","Defend_R","Bash","Defend_R+1"],"score":2842,"play_id":"cae06073-23da-4771-81dc-b0cfa37b65a1","local_time":"20210110154004","is_ascension_mode":true,"campfire_choices":[{"data":"Demon Form","floor":13.0,"key":"SMITH"},{"data":"Dark Embrace","floor":15.0,"key":"SMITH"},{"floor":32.0,"key":"RECALL"},{"floor":40,"key":"REST"},{"floor":49,"key":"REST"},{"floor":52,"key":"REST"}],"circlet_count":0,"master_deck":["AscendersBane","Second Wind","Demon Form+1","Seeing Red+1","Disarm","Armaments+1","Feel No Pain","Entrench+1","Power Through+1","Dark Embrace+1","Barricade+1","Seeing Red+1","Sentinel+1","Body Slam","Berserk","Intimidate+1","Impervious+1","Entrench+1","Burning Pact+1","Intimidate+1","Dark Embrace","Shockwave+1"],"relics":["Burning Blood","HushsDoor","NeowsBlessing","BloodBag","HandDrill","Oddly Smooth Stone","DeadEye","TheBible","TungstenRod","BookofShadows","Bronze Scales","Nunchaku","Toxic Egg 2","Blood Vial","Bag of Preparation","Mango","Frozen Eye","D6","StrikeDummy","ClockworkSouvenir","War Paint","Gambling Chip","Fusion Hammer","MegaBlast","Potion Belt","Magic Flower","DollysMirror","Meat on the Bone","Regal Pillow","Membership Card","White Beast Statue","Mercury Hourglass","Brimstone","AnarchistCookbook","HowToJump","MagicMushroom","BelialBook","GuppysHead","Sling","Ornamental Fan","MagicMushroom","GuppysPaw","Mummified Hand","Sundial","Leech","PokeGo","DoctorsRemote","NineVolt","PillsDrop","TuHaoJin","Pear","Red Skull","Lantern"],"acts_visited":["Exordium","TheCity","TheBeyond","TheEnding"],"potions_floor_usage":[50,53,55,55,55,55,55,55],"damage_taken":[{"damage":0.0,"enemies":"2 Louse","floor":1.0,"turns":1.0},{"damage":0.0,"enemies":"Small Slimes","floor":4.0,"turns":1.0},{"damage":0.0,"enemies":"3 Sentries","floor":6.0,"turns":2.0},{"damage":26.0,"enemies":"Hiden Room Battle","floor":7.0,"turns":8.0},{"damage":7.0,"enemies":"Gremlin Nob","floor":8.0,"turns":5.0},{"damage":35.0,"enemies":"Lagavulin","floor":10.0,"turns":8.0},{"damage":3.0,"enemies":"Cultist","floor":11.0,"turns":4.0},{"damage":15.0,"enemies":"Hexaghost","floor":16.0,"turns":11.0},{"damage":0.0,"enemies":"3 Byrds","floor":18.0,"turns":5.0},{"damage":0.0,"enemies":"Spheric Guardian","floor":22.0,"turns":9.0},{"damage":0.0,"enemies":"Book of Stabbing","floor":23.0,"turns":1.0},{"damage":0.0,"enemies":"3 Cultists","floor":24.0,"turns":1.0},{"damage":0.0,"enemies":"Slavers","floor":25.0,"turns":1.0},{"damage":3.0,"enemies":"Snake Plant","floor":27.0,"turns":4.0},{"damage":2.0,"enemies":"Chosen and Byrds","floor":30.0,"turns":4.0},{"damage":0.0,"enemies":"Champ","floor":33.0,"turns":4.0},{"damage":0,"enemies":"3 Shapes","floor":35,"turns":4},{"damage":0,"enemies":"3 Darklings","floor":37,"turns":5},{"damage":0,"enemies":"2 Orb Walkers","floor":38,"turns":4},{"damage":6,"enemies":"Sphere and 2 Shapes","floor":39,"turns":3},{"damage":0,"enemies":"Nemesis","floor":41,"turns":5},{"damage":0,"enemies":"Transient","floor":42,"turns":2},{"damage":0,"enemies":"Reptomancer","floor":46,"turns":1},{"damage":0,"enemies":"Spire Growth","floor":47,"turns":2},{"damage":0,"enemies":"Nemesis","floor":48,"turns":1},{"damage":1,"enemies":"Donu and Deca","floor":50,"turns":5},{"damage":0,"enemies":"Shield and Spear","floor":54,"turns":1},{"damage":0,"enemies":"The Heart","floor":55,"turns":4}],"seed_played":"1650417988223023884","potions_obtained":[{"floor":4.0,"key":"Ancient Potion"},{"floor":7.0,"key":"SneckoOil"},{"floor":8.0,"key":"Fruit Juice"},{"floor":16.0,"key":"ElixirPotion"},{"floor":24.0,"key":"LiquidBronze"},{"floor":30.0,"key":"PowerPotion"},{"floor":47,"key":"PowerPotion"},{"floor":48,"key":"SkillPotion"}],"is_trial":false,"path_per_floor":["M","$","?","M","?","E","?","E","T","E","M","$","R","$","R","B",null,"M","?","?","$","M","E","M","E","T","M","?","$","M","$","R","B",null,"M","$","M","?","M","R","E","M","T","T","?","E","M","E","R","B",null,"R","$","E","B",null],"character_chosen":"IRONCLAD","items_purchased":["HandDrill","Oddly Smooth Stone","DeadEye","Bag of Preparation","Mango","Frozen Eye","Feel No Pain","Entrench+1","PowerPotion","D6","StrikeDummy","ClockworkSouvenir","War Paint","Gambling Chip","Power Through+1","Dark Embrace","MegaBlast","Potion Belt","Magic Flower","DollysMirror","AttackPotion","Membership Card","White Beast Statue","Mercury Hourglass","Berserk","Brimstone","AnarchistCookbook","HowToJump","Intimidate+1","Panacea+1","BelialBook","GuppysHead","Sling","Diplopia","Ornamental Fan","EntropicBrew","NineVolt","PillsDrop","TuHaoJin","Dark Embrace","Pear","Red Skull","Fruit Juice","SneckoOil"],"campfire_rested":3,"item_purchase_floors":[2,2,2,12,12,12,12,12,12,14,14,14,14,14,14,14,17,21,21,21,21,29,29,29,29,31,31,31,31,31,34,34,36,36,36,36,53,53,53,53,53,53,53,53],"current_hp_per_floor":[74,81,81,82,71,77,57,61,61,32,37,51,51,51,51,44,57,61,61,46,46,58,66,66,66,66,66,66,66,66,66,66,66,53,53,60,60,60,60,60,60,60,60,60,60,60,60,60,60,60,60,60,75,75,75],"gold":4041,"neow_bonus":"THREE_ENEMY_KILL","is_daily":false,"chose_seed":false,"campfire_upgraded":2,"win_rate":0.0,"timestamp":1610264404,"path_taken":["M","$","?","?","?","E","?","E","T","E","M","$","R","?","R","BOSS","M","?","?","$","M","E","?","E","T","M","?","?","M","$","R","BOSS","M","$","M","?","M","R","E","M","T","?","?","E","?","E","R","BOSS","R","$","E","BOSS"],"items_purchased_type":["Relic","Relic","Relic","Relic","Relic","Relic","Card","Card","Potion","Relic","Relic","Relic","Relic","Relic","Card","Card","Relic","Relic","Relic","Relic","Potion","Relic","Relic","Relic","Card","Relic","Relic","Relic","Card","Card","Relic","Relic","Relic","Relic","Relic","Potion","Relic","Relic","Relic","Card","Relic","Relic","Potion","Potion"],"build_version":"2020-12-22","purchased_purges":9,"victory":true,"max_hp_per_floor":[75,82,82,82,82,82,82,87,87,87,87,101,101,101,101,101,61,61,61,66,66,66,66,66,66,66,66,66,66,66,66,66,66,53,53,60,60,60,60,60,60,60,60,60,60,60,60,60,60,60,60,60,75,75,75],"relic_stats":{"Regal Pillow":0,"counters":[28,105],"Magic Flower":[6],"Bag of Preparation":[42],"War Paint":["Seeing Red","Defend_R"],"Burning Blood":68,"Mercury Hourglass":[190],"Blood Vial":12,"Nunchaku":[5],"Ornamental Fan":[4],"Mummified Hand":[40],"Sundial":[10],"Bronze Scales":[331],"Gambling Chip":[26],"HandDrill":[22],"obtain_stats":[{"NineVolt":53,"DeadEye":2,"Sling":36,"Leech":44,"Blood Vial":10,"DollysMirror":21,"Sundial":43,"Fusion Hammer":17,"Diplopia":36,"TuHaoJin":53,"HandDrill":2,"Toxic Egg 2":9,"KeepersGift":0,"BookofShadows":7,"Pear":53,"Oddly Smooth Stone":2,"BelialBook":34,"War Paint":14,"BloodBag":2,"Brimstone":31,"Bronze Scales":7,"HushsDoor":0,"StrikeDummy":14,"BloodDonationMachine":0,"Meat on the Bone":23,"AnarchistCookbook":31,"Regal Pillow":25,"Lantern":54,"GuppysPaw":38,"Magic Flower":21,"Mango":12,"Bag of Preparation":12,"Burning Blood":0,"ClockworkSouvenir":14,"Frozen Eye":12,"Nunchaku":8,"PokeGo":46,"Mummified Hand":41,"Gambling Chip":14,"PillsDrop":53,"Red Skull":53,"Potion Belt":21,"DoctorsRemote":48,"NeowsBlessing":0,"HowToJump":31,"MegaBlast":17,"White Beast Statue":29,"Mercury Hourglass":29,"D6":14,"TheBible":5,"Ornamental Fan":36,"MagicMushroom":34,"Membership Card":29,"GuppysHead":34,"TungstenRod":6},{"NineVolt":26,"DeadEye":1,"Sling":17,"Leech":22,"Blood Vial":6,"DollysMirror":9,"Sundial":22,"Fusion Hammer":8,"Diplopia":17,"TuHaoJin":26,"HandDrill":1,"Toxic Egg 2":5,"KeepersGift":0,"BookofShadows":4,"Pear":26,"Oddly Smooth Stone":1,"BelialBook":16,"War Paint":7,"BloodBag":1,"Brimstone":15,"Bronze Scales":4,"HushsDoor":0,"StrikeDummy":7,"BloodDonationMachine":0,"Meat on the Bone":11,"AnarchistCookbook":15,"Regal Pillow":13,"Lantern":27,"GuppysPaw":19,"Magic Flower":9,"Mango":7,"Bag of Preparation":7,"Burning Blood":0,"ClockworkSouvenir":7,"Frozen Eye":7,"Nunchaku":5,"PokeGo":23,"Mummified Hand":21,"Gambling Chip":7,"PillsDrop":26,"Red Skull":26,"Potion Belt":9,"DoctorsRemote":25,"NeowsBlessing":0,"HowToJump":15,"MegaBlast":8,"White Beast Statue":14,"Mercury Hourglass":14,"D6":7,"TheBible":2,"Ornamental Fan":17,"MagicMushroom":16,"Membership Card":14,"GuppysHead":16,"TungstenRod":3},{"NineVolt":100,"DeadEye":1,"Sling":72,"Leech":91,"Blood Vial":25,"DollysMirror":45,"Sundial":91,"Fusion Hammer":40,"Diplopia":72,"TuHaoJin":100,"HandDrill":1,"Toxic Egg 2":17,"KeepersGift":0,"BookofShadows":12,"Pear":100,"Oddly Smooth Stone":1,"BelialBook":69,"War Paint":29,"BloodBag":1,"Brimstone":65,"Bronze Scales":12,"HushsDoor":0,"StrikeDummy":29,"BloodDonationMachine":0,"Meat on the Bone":55,"AnarchistCookbook":65,"Regal Pillow":57,"Lantern":101,"GuppysPaw":81,"Magic Flower":45,"Mango":29,"Bag of Preparation":29,"Burning Blood":0,"ClockworkSouvenir":29,"Frozen Eye":29,"Nunchaku":17,"PokeGo":92,"Mummified Hand":89,"Gambling Chip":29,"PillsDrop":100,"Red Skull":100,"Potion Belt":45,"DoctorsRemote":95,"NeowsBlessing":0,"HowToJump":65,"MegaBlast":40,"White Beast Statue":61,"Mercury Hourglass":61,"D6":29,"TheBible":2,"Ornamental Fan":72,"MagicMushroom":69,"Membership Card":61,"GuppysHead":69,"TungstenRod":4}],"TungstenRod":23,"Meat on the Bone":0},"card_choices":[{"not_picked":[],"picked":"Bomb","floor":0.0},{"not_picked":["Spot Weakness","Infernal Blade"],"picked":"Second Wind","floor":1.0},{"not_picked":["Sword Boomerang","Havoc"],"picked":"Demon Form","floor":4.0},{"not_picked":["Sever Soul","Sword Boomerang","Clothesline"],"picked":"SKIP","floor":6.0},{"not_picked":["Rage","Infernal Blade"],"picked":"Seeing Red","floor":7.0},{"not_picked":["Disarm","Infernal Blade","Bloodletting"],"picked":"SKIP","floor":8.0},{"not_picked":["Infernal Blade","Bloodletting"],"picked":"Disarm","floor":8.0},{"not_picked":["Twin Strike","Heavy Blade","Rage+1"],"picked":"SKIP","floor":10.0},{"not_picked":["Warcry+1","Heavy Blade"],"picked":"Armaments+1","floor":11.0},{"not_picked":["Brutality","Juggernaut"],"picked":"Barricade","floor":16.0},{"not_picked":["Inflame","Armaments+1","Sentinel+1"],"picked":"SKIP","floor":18.0},{"not_picked":["Twin Strike+1","Sever Soul"],"picked":"Sentinel+1","floor":22.0},{"not_picked":["Feel No Pain","Iron Wave"],"picked":"Body Slam","floor":23.0},{"not_picked":["Shrug It Off+1","Twin Strike","Armaments+1"],"picked":"SKIP","floor":24.0},{"not_picked":["Cleave","Headbutt","Wild Strike"],"picked":"SKIP","floor":25.0},{"not_picked":["Carnage+1","Heavy Blade","Dark Embrace"],"picked":"SKIP","floor":27.0},{"not_picked":["Pummel","Flex+1","Fire Breathing"],"picked":"SKIP","floor":30.0},{"not_picked":["Bludgeon","Fiend Fire"],"picked":"Impervious+1","floor":33.0},{"not_picked":["Body Slam","Blood for Blood","Rage+1"],"picked":"SKIP","floor":35},{"not_picked":["True Grit+1","Perfected Strike","Blood for Blood"],"picked":"SKIP","floor":37},{"not_picked":["True Grit+1","Headbutt"],"picked":"Entrench+1","floor":38},{"not_picked":["Cleave","Armaments+1","Carnage"],"picked":"SKIP","floor":39},{"not_picked":["Corruption","Iron Wave+1","Shrug It Off+1"],"picked":"SKIP","floor":41},{"not_picked":["Sword Boomerang","Thunderclap"],"picked":"Burning Pact+1","floor":42},{"not_picked":["Cleave","Entrench+1","Bloodletting+1"],"picked":"SKIP","floor":46},{"not_picked":["Sentinel+1","Uppercut+1"],"picked":"Intimidate+1","floor":47},{"not_picked":["Havoc+1","Perfected Strike","Bloodletting+1"],"picked":"SKIP","floor":48},{"not_picked":["Battle Trance+1","Havoc+1"],"picked":"Shockwave+1","floor":54}],"player_experience":564775,"relics_obtained":[{"floor":6.0,"key":"TungstenRod"},{"floor":7.0,"key":"BookofShadows"},{"floor":7.0,"key":"Bronze Scales"},{"floor":8.0,"key":"Nunchaku"},{"floor":9.0,"key":"Toxic Egg 2"},{"floor":10.0,"key":"Blood Vial"},{"floor":23.0,"key":"Meat on the Bone"},{"floor":25.0,"key":"Regal Pillow"},{"floor":38,"key":"GuppysPaw"},{"floor":41,"key":"Mummified Hand"},{"floor":43,"key":"Sundial"},{"floor":44,"key":"Leech"},{"floor":46,"key":"PokeGo"},{"floor":48,"key":"DoctorsRemote"},{"floor":54,"key":"Lantern"}],"event_choices":[{"cards_removed":["Strike_R"],"damage_healed":0.0,"max_hp_gain":0.0,"max_hp_loss":0.0,"gold_gain":0.0,"event_name":"Living Wall","player_choice":"Forget","floor":3.0,"gold_loss":0.0,"damage_taken":0.0},{"damage_healed":0.0,"max_hp_gain":0.0,"max_hp_loss":0.0,"gold_gain":0.0,"event_name":"Scrap Ooze","player_choice":"Success","floor":5.0,"gold_loss":0.0,"damage_taken":11.0,"relics_obtained":["TheBible"]},{"damage_healed":0.0,"max_hp_gain":0.0,"max_hp_loss":0.0,"gold_gain":0.0,"event_name":"HidenRoomEvent","player_choice":"Fight","floor":7.0,"gold_loss":0.0,"damage_taken":0.0},{"damage_healed":0.0,"max_hp_gain":0.0,"max_hp_loss":0.0,"gold_gain":0.0,"event_name":"Upgrade Shrine","player_choice":"Upgraded","floor":19.0,"gold_loss":0.0,"damage_taken":0.0,"cards_upgraded":["Barricade"]},{"damage_healed":0.0,"max_hp_gain":5.0,"max_hp_loss":0.0,"gold_gain":0.0,"event_name":"Forgotten Altar","player_choice":"Shed Blood","floor":20.0,"gold_loss":0.0,"damage_taken":21.0},{"damage_healed":0.0,"max_hp_gain":0.0,"max_hp_loss":0.0,"gold_gain":0.0,"event_name":"Vampires","player_choice":"Ignored","floor":28.0,"gold_loss":0.0,"damage_taken":0.0},{"damage_healed":0,"gold_gain":0,"player_choice":"Fight","damage_taken":0,"max_hp_gain":0,"max_hp_loss":0,"event_name":"Mysterious Sphere","floor":38,"gold_loss":0},{"cards_removed":["Panacea"],"damage_healed":0,"gold_gain":0,"player_choice":"Removed Skill","damage_taken":0,"max_hp_gain":0,"max_hp_loss":0,"event_name":"Falling","floor":45,"gold_loss":0}],"is_beta":false,"boss_relics":[{"not_picked":["Ectoplasm","Philosopher\u0027s Stone"],"picked":"Fusion Hammer"},{"not_picked":[]},{"not_picked":["Runic Pyramid","Snecko Eye"],"picked":"MagicMushroom"},{"not_picked":[]}],"items_purged_floors":[2,12,14,14,21,29,31,36,53],"is_endless":false,"potions_floor_spawned":[4,7,8,16,18,24,30,33,35,37,38,39,41,42,46,47,48,54],"ascension_level":19}}