{"host":"1a3cjta80tad0aqj","time":1610285754,"event":{"mods":["2.2 Compatiblity","AchievementEnabler","BaseMod","Colored Map","DeckTracker","KOR Keyword Fix","Keyboard Shortcuts","Minty Spire (QoL Compilation)","Permanent Neow","Quick Restart","Random Character Button","StSLib","SuperFastMode","everything is the same but u backflip on backflip"],"gold_per_floor":[114,39,39,54,54,84,84,84,84],"floor_reached":8,"playtime":208,"items_purged":["Accuracy"],"score":54,"play_id":"273aec94-98dc-4bff-8eb4-940ca65eb22f","local_time":"20210110223554","daily_mods":["Specialized","Diverse","Night Terrors"],"is_ascension_mode":false,"campfire_choices":[{"floor":7.0,"key":"REST"}],"circlet_count":0,"master_deck":["Strike_P","Strike_P","Strike_P","Strike_P","Defend_P","Defend_P","Defend_P","Defend_P","Eruption","Vigilance","Accuracy","Accuracy","Accuracy","Footwork","Halt"],"relics":["PureWater","Mummified Hand","Pear"],"acts_visited":["Exordium"],"potions_floor_usage":[],"damage_taken":[{"damage":0.0,"enemies":"2 Louse","floor":1.0,"turns":2.0},{"damage":2.0,"enemies":"Cultist","floor":4.0,"turns":4.0},{"damage":36.0,"enemies":"Lagavulin","floor":6.0,"turns":4.0},{"damage":22,"enemies":"Gremlin Nob","floor":8,"turns":5}],"seed_played":"-956745095108410897","potions_obtained":[{"floor":1.0,"key":"Fire Potion"}],"is_trial":false,"path_per_floor":["M","$","?","M","?","E","R","E"],"character_chosen":"WATCHER","items_purchased":[],"campfire_rested":1,"item_purchase_floors":[],"current_hp_per_floor":[72,72,72,70,63,37,77,55,55],"gold":84,"neow_bonus":"","is_daily":true,"chose_seed":false,"campfire_upgraded":0,"win_rate":0.0,"timestamp":1610285754,"path_taken":["M","$","?","?","?","E","R","E"],"items_purchased_type":[],"build_version":"2020-12-22","purchased_purges":1,"victory":false,"max_hp_per_floor":[72,72,72,72,72,82,77,77,77],"card_choices":[{"not_picked":["Finisher","Flechettes","Clothesline"],"picked":"SKIP","floor":1.0},{"not_picked":["Bane","Perfected Strike"],"picked":"Footwork","floor":4.0},{"not_picked":["Conserve Battery","Wild Strike"],"picked":"Halt","floor":6.0}],"player_experience":272419,"relics_obtained":[{"floor":6.0,"key":"Pear"}],"event_choices":[{"cards_removed":["Accuracy"],"damage_healed":0.0,"max_hp_gain":0.0,"max_hp_loss":0.0,"gold_gain":0.0,"event_name":"Bonfire Elementals","player_choice":"Offered Uncommon","floor":3.0,"gold_loss":0.0,"damage_taken":0.0},{"damage_healed":0.0,"max_hp_gain":0.0,"max_hp_loss":0.0,"gold_gain":0.0,"event_name":"Scrap Ooze","player_choice":"Success","floor":5.0,"gold_loss":0.0,"damage_taken":7.0,"relics_obtained":["Mummified Hand"]}],"is_beta":false,"boss_relics":[],"items_purged_floors":[2],"is_endless":false,"potions_floor_spawned":[1],"killed_by":"Gremlin Nob","ascension_level":0}}