{"host":"87fdiiwflhrwsj8a","time":1610256713,"event":{"mods":["Aspiration","BaseMod","Better Match","Better Third Choice","BetterRewards","Colored Map","Conspire","GifTheSpireLib","Infinite Spire","Minty Spire (QoL Compilation)","Quick Restart","Relic Sorter","Replay The Spire","Robot Space Explorer","StSLib","Stuff the Spire","The Alterego","The Cursed","The Jungle"],"gold_per_floor":[116,116,134,78,78,78,110,129,129,129,129,149,149,95,95,106,106,180,180,192,462,14,34,309,309,322,337,337,354,354,462,462,482,482,553,553,573,593,255,255,274,382,393,525,525,525,151,151,151,169,169,240,240,240],"floor_reached":53,"playtime":2728,"items_purged":["Regret"],"score":1574,"play_id":"f9ef489d-a97a-4bbe-8732-318284920a12","local_time":"20210110003153","is_ascension_mode":true,"campfire_choices":[{"data":"RobotSpaceExplorer:MiniBoosters","floor":6.0,"key":"SMITH"},{"data":"RobotSpaceExplorer:Exploration","floor":13.0,"key":"SMITH"},{"data":"RobotSpaceExplorer:MiniLasers","floor":15.0,"key":"SMITH"},{"data":"RobotSpaceExplorer:MiniDrones","floor":17.0,"key":"SMITH"},{"floor":25.0,"key":"REST"},{"data":"RobotSpaceExplorer:Accelerator","floor":32.0,"key":"SMITH"},{"data":"RobotSpaceExplorer:PowerGlove","floor":34.0,"key":"SMITH"},{"floor":46.0,"key":"REST"},{"floor":51.0,"key":"DIG"}],"circlet_count":0,"master_deck":["AscendersBane","RobotSpaceExplorer:Strike","RobotSpaceExplorer:Strike","RobotSpaceExplorer:Strike","RobotSpaceExplorer:Strike","RobotSpaceExplorer:Defend","RobotSpaceExplorer:Defend","RobotSpaceExplorer:Defend","RobotSpaceExplorer:Scan","RobotSpaceExplorer:MiniLasers+1","RobotSpaceExplorer:MiniBoosters+1","RobotSpaceExplorer:ExhaustFan+1","RobotSpaceExplorer:GearShield","RobotSpaceExplorer:Probe","RobotSpaceExplorer:MiniDrones+1","RobotSpaceExplorer:Blaster","RobotSpaceExplorer:ScrapMissile+1","Madness","RobotSpaceExplorer:PowerGlove+1","RobotSpaceExplorer:JunkDive","RobotSpaceExplorer:Accelerator+1","RobotSpaceExplorer:ShovelStrike","RobotSpaceExplorer:Calculate+1","RobotSpaceExplorer:MiniDrones","RobotSpaceExplorer:Blaster","RobotSpaceExplorer:Accelerator+1","Madness","Madness","RobotSpaceExplorer:ExhaustFan","RobotSpaceExplorer:LaserBurst","RobotSpaceExplorer:GearShield","RobotSpaceExplorer:MiniBoosters","RobotSpaceExplorer:LaserBurst","RobotSpaceExplorer:MiniDrones","infinitespire:FutureSight","RobotSpaceExplorer:Probe+1","RobotSpaceExplorer:ChargingLaser"],"relics":["RobotSpaceExplorer:RoboCore","NeowsBlessing","aspiration:FrozenJewel","StuffTheSpire:TintedRock","Gambling Chip","Anchor","conspire:SpecialSausage","Iron Hammer","Ornamental Fan","infinitespire:Joker Card","Ginger","Black Star","DollysMirror","Tiny Chest","Bottled Lightning","Bottled Flame","StuffTheSpire:OldFever","Replay:Mystery Machine","Replay:Baseball","Shuriken","PreservedInsect","Matryoshka"],"acts_visited":["Exordium","TheCity","TheBeyond"],"potions_floor_usage":[],"damage_taken":[{"damage":0.0,"enemies":"Cultist","floor":1.0,"turns":1.0},{"damage":0.0,"enemies":"Small Slimes","floor":3.0,"turns":1.0},{"damage":0.0,"enemies":"Lagavulin","floor":7.0,"turns":1.0},{"damage":7.0,"enemies":"Jaw Worm","floor":8.0,"turns":4.0},{"damage":6.0,"enemies":"Lots of Slimes","floor":12.0,"turns":6.0},{"damage":0.0,"enemies":"Looter","floor":16.0,"turns":4.0},{"damage":54.0,"enemies":"Slime Boss","floor":18.0,"turns":16.0},{"damage":11.0,"enemies":"Chosen","floor":20.0,"turns":7.0},{"damage":4.0,"enemies":"3 Byrds","floor":23.0,"turns":4.0},{"damage":3.0,"enemies":"Snecko","floor":26.0,"turns":5.0},{"damage":8.0,"enemies":"Centurion and Healer","floor":27.0,"turns":4.0},{"damage":0.0,"enemies":"Cultist and Chosen","floor":29.0,"turns":3.0},{"damage":0.0,"enemies":"Nightmare","floor":31.0,"turns":7.0},{"damage":0.0,"enemies":"Snake Plant","floor":33.0,"turns":3.0},{"damage":10.0,"enemies":"Collector","floor":35.0,"turns":7.0},{"damage":0.0,"enemies":"3 Darklings","floor":37.0,"turns":2.0},{"damage":7.0,"enemies":"Orb Walker","floor":38.0,"turns":4.0},{"damage":13.0,"enemies":"Sphere and 2 Shapes","floor":41.0,"turns":6.0},{"damage":20.0,"enemies":"Giant Head","floor":42.0,"turns":9.0},{"damage":0.0,"enemies":"4 Shapes","floor":43.0,"turns":3.0},{"damage":0.0,"enemies":"R_Hoarder","floor":44.0,"turns":8.0},{"damage":6.0,"enemies":"3 Darklings","floor":50.0,"turns":5.0},{"damage":21.0,"enemies":"Donu and Deca","floor":52.0,"turns":5.0},{"damage":57,"enemies":"conspire:OrnateMirror","floor":53,"turns":1}],"seed_played":"6709919417499909349","potions_obtained":[{"floor":3.0,"key":"AttackPotion"},{"floor":8.0,"key":"Elixir"},{"floor":12.0,"key":"Fruit Juice"},{"floor":26.0,"key":"Weak Potion"},{"floor":27.0,"key":"Dexterity Potion"},{"floor":38.0,"key":"Strength Potion"},{"floor":44.0,"key":"FairyPotion"}],"is_trial":false,"path_per_floor":["M","?","M","$","?","R","E","M","T","PTL","PTL","M","R","$","R","M","R","B",null,"M","?","$","M","?","R","M","M","T","M","AVR","NM","R","M","R","B",null,"M","M","$","?","M","E","M","E","T","R","$","?","AVR","M","R_BF","B","B"],"character_chosen":"RobotSpaceExplorer","items_purchased":["RobotSpaceExplorer:ExhaustFan+1","RobotSpaceExplorer:Probe","Iron Hammer","Madness","RobotSpaceExplorer:PowerGlove","DollysMirror","Tiny Chest","Shuriken","RobotSpaceExplorer:LaserBurst","RobotSpaceExplorer:MiniDrones"],"campfire_rested":2,"item_purchase_floors":[4,14,22,22,22,39,39,47,47,47],"current_hp_per_floor":[64,64,64,64,64,64,64,57,57,57,57,51,51,51,51,56,56,2,58,47,20,20,16,16,38,35,27,27,27,27,27,27,27,27,17,61,61,54,54,40,27,7,7,7,7,29,29,29,29,23,23,2,0,0],"gold":240,"neow_bonus":"THREE_ENEMY_KILL","is_daily":false,"chose_seed":false,"campfire_upgraded":6,"win_rate":0.0,"timestamp":1610256713,"path_taken":["M","?","M","$","?","R","E","M","T","PTL","PTL","M","R","?","R","M","R","BOSS","M","?","$","?","?","R","M","M","T","M","AVR","NM","R","M","R","BOSS","M","?","$","?","M","E","M","E","T","R","$","?","AVR","?","R_BF","BOSS","BOSS"],"items_purchased_type":["Card","Card","Relic","Card","Card","Relic","Relic","Relic","Card","Card"],"build_version":"2020-12-22","purchased_purges":1,"victory":false,"max_hp_per_floor":[71,71,71,71,71,71,71,71,71,71,71,71,71,71,71,76,76,76,76,76,76,76,76,76,76,76,76,76,76,76,76,76,76,76,76,76,76,76,76,76,76,76,76,76,76,76,76,76,76,76,76,76,76,76],"card_choices":[{"not_picked":["RobotSpaceExplorer:StunGrenade","RobotSpaceExplorer:MetalStrike"],"picked":"RobotSpaceExplorer:MiniBoosters","floor":1.0},{"not_picked":["RobotSpaceExplorer:SurgingShield","RobotSpaceExplorer:Pulsar","RobotSpaceExplorer:SlimeMissile"],"picked":"SKIP","floor":3.0},{"not_picked":["RobotSpaceExplorer:FrostMissile","RobotSpaceExplorer:StarDust","RobotSpaceExplorer:RigExplosive"],"picked":"SKIP","floor":7.0},{"not_picked":["RobotSpaceExplorer:FrostMissile","RobotSpaceExplorer:DoubleFind"],"picked":"RobotSpaceExplorer:Exploration","floor":8.0},{"not_picked":["RobotSpaceExplorer:ScrapShield","RobotSpaceExplorer:GlueShot"],"picked":"RobotSpaceExplorer:GearShield","floor":12.0},{"not_picked":["RobotSpaceExplorer:SwiftStep","RobotSpaceExplorer:ScrapMissile"],"picked":"RobotSpaceExplorer:MiniDrones","floor":16.0},{"not_picked":["RobotSpaceExplorer:Comet","RobotSpaceExplorer:Asteroid"],"picked":"RobotSpaceExplorer:Blaster","floor":18.0},{"not_picked":["RobotSpaceExplorer:SlimeMissile","RobotSpaceExplorer:Jetpack"],"picked":"RobotSpaceExplorer:ScrapMissile+1","floor":20.0},{"not_picked":["RobotSpaceExplorer:FranticSearch","RobotSpaceExplorer:ShovelStrike"],"picked":"RobotSpaceExplorer:JunkDive","floor":23.0},{"not_picked":["RobotSpaceExplorer:Jetpack","RobotSpaceExplorer:ToxicBomb"],"picked":"RobotSpaceExplorer:Accelerator","floor":26.0},{"not_picked":["RobotSpaceExplorer:BigMissile","RobotSpaceExplorer:Ammunition+1"],"picked":"RobotSpaceExplorer:ShovelStrike","floor":27.0},{"not_picked":["RobotSpaceExplorer:SurgingShield","RobotSpaceExplorer:Smokescreen"],"picked":"RobotSpaceExplorer:Calculate+1","floor":29.0},{"not_picked":["RobotSpaceExplorer:BigMissile","RobotSpaceExplorer:FrostMissile","RobotSpaceExplorer:SlimeMissile"],"picked":"SKIP","floor":31.0},{"not_picked":["RobotSpaceExplorer:Probe","RobotSpaceExplorer:ShockKick"],"picked":"RobotSpaceExplorer:MiniDrones","floor":33.0},{"not_picked":["RobotSpaceExplorer:Explosion","RobotSpaceExplorer:Wormhole"],"picked":"RobotSpaceExplorer:Blaster","floor":35.0},{"not_picked":["RobotSpaceExplorer:StunGrenade+1","RobotSpaceExplorer:Counterblock","RobotSpaceExplorer:ShockKick+1"],"picked":"SKIP","floor":37.0},{"not_picked":["RobotSpaceExplorer:SurgingShield+1","RobotSpaceExplorer:SurgingStrike+1","RobotSpaceExplorer:SlimeMissile"],"picked":"SKIP","floor":38.0},{"not_picked":["RobotSpaceExplorer:RigExplosive+1","RobotSpaceExplorer:PowerCollector"],"picked":"RobotSpaceExplorer:ExhaustFan","floor":41.0},{"not_picked":["RobotSpaceExplorer:Smokescreen","RobotSpaceExplorer:SwiftStep"],"picked":"RobotSpaceExplorer:LaserBurst","floor":42.0},{"not_picked":["RobotSpaceExplorer:ShockKick","RobotSpaceExplorer:Electroshield"],"picked":"RobotSpaceExplorer:GearShield","floor":43.0},{"not_picked":["RobotSpaceExplorer:SurgingShield","RobotSpaceExplorer:FranticSearch+1"],"picked":"RobotSpaceExplorer:MiniBoosters","floor":44.0},{"not_picked":["RobotSpaceExplorer:GlueShot","RobotSpaceExplorer:FranticSearch+1"],"picked":"RobotSpaceExplorer:Probe+1","floor":50.0},{"not_picked":["RobotSpaceExplorer:Exploration","RobotSpaceExplorer:Autoloader"],"picked":"RobotSpaceExplorer:ChargingLaser","floor":52.0}],"player_experience":2641711,"relics_obtained":[{"floor":7.0,"key":"StuffTheSpire:TintedRock"},{"floor":9.0,"key":"Gambling Chip"},{"floor":18.0,"key":"Anchor"},{"floor":28.0,"key":"Ornamental Fan"},{"floor":31.0,"key":"Ginger"},{"floor":42.0,"key":"Bottled Lightning"},{"floor":42.0,"key":"Bottled Flame"},{"floor":44.0,"key":"StuffTheSpire:OldFever"},{"floor":44.0,"key":"Replay:Mystery Machine"},{"floor":45.0,"key":"Replay:Baseball"},{"floor":51.0,"key":"Matryoshka"}],"event_choices":[{"damage_healed":0.0,"max_hp_gain":0.0,"max_hp_loss":0.0,"gold_gain":0.0,"event_name":"The Cleric","player_choice":"Leave","floor":2.0,"gold_loss":0.0,"damage_taken":0.0},{"damage_healed":0.0,"max_hp_gain":0.0,"max_hp_loss":0.0,"gold_gain":0.0,"event_name":"WeMeetAgain","player_choice":"Gave Potion","floor":5.0,"gold_loss":0.0,"damage_taken":0.0,"relics_obtained":["aspiration:FrozenJewel"]},{"damage_healed":0.0,"max_hp_gain":0.0,"max_hp_loss":0.0,"gold_gain":270.0,"event_name":"Knowing Skull","player_choice":"GOLD GOLD GOLD ","floor":21.0,"potions_obtained":[],"gold_loss":0.0,"damage_taken":27.0,"cards_obtained":[]},{"damage_healed":0.0,"max_hp_gain":0.0,"max_hp_loss":0.0,"gold_gain":275.0,"event_name":"Golden Shrine","player_choice":"Desecrate","floor":24.0,"gold_loss":0.0,"damage_taken":0.0,"cards_obtained":["Regret"]},{"damage_healed":0.0,"max_hp_gain":0.0,"max_hp_loss":0.0,"gold_gain":0.0,"event_name":"Winding Halls","player_choice":"Embrace Madness","floor":40.0,"gold_loss":0.0,"damage_taken":14.0,"cards_obtained":["Madness","Madness"]},{"cards_removed":["RobotSpaceExplorer:Defend"],"damage_healed":0.0,"max_hp_gain":0.0,"max_hp_loss":0.0,"gold_gain":0.0,"event_name":"Purifier","player_choice":"Purged","floor":48.0,"gold_loss":0.0,"damage_taken":0.0}],"is_beta":false,"boss_relics":[{"not_picked":["ChewingGum","StuffTheSpire:Kangaroo"],"picked":"conspire:SpecialSausage"},{"not_picked":["aspiration:RunicSpoon","Snecko Eye"],"picked":"Black Star"}],"items_purged_floors":[30],"is_endless":true,"potions_floor_spawned":[3,8,12,26,27,29,31,35,38,42,44,52],"killed_by":"conspire:OrnateMirror","ascension_level":20}}