{"host":"vrsxkkch9ccrec7k","time":1610309921,"event":{"mods":["Act Like it!","BaseMod","Bestiary","Better Third Choice","Better Vampires","Downfall","Minty Spire (QoL Compilation)","Permanent Neow","Relic Stats","Spicy Shops","StSLib"],"gold_per_floor":[99,117,136,151,251,251,251,266,266,277,306,320,333,349,368,471,471,396,413,430,448,448,448,475,475,560,577,577,596,596,596,609,712,712,712,28,44,44,62,80,133,133,118,4,21,39,39,68,87,87],"floor_reached":51,"playtime":5739,"items_purged":["Slimebound:Tackle"],"score":770,"play_id":"06c64144-b044-4b7a-bc6a-cc29e4f074f4","local_time":"20210110151841","is_ascension_mode":true,"campfire_choices":[{"data":"Slimebound:CorrosiveSpit","floor":1,"key":"SMITH"},{"data":"Slimebound:Split","floor":6,"key":"SMITH"},{"data":"Slimebound:Nibble","floor":9,"key":"SMITH"},{"data":"Slimebound:Replication","floor":18,"key":"SMITH"},{"data":"Slimebound:Grow","floor":23,"key":"SMITH"},{"data":"Slimebound:DisruptingSlam","floor":25,"key":"SMITH"},{"data":"Slimebound:LeadByExample","floor":30,"key":"SMITH"},{"data":"Slimebound:Overexert","floor":35,"key":"SMITH"},{"data":"Slimebound:FirmFortitude","floor":47,"key":"SMITH"}],"circlet_count":0,"master_deck":["Slimebound:Defend_Slimebound","Slimebound:Defend_Slimebound","Slimebound:Defend_Slimebound","Slimebound:Defend_Slimebound","Slimebound:Split+1","Slimebound:CorrosiveSpit+1","Slimebound:Gluttony","Slimebound:Nibble+1","Slimebound:DisruptingSlam+1","Slimebound:FinishingTackle","Slimebound:SamplingLick","Slimebound:OozeBath","Slimebound:HauntingLick","Slimebound:Equalize","Slimebound:Grow+1","Slimebound:Replication+1","Slimebound:RallyTheTroops","Slimebound:HauntingLick+1","Slimebound:ServeAndProtect+1","Bite","Bite","Bite","Slimebound:MassFeed","Slimebound:LeadByExample+1","Necronomicurse","Slimebound:SplitAcid","Slimebound:Overexert+1","Slimebound:SpikyOuterGoop","Slimebound:Nibble+1","Slimebound:ProtectTheBoss+1","Slimebound:OozeBath","Slimebound:LivingWall+1","Slimebound:LeechingTouch+1","Slimebound:LevelUp","Slimebound:Dissolve+1","Slimebound:Gluttony","expansioncontent:DefensiveMode","Slimebound:FirmFortitude+1","Slimebound:SplitMire+1","Slimebound:SplitAcid+1","Slimebound:Schlurp+1"],"relics":["Slimebound:AbsorbEndCombat","PreservedInsect","Question Card","Oddly Smooth Stone","Black Star","downfall:HeartBlessingGreen","Nunchaku","MutagenicStrength","Necronomicon","Runic Pyramid","Kunai","Orrery","Happy Flower","Slimebound:MaxSlimesRelic","Pear","Smiling Mask"],"acts_visited":["Exordium","TheCity","TheBeyond"],"potions_floor_usage":[14,20,33,33,39,40,46,50],"damage_taken":[{"damage":6,"enemies":"2 Louse","floor":2,"turns":3},{"damage":5,"enemies":"Cultist","floor":3,"turns":3},{"damage":6,"enemies":"Jaw Worm","floor":4,"turns":3},{"damage":17,"enemies":"Large Slime","floor":8,"turns":4},{"damage":26,"enemies":"Exordium Thugs","floor":10,"turns":3},{"damage":15,"enemies":"Lagavulin","floor":11,"turns":5},{"damage":8,"enemies":"2 Fungi Beasts","floor":12,"turns":3},{"damage":0,"enemies":"3 Louse","floor":13,"turns":4},{"damage":13,"enemies":"Exordium Wildlife","floor":14,"turns":5},{"damage":0,"enemies":"2 Fungi Beasts","floor":15,"turns":3},{"damage":82,"enemies":"downfall:Silent","floor":16,"turns":7},{"damage":12,"enemies":"Shell Parasite","floor":19,"turns":4},{"damage":19,"enemies":"3 Cultists","floor":20,"turns":3},{"damage":21,"enemies":"Snake Plant","floor":21,"turns":4},{"damage":14,"enemies":"Centurion and Healer","floor":27,"turns":5},{"damage":21,"enemies":"Shelled Parasite and Fungi","floor":29,"turns":5},{"damage":13,"enemies":"Sentry and Sphere","floor":32,"turns":3},{"damage":74,"enemies":"downfall:Watcher","floor":33,"turns":12},{"damage":13,"enemies":"downfall:FleeingMerchant","floor":36,"turns":4},{"damage":11,"enemies":"3 Shapes","floor":37,"turns":9},{"damage":11,"enemies":"3 Shapes","floor":38,"turns":4},{"damage":34,"enemies":"3 Darklings","floor":39,"turns":7},{"damage":15,"enemies":"Sphere and 2 Shapes","floor":40,"turns":5},{"damage":0,"enemies":"downfall:FleeingMerchant","floor":43,"turns":4},{"damage":16,"enemies":"downfall:FleeingMerchant","floor":44,"turns":3},{"damage":26,"enemies":"Spire Growth","floor":45,"turns":5},{"damage":24,"enemies":"Jaw Worm Horde","floor":46,"turns":3},{"damage":4,"enemies":"Nemesis","floor":48,"turns":7},{"damage":29,"enemies":"Writhing Mass","floor":49,"turns":5},{"damage":35,"enemies":"downfall:Defect","floor":50,"turns":7}],"seed_played":"-4037535835375080459","potions_obtained":[{"floor":2,"key":"EssenceOfSteel"},{"floor":4,"key":"FairyPotion"},{"floor":10,"key":"SteroidPotion"},{"floor":15,"key":"Fire Potion"},{"floor":20,"key":"Block Potion"},{"floor":27,"key":"Weak Potion"},{"floor":32,"key":"EssenceOfSteel"},{"floor":37,"key":"champ:CounterPotion"},{"floor":40,"key":"PowerPotion"},{"floor":45,"key":"FearPotion"},{"floor":46,"key":"Weak Potion"}],"is_trial":false,"path_per_floor":["R","M","M","M","?","R","T","M","R","M","E","M","M","M","M","B",null,"R","M","M","M","?","R","T","R","?","M","?","M","R","?","M","B",null,"R","$","M","?","M","M","T","?","$","$","M","M","R","E","M","B",null],"character_chosen":"SLIMEBOUND","items_purchased":["Kunai","Orrery","Happy Flower","PowerPotion","Slimebound:MaxSlimesRelic","expansioncontent:DefensiveMode","Block Potion"],"campfire_rested":0,"item_purchase_floors":[36,36,36,36,44,44,44],"current_hp_per_floor":[60,60,60,58,58,58,58,59,59,47,50,56,60,59,60,31,60,60,60,56,57,49,49,49,49,37,49,49,47,47,31,40,30,52,52,52,55,58,53,58,58,58,61,61,60,54,54,77,72,83],"gold":87,"neow_bonus":"RANDOM_COMMON_RELIC","is_daily":false,"chose_seed":false,"campfire_upgraded":9,"win_rate":0.0,"timestamp":1610309921,"path_taken":["R","M","M","M","?","R","T","?","R","M","E","M","?","M","M","BOSS","R","M","M","M","?","R","T","R","?","M","?","?","R","?","M","BOSS","R","$","M","?","M","M","T","?","?","$","M","M","R","E","M","BOSS"],"items_purchased_type":["Relic","Relic","Relic","Potion","Relic","Card","Potion"],"build_version":"2020-12-22","purchased_purges":1,"victory":true,"max_hp_per_floor":[60,60,60,60,60,60,60,60,60,60,60,60,60,60,60,60,60,60,60,60,60,49,49,49,49,49,49,49,52,52,52,52,52,52,52,52,55,58,61,61,61,61,61,61,64,64,64,77,80,83],"relic_stats":{"Nunchaku":[14],"Happy Flower":[19],"counters":[30,142],"PreservedInsect":175,"Black Star":1,"Necronomicon":[27],"Kunai":[15],"Question Card":31,"Smiling Mask":0,"obtain_stats":[{"Pear":48,"Happy Flower":36,"Oddly Smooth Stone":11,"downfall:HeartBlessingGreen":18,"PreservedInsect":0,"Question Card":7,"Smiling Mask":48,"Nunchaku":24,"Slimebound:MaxSlimesRelic":44,"MutagenicStrength":28,"Orrery":36,"Slimebound:AbsorbEndCombat":0,"Black Star":17,"Necronomicon":31,"Kunai":36,"Runic Pyramid":34},{"Pear":28,"Happy Flower":19,"Oddly Smooth Stone":6,"downfall:HeartBlessingGreen":11,"PreservedInsect":0,"Question Card":3,"Smiling Mask":28,"Nunchaku":14,"Slimebound:MaxSlimesRelic":25,"MutagenicStrength":15,"Orrery":19,"Slimebound:AbsorbEndCombat":0,"Black Star":11,"Necronomicon":16,"Kunai":19,"Runic Pyramid":18},{"Pear":130,"Happy Flower":83,"Oddly Smooth Stone":21,"downfall:HeartBlessingGreen":43,"PreservedInsect":0,"Question Card":9,"Smiling Mask":130,"Nunchaku":54,"Slimebound:MaxSlimesRelic":115,"MutagenicStrength":59,"Orrery":83,"Slimebound:AbsorbEndCombat":0,"Black Star":43,"Necronomicon":64,"Kunai":83,"Runic Pyramid":79}]},"card_choices":[{"not_picked":["Slimebound:GrowthPunch","Slimebound:GoopSpray"],"picked":"Slimebound:Gluttony","floor":2},{"not_picked":["Slimebound:SlimeBrawl","Slimebound:AcidTongue"],"picked":"Slimebound:Nibble","floor":3},{"not_picked":["Slimebound:SlimeTap","Slimebound:DivideAndConquer"],"picked":"Slimebound:DisruptingSlam","floor":4},{"not_picked":["Slimebound:PressTheAttack","Slimebound:LeechingTouch","Slimebound:Replication"],"picked":"Slimebound:FinishingTackle","floor":8},{"not_picked":["Slimebound:LeechEnergy","Slimebound:AcidTongue","Slimebound:ServeAndProtect"],"picked":"Slimebound:SamplingLick","floor":10},{"not_picked":["Slimebound:SamplingLick","Slimebound:Dissolve","Slimebound:ProtectTheBoss"],"picked":"Slimebound:OozeBath","floor":11},{"not_picked":["Slimebound:LeechEnergy","Slimebound:ForwardTackle","Slimebound:Chomp"],"picked":"Slimebound:HauntingLick","floor":12},{"not_picked":["Slimebound:GrowthPunch","Slimebound:FinishingTackle","Slimebound:BestDefense"],"picked":"Slimebound:Equalize","floor":13},{"not_picked":["Slimebound:LeechEnergy","Slimebound:SlimeSpikes","Slimebound:HauntingLick"],"picked":"Slimebound:Grow","floor":14},{"not_picked":["Slimebound:LeechEnergy","Slimebound:ItLooksTasty","Slimebound:DivideAndConquer"],"picked":"Slimebound:Replication","floor":15},{"not_picked":["Slimebound:OneTwoCombo","Slimebound:PrepareCrush","Slimebound:CheckThePlaybook"],"picked":"Slimebound:RallyTheTroops","floor":16},{"not_picked":["Slimebound:ComboTackle","Slimebound:FinishingTackle","Slimebound:ItLooksTasty"],"picked":"Slimebound:HauntingLick+1","floor":19},{"not_picked":["Slimebound:Schlurp","Slimebound:SlimeBarrage+1","Slimebound:Repurpose","Slimebound:ForwardTackle+1"],"picked":"SKIP","floor":20},{"not_picked":["Slimebound:PressTheAttack","Slimebound:ViciousTackle+1","Slimebound:SlimeSpikes"],"picked":"Slimebound:ServeAndProtect+1","floor":21},{"not_picked":["Slimebound:FinishingTackle","Slimebound:ComboTackle","Slimebound:DivideAndConquer"],"picked":"Slimebound:MassFeed","floor":27},{"not_picked":["Slimebound:FormOfPuddle+1","Slimebound:ItLooksTasty","Slimebound:SlimeBarrage"],"picked":"Slimebound:LeadByExample","floor":29},{"not_picked":["Slimebound:ServeAndProtect","Slimebound:GrowthPunch","Slimebound:Schlurp+1"],"picked":"Slimebound:SplitAcid","floor":32},{"not_picked":["Slimebound:WasteNot","Slimebound:DouseInSlime","Slimebound:SlimeSlap"],"picked":"Slimebound:Overexert","floor":33},{"not_picked":["Slimebound:SplitSpecialist+1","Slimebound:FinishingTackle","Slimebound:Prepare+1"],"picked":"Slimebound:SpikyOuterGoop","floor":36},{"not_picked":["Slimebound:DivideAndConquer+1","Slimebound:SplitMire","Slimebound:RainOfGoop"],"picked":"Slimebound:Nibble+1","floor":36},{"not_picked":["Slimebound:Repurpose","Slimebound:SplitAcid","Slimebound:SamplingLick"],"picked":"Slimebound:ProtectTheBoss+1","floor":36},{"not_picked":["Slimebound:SplitSpecialist+1","Slimebound:GrowthPunch","Slimebound:FinishingTackle"],"picked":"Slimebound:OozeBath","floor":36},{"not_picked":["Slimebound:SamplingLick","Slimebound:DivideAndConquer","Slimebound:FinishingTackle"],"picked":"Slimebound:LivingWall+1","floor":36},{"not_picked":["Slimebound:SamplingLick+1","Slimebound:DivideAndConquer+1","Slimebound:SplitBruiser"],"picked":"Slimebound:LeechingTouch+1","floor":37},{"not_picked":["Slimebound:SplitBruiser+1","Slimebound:PressTheAttack","Slimebound:DivideAndConquer+1"],"picked":"Slimebound:LevelUp","floor":39},{"not_picked":["Slimebound:WasteNot","Slimebound:Equalize","Slimebound:TongueLash+1","Slimebound:LivingWall"],"picked":"SKIP","floor":40},{"not_picked":["Slimebound:SlimeTap+1","Slimebound:PressTheAttack","Slimebound:DivideAndConquer+1"],"picked":"Slimebound:Dissolve+1","floor":43},{"not_picked":["Slimebound:SamplingLick","Slimebound:GrowthPunch","Slimebound:FinishingTackle+1"],"picked":"Slimebound:Gluttony","floor":44},{"not_picked":["Slimebound:SlimeSpikes+1","Slimebound:SplitBruiser","Slimebound:Chomp"],"picked":"Slimebound:FirmFortitude","floor":45},{"not_picked":["Slimebound:FinishingTackle","Slimebound:Schlurp","Slimebound:ItLooksTasty"],"picked":"Slimebound:SplitMire+1","floor":46},{"not_picked":["Slimebound:Dissolve+1","Slimebound:ProtectTheBoss","Slimebound:PrepareCrush"],"picked":"Slimebound:SplitAcid+1","floor":48},{"not_picked":["Slimebound:SamplingLick+1","Slimebound:ViciousTackle+1","Slimebound:SlimeSpikes+1"],"picked":"Slimebound:Schlurp+1","floor":49}],"player_experience":1447784,"relics_obtained":[{"floor":7,"key":"Question Card"},{"floor":11,"key":"Oddly Smooth Stone"},{"floor":24,"key":"Nunchaku"},{"floor":31,"key":"Necronomicon"},{"floor":48,"key":"Pear"},{"floor":48,"key":"Smiling Mask"}],"event_choices":[{"damage_healed":0,"gold_gain":100,"player_choice":"Gold","damage_taken":0,"max_hp_gain":0,"max_hp_loss":0,"event_name":"Wheel of Change","floor":5,"gold_loss":0},{"damage_healed":0,"gold_gain":0,"player_choice":"Became a vampire","damage_taken":0,"max_hp_gain":0,"max_hp_loss":11,"event_name":"Vampires","floor":22,"gold_loss":0,"cards_obtained":["Bite","Bite","Bite"]},{"damage_healed":0,"gold_gain":0,"player_choice":"Inject Mutagens","damage_taken":0,"relics_obtained":["MutagenicStrength"],"max_hp_gain":0,"max_hp_loss":0,"event_name":"Drug Dealer","floor":28,"gold_loss":0}],"is_beta":false,"boss_relics":[{"not_picked":["Sozu","Fusion Hammer"],"picked":"Black Star"},{"not_picked":["Tiny House","Calling Bell"],"picked":"Runic Pyramid"}],"items_purged_floors":[36],"is_endless":false,"potions_floor_spawned":[2,4,10,15,16,20,27,32,37,40,45,46],"ascension_level":1}}