{"host":"06h77atpgiec8kbk","time":1610271530,"event":{"mods":["Act Like it!","Alarm Clock","Arknights The Spire","Aspiration","Bard","BaseMod","CapriCore","Colored Powertips","Conspire","Downfall","Hermit","Marisa£®ÏF”Í°°ƒß¿Ì…≥£©","Minty Spire (QoL Compilation)","Quick Restart","Reimu£®≤©¿ˆ¡È√Œ£©","Relic Stats","Replay The Spire","StSLib","The Alterego","The Construct","The Cursed","The Gatherer","The Hierophant","The Immortal","The Marked","The Runesmith","[µÿæ´ ◊¡Ï≈¿À˛]The Maniac","°æ“≈ŒÔø®≈∆°øREMEMod"],"gold_per_floor":[364,364,364,379,391,391,420,420,420,452,471,357,388,193,193,289,289,278,65,79,90,117,117,117,117,117,129,129,129,148,165,165,270,270,282,110,121,121,71,102,118,210,235,252,252,23,23,23,23,23],"floor_reached":51,"playtime":1940,"items_purged":["ats:Strike C","ats:Strike V","ats:Strike G","ReplayTheSpireMod:Splinters"],"score":883,"play_id":"be782b45-1d47-4d66-90cc-4a6f6ee601ca","local_time":"20210110173850","is_ascension_mode":false,"campfire_choices":[{"data":"ats:Neurotoxin","floor":6.0,"key":"SMITH"},{"data":"Envenom","floor":8.0,"key":"SMITH"},{"floor":15.0,"key":"REST"},{"data":"ats:Emotion Absorption","floor":23.0,"key":"SMITH"},{"floor":25.0,"key":"REST"},{"floor":32.0,"key":"REST"},{"data":"Sadistic Nature","floor":47.0,"key":"SMITH"},{"data":"Amnesia","floor":49.0,"key":"PURGE"}],"circlet_count":0,"master_deck":["ats:Armor Crushing Shot","ats:Defend","ats:Defend","ats:Defend","ats:Emotion Absorption+1","Envenom+1","ats:Flexible Camouflage","ats:Consecutive Shot Auto","ats:Neurotoxin+1","ats:Explosion Area Strengthen","ats:Consecutive Shot Auto+1","ats:Powerful Strike","ats:Poison Spread","ats:Consecutive Shot Auto","REME_CurseOfMatryoshka","Parasite","ats:Explosion Area Strengthen","Amnesia","ats:Demon Strength+1","ats:Poison Spread+1","ats:Poison Spread","ats:Poison Spread","TheCursedMod:Dregs","Injury","Sadistic Nature+1","ats:Explosion Area Strengthen","Parasite","ats:Part Time Job+1","ats:Overload+1","ats:Neurotoxin+1"],"relics":["ats:Sanity","REME_ComplimentaryCards","conspire:DecoderRing","ats:Originium","Juzu Bracelet","Lizard Tail","Darkstone Periapt","conspire:DeflatedDodgeball","Replay:Ancient Bell","Pen Nib","Pear","Durian","ReplayTheSpireMod:CursedCoin","Snack Pack","Red Mask","Bottled Tornado","CultistMask","Kintsugi","Golden Egg","ats:Spiritual Recovery","Pet Ghost","Ring of Chaos"],"acts_visited":["Exordium","TheCity","TheBeyond"],"potions_floor_usage":[50,50],"damage_taken":[{"damage":6.0,"enemies":"Small Slimes","floor":1.0,"turns":4.0},{"damage":5.0,"enemies":"Cultist","floor":4.0,"turns":4.0},{"damage":3.0,"enemies":"Jaw Worm","floor":5.0,"turns":3.0},{"damage":16.0,"enemies":"Lagavulin","floor":7.0,"turns":7.0},{"damage":43.0,"enemies":"Gremlin Nob","floor":10.0,"turns":5.0},{"damage":0.0,"enemies":"Large Slime","floor":11.0,"turns":5.0},{"damage":20.0,"enemies":"conspire:MimicChest","floor":13.0,"turns":5.0},{"damage":11.0,"enemies":"Slime Boss","floor":16.0,"turns":7.0},{"damage":28.0,"enemies":"2 Thieves","floor":18.0,"turns":4.0},{"damage":13.0,"enemies":"3 Byrds","floor":20.0,"turns":5.0},{"damage":5.0,"enemies":"Cultist and Chosen","floor":21.0,"turns":5.0},{"damage":17.0,"enemies":"Masked Bandits","floor":22.0,"turns":3.0},{"damage":0.0,"enemies":"Centurion and Healer","floor":27.0,"turns":4.0},{"damage":13.0,"enemies":"3 Cultists","floor":30.0,"turns":4.0},{"damage":31.0,"enemies":"Shelled Parasite and Fungi","floor":31.0,"turns":5.0},{"damage":59.0,"enemies":"Pondfish","floor":33.0,"turns":7.0},{"damage":19.0,"enemies":"3 Darklings","floor":35.0,"turns":4.0},{"damage":9.0,"enemies":"Orb Walker","floor":37.0,"turns":2.0},{"damage":29.0,"enemies":"Nemesis","floor":40.0,"turns":6.0},{"damage":15.0,"enemies":"Writhing Mass","floor":41.0,"turns":3.0},{"damage":44.0,"enemies":"Maw","floor":44.0,"turns":6.0},{"damage":92,"enemies":"Donu and Deca","floor":50,"turns":6}],"seed_played":"-4225248584944628913","potions_obtained":[{"floor":5.0,"key":"Venom Potion"},{"floor":10.0,"key":"AttackPotion"},{"floor":11.0,"key":"Weak Potion"},{"floor":13.0,"key":"Weak Potion"},{"floor":20.0,"key":"EssenceOfSteel"},{"floor":21.0,"key":"SkillPotion"},{"floor":27.0,"key":"SpeedPotion"},{"floor":41.0,"key":"Toxic Potion"},{"floor":44.0,"key":"Venom Potion"}],"is_trial":false,"path_per_floor":["M","?","?","M","M","R","E","R","T","E","M","$","?","$","R","B",null,"M","$","M","M","?","R","$","R","T","M","?","?","M","M","R","B",null,"M","$","M","?","$","E","M","?","T","M","?","$","R","?","R","B",null],"character_chosen":"DOCTOR_CLASS","items_purchased":["ats:Consecutive Shot Auto+1","ats:Poison Spread","ats:Consecutive Shot Auto","ReplayTheSpireMod:CursedCoin","Snack Pack","Sadistic Nature","ats:Explosion Area Strengthen","ats:Neurotoxin"],"campfire_rested":3,"item_purchase_floors":[12,14,14,19,19,36,39,46],"current_hp_per_floor":[66,66,66,61,58,58,42,42,42,36,36,36,16,16,37,26,105,77,83,72,71,58,58,58,91,91,91,83,83,72,41,74,19,123,106,106,97,123,123,96,89,95,95,58,118,118,118,118,118,31],"gold":23,"neow_bonus":"TWO_FIFTY_GOLD","is_daily":false,"chose_seed":false,"campfire_upgraded":4,"win_rate":0.0,"timestamp":1610271530,"path_taken":["M","?","?","M","M","R","E","R","T","E","M","$","?","$","R","BOSS","M","$","M","M","?","R","$","R","T","M","?","?","M","M","R","BOSS","M","?","M","?","$","E","M","?","T","M","?","$","R","?","R","BOSS"],"items_purchased_type":["Card","Card","Card","Relic","Relic","Card","Card","Card"],"build_version":"2020-12-22","purchased_purges":4,"victory":true,"max_hp_per_floor":[72,72,72,72,72,72,72,72,72,72,72,72,72,72,72,72,105,105,111,111,111,111,111,111,111,111,111,111,111,111,111,111,111,123,123,123,123,123,123,123,129,135,135,135,118,118,118,118,118,118],"relic_stats":{"Darkstone Periapt":48,"Lizard Tail":36,"counters":[22,104],"Pen Nib":[11],"Juzu Bracelet":3,"obtain_stats":[{"Darkstone Periapt":10,"ats:Spiritual Recovery":42,"Golden Egg":40,"Pear":17,"ReplayTheSpireMod:CursedCoin":19,"Pen Nib":17,"Ring of Chaos":48,"Juzu Bracelet":7,"Replay:Ancient Bell":17,"Bottled Tornado":26,"Pet Ghost":43,"Lizard Tail":9,"ats:Originium":7,"conspire:DecoderRing":3,"CultistMask":29,"Durian":17,"Snack Pack":19,"Red Mask":22,"ats:Sanity":0,"conspire:DeflatedDodgeball":13,"Kintsugi":34,"REME_ComplimentaryCards":0},{"Darkstone Periapt":5,"ats:Spiritual Recovery":20,"Golden Egg":19,"Pear":8,"ReplayTheSpireMod:CursedCoin":9,"Pen Nib":8,"Ring of Chaos":21,"Juzu Bracelet":4,"Replay:Ancient Bell":8,"Bottled Tornado":12,"Pet Ghost":20,"Lizard Tail":4,"ats:Originium":4,"conspire:DecoderRing":1,"CultistMask":13,"Durian":8,"Snack Pack":9,"Red Mask":12,"ats:Sanity":0,"conspire:DeflatedDodgeball":7,"Kintsugi":16,"REME_ComplimentaryCards":0},{"Darkstone Periapt":23,"ats:Spiritual Recovery":92,"Golden Egg":89,"Pear":40,"ReplayTheSpireMod:CursedCoin":44,"Pen Nib":40,"Ring of Chaos":98,"Juzu Bracelet":18,"Replay:Ancient Bell":40,"Bottled Tornado":57,"Pet Ghost":92,"Lizard Tail":18,"ats:Originium":18,"conspire:DecoderRing":4,"CultistMask":61,"Durian":40,"Snack Pack":44,"Red Mask":57,"ats:Sanity":0,"conspire:DeflatedDodgeball":33,"Kintsugi":77,"REME_ComplimentaryCards":0}]},"card_choices":[{"not_picked":["ats:Assault Order","ats:Part Time Job"],"picked":"ats:Flexible Camouflage","floor":1.0},{"not_picked":["ats:Song Of Battle","ats:Shell Defense"],"picked":"ats:Consecutive Shot Auto","floor":4.0},{"not_picked":["ats:Flexible Camouflage","ats:Healing Strengthening"],"picked":"ats:Neurotoxin","floor":5.0},{"not_picked":["ats:Cat Scratch","ats:Thermite Blade","ats:Song Of Battle"],"picked":"SKIP","floor":7.0},{"not_picked":["ats:Burning Ground","ats:Part Time Job"],"picked":"ats:Explosion Area Strengthen","floor":10.0},{"not_picked":["ats:Leaping Hammer","ats:Curse Doll","ats:Song Of Battle"],"picked":"SKIP","floor":11.0},{"not_picked":["ats:Volcano","ats:Flexible Camouflage"],"picked":"ats:Powerful Strike","floor":13.0},{"not_picked":["ats:Rat Pack","ats:True Silver Slash"],"picked":"ats:Shadow Assault","floor":16.0},{"not_picked":["Wraith","Spreading Infection"],"picked":"Amnesia","floor":17.0},{"not_picked":["ReplayTheSpireMod:Meltdown Sequence","hermit:ImpendingDoom"],"picked":"REME_CurseOfMatryoshka","floor":17.0},{"not_picked":["Regret","Voices"],"picked":"Parasite","floor":17.0},{"not_picked":["ats:Curse Doll","ats:Echo Reverb"],"picked":"ats:Explosion Area Strengthen","floor":18.0},{"not_picked":["ats:Shell Defense","ats:Hook Shot","ats:Steam Pump"],"picked":"SKIP","floor":20.0},{"not_picked":["ats:Shell Defense","ats:Automatic Cover+1"],"picked":"ats:Red Shift","floor":21.0},{"not_picked":["ats:Revitalization","ats:Rapid Magazine"],"picked":"ats:Demon Strength+1","floor":22.0},{"not_picked":["ats:Shadow Raid","ats:Shell Defense"],"picked":"ats:Poison Spread+1","floor":27.0},{"not_picked":["ats:Nebulous Foxfire","ats:Shell Defense"],"picked":"ats:Poison Spread","floor":28.0},{"not_picked":["ats:Red Shift","ats:Assault Order","ats:Powerful Strike"],"picked":"SKIP","floor":30.0},{"not_picked":["ats:Assault Order","ats:Defend Order+1"],"picked":"ats:Poison Spread","floor":31.0},{"not_picked":["ats:Guardian Obelisk","ats:Mental Burst+1","ats:Automatic Cover+1"],"picked":"SKIP","floor":35.0},{"not_picked":["ats:Shell Defense+1","ats:Hook Shot+1","ats:Beaten Up+1"],"picked":"SKIP","floor":37.0},{"not_picked":["ats:Poison Spread","ats:Demon Strength","ats:Leaping Hammer+1"],"picked":"SKIP","floor":40.0},{"not_picked":["ats:Ignite+1","ats:Childhood Dance","ats:Guardian Obelisk+1"],"picked":"SKIP","floor":41.0},{"not_picked":["ats:Beaten Up+1","ats:Assault Order"],"picked":"ats:Part Time Job+1","floor":42.0},{"not_picked":["ats:Spore Proliferation","ats:Ignite+1"],"picked":"ats:Overload+1","floor":44.0}],"player_experience":819920,"relics_obtained":[{"floor":3.0,"key":"conspire:DecoderRing"},{"floor":7.0,"key":"ats:Originium"},{"floor":7.0,"key":"Juzu Bracelet"},{"floor":9.0,"key":"Lizard Tail"},{"floor":10.0,"key":"ats:Originium"},{"floor":10.0,"key":"Darkstone Periapt"},{"floor":13.0,"key":"conspire:DeflatedDodgeball"},{"floor":22.0,"key":"Red Mask"},{"floor":26.0,"key":"Bottled Tornado"},{"floor":40.0,"key":"ats:Originium"},{"floor":40.0,"key":"Golden Egg"},{"floor":42.0,"key":"ats:Spiritual Recovery"},{"floor":43.0,"key":"Pet Ghost"},{"floor":48.0,"key":"Ring of Chaos"}],"event_choices":[{"cards_removed":["maniac:Humiliation"],"damage_healed":0.0,"max_hp_gain":0.0,"max_hp_loss":0.0,"gold_gain":0.0,"event_name":"Living Wall","player_choice":"Forget","floor":2.0,"gold_loss":0.0,"damage_taken":0.0},{"damage_healed":0.0,"max_hp_gain":0.0,"max_hp_loss":0.0,"gold_gain":0.0,"event_name":"Wheel of Change","player_choice":"Relic","floor":3.0,"gold_loss":0.0,"damage_taken":0.0},{"damage_healed":0.0,"max_hp_gain":0.0,"max_hp_loss":0.0,"gold_gain":0.0,"event_name":"Masked Bandits","player_choice":"Fought Bandits","floor":22.0,"gold_loss":0.0,"damage_taken":0.0},{"damage_healed":0.0,"max_hp_gain":0.0,"max_hp_loss":0.0,"gold_gain":0.0,"event_name":"FaceTrader","player_choice":"Trade","floor":29.0,"gold_loss":0.0,"damage_taken":0.0,"relics_obtained":["CultistMask"]},{"damage_healed":26.0,"max_hp_gain":0.0,"max_hp_loss":0.0,"gold_gain":0.0,"event_name":"Wheel of Change","player_choice":"Full Heal","floor":38.0,"gold_loss":0.0,"damage_taken":0.0},{"damage_healed":118.0,"max_hp_gain":0.0,"max_hp_loss":17.0,"gold_gain":0.0,"event_name":"The Moai Head","player_choice":"Heal","floor":45.0,"gold_loss":0.0,"damage_taken":0.0}],"is_beta":false,"boss_relics":[{"not_picked":["Cursed Key","RedLine:ReiMu"],"picked":"Replay:Ancient Bell"},{"not_picked":["MawBank","aspiration:ChemicalBlood"],"picked":"Pen Nib"},{"not_picked":["REME_HourglassOfDeath","InkBottle"],"picked":"Pear"},{"not_picked":["conspire:GiftBox","aspiration:DSix"],"picked":"Durian"},{"not_picked":["Abe\u0027s Treasure","ats:Sanity Plus"],"picked":"Kintsugi"}],"items_purged_floors":[12,14,19,46],"is_endless":false,"potions_floor_spawned":[5,10,11,13,20,21,27,41,44],"ascension_level":0}}