{"host":"Krakhan","time":1610307116,"event":{"mods":["AchievementEnabler","BaseMod","Colored Map","Colored Powertips","Faster Ascension Climbing","Highlight Path","Minty Spire (QoL Compilation)","Rare Cards Sparkle","Relic Stats","StSLib"],"gold_per_floor":[119,119,44,59,9,9,25,25,77,93,93,45,64,85,85,206,269,262,278,278,303,203,203,203,217,217,235,335,335,335],"floor_reached":29,"playtime":876,"items_purged":["Defend_B","Defend_B"],"score":217,"play_id":"62b93d1b-0508-473f-872b-34904e21c208","local_time":"20210110143156","is_ascension_mode":false,"campfire_choices":[{"data":"Auto Shields","floor":6,"key":"SMITH"},{"data":"Dualcast","floor":11,"key":"SMITH"},{"data":"Zap","floor":15,"key":"SMITH"},{"data":"Hologram","floor":23,"key":"SMITH"}],"circlet_count":0,"master_deck":["Strike_B","Strike_B","Strike_B","Defend_B+1","Defend_B+1","Zap+1","Dualcast+1","Auto Shields+1","Gash+1","Hologram+1"],"relics":["Cracked Core","NeowsBlessing","Bloody Idol","MealTicket","Tiny House","Blue Candle"],"acts_visited":["Exordium","TheCity"],"potions_floor_usage":[16,21,29],"damage_taken":[{"damage":0,"enemies":"Jaw Worm","floor":1,"turns":1},{"damage":0,"enemies":"2 Louse","floor":4,"turns":1},{"damage":0,"enemies":"Small Slimes","floor":7,"turns":1},{"damage":0,"enemies":"Exordium Wildlife","floor":10,"turns":3},{"damage":6,"enemies":"Gremlin Gang","floor":13,"turns":5},{"damage":3,"enemies":"Large Slime","floor":14,"turns":6},{"damage":40,"enemies":"Slime Boss","floor":16,"turns":10},{"damage":28,"enemies":"2 Thieves","floor":18,"turns":4},{"damage":9,"enemies":"Shell Parasite","floor":19,"turns":7},{"damage":33,"enemies":"Snecko","floor":21,"turns":8},{"damage":29,"enemies":"3 Cultists","floor":25,"turns":7},{"damage":5,"enemies":"Centurion and Healer","floor":27,"turns":7},{"damage":16,"enemies":"Cultist and Chosen","floor":29,"turns":6}],"seed_played":"-2318771303437169806","potions_obtained":[{"floor":1,"key":"PowerPotion"},{"floor":7,"key":"LiquidBronze"},{"floor":17,"key":"Regen Potion"},{"floor":19,"key":"DuplicationPotion"},{"floor":21,"key":"PowerPotion"}],"is_trial":false,"path_per_floor":["M","?","$","M","?","R","M","?","T","M","R","$","M","M","R","B",null,"M","M","?","M","$","R","?","M","T","M","?","M"],"character_chosen":"DEFECT","items_purchased":["Explosive Potion"],"campfire_rested":0,"item_purchase_floors":[12],"current_hp_per_floor":[75,69,69,69,69,69,69,55,55,55,55,69,63,60,60,20,74,46,37,37,18,33,33,33,9,9,9,14,0,0],"gold":335,"neow_bonus":"THREE_ENEMY_KILL","is_daily":false,"chose_seed":false,"campfire_upgraded":4,"win_rate":0.0,"timestamp":1610307116,"path_taken":["M","?","$","M","?","R","M","?","T","M","R","$","?","?","R","BOSS","M","M","?","?","$","R","?","M","T","M","?","M"],"items_purchased_type":["Potion"],"build_version":"2020-12-18","purchased_purges":2,"victory":false,"max_hp_per_floor":[75,69,69,69,69,69,69,69,69,69,69,69,69,69,69,69,74,74,74,74,74,74,74,74,74,74,74,74,74,74],"relic_stats":{"counters":[13,66],"Bloody Idol":15,"Blue Candle":[0],"MealTicket":29,"obtain_stats":[{"Tiny House":17,"NeowsBlessing":0,"Golden Idol":2,"Bloody Idol":24,"Blue Candle":26,"MealTicket":9,"Cracked Core":0},{"Tiny House":7,"NeowsBlessing":0,"Golden Idol":1,"Bloody Idol":10,"Blue Candle":11,"MealTicket":3,"Cracked Core":0},{"Tiny House":27,"NeowsBlessing":0,"Golden Idol":1,"Bloody Idol":46,"Blue Candle":53,"MealTicket":3,"Cracked Core":0}]},"card_choices":[{"not_picked":["Darkness","Redo"],"picked":"Auto Shields","floor":1},{"not_picked":["Redo","Cold Snap","Sweeping Beam"],"picked":"SKIP","floor":4},{"not_picked":["Force Field","Rebound"],"picked":"Gash","floor":7},{"not_picked":["White Noise","Cold Snap","Melter"],"picked":"SKIP","floor":10},{"not_picked":["Darkness","Steam","Reinforced Body"],"picked":"SKIP","floor":13},{"not_picked":["Conserve Battery","Cold Snap","Recycle"],"picked":"SKIP","floor":14},{"not_picked":["Turbo","Beam Cell"],"picked":"Hologram","floor":17},{"not_picked":["Defragment","BootSequence","Darkness+1"],"picked":"SKIP","floor":18},{"not_picked":["Leap+1","Stack","Chaos"],"picked":"SKIP","floor":19},{"not_picked":["Scrape","Chaos","Conserve Battery"],"picked":"SKIP","floor":21},{"not_picked":["All For One","Cold Snap","Reprogram"],"picked":"SKIP","floor":25},{"not_picked":["Fusion","Compile Driver","Cold Snap"],"picked":"SKIP","floor":27}],"player_experience":1297538,"relics_obtained":[{"floor":9,"key":"MealTicket"},{"floor":26,"key":"Blue Candle"}],"event_choices":[{"damage_healed":0,"gold_gain":0,"player_choice":"Lose Max HP","damage_taken":0,"relics_obtained":["Golden Idol"],"max_hp_gain":0,"max_hp_loss":6,"event_name":"Golden Idol","floor":2,"gold_loss":0},{"cards_removed":["Strike_B"],"damage_healed":0,"gold_gain":0,"player_choice":"Card Removal","damage_taken":0,"max_hp_gain":0,"max_hp_loss":0,"event_name":"The Cleric","floor":5,"gold_loss":50},{"damage_healed":0,"gold_gain":0,"player_choice":"Entered Light","damage_taken":14,"max_hp_gain":0,"max_hp_loss":0,"event_name":"Shining Light","floor":8,"gold_loss":0,"cards_upgraded":["Defend_B","Gash"]},{"damage_healed":0,"gold_gain":0,"player_choice":"Bought 0 Potions","damage_taken":0,"max_hp_gain":0,"max_hp_loss":0,"event_name":"The Woman in Blue","floor":20,"gold_loss":0},{"damage_healed":0,"gold_gain":0,"player_choice":"Gave Idol","damage_taken":0,"relics_obtained":["Bloody Idol"],"max_hp_gain":0,"max_hp_loss":0,"event_name":"Forgotten Altar","floor":24,"relics_lost":["Golden Idol"],"gold_loss":0},{"damage_healed":0,"gold_gain":100,"player_choice":"Pray","damage_taken":0,"max_hp_gain":0,"max_hp_loss":0,"event_name":"Golden Shrine","floor":28,"gold_loss":0}],"is_beta":true,"boss_relics":[{"not_picked":["Busted Crown","Fusion Hammer"],"picked":"Tiny House"}],"items_purged_floors":[3,22],"is_endless":false,"potions_floor_spawned":[1,7,14,19,21],"killed_by":"Cultist and Chosen","ascension_level":0}}