{"host":"k6u7q08ihsmpx7o5","time":1610272130,"event":{"mods":["BaseMod","Bestiary","Filter the Spire","Minty Spire (QoL Compilation)","Permanent Neow","Relic Stats","StSLib"],"gold_per_floor":[109,124,138,190,190,190,210,229,229,229,260,260,285,18,18,92,92,112,112,112,112,126,161,161,194,218,218,246,246,265,298,298,372,372,388,64,64,64,119,119,144,144,198,230,250,250,282,37,37,37,37],"floor_reached":52,"playtime":4704,"items_purged":["Defend_B"],"score":2240,"play_id":"bfa90a50-7d35-4151-9ebe-328e0ba83030","local_time":"20210110104850","is_ascension_mode":true,"campfire_choices":[{"data":"Defragment","floor":6,"key":"SMITH"},{"data":"Genetic Algorithm","floor":10,"key":"SMITH"},{"data":"Glacier","floor":12,"key":"SMITH"},{"data":"Defragment","floor":15,"key":"SMITH"},{"data":"Loop","floor":24,"key":"SMITH"},{"floor":29,"key":"REST"},{"data":"Thunder Strike","floor":32,"key":"SMITH"},{"floor":40,"key":"REST"},{"data":"Hologram","floor":42,"key":"SMITH"},{"data":"Seek","floor":49,"key":"SMITH"}],"circlet_count":0,"master_deck":["AscendersBane","Strike_B","Strike_B","Strike_B","Defend_B","Defend_B","Zap","Dualcast","Force Field","Defragment+1","Glacier+1","Genetic Algorithm+1","Recycle","All For One+1","Defragment+1","Echo Form","Loop+1","Compile Driver","All For One","Recycle","Cold Snap+1","Force Field","Thunder Strike+1","Echo Form","Barrage","Hologram+1","Beam Cell+1","Ball Lightning","Seek+1","Capacitor"],"relics":["Snecko Eye","Orichalcum","MealTicket","Pen Nib","Gremlin Horn","Inserter","Strawberry","Regal Pillow","Anchor","Mercury Hourglass","Sundial","SlaversCollar","Question Card","Ice Cream","Akabeko","Ancient Tea Set","Bag of Marbles","Bottled Lightning","Lee\u0027s Waffle"],"acts_visited":["Exordium","TheCity","TheBeyond"],"potions_floor_usage":[8,11,13,18,23],"damage_taken":[{"damage":1,"enemies":"Cultist","floor":1,"turns":4},{"damage":1,"enemies":"Small Slimes","floor":2,"turns":4},{"damage":5,"enemies":"Jaw Worm","floor":3,"turns":6},{"damage":1,"enemies":"Large Slime","floor":7,"turns":12},{"damage":0,"enemies":"Lots of Slimes","floor":8,"turns":9},{"damage":6,"enemies":"Lagavulin","floor":11,"turns":12},{"damage":0,"enemies":"3 Sentries","floor":13,"turns":19},{"damage":32,"enemies":"Slime Boss","floor":16,"turns":14},{"damage":0,"enemies":"3 Byrds","floor":18,"turns":4},{"damage":3,"enemies":"Shell Parasite","floor":22,"turns":8},{"damage":17,"enemies":"Gremlin Leader","floor":23,"turns":7},{"damage":10,"enemies":"Book of Stabbing","floor":25,"turns":5},{"damage":7,"enemies":"Gremlin Leader","floor":28,"turns":10},{"damage":6,"enemies":"3 Cultists","floor":30,"turns":6},{"damage":0,"enemies":"Book of Stabbing","floor":31,"turns":7},{"damage":30,"enemies":"Automaton","floor":33,"turns":12},{"damage":0,"enemies":"3 Shapes","floor":35,"turns":4},{"damage":103,"enemies":"2 Orb Walkers","floor":39,"turns":9},{"damage":0,"enemies":"Giant Head","floor":41,"turns":7},{"damage":39,"enemies":"Reptomancer","floor":44,"turns":8},{"damage":0,"enemies":"3 Darklings","floor":45,"turns":5},{"damage":0,"enemies":"Nemesis","floor":47,"turns":7},{"damage":19,"enemies":"Donu and Deca","floor":50,"turns":9},{"damage":0,"enemies":"Awakened One","floor":51,"turns":10}],"seed_played":"1195480899837362106","potions_obtained":[{"floor":1,"key":"EntropicBrew"},{"floor":3,"key":"SpeedPotion"},{"floor":5,"key":"GamblersBrew"},{"floor":8,"key":"Weak Potion"},{"floor":16,"key":"DistilledChaos"},{"floor":18,"key":"Ancient Potion"},{"floor":25,"key":"FairyPotion"},{"floor":44,"key":"FearPotion"}],"is_trial":false,"path_per_floor":["M","M","M","T","?","R","M","M","T","R","E","R","E","$","R","B",null,"M","?","?","?","M","E","R","E","T","?","E","R","M","E","R","B",null,"M","$","?","?","?","R","E","R","T","E","M","T","E","$","R","B","B",null],"character_chosen":"DEFECT","items_purchased":["All For One","Defragment","Barrage","Question Card","Lee\u0027s Waffle","Capacitor"],"campfire_rested":2,"item_purchase_floors":[14,14,36,36,48,48],"current_hp_per_floor":[63,62,57,57,57,57,56,56,56,56,50,50,50,65,65,33,62,62,62,62,62,59,49,49,39,39,39,32,70,64,64,64,34,67,67,78,74,64,22,59,59,59,59,20,20,20,20,81,81,62,62],"gold":37,"neow_bonus":"BOSS_RELIC","is_daily":false,"chose_seed":false,"campfire_upgraded":8,"win_rate":0.0,"timestamp":1610272130,"path_taken":["M","M","M","?","?","R","?","M","T","R","E","R","E","$","R","BOSS","M","?","?","?","?","E","R","E","T","?","E","R","M","E","R","BOSS","M","$","?","?","?","R","E","R","T","E","M","?","E","$","R","BOSS","BOSS"],"items_purchased_type":["Card","Card","Card","Relic","Relic","Card"],"build_version":"2020-12-22","purchased_purges":1,"victory":true,"max_hp_per_floor":[71,71,71,71,71,71,71,71,71,71,71,71,71,71,71,71,71,71,71,71,71,71,78,78,78,78,78,78,78,78,78,78,78,78,78,78,74,74,74,74,74,74,74,74,74,74,74,81,81,81,81],"relic_stats":{"Regal Pillow":30,"Lee\u0027s Waffle":46,"Inserter":[57],"Gremlin Horn":[36,37],"counters":[24,195],"Pen Nib":[30],"Orichalcum":[240],"Question Card":8,"Mercury Hourglass":[360],"Sundial":[14],"Snecko Eye":[333,329,333,351],"MealTicket":41,"obtain_stats":[{"Ice Cream":39,"Regal Pillow":25,"Lee\u0027s Waffle":48,"Inserter":17,"Gremlin Horn":13,"Pen Nib":11,"Orichalcum":4,"Question Card":36,"Ancient Tea Set":44,"Akabeko":41,"Mercury Hourglass":28,"SlaversCollar":34,"Anchor":26,"Sundial":31,"Strawberry":23,"Snecko Eye":0,"MealTicket":9,"Bag of Marbles":46,"Bottled Lightning":47,"Cracked Core":0},{"Ice Cream":18,"Regal Pillow":12,"Lee\u0027s Waffle":22,"Inserter":8,"Gremlin Horn":7,"Pen Nib":6,"Orichalcum":3,"Question Card":17,"Ancient Tea Set":20,"Akabeko":19,"Mercury Hourglass":13,"SlaversCollar":16,"Anchor":12,"Sundial":15,"Strawberry":11,"Snecko Eye":0,"MealTicket":5,"Bag of Marbles":21,"Bottled Lightning":22,"Cracked Core":0},{"Ice Cream":152,"Regal Pillow":104,"Lee\u0027s Waffle":178,"Inserter":80,"Gremlin Horn":66,"Pen Nib":47,"Orichalcum":14,"Question Card":143,"Ancient Tea Set":167,"Akabeko":159,"Mercury Hourglass":114,"SlaversCollar":139,"Anchor":104,"Sundial":127,"Strawberry":99,"Snecko Eye":0,"MealTicket":35,"Bag of Marbles":172,"Bottled Lightning":178,"Cracked Core":0}]},"card_choices":[{"not_picked":["Coolheaded","Tempest"],"picked":"Force Field","floor":1},{"not_picked":["Steam","Ball Lightning"],"picked":"Defragment","floor":2},{"not_picked":["Conserve Battery","Turbo"],"picked":"Glacier","floor":3},{"not_picked":["Coolheaded","Reprogram"],"picked":"Genetic Algorithm","floor":7},{"not_picked":["FTL","Gash","Steam"],"picked":"SKIP","floor":8},{"not_picked":["Leap","Barrage","Gash"],"picked":"SKIP","floor":11},{"not_picked":["Fusion","Go for the Eyes"],"picked":"Recycle","floor":13},{"not_picked":["Electrodynamics","Reboot"],"picked":"Echo Form","floor":16},{"not_picked":["Beam Cell","Conserve Battery","Sweeping Beam"],"picked":"SKIP","floor":18},{"not_picked":["Rebound","Cold Snap","Streamline"],"picked":"SKIP","floor":22},{"not_picked":["Scrape","Stack"],"picked":"Loop","floor":23},{"not_picked":["Aggregate","Turbo"],"picked":"Compile Driver","floor":25},{"not_picked":["Reboot","Leap"],"picked":"Cold Snap+1","floor":28},{"not_picked":["Beam Cell","Static Discharge"],"picked":"Force Field","floor":30},{"not_picked":["Recycle","Static Discharge"],"picked":"Thunder Strike","floor":31},{"not_picked":["Biased Cognition","Hyperbeam"],"picked":"Echo Form","floor":33},{"not_picked":["Leap","Conserve Battery","Streamline"],"picked":"SKIP","floor":35},{"not_picked":["Double Energy","Thunder Strike","Conserve Battery"],"picked":"Hologram","floor":41},{"not_picked":["Streamline+1","Darkness","Gash"],"picked":"Beam Cell+1","floor":44},{"not_picked":["Rip and Tear+1","Auto Shields","Steam Power"],"picked":"Ball Lightning","floor":45},{"not_picked":["Reprogram+1","Beam Cell","BootSequence+1"],"picked":"Seek","floor":47}],"player_experience":1982411,"relics_obtained":[{"floor":4,"key":"Orichalcum"},{"floor":9,"key":"MealTicket"},{"floor":11,"key":"Pen Nib"},{"floor":13,"key":"Gremlin Horn"},{"floor":23,"key":"Strawberry"},{"floor":25,"key":"Regal Pillow"},{"floor":26,"key":"Anchor"},{"floor":28,"key":"Mercury Hourglass"},{"floor":31,"key":"Sundial"},{"floor":39,"key":"Ice Cream"},{"floor":41,"key":"Akabeko"},{"floor":44,"key":"Ancient Tea Set"},{"floor":46,"key":"Bag of Marbles"},{"floor":47,"key":"Bottled Lightning"}],"event_choices":[{"damage_healed":0,"gold_gain":0,"player_choice":"Got Potions","damage_taken":0,"max_hp_gain":0,"max_hp_loss":0,"event_name":"Lab","floor":5,"gold_loss":0},{"damage_healed":0,"gold_gain":0,"player_choice":"Ignored","damage_taken":0,"max_hp_gain":0,"max_hp_loss":0,"event_name":"Ghosts","floor":19,"gold_loss":0},{"damage_healed":0,"gold_gain":0,"player_choice":"Ignored","damage_taken":0,"max_hp_gain":0,"max_hp_loss":0,"event_name":"Vampires","floor":20,"gold_loss":0},{"damage_healed":0,"gold_gain":0,"player_choice":"Upgraded","damage_taken":0,"max_hp_gain":0,"max_hp_loss":0,"event_name":"Upgrade Shrine","floor":21,"gold_loss":0,"cards_upgraded":["All For One"]},{"damage_healed":0,"gold_gain":0,"cards_transformed":["Defend_B","Strike_B"],"player_choice":"Became Test Subject","damage_taken":0,"max_hp_gain":0,"max_hp_loss":0,"event_name":"Drug Dealer","floor":27,"gold_loss":0,"cards_obtained":["All For One","Recycle"]},{"damage_healed":0,"gold_gain":0,"player_choice":"Max HP","damage_taken":0,"max_hp_gain":0,"max_hp_loss":4,"event_name":"Winding Halls","floor":37,"gold_loss":0},{"damage_healed":0,"gold_gain":0,"player_choice":"Memory 3","damage_taken":10,"max_hp_gain":0,"max_hp_loss":0,"event_name":"SensoryStone","floor":38,"gold_loss":0},{"damage_healed":0,"gold_gain":0,"player_choice":"Fight","damage_taken":0,"max_hp_gain":0,"max_hp_loss":0,"event_name":"Mysterious Sphere","floor":39,"gold_loss":0}],"is_beta":false,"boss_relics":[{"not_picked":["Ectoplasm","Fusion Hammer"],"picked":"Inserter"},{"not_picked":["Busted Crown","Cursed Key"],"picked":"SlaversCollar"}],"items_purged_floors":[14],"is_endless":false,"potions_floor_spawned":[1,3,8,16,18,25,33,35,44],"ascension_level":20}}