{"host":"t2li07c0j4v81685","time":1610305217,"event":{"mods":["BaseMod","Bestiary","Colored Map","Colored Powertips","Dark Map","DeckTracker","Highlight Path","Infinite Spire","Minty Spire (QoL Compilation)","StSLib"],"gold_per_floor":[118,118,131,149,149,149,169,169,221,221,233,253,22,38,38,142,142,162,162,162],"floor_reached":19,"playtime":1942,"items_purged":[],"score":161,"play_id":"9c4d5de1-d869-4115-bc14-f601f2249e94","local_time":"20210110200017","is_ascension_mode":false,"campfire_choices":[{"data":"Prepared","floor":6,"key":"SMITH"},{"floor":10,"key":"REST"},{"floor":15,"key":"REST"}],"circlet_count":0,"master_deck":["Strike_G","Strike_G","Strike_G","Strike_G","Strike_G","Defend_G","Defend_G+1","Defend_G","Defend_G","Defend_G","Survivor+1","Neutralize","Bouncing Flask+1","Prepared+1","Dagger Throw","Die Die Die","Deadly Poison","Dagger Spray","Apotheosis","Underhanded Strike","Flying Knee","Envenom","Deadly Poison+1"],"relics":["Ring of the Snake","War Paint","Black Star"],"acts_visited":["Exordium","TheCity"],"potions_floor_usage":[],"damage_taken":[{"damage":4,"enemies":"Small Slimes","floor":1,"turns":4},{"damage":7,"enemies":"2 Louse","floor":3,"turns":3},{"damage":6,"enemies":"Jaw Worm","floor":4,"turns":3},{"damage":21,"enemies":"Exordium Thugs","floor":7,"turns":6},{"damage":0,"enemies":"3 Louse","floor":11,"turns":2},{"damage":5,"enemies":"Large Slime","floor":12,"turns":4},{"damage":10,"enemies":"Looter","floor":14,"turns":2},{"damage":46,"enemies":"Hexaghost","floor":16,"turns":8},{"damage":54,"enemies":"2 Thieves","floor":18,"turns":4},{"damage":26,"enemies":"Spheric Guardian","floor":19,"turns":4}],"seed_played":"7562772461529703329","potions_obtained":[{"floor":3,"key":"BlessingOfTheForge"},{"floor":7,"key":"Explosive Potion"},{"floor":11,"key":"BlessingOfTheForge"},{"floor":16,"key":"Swift Potion"}],"is_trial":false,"path_per_floor":["M","?","M","M","?","R","M","?","T","R","M","M","$","M","R","B",null,"M","M"],"character_chosen":"THE_SILENT","items_purchased":["Apotheosis","Underhanded Strike"],"campfire_rested":2,"item_purchase_floors":[13,13],"current_hp_per_floor":[73,73,66,60,60,60,39,39,39,62,62,57,57,47,70,24,77,23,0,0],"gold":162,"neow_bonus":"TEN_PERCENT_HP_BONUS","is_daily":false,"chose_seed":false,"campfire_upgraded":1,"win_rate":0.0,"timestamp":1610305217,"path_taken":["M","?","M","M","?","R","M","?","T","R","M","?","?","M","R","BOSS","M","M"],"items_purchased_type":["Card","Card"],"build_version":"2020-12-22","purchased_purges":0,"victory":false,"max_hp_per_floor":[77,77,77,77,77,77,77,77,77,77,77,77,77,77,77,77,77,77,77,77],"card_choices":[{"not_picked":["Footwork","Reflex"],"picked":"Bouncing Flask","floor":1},{"not_picked":["Sucker Punch","PiercingWail"],"picked":"Prepared","floor":3},{"not_picked":["Quick Slash","Slice"],"picked":"Dagger Throw","floor":4},{"not_picked":["Dagger Throw","Riddle With Holes"],"picked":"Die Die Die","floor":7},{"not_picked":["Deflect","Sucker Punch"],"picked":"Deadly Poison","floor":11},{"not_picked":["Expertise","Riddle With Holes"],"picked":"Dagger Spray","floor":12},{"not_picked":["Adrenaline","Masterful Stab"],"picked":"Flying Knee","floor":14},{"not_picked":["Unload","Glass Knife"],"picked":"Envenom","floor":16},{"not_picked":["Underhanded Strike+1","All Out Attack"],"picked":"Deadly Poison+1","floor":18}],"player_experience":2189,"relics_obtained":[{"floor":9,"key":"War Paint"}],"event_choices":[],"is_beta":false,"boss_relics":[{"not_picked":["Cursed Key","Velvet Choker"],"picked":"Black Star"}],"items_purged_floors":[],"is_endless":false,"potions_floor_spawned":[3,7,11,16,18],"killed_by":"Spheric Guardian","ascension_level":0}}