{"host":"ig7tc0uedzltt2sr","time":1610263743,"event":{"mods":["BaseMod","Better Twitch Integration","Block Reminder","Colored Map","Colored Powertips","Communication Mod","Current Relic Mod","GifTheSpireLib","HexUI Lib","Minty Spire (QoL Compilation)","Quick Restart","Random Character Button","Rare Cards Sparkle","Relic Sorter","Relic Stats","Slay the Relics Exporter","StSLib","SuperFastMode","Synergy Search","Twitch Decklist","Twitch Utils","everything is the same but u backflip on backflip","slay the spire mod where everything is the same but ironclad has a cowboy hat"],"gold_per_floor":[112,11,11,25,100,100,114,129,129,129,129],"floor_reached":10,"playtime":30,"items_purged":[],"score":58,"play_id":"ea1f1ff2-0cc4-40dd-8206-739b729a3440","local_time":"20210109232903","is_ascension_mode":false,"campfire_choices":[{"data":"Strike_R","floor":6,"key":"SMITH"}],"circlet_count":0,"master_deck":["Strike_R+1","Strike_R","Strike_R","Strike_R","Strike_R","Defend_R","Defend_R","Defend_R","Defend_R","Bash","Perfected Strike","Cleave"],"relics":["Burning Blood","NeowsBlessing","Golden Idol","Matryoshka"],"acts_visited":["Exordium"],"potions_floor_usage":[],"damage_taken":[{"damage":0,"enemies":"2 Louse","floor":1,"turns":1},{"damage":0,"enemies":"Small Slimes","floor":4,"turns":2},{"damage":0,"enemies":"Jaw Worm","floor":7,"turns":1},{"damage":52,"enemies":"Red Slaver","floor":8,"turns":5},{"damage":41,"enemies":"Gremlin Nob","floor":10,"turns":4}],"seed_played":"-3310902227557732047","potions_obtained":[{"floor":4,"key":"Fruit Juice"},{"floor":7,"key":"SmokeBomb"}],"is_trial":false,"path_per_floor":["M","$","?","M","?","R","M","M","T","E"],"character_chosen":"IRONCLAD","items_purchased":["Cleave","AttackPotion"],"campfire_rested":0,"item_purchase_floors":[2,2],"current_hp_per_floor":[80,80,74,74,63,63,69,23,23,0,0],"gold":129,"neow_bonus":"THREE_ENEMY_KILL","is_daily":false,"chose_seed":false,"campfire_upgraded":1,"win_rate":0.0,"timestamp":1610263743,"path_taken":["M","$","?","M","?","R","M","M","T","E"],"items_purchased_type":["Card","Potion"],"build_version":"2020-12-22","purchased_purges":0,"victory":false,"max_hp_per_floor":[80,80,74,74,74,74,74,74,74,74,74],"relic_stats":{"counters":[5,13],"Golden Idol":9,"obtain_stats":[{"Matryoshka":9,"NeowsBlessing":0,"Golden Idol":3,"Burning Blood":0},{"Matryoshka":4,"NeowsBlessing":0,"Golden Idol":1,"Burning Blood":0},{"Matryoshka":9,"NeowsBlessing":0,"Golden Idol":1,"Burning Blood":0}],"Burning Blood":12},"card_choices":[{"not_picked":["Body Slam","Thunderclap"],"picked":"Perfected Strike","floor":1},{"not_picked":["Iron Wave","Dual Wield","Warcry"],"picked":"SKIP","floor":4},{"not_picked":["Iron Wave","Clothesline","Reaper"],"picked":"SKIP","floor":7},{"not_picked":["Perfected Strike","Twin Strike","Shockwave"],"picked":"SKIP","floor":8}],"player_experience":1498986,"relics_obtained":[{"floor":9,"key":"Matryoshka"}],"event_choices":[{"damage_healed":0,"gold_gain":0,"player_choice":"Lose Max HP","damage_taken":0,"relics_obtained":["Golden Idol"],"max_hp_gain":0,"max_hp_loss":6,"event_name":"Golden Idol","floor":3,"gold_loss":0},{"damage_healed":0,"gold_gain":75,"player_choice":"Gather Gold","damage_taken":11,"max_hp_gain":0,"max_hp_loss":0,"event_name":"World of Goop","floor":5,"gold_loss":0}],"is_beta":false,"boss_relics":[],"items_purged_floors":[],"is_endless":false,"potions_floor_spawned":[4,7],"killed_by":"Gremlin Nob","ascension_level":0}}