{"host":"poshtwjux72eqzmy","time":1610258876,"event":{"mods":["BaseMod","Bestiary","Block Reminder","Highlight Path","Minty Spire (QoL Compilation)","Relic Stats","StSLib","ojb\u0027s Info Mod"],"gold_per_floor":[113,125,142,142,197,197,232,243,243,243,16,79,89,89,89,163,163,174,184,184,197,247,247,247,275,298,328,328,428,52,64,64,142,142,153,203,222,122,172,505,164,193,217,231,81,115,115,155,155,155,155,155,155,26,56,56],"floor_reached":57,"playtime":7583,"items_purged":["Strike_G","Strike_G","Strike_G","Strike_G"],"score":3008,"play_id":"6c1ec415-d440-4aca-bb6f-64a3f3e917d7","local_time":"20210110080756","is_ascension_mode":true,"campfire_choices":[{"data":"Expertise","floor":6.0,"key":"SMITH"},{"data":"Acrobatics","floor":10.0,"key":"SMITH"},{"data":"Footwork","floor":15.0,"key":"SMITH"},{"floor":23.0,"key":"REST"},{"floor":28.0,"key":"REST"},{"data":"Reflex","floor":32.0,"key":"SMITH"},{"floor":47.0,"key":"RECALL"},{"floor":49.0,"key":"REST"},{"data":"Backflip","floor":53.0,"key":"SMITH"}],"circlet_count":0,"master_deck":["AscendersBane","Defend_G","Defend_G","Defend_G","Defend_G","Defend_G","Survivor","Neutralize+1","Grand Finale","Dagger Throw+1","Footwork+1","Expertise+1","Acrobatics+1","Reflex+1","Backflip+1","Grand Finale","Quick Slash+1","PiercingWail","After Image","Dodge and Roll+1","Footwork+1","Well Laid Plans+1","Footwork+1","Blur"],"relics":["Ring of the Snake","Ginger","TungstenRod","Frozen Eye","Gambling Chip","Black Star","Nilry\u0027s Codex","Mummified Hand","WingedGreaves","Vajra","Bottled Lightning","Turnip","Meat on the Bone","Oddly Smooth Stone","HoveringKite","Ice Cream","Old Coin","Potion Belt","Medical Kit","CeramicFish","Snake Skull","Toy Ornithopter","Gremlin Horn","The Courier","Prayer Wheel","Frozen Egg 2","Bag of Preparation"],"acts_visited":["Exordium","TheCity","TheBeyond","TheEnding"],"potions_floor_usage":[56],"damage_taken":[{"damage":0.0,"enemies":"2 Louse","floor":1.0,"turns":4.0},{"damage":0.0,"enemies":"Jaw Worm","floor":2.0,"turns":4.0},{"damage":0.0,"enemies":"Small Slimes","floor":3.0,"turns":5.0},{"damage":13.0,"enemies":"3 Sentries","floor":7.0,"turns":6.0},{"damage":0.0,"enemies":"Exordium Wildlife","floor":8.0,"turns":2.0},{"damage":12.0,"enemies":"3 Sentries","floor":12.0,"turns":14.0},{"damage":0.0,"enemies":"3 Louse","floor":13.0,"turns":1.0},{"damage":30.0,"enemies":"The Guardian","floor":16.0,"turns":16.0},{"damage":9.0,"enemies":"Spheric Guardian","floor":18.0,"turns":4.0},{"damage":17.0,"enemies":"2 Thieves","floor":19.0,"turns":3.0},{"damage":0.0,"enemies":"Cultist and Chosen","floor":21.0,"turns":5.0},{"damage":9.0,"enemies":"Gremlin Leader","floor":25.0,"turns":6.0},{"damage":8.0,"enemies":"Book of Stabbing","floor":27.0,"turns":5.0},{"damage":1.0,"enemies":"Colosseum Slavers","floor":29.0,"turns":2.0},{"damage":2.0,"enemies":"Colosseum Nobs","floor":29.0,"turns":3.0},{"damage":0.0,"enemies":"3 Cultists","floor":31.0,"turns":1.0},{"damage":3.0,"enemies":"Collector","floor":33.0,"turns":6.0},{"damage":0.0,"enemies":"3 Darklings","floor":35.0,"turns":1.0},{"damage":0.0,"enemies":"2 Orb Walkers","floor":36.0,"turns":1.0},{"damage":0.0,"enemies":"Orb Walker","floor":37.0,"turns":1.0},{"damage":0.0,"enemies":"Reptomancer","floor":40.0,"turns":3.0},{"damage":1.0,"enemies":"Nemesis","floor":42.0,"turns":5.0},{"damage":6.0,"enemies":"Spire Growth","floor":44.0,"turns":4.0},{"damage":0.0,"enemies":"Giant Head","floor":46.0,"turns":4.0},{"damage":25.0,"enemies":"Nemesis","floor":48.0,"turns":13.0},{"damage":13.0,"enemies":"Donu and Deca","floor":50.0,"turns":13.0},{"damage":9.0,"enemies":"Awakened One","floor":51.0,"turns":12.0},{"damage":0.0,"enemies":"Shield and Spear","floor":55.0,"turns":5.0},{"damage":55,"enemies":"The Heart","floor":56,"turns":12}],"seed_played":"-1005449733697308590","potions_obtained":[{"floor":7.0,"key":"GamblersBrew"},{"floor":16.0,"key":"Fire Potion"},{"floor":18.0,"key":"SpeedPotion"},{"floor":25.0,"key":"SkillPotion"},{"floor":37.0,"key":"Explosive Potion"},{"floor":40.0,"key":"Fruit Juice"},{"floor":44.0,"key":"FairyPotion"},{"floor":46.0,"key":"Strength Potion"}],"is_trial":false,"path_per_floor":["M","M","M","?","?","R","E","M","T","R","$","?","M","?","R","B",null,"M","M","?","M","?","R","?","E","T","E","R","?","$","M","R","B",null,"M","?","M","$","?","E","$","E","T","M","$","E","R","E","R","B","B",null,"R","$","E","B",null],"character_chosen":"THE_SILENT","items_purchased":["Frozen Eye","Block Potion","Oddly Smooth Stone","LiquidMemories","PowerPotion","PowerPotion","Medical Kit","Well Laid Plans+1","Footwork+1","Blur"],"campfire_rested":3,"item_purchase_floors":[11,11,30,30,30,41,41,54,54,54],"current_hp_per_floor":[59,59,59,41,41,41,28,28,28,28,28,16,16,36,36,6,47,38,21,21,21,21,39,22,13,13,5,23,20,20,32,32,41,55,55,55,55,55,55,55,55,54,54,48,48,58,58,33,52,39,42,59,59,59,65,27],"gold":56,"neow_bonus":"THREE_RARE_CARDS","is_daily":false,"chose_seed":false,"campfire_upgraded":5,"win_rate":0.0,"timestamp":1610258876,"path_taken":["M","M","M","?","?","R","E","M","T","R","$","?","?","?","R","BOSS","M","M","?","?","?","R","?","E","T","E","R","?","?","M","R","BOSS","M","?","M","$","?","E","$","E","T","?","?","E","R","E","R","BOSS","BOSS","R","$","E","BOSS"],"items_purchased_type":["Relic","Potion","Relic","Potion","Potion","Potion","Relic","Card","Card","Card"],"build_version":"2020-12-22","purchased_purges":4,"victory":true,"max_hp_per_floor":[60,60,60,60,60,60,60,60,60,60,60,60,60,60,60,60,60,60,60,60,60,60,60,60,60,60,60,60,60,60,60,60,60,60,60,60,60,60,60,60,60,60,60,60,60,65,65,65,65,65,65,65,65,65,65,65],"relic_stats":{"Gremlin Horn":[5,5],"counters":[29,161],"CeramicFish":45,"HoveringKite":[49],"Snake Skull":[1],"Bag of Preparation":[2],"Ginger":[17],"Medical Kit":[32],"Mummified Hand":[36],"Gambling Chip":[110],"Prayer Wheel":0,"Turnip":[7],"Black Star":7,"obtain_stats":[{"Ice Cream":36,"Gremlin Horn":46,"Nilry\u0027s Codex":24,"CeramicFish":42,"Vajra":27,"HoveringKite":34,"Snake Skull":42,"Bag of Preparation":55,"Ginger":7,"Old Coin":40,"Frozen Eye":11,"Mummified Hand":25,"Gambling Chip":12,"Prayer Wheel":48,"WingedGreaves":25,"Ring of the Snake":0,"Potion Belt":40,"Oddly Smooth Stone":30,"The Courier":46,"Frozen Egg 2":48,"Medical Kit":41,"Turnip":29,"Black Star":17,"Bottled Lightning":27,"TungstenRod":9,"Toy Ornithopter":43,"Meat on the Bone":29},{"Ice Cream":19,"Gremlin Horn":24,"Nilry\u0027s Codex":11,"CeramicFish":22,"Vajra":13,"HoveringKite":17,"Snake Skull":22,"Bag of Preparation":28,"Ginger":4,"Old Coin":21,"Frozen Eye":5,"Mummified Hand":12,"Gambling Chip":6,"Prayer Wheel":25,"WingedGreaves":12,"Ring of the Snake":0,"Potion Belt":21,"Oddly Smooth Stone":15,"The Courier":24,"Frozen Egg 2":25,"Medical Kit":21,"Turnip":15,"Black Star":8,"Bottled Lightning":13,"TungstenRod":5,"Toy Ornithopter":22,"Meat on the Bone":15},{"Ice Cream":89,"Gremlin Horn":106,"Nilry\u0027s Codex":64,"CeramicFish":98,"Vajra":75,"HoveringKite":87,"Snake Skull":98,"Bag of Preparation":149,"Ginger":19,"Old Coin":93,"Frozen Eye":21,"Mummified Hand":70,"Gambling Chip":35,"Prayer Wheel":119,"WingedGreaves":70,"Ring of the Snake":0,"Potion Belt":93,"Oddly Smooth Stone":80,"The Courier":106,"Frozen Egg 2":119,"Medical Kit":93,"Turnip":80,"Black Star":52,"Bottled Lightning":75,"TungstenRod":21,"Toy Ornithopter":98,"Meat on the Bone":80}],"TungstenRod":51,"Toy Ornithopter":16,"Ring of the Snake":[58],"Meat on the Bone":48},"card_choices":[{"not_picked":["A Thousand Cuts","Doppelganger"],"picked":"Grand Finale","floor":0.0},{"not_picked":["Bane","Underhanded Strike"],"picked":"Dagger Throw","floor":1.0},{"not_picked":["Finisher","Masterful Stab"],"picked":"Footwork","floor":2.0},{"not_picked":["Flying Knee","Footwork"],"picked":"Expertise","floor":3.0},{"not_picked":["Infinite Blades","Bane","All Out Attack"],"picked":"SKIP","floor":7.0},{"not_picked":["Dodge and Roll","Outmaneuver"],"picked":"Acrobatics","floor":8.0},{"not_picked":["Slice","Cloak And Dagger"],"picked":"Reflex","floor":12.0},{"not_picked":["Finisher","Endless Agony"],"picked":"Backflip","floor":13.0},{"not_picked":["Corpse Explosion","Bullet Time"],"picked":"Grand Finale","floor":16.0},{"not_picked":["Finisher","Dodge and Roll","Dagger Throw"],"picked":"SKIP","floor":18.0},{"not_picked":["Dagger Throw","Expertise","Sucker Punch"],"picked":"SKIP","floor":19.0},{"not_picked":["Reflex","Outmaneuver","Unload"],"picked":"SKIP","floor":21.0},{"not_picked":["Bane","Unload"],"picked":"Quick Slash+1","floor":25.0},{"not_picked":["Cloak And Dagger","Blur","Distraction"],"picked":"SKIP","floor":27.0},{"not_picked":["Backflip","Setup"],"picked":"PiercingWail","floor":31.0},{"not_picked":["Unload","Envenom"],"picked":"After Image","floor":33.0},{"not_picked":["Catalyst","Terror","Backflip"],"picked":"SKIP","floor":35.0},{"not_picked":["Masterful Stab+1","Acrobatics","Cloak And Dagger"],"picked":"SKIP","floor":37.0},{"not_picked":["Setup","Backflip","Sucker Punch"],"picked":"SKIP","floor":40.0},{"not_picked":["Infinite Blades","Storm of Steel","Underhanded Strike"],"picked":"SKIP","floor":42.0},{"not_picked":["Dagger Throw+1","Cloak And Dagger+1","Blade Dance+1"],"picked":"SKIP","floor":44.0},{"not_picked":["Prepared","Quick Slash"],"picked":"Dodge and Roll+1","floor":46.0},{"not_picked":["All Out Attack","Slice"],"picked":"Footwork+1","floor":48.0},{"not_picked":["All Out Attack","Masterful Stab","Blade Dance"],"picked":"SKIP","floor":55.0}],"player_experience":1056657,"relics_obtained":[{"floor":7.0,"key":"Ginger"},{"floor":9.0,"key":"TungstenRod"},{"floor":12.0,"key":"Gambling Chip"},{"floor":24.0,"key":"Nilry\u0027s Codex"},{"floor":25.0,"key":"Mummified Hand"},{"floor":25.0,"key":"WingedGreaves"},{"floor":27.0,"key":"Vajra"},{"floor":27.0,"key":"Bottled Lightning"},{"floor":29.0,"key":"Turnip"},{"floor":29.0,"key":"Meat on the Bone"},{"floor":36.0,"key":"Ice Cream"},{"floor":40.0,"key":"Old Coin"},{"floor":40.0,"key":"Potion Belt"},{"floor":42.0,"key":"CeramicFish"},{"floor":42.0,"key":"Snake Skull"},{"floor":43.0,"key":"Toy Ornithopter"},{"floor":46.0,"key":"Gremlin Horn"},{"floor":46.0,"key":"The Courier"},{"floor":48.0,"key":"Prayer Wheel"},{"floor":48.0,"key":"Frozen Egg 2"},{"floor":55.0,"key":"Bag of Preparation"}],"event_choices":[{"damage_healed":0.0,"max_hp_gain":0.0,"max_hp_loss":0.0,"gold_gain":0.0,"event_name":"Shining Light","player_choice":"Entered Light","floor":4.0,"gold_loss":0.0,"damage_taken":18.0,"cards_upgraded":["Neutralize","Dagger Throw"]},{"damage_healed":0.0,"max_hp_gain":0.0,"max_hp_loss":0.0,"gold_gain":55.0,"event_name":"Golden Wing","player_choice":"Gained Gold","floor":5.0,"gold_loss":0.0,"damage_taken":0.0},{"damage_healed":0.0,"max_hp_gain":0.0,"max_hp_loss":0.0,"gold_gain":30.0,"event_name":"Dead Adventurer","player_choice":"Searched \u00272\u0027 times","floor":12.0,"gold_loss":0.0,"damage_taken":0.0},{"damage_healed":20.0,"max_hp_gain":0.0,"max_hp_loss":0.0,"gold_gain":0.0,"event_name":"Big Fish","player_choice":"Banana","floor":14.0,"gold_loss":0.0,"damage_taken":0.0},{"cards_removed":["Strike_G"],"damage_healed":0.0,"max_hp_gain":0.0,"max_hp_loss":0.0,"gold_gain":0.0,"event_name":"Purifier","player_choice":"Purged","floor":20.0,"gold_loss":0.0,"damage_taken":0.0},{"damage_healed":0.0,"max_hp_gain":0.0,"max_hp_loss":0.0,"gold_gain":50.0,"event_name":"Nest","player_choice":"Stole From Cult","floor":22.0,"gold_loss":0.0,"damage_taken":0.0},{"damage_healed":0.0,"max_hp_gain":0.0,"max_hp_loss":0.0,"gold_gain":0.0,"event_name":"Cursed Tome","player_choice":"Obtained Book","floor":24.0,"gold_loss":0.0,"damage_taken":21.0},{"damage_healed":0.0,"max_hp_gain":0.0,"max_hp_loss":0.0,"gold_gain":0.0,"event_name":"Colosseum","player_choice":"Fight","floor":29.0,"gold_loss":0.0,"damage_taken":0.0},{"damage_healed":0.0,"max_hp_gain":0.0,"max_hp_loss":0.0,"gold_gain":0.0,"event_name":"Colosseum","player_choice":"Fought Nobs","floor":29.0,"gold_loss":0.0,"damage_taken":0.0},{"damage_healed":0.0,"max_hp_gain":0.0,"max_hp_loss":0.0,"gold_gain":0.0,"event_name":"Mysterious Sphere","player_choice":"Fight","floor":36.0,"gold_loss":0.0,"damage_taken":0.0},{"damage_healed":0.0,"max_hp_gain":0.0,"max_hp_loss":0.0,"gold_gain":50.0,"event_name":"Golden Shrine","player_choice":"Pray","floor":39.0,"gold_loss":0.0,"damage_taken":0.0}],"is_beta":false,"boss_relics":[{"not_picked":["WristBlade","Sozu"],"picked":"Black Star"},{"not_picked":["Runic Pyramid","Velvet Choker"],"picked":"HoveringKite"}],"items_purged_floors":[30,38,41,45],"is_endless":false,"potions_floor_spawned":[7,16,18,21,25,37,40,44,46],"ascension_level":20}}