{"host":"kokp9cirgkksa174","time":1610238628,"event":{"mods":["AchievementEnabler","BaseMod","Best Route Mod","Bestiary","Better Third Choice","Block Reminder","Colored Map","Colored Powertips","DeckTracker","Exacting","Jorbs\u0027s Wanderer Trilogy","Key Reminder","Minty Spire (QoL Compilation)","Permanent Neow","Random Character Button","Rare Cards Sparkle","Relic Stats","Slay the Relics Exporter","StSLib","Unceasing Turn Reminder"],"gold_per_floor":[118,118,136,27,52,79,79,104,175,175,175,175],"floor_reached":11,"playtime":934,"items_purged":["Decay"],"score":85,"play_id":"6402971c-2e6b-4a7d-861f-dc3d04e0c7e4","local_time":"20210109193028","is_ascension_mode":true,"campfire_choices":[{"data":"JustLucky","floor":7,"key":"SMITH"},{"data":"WindmillStrike","floor":10,"key":"SMITH"}],"circlet_count":0,"master_deck":["Strike_P","Strike_P","Strike_P","Strike_P","Defend_P","Defend_P","Defend_P","Defend_P","Eruption","Vigilance","Swivel","PathToVictory","Sanctity","WindmillStrike+1","JustLucky+1","CutThroughFate"],"relics":["Philosopher\u0027s Stone","Thread and Needle","TungstenRod","Regal Pillow","Toxic Egg 2"],"acts_visited":["Exordium"],"potions_floor_usage":[5,6,11],"damage_taken":[{"damage":1,"enemies":"2 Louse","floor":1,"turns":3},{"damage":1,"enemies":"Cultist","floor":3,"turns":4},{"damage":2,"enemies":"Small Slimes","floor":5,"turns":3},{"damage":27,"enemies":"Gremlin Nob","floor":6,"turns":3},{"damage":24,"enemies":"3 Sentries","floor":8,"turns":10},{"damage":19,"enemies":"Gremlin Nob","floor":11,"turns":2}],"seed_played":"-5798981048153030264","potions_obtained":[{"floor":1,"key":"DistilledChaos"},{"floor":3,"key":"SteroidPotion"},{"floor":8,"key":"BlessingOfTheForge"}],"is_trial":false,"path_per_floor":["M","?","M","$","M","E","R","E","T","R","E"],"character_chosen":"WATCHER","items_purchased":["Sanctity"],"campfire_rested":0,"item_purchase_floors":[4],"current_hp_per_floor":[72,72,71,71,69,42,42,18,18,18,0,0],"gold":175,"neow_bonus":"BOSS_RELIC","is_daily":false,"chose_seed":false,"campfire_upgraded":2,"win_rate":0.0,"timestamp":1610238628,"path_taken":["M","?","?","?","M","E","R","E","T","R","E"],"items_purchased_type":["Card"],"build_version":"2020-12-22","purchased_purges":1,"victory":false,"max_hp_per_floor":[72,72,72,72,72,72,72,72,72,72,72,72],"relic_stats":{"Regal Pillow":0,"counters":[6,25],"obtain_stats":[{"Regal Pillow":8,"Philosopher\u0027s Stone":0,"Thread and Needle":6,"PureWater":0,"Toxic Egg 2":9,"TungstenRod":8},{"Regal Pillow":5,"Philosopher\u0027s Stone":0,"Thread and Needle":4,"PureWater":0,"Toxic Egg 2":5,"TungstenRod":5},{"Regal Pillow":23,"Philosopher\u0027s Stone":0,"Thread and Needle":13,"PureWater":0,"Toxic Egg 2":23,"TungstenRod":23}],"TungstenRod":1},"card_choices":[{"not_picked":["Fasting2","DeceiveReality"],"picked":"Swivel","floor":1},{"not_picked":["WaveOfTheHand","Perseverance"],"picked":"PathToVictory","floor":3},{"not_picked":["Vengeance","FlurryOfBlows"],"picked":"WindmillStrike","floor":5},{"not_picked":["Weave","Consecrate"],"picked":"JustLucky","floor":6},{"not_picked":["WreathOfFlame","TalkToTheHand"],"picked":"CutThroughFate","floor":8}],"player_experience":158193,"relics_obtained":[{"floor":6,"key":"Thread and Needle"},{"floor":8,"key":"TungstenRod"},{"floor":8,"key":"Regal Pillow"},{"floor":9,"key":"Toxic Egg 2"}],"event_choices":[{"damage_healed":0,"gold_gain":0,"player_choice":"Cursed","damage_taken":0,"max_hp_gain":0,"max_hp_loss":0,"event_name":"Wheel of Change","floor":2,"gold_loss":0,"cards_obtained":["Decay"]}],"is_beta":false,"boss_relics":[],"items_purged_floors":[4],"is_endless":false,"potions_floor_spawned":[1,3,8],"killed_by":"Gremlin Nob","ascension_level":1}}