{"host":"minbhrtlkaoly5f0","time":1610286002,"event":{"mods":["Act Like it!","Ascension Reborn","BaseMod","Colored Map","Colored Powertips","Minty Spire (QoL Compilation)","Quick Restart","StSLib","The Bug Knight"],"gold_per_floor":[109,109,126,138,152,152,152,152,232,232,252,21,44,80,80,200,200,213,237,237,252,266,297,297,297,297,297,148,168,168,187,187,310,310,325,325,388,401,420,420,420],"floor_reached":40,"playtime":1815,"items_purged":["HollowMod:NailStrikeStart","HollowMod:QuickDashStart"],"score":410,"play_id":"c7e67ae8-c638-4c1b-bdd5-328ac9cdc12a","local_time":"20210110214002","is_ascension_mode":true,"campfire_choices":[{"data":"HollowMod:SoulSplash","floor":6,"key":"SMITH"},{"floor":8,"key":"REST"},{"data":"HollowMod:FocusHealStart","floor":10,"key":"SMITH"},{"floor":15,"key":"REST"},{"floor":24,"key":"REST"},{"data":"Judgement","floor":32,"key":"SMITH"}],"circlet_count":0,"master_deck":["HollowMod:NailStrikeStart","HollowMod:NailStrikeStart","HollowMod:QuickDashStart","HollowMod:QuickDashStart","HollowMod:FocusHealStart+1","HollowMod:PogoStrike","HollowMod:CycloneSlash+1","HollowMod:PerfectDash","HollowMod:CornifersMapStart","HollowMod:SoulSplash+1","Judgement+1","Reaper","BootSequence+1","HollowMod:SlysStrikes+1","HollowMod:CloakDash","HollowMod:ShapeofUnn","Night Terror","WheelKick+1"],"relics":["HollowMod:VesselMask","NeowsBlessing","Golden Idol","Mercury Hourglass","PrismaticShard","Nunchaku","Runic Pyramid","MutagenicStrength","Matryoshka","Toy Ornithopter","White Beast Statue","Busted Crown","Girya"],"acts_visited":["Exordium","TheCity","TheBeyond"],"potions_floor_usage":[16,16,23,23,31,33,37,38,39,39,40],"damage_taken":[{"damage":0,"enemies":"Small Slimes","floor":1,"turns":1},{"damage":0,"enemies":"Cultist","floor":3,"turns":1},{"damage":0,"enemies":"Jaw Worm","floor":4,"turns":1},{"damage":20,"enemies":"Looter","floor":5,"turns":3},{"damage":7,"enemies":"Blue Slaver","floor":11,"turns":2},{"damage":12,"enemies":"3 Louse","floor":13,"turns":2},{"damage":14,"enemies":"Lagavulin","floor":14,"turns":6},{"damage":41,"enemies":"The Guardian","floor":16,"turns":9},{"damage":6,"enemies":"Chosen","floor":18,"turns":4},{"damage":10,"enemies":"3 Byrds","floor":19,"turns":3},{"damage":32,"enemies":"Shelled Parasite and Fungi","floor":21,"turns":5},{"damage":25,"enemies":"3 Cultists","floor":22,"turns":4},{"damage":6,"enemies":"HollowMod:Nosk","floor":23,"turns":7},{"damage":8,"enemies":"Centurion and Healer","floor":29,"turns":3},{"damage":10,"enemies":"Cultist and Chosen","floor":31,"turns":4},{"damage":53,"enemies":"Champ","floor":33,"turns":9},{"damage":13,"enemies":"Orb Walker","floor":35,"turns":3},{"damage":17,"enemies":"Mind Bloom Boss Battle","floor":37,"turns":5},{"damage":21,"enemies":"3 Darklings","floor":38,"turns":3},{"damage":62,"enemies":"HollowMod:SlobberingHusk","floor":39,"turns":6},{"damage":80,"enemies":"Nemesis","floor":40,"turns":5}],"seed_played":"-1239097494898115961","potions_obtained":[{"floor":3,"key":"ColorlessPotion"},{"floor":5,"key":"Block Potion"},{"floor":16,"key":"Ancient Potion"},{"floor":19,"key":"SpeedPotion"},{"floor":29,"key":"DuplicationPotion"},{"floor":31,"key":"SneckoOil"},{"floor":33,"key":"Ancient Potion"},{"floor":37,"key":"CultistPotion"},{"floor":38,"key":"SkillPotion"},{"floor":39,"key":"Ancient Potion"}],"is_trial":false,"path_per_floor":["M","?","M","M","M","R","?","R","T","R","M","$","M","E","R","B",null,"M","M","?","M","M","E","R","?","T","?","$","M","?","M","R","B",null,"M","?","?","M","M","E"],"character_chosen":"THE_BUGKNIGHT","items_purchased":["PrismaticShard","Swift Potion"],"campfire_rested":3,"item_purchase_floors":[12,28],"current_hp_per_floor":[75,75,75,75,61,61,43,65,65,65,58,58,46,38,60,31,75,74,71,71,43,24,32,54,75,75,75,75,67,67,65,65,40,75,62,62,58,54,23,0,0],"gold":420,"neow_bonus":"THREE_ENEMY_KILL","is_daily":false,"chose_seed":false,"campfire_upgraded":3,"win_rate":0.0,"timestamp":1610286002,"path_taken":["M","?","M","M","?","R","?","R","T","R","M","?","M","E","R","BOSS","M","M","?","M","M","E","R","?","T","?","$","?","?","?","R","BOSS","M","?","?","M","M","E"],"items_purchased_type":["Relic","Potion"],"build_version":"2020-12-22","purchased_purges":2,"victory":false,"max_hp_per_floor":[75,75,75,75,75,75,75,75,75,75,75,75,75,75,75,75,75,75,75,75,75,75,75,75,75,75,75,75,75,75,75,75,75,75,75,75,75,75,75,75,75],"card_choices":[{"not_picked":["HollowMod:CornifersMapStart","HollowMod:SharpenedShadows"],"picked":"HollowMod:CycloneSlash","floor":1},{"not_picked":["HollowMod:WraithStrike","HollowMod:DescendingDark"],"picked":"HollowMod:PerfectDash","floor":3},{"not_picked":["HollowMod:HowlingWraiths","HollowMod:SiblingsShadow"],"picked":"HollowMod:CornifersMapStart","floor":4},{"not_picked":["HollowMod:HeavyBlow","HollowMod:MothsMistake"],"picked":"HollowMod:SoulSplash","floor":5},{"not_picked":["HollowMod:FallenFury","HollowMod:SiblingsSouls","HollowMod:TaintedHusks"],"picked":"SKIP","floor":11},{"not_picked":["HollowMod:HowlingWraiths","Blind"],"picked":"Judgement","floor":13},{"not_picked":["Endless Agony","PathToVictory","Headbutt"],"picked":"SKIP","floor":14},{"not_picked":["Omniscience","HollowMod:ElderbugsWisdom"],"picked":"Reaper","floor":16},{"not_picked":["Heel Hook","Entrench","Headbutt"],"picked":"SKIP","floor":18},{"not_picked":["Sucker Punch","FTL"],"picked":"BootSequence+1","floor":19},{"not_picked":["Force Field+1","HollowMod:SharpenedNail"],"picked":"HollowMod:SlysStrikes","floor":21},{"not_picked":["Backstab","HollowMod:InfectedAttack+1","Discovery"],"picked":"SKIP","floor":22},{"not_picked":["Ragnarok","Battle Trance"],"picked":"HollowMod:CloakDash","floor":23},{"not_picked":["PanicButton+1","FlyingSleeves","Ball Lightning"],"picked":"SKIP","floor":29},{"not_picked":["Sword Boomerang","HollowMod:SoulSplash","Slice+1"],"picked":"SKIP","floor":31},{"not_picked":["Feed","HollowMod:LifebloodCore"],"picked":"Night Terror","floor":33},{"not_picked":["True Grit"],"picked":"SKIP","floor":35},{"not_picked":[],"picked":"WheelKick+1","floor":37},{"not_picked":["SashWhip+1"],"picked":"SKIP","floor":38},{"not_picked":["Clothesline"],"picked":"SKIP","floor":39}],"player_experience":25152,"relics_obtained":[{"floor":9,"key":"Mercury Hourglass"},{"floor":14,"key":"Nunchaku"},{"floor":23,"key":"Matryoshka"},{"floor":26,"key":"Toy Ornithopter"},{"floor":26,"key":"White Beast Statue"},{"floor":37,"key":"Girya"}],"event_choices":[{"damage_healed":0,"gold_gain":0,"player_choice":"Forge","damage_taken":0,"max_hp_gain":0,"max_hp_loss":0,"event_name":"Accursed Blacksmith","floor":2,"gold_loss":0,"cards_upgraded":["HollowMod:CycloneSlash"]},{"damage_healed":0,"gold_gain":0,"player_choice":"Take Damage","damage_taken":18,"relics_obtained":["Golden Idol"],"max_hp_gain":0,"max_hp_loss":0,"event_name":"Golden Idol","floor":7,"gold_loss":0},{"damage_healed":0,"gold_gain":0,"player_choice":"Inject Mutagens","damage_taken":0,"relics_obtained":["MutagenicStrength"],"max_hp_gain":0,"max_hp_loss":0,"event_name":"Drug Dealer","floor":20,"gold_loss":0},{"damage_healed":25,"gold_gain":0,"player_choice":"Heal","damage_taken":0,"max_hp_gain":0,"max_hp_loss":0,"event_name":"The Library","floor":25,"gold_loss":0},{"damage_healed":0,"gold_gain":0,"player_choice":"Upgraded","damage_taken":0,"max_hp_gain":0,"max_hp_loss":0,"event_name":"Upgrade Shrine","floor":27,"gold_loss":0,"cards_upgraded":["HollowMod:SlysStrikes"]},{"damage_healed":0,"gold_gain":0,"cards_transformed":["HollowMod:QuickDashStart"],"player_choice":"Transformed","damage_taken":0,"max_hp_gain":0,"max_hp_loss":0,"event_name":"Transmorgrifier","floor":30,"gold_loss":0,"cards_obtained":["HollowMod:ShapeofUnn"]},{"damage_healed":0,"gold_gain":0,"player_choice":"Fight","damage_taken":0,"max_hp_gain":0,"max_hp_loss":0,"event_name":"MindBloom","floor":37,"gold_loss":0}],"is_beta":false,"boss_relics":[{"not_picked":["Tiny House","Ectoplasm"],"picked":"Runic Pyramid"},{"not_picked":["Calling Bell","Velvet Choker"],"picked":"Busted Crown"}],"items_purged_floors":[12,28],"is_endless":false,"potions_floor_spawned":[3,5,16,19,21,22,29,31,33,35,37,38,39],"killed_by":"Nemesis","ascension_level":0}}