{"host":"w2kjv12xyhtt0cv2","time":1610286396,"event":{"mods":["Act Like it!","BaseMod","Colored Map","Friendly Minions","Gensokyo","Highlight Path","Hubris","Kiyohime（清姬）","Marisa（F雨　魔理沙）","Minty Spire (QoL Compilation)","Quick Restart","Reimu（博丽灵梦）","Relic Stats","Replay The Spire","RumiaBox-露米娅的神秘盒子","Shop Mod","Spicy Shops","StSLib","The Cursed","The Servant 0.9.4","UnlockEverythingMod","Waifu the Spire","[功能]功能增强和修复MOD","vexMod","【功能Mod】Neow奖励","【遗物卡牌】REMEMod","没有小屋子和绿帽子啦"],"gold_per_floor":[114,114,128,128,146,206,232,232,232],"floor_reached":8,"playtime":422,"items_purged":[],"score":81,"play_id":"cfb22858-d2d9-4ad4-984b-77b233f5e544","local_time":"20210110214636","is_ascension_mode":true,"campfire_choices":[],"circlet_count":0,"master_deck":["KiyohimeMod:Strike","KiyohimeMod:Strike","KiyohimeMod:Strike","KiyohimeMod:Strike","KiyohimeMod:Defend","KiyohimeMod:Defend","KiyohimeMod:Defend","KiyohimeMod:Track","KiyohimeMod:FlameKiss","KiyohimeMod:Shapeshift","Barricade","KiyohimeMod:Projection"],"relics":["REME_ComplimentaryCards","RedLine:ReiMu","Golden Idol","Chameleon Ring"],"acts_visited":["Exordium"],"potions_floor_usage":[8],"damage_taken":[{"damage":0.0,"enemies":"2 Louse","floor":1.0,"turns":3.0},{"damage":4.0,"enemies":"Small Slimes","floor":3.0,"turns":3.0},{"damage":13.0,"enemies":"Jaw Worm","floor":5.0,"turns":2.0},{"damage":12.0,"enemies":"Gremlin Nob","floor":6.0,"turns":4.0},{"damage":59,"enemies":"3 Sentries","floor":8,"turns":7}],"seed_played":"-7632456551296652575","potions_obtained":[{"floor":1.0,"key":"Regen Potion"},{"floor":5.0,"key":"LifebloodPotion"}],"is_trial":false,"path_per_floor":["M","?","M","?","M","E","T","E"],"character_chosen":"Kiyohime","items_purchased":[],"campfire_rested":0,"item_purchase_floors":[],"current_hp_per_floor":[54,54,50,50,37,25,25,0,0],"gold":232,"neow_bonus":"BOSS_RELIC","is_daily":false,"chose_seed":false,"campfire_upgraded":0,"win_rate":0.0,"timestamp":1610286396,"path_taken":["M","?","M","?","M","E","?","E"],"items_purchased_type":[],"build_version":"2020-12-22","purchased_purges":0,"victory":false,"max_hp_per_floor":[60,60,60,56,56,56,56,56,56],"relic_stats":{"counters":[5,19],"Golden Idol":12,"obtain_stats":[{"KiyohimeMod:FireDragon":0,"Chameleon Ring":6,"Golden Idol":4,"REME_ComplimentaryCards":0,"RedLine:ReiMu":0},{"KiyohimeMod:FireDragon":0,"Chameleon Ring":4,"Golden Idol":2,"REME_ComplimentaryCards":0,"RedLine:ReiMu":0},{"KiyohimeMod:FireDragon":0,"Chameleon Ring":12,"Golden Idol":6,"REME_ComplimentaryCards":0,"RedLine:ReiMu":0}]},"card_choices":[{"not_picked":["KiyohimeMod:SteelTraining","KiyohimeMod:WaterTurn","KiyohimeMod:GreenBlackKey"],"picked":"SKIP","floor":1.0},{"not_picked":["KiyohimeMod:RedBlackKey","KiyohimeMod:GreenBlackKey"],"picked":"KiyohimeMod:Projection","floor":3.0},{"not_picked":["KiyohimeMod:SteelTraining","KiyohimeMod:ImaginaryAround","KiyohimeMod:Tenacious"],"picked":"SKIP","floor":5.0},{"not_picked":["KiyohimeMod:ExSpicyMapoTofu","KiyohimeMod:EatSoul","KiyohimeMod:CommandCard_Buster"],"picked":"SKIP","floor":6.0}],"player_experience":129235,"relics_obtained":[{"floor":6.0,"key":"Chameleon Ring"}],"event_choices":[{"cards_removed":["KiyohimeMod:Defend"],"damage_healed":0.0,"max_hp_gain":0.0,"max_hp_loss":0.0,"gold_gain":0.0,"event_name":"Living Wall","player_choice":"Forget","floor":2.0,"gold_loss":0.0,"damage_taken":0.0},{"damage_healed":0.0,"max_hp_gain":0.0,"max_hp_loss":4.0,"gold_gain":0.0,"event_name":"Golden Idol","player_choice":"Lose Max HP","floor":4.0,"gold_loss":0.0,"damage_taken":0.0,"relics_obtained":["Golden Idol"]}],"is_beta":false,"boss_relics":[],"items_purged_floors":[],"is_endless":false,"potions_floor_spawned":[1,5],"killed_by":"3 Sentries","ascension_level":9}}