{"host":"ryuep8ewa00k39z9","time":1610308939,"event":{"mods":["AchievementEnabler","BaseMod","Best Route Mod","Colored Map","Colored Powertips","Displayed Cursed Tome","Highlight Path","Minty Spire (QoL Compilation)","Quick Restart","SuperFastMode"],"gold_per_floor":[118,118,118,70,70,97,97,113,113,113,130,130,130,145,145,248,248,267,267,267,284,296,328,328,355,355,388,388,114,125,50,50,148,148,164,175,175,225,77,77,104,104,104,131,150,150,150,169,169,169,169,169,18,51,51,51],"floor_reached":55,"playtime":2534,"items_purged":["Defend_B","Zap","Dualcast"],"score":1099,"play_id":"8628bec8-67eb-492a-8bc1-5c81675e8152","local_time":"20210110140219","is_ascension_mode":true,"campfire_choices":[{"data":"Static Discharge","floor":7.0,"key":"SMITH"},{"floor":10.0,"key":"REST"},{"data":"Static Discharge","floor":13.0,"key":"SMITH"},{"floor":15.0,"key":"REST"},{"floor":24.0,"key":"REST"},{"floor":28,"key":"RECALL"},{"data":"Consume","floor":32,"key":"SMITH"},{"floor":40,"key":"REST"},{"data":"Echo Form","floor":42,"key":"SMITH"},{"data":"Trip","floor":47,"key":"SMITH"},{"data":"Static Discharge","floor":49,"key":"SMITH"},{"data":"Echo Form","floor":52,"key":"SMITH"}],"circlet_count":0,"master_deck":["AscendersBane","Beam Cell","Conserve Battery","Static Discharge+1","Static Discharge+1","Machine Learning","Multi-Cast","Beam Cell+1","Ghostly","Ghostly","Ghostly","Ghostly","Ghostly","Consume+1","Melter","Self Repair","Echo Form+1","Turbo","Echo Form+1","Buffer","Tempest","Trip+1","Flash of Steel","Lockon+1","Static Discharge+1","Capacitor"],"relics":["Cracked Core","Ginger","Smiling Mask","InkBottle","Philosopher\u0027s Stone","Darkstone Periapt","Anchor","Toy Ornithopter","DataDisk","Pandora\u0027s Box","Incense Burner","Potion Belt","Shuriken","Regal Pillow","Dream Catcher","Unceasing Top"],"acts_visited":["Exordium","TheCity","TheBeyond","TheEnding"],"potions_floor_usage":[25,33,33,33,33,38,41,54,54,55,55],"damage_taken":[{"damage":0.0,"enemies":"2 Louse","floor":1.0,"turns":1.0},{"damage":23.0,"enemies":"3 Sentries","floor":6.0,"turns":8.0},{"damage":0.0,"enemies":"Small Slimes","floor":8.0,"turns":3.0},{"damage":9.0,"enemies":"Jaw Worm","floor":11.0,"turns":3.0},{"damage":5.0,"enemies":"3 Louse","floor":14.0,"turns":3.0},{"damage":21.0,"enemies":"Hexaghost","floor":16.0,"turns":5.0},{"damage":10.0,"enemies":"Shell Parasite","floor":18.0,"turns":3.0},{"damage":2.0,"enemies":"Chosen","floor":21.0,"turns":4.0},{"damage":5.0,"enemies":"3 Cultists","floor":22.0,"turns":5.0},{"damage":5.0,"enemies":"Slavers","floor":23.0,"turns":5.0},{"damage":4,"enemies":"Book of Stabbing","floor":25,"turns":2},{"damage":6,"enemies":"Gremlin Leader","floor":27,"turns":5},{"damage":0,"enemies":"Snake Plant","floor":30,"turns":5},{"damage":60,"enemies":"Champ","floor":33,"turns":8},{"damage":4,"enemies":"3 Darklings","floor":35,"turns":4},{"damage":3,"enemies":"3 Shapes","floor":36,"turns":6},{"damage":26,"enemies":"Mind Bloom Boss Battle","floor":38,"turns":4},{"damage":3,"enemies":"Giant Head","floor":41,"turns":7},{"damage":3,"enemies":"Transient","floor":45,"turns":5},{"damage":2,"enemies":"Jaw Worm Horde","floor":48,"turns":3},{"damage":10,"enemies":"Awakened One","floor":50,"turns":7},{"damage":12,"enemies":"Shield and Spear","floor":54,"turns":4},{"damage":35,"enemies":"The Heart","floor":55,"turns":6}],"seed_played":"-7553614513977663936","potions_obtained":[{"floor":5.0,"key":"FearPotion"},{"floor":5.0,"key":"DuplicationPotion"},{"floor":5.0,"key":"FairyPotion"},{"floor":6.0,"key":"Block Potion"},{"floor":11.0,"key":"Swift Potion"},{"floor":16.0,"key":"Ancient Potion"},{"floor":18.0,"key":"EntropicBrew"},{"floor":23.0,"key":"DistilledChaos"},{"floor":25,"key":"Block Potion"},{"floor":33,"key":"LiquidMemories"},{"floor":35,"key":"FearPotion"},{"floor":36,"key":"PotionOfCapacity"},{"floor":54,"key":"Energy Potion"}],"is_trial":false,"path_per_floor":["M","?","?","$","?","E","R","M","T","R","M","?","R","M","R","B",null,"M","?","?","M","M","E","R","E","T","E","R","$","M","?","R","B",null,"M","M","?","?","$","R","E","R","T","T","M","T","R","M","R","B",null,"R","$","E","B"],"character_chosen":"DEFECT","items_purchased":["Conserve Battery","DataDisk","Self Repair","Flash of Steel","Energy Potion","Block Potion"],"campfire_rested":4,"item_purchase_floors":[4,29,29,39,53,53],"current_hp_per_floor":[50,50,43,43,43,20,20,20,20,42,33,33,33,28,50,29,64,54,37,31,29,24,19,30,26,26,20,20,20,27,27,27,18,32,35,32,32,18,18,29,37,37,37,37,34,34,34,37,37,34,36,36,36,25,0,0],"gold":51,"neow_bonus":"ONE_RARE_RELIC","is_daily":false,"chose_seed":false,"campfire_upgraded":7,"win_rate":0.0,"timestamp":1610308939,"path_taken":["M","?","?","?","?","E","R","?","T","R","M","?","R","?","R","BOSS","M","?","?","M","?","E","R","E","T","E","R","$","M","?","R","BOSS","M","M","?","?","?","R","E","R","T","?","?","?","R","M","R","BOSS","R","$","E","BOSS"],"items_purchased_type":["Card","Relic","Card","Card","Potion","Potion"],"build_version":"2020-12-22","purchased_purges":3,"victory":false,"max_hp_per_floor":[75,75,75,75,75,75,75,75,75,75,75,75,75,75,75,75,75,75,37,37,37,37,37,37,37,37,37,37,37,37,37,37,37,37,37,37,37,37,37,37,37,37,37,37,37,37,37,37,37,37,37,37,37,37,37,37],"card_choices":[{"not_picked":["Sweeping Beam","Coolheaded"],"picked":"Beam Cell","floor":1.0},{"not_picked":["BootSequence","Steam"],"picked":"Static Discharge","floor":6.0},{"not_picked":["Rebound","Force Field"],"picked":"Static Discharge","floor":8.0},{"not_picked":["Coolheaded","Beam Cell","Doom and Gloom"],"picked":"SKIP","floor":11.0},{"not_picked":["Turbo","Blizzard"],"picked":"Machine Learning","floor":14.0},{"not_picked":["Machine Learning","Rainbow"],"picked":"Multi-Cast","floor":16.0},{"not_picked":["Coolheaded","Leap"],"picked":"Beam Cell+1","floor":18.0},{"not_picked":["Chaos","BootSequence+1"],"picked":"Consume","floor":21.0},{"not_picked":["Coolheaded+1","Streamline","Beam Cell"],"picked":"SKIP","floor":22.0},{"not_picked":["Sunder","Recycle"],"picked":"Melter","floor":23.0},{"not_picked":["Barrage","Consume","White Noise"],"picked":"SKIP","floor":25},{"not_picked":["Leap","White Noise","Genetic Algorithm+1"],"picked":"SKIP","floor":27},{"not_picked":["Sweeping Beam+1","Rip and Tear","Heatsinks"],"picked":"SKIP","floor":30},{"not_picked":["Biased Cognition","Reboot"],"picked":"Echo Form","floor":33},{"not_picked":["Ball Lightning+1","Steam","Leap"],"picked":"SKIP","floor":35},{"not_picked":["Steam","Skim","Double Energy+1"],"picked":"SKIP","floor":36},{"not_picked":["Mayhem","Thinking Ahead"],"picked":"Trip","floor":37},{"not_picked":["Beam Cell","Doom and Gloom+1"],"picked":"Lockon+1","floor":41},{"not_picked":["Reprogram+1","Leap+1","Rip and Tear+1"],"picked":"SKIP","floor":45},{"not_picked":["Streamline+1","Consume+1"],"picked":"Static Discharge","floor":48},{"not_picked":["Conserve Battery+1","Coolheaded+1"],"picked":"Capacitor","floor":54}],"player_experience":3945048,"relics_obtained":[{"floor":6.0,"key":"Smiling Mask"},{"floor":9.0,"key":"InkBottle"},{"floor":23.0,"key":"Darkstone Periapt"},{"floor":25,"key":"Anchor"},{"floor":27,"key":"Toy Ornithopter"},{"floor":38,"key":"Incense Burner"},{"floor":41,"key":"Potion Belt"},{"floor":43,"key":"Shuriken"},{"floor":44,"key":"Regal Pillow"},{"floor":46,"key":"Dream Catcher"},{"floor":54,"key":"Unceasing Top"}],"event_choices":[{"cards_removed":["Defend_B"],"damage_healed":0.0,"max_hp_gain":0.0,"max_hp_loss":0.0,"gold_gain":0.0,"event_name":"Living Wall","player_choice":"Forget","floor":2.0,"gold_loss":0.0,"damage_taken":0.0},{"cards_removed":["Strike_B"],"damage_healed":0.0,"max_hp_gain":0.0,"max_hp_loss":0.0,"gold_gain":0.0,"event_name":"Golden Wing","player_choice":"Card Removal","floor":3.0,"gold_loss":0.0,"damage_taken":7.0},{"damage_healed":0.0,"max_hp_gain":0.0,"max_hp_loss":0.0,"gold_gain":0.0,"event_name":"Lab","player_choice":"Got Potions","floor":5.0,"gold_loss":0.0,"damage_taken":0.0},{"damage_healed":0.0,"max_hp_gain":0.0,"max_hp_loss":0.0,"gold_gain":0.0,"event_name":"WeMeetAgain","player_choice":"Ignored","floor":12.0,"gold_loss":0.0,"damage_taken":0.0},{"damage_healed":0.0,"max_hp_gain":0.0,"max_hp_loss":38.0,"gold_gain":0.0,"event_name":"Ghosts","player_choice":"Became a Ghost","floor":19.0,"gold_loss":0.0,"damage_taken":0.0,"cards_obtained":["Ghostly","Ghostly","Ghostly","Ghostly","Ghostly"]},{"damage_healed":0.0,"max_hp_gain":0.0,"max_hp_loss":0.0,"gold_gain":0.0,"event_name":"Knowing Skull","player_choice":"","floor":20.0,"potions_obtained":[],"gold_loss":0.0,"damage_taken":6.0,"cards_obtained":[]},{"cards_removed":["Strike_B"],"damage_healed":0,"gold_gain":0,"player_choice":"Gave Gold","damage_taken":0,"max_hp_gain":0,"max_hp_loss":0,"event_name":"Beggar","floor":31,"gold_loss":75},{"damage_healed":0,"gold_gain":0,"player_choice":"Memory 1","damage_taken":0,"max_hp_gain":0,"max_hp_loss":0,"event_name":"SensoryStone","floor":37,"gold_loss":0},{"damage_healed":0,"gold_gain":0,"player_choice":"Fight","damage_taken":0,"max_hp_gain":0,"max_hp_loss":0,"event_name":"MindBloom","floor":38,"gold_loss":0}],"is_beta":false,"boss_relics":[{"not_picked":["Calling Bell","Cursed Key"],"picked":"Philosopher\u0027s Stone"},{"not_picked":["FrozenCore","Sozu"],"picked":"Pandora\u0027s Box"}],"items_purged_floors":[29,39,53],"is_endless":false,"potions_floor_spawned":[6,11,16,18,23,25,30,33,35,36,54],"killed_by":"The Heart","ascension_level":10}}