{"host":"50per11302020","time":1610264758,"event":{"mods":["AchievementEnabler","BaseMod","Colored Map","Minty Spire (QoL Compilation)","Relic Stats","StSLib"],"gold_per_floor":[114,127,146,96,106,106,135,135,135,145,76,76,108,134,134,239,239,259,259,277,277,289,289,39,49,49,49,49,67,67,67,67,165,165,185,238,32,48,60,60,60,76,99,99,99,99,119,137,137,137,137],"floor_reached":50,"playtime":4292,"items_purged":["Shame"],"score":565,"play_id":"98a8690c-0cf7-4bba-b2de-a012c16899b9","local_time":"20210109234558","is_ascension_mode":true,"campfire_choices":[{"data":"Biased Cognition","floor":6.0,"key":"SMITH"},{"floor":8.0,"key":"REST"},{"floor":12.0,"key":"DIG"},{"data":"Capacitor","floor":15.0,"key":"SMITH"},{"floor":23.0,"key":"REST"},{"floor":27.0,"key":"DIG"},{"floor":30.0,"key":"DIG"},{"floor":32.0,"key":"DIG"},{"floor":40.0,"key":"DIG"},{"floor":46.0,"key":"DIG"},{"floor":49.0,"key":"DIG"}],"circlet_count":0,"master_deck":["Defend_B","Defend_B","Defend_B","Zap","Dualcast","Biased Cognition+1","Leap","Aggregate","BootSequence","Chill","Conserve Battery","Capacitor+1","Creative AI","Seek","Tempest","Bite","Bite+1","Bite+1","Ball Lightning","Cold Snap","Chill","Capacitor","White Noise+1","Machine Learning","Panache+1","Master of Strategy+1","Machine Learning+1","Glacier+1","Buffer","Go for the Eyes+1","Hello World+1","Madness","Madness","Sweeping Beam"],"relics":["Shovel","Bottled Tornado","Pear","Nunchaku","Odd Mushroom","Fusion Hammer","Nloth\u0027s Gift","Regal Pillow","Pantograph","Smiling Mask","Sundial","Whetstone","Vajra","HornCleat","Astrolabe","Girya","Bag of Preparation","Frozen Egg 2","MealTicket","Bag of Marbles","Oddly Smooth Stone","Torii"],"acts_visited":["Exordium","TheCity","TheBeyond"],"potions_floor_usage":[50,50,50],"damage_taken":[{"damage":10.0,"enemies":"2 Louse","floor":1.0,"turns":3.0},{"damage":0.0,"enemies":"Jaw Worm","floor":2.0,"turns":5.0},{"damage":5.0,"enemies":"Cultist","floor":3.0,"turns":4.0},{"damage":10.0,"enemies":"Large Slime","floor":5.0,"turns":5.0},{"damage":27.0,"enemies":"3 Sentries","floor":7.0,"turns":7.0},{"damage":0.0,"enemies":"Blue Slaver","floor":10.0,"turns":3.0},{"damage":1.0,"enemies":"Lagavulin","floor":13.0,"turns":8.0},{"damage":11.0,"enemies":"The Mushroom Lair","floor":14.0,"turns":7.0},{"damage":45.0,"enemies":"Hexaghost","floor":16.0,"turns":12.0},{"damage":19.0,"enemies":"3 Byrds","floor":18.0,"turns":6.0},{"damage":36.0,"enemies":"Spheric Guardian","floor":20.0,"turns":7.0},{"damage":39.0,"enemies":"Shelled Parasite and Fungi","floor":22.0,"turns":8.0},{"damage":4.0,"enemies":"Sentry and Sphere","floor":25.0,"turns":6.0},{"damage":36.0,"enemies":"Cultist and Chosen","floor":29.0,"turns":9.0},{"damage":74.0,"enemies":"Collector","floor":33.0,"turns":13.0},{"damage":8.0,"enemies":"3 Darklings","floor":35.0,"turns":5.0},{"damage":39.0,"enemies":"2 Orb Walkers","floor":36.0,"turns":4.0},{"damage":7.0,"enemies":"Orb Walker","floor":38.0,"turns":6.0},{"damage":4.0,"enemies":"Jaw Worm Horde","floor":39.0,"turns":6.0},{"damage":0.0,"enemies":"Maw","floor":42.0,"turns":9.0},{"damage":0.0,"enemies":"Spire Growth","floor":47.0,"turns":5.0},{"damage":20.0,"enemies":"Writhing Mass","floor":48.0,"turns":6.0},{"damage":71,"enemies":"Awakened One","floor":50,"turns":8}],"seed_played":"-2047815096528414566","potions_obtained":[{"floor":1.0,"key":"FocusPotion"},{"floor":7.0,"key":"Strength Potion"},{"floor":13.0,"key":"Regen Potion"},{"floor":14.0,"key":"Fire Potion"},{"floor":18.0,"key":"DistilledChaos"},{"floor":22.0,"key":"BlessingOfTheForge"},{"floor":35.0,"key":"FearPotion"},{"floor":39.0,"key":"Fire Potion"},{"floor":42.0,"key":"ColorlessPotion"},{"floor":48.0,"key":"PotionOfCapacity"}],"is_trial":false,"path_per_floor":["M","M","M","?","M","R","E","R","T","M","$","R","E","?","R","B",null,"M","?","M","?","M","R","$","M","T","R","?","M","R","T","R","B",null,"M","?","$","M","M","R","T","M","T","?","?","R","M","M","R","B"],"character_chosen":"DEFECT","items_purchased":["Capacitor","Regal Pillow","Chill","Capacitor","Bag of Preparation"],"campfire_rested":2,"item_purchase_floors":[11,24,24,24,37],"current_hp_per_floor":[65,65,60,60,50,50,23,45,45,45,45,55,54,43,43,13,67,48,48,30,30,13,30,30,41,41,41,41,23,23,23,23,13,48,56,22,22,29,44,44,44,58,58,51,51,51,59,47,47,0,0],"gold":137,"neow_bonus":"ONE_RANDOM_RARE_CARD","is_daily":false,"chose_seed":false,"campfire_upgraded":2,"win_rate":0.0,"timestamp":1610264758,"path_taken":["M","M","M","?","M","R","E","R","T","M","$","R","E","?","R","BOSS","M","?","M","?","M","R","$","?","T","R","?","M","R","?","R","BOSS","M","?","$","M","M","R","?","M","T","?","?","R","M","?","R","BOSS"],"items_purchased_type":["Card","Relic","Card","Card","Relic"],"build_version":"2020-12-18","purchased_purges":1,"victory":false,"max_hp_per_floor":[75,75,75,75,75,75,75,75,75,75,75,85,85,85,85,85,85,85,59,59,59,59,59,59,59,59,59,59,59,59,59,59,59,59,59,59,59,59,59,59,59,59,59,59,59,59,59,59,59,59,59],"relic_stats":{"Regal Pillow":0,"Torii":3,"counters":[23,152],"Astrolabe":["Panache","Master of Strategy","Machine Learning"],"Bag of Preparation":[12],"Whetstone":["Bite","Bite"],"Smiling Mask":25,"Nunchaku":[14],"Shovel":7,"Sundial":[10],"Pantograph":37,"MealTicket":0,"Nloth\u0027s Gift":2,"obtain_stats":[{"Girya":36,"Regal Pillow":24,"Pear":12,"Torii":49,"Astrolabe":34,"Vajra":31,"Oddly Smooth Stone":46,"Bag of Preparation":37,"Whetstone":30,"Bottled Tornado":9,"Odd Mushroom":14,"Frozen Egg 2":40,"Smiling Mask":27,"Nunchaku":13,"Shovel":7,"HornCleat":32,"Sundial":28,"Pantograph":26,"MealTicket":41,"Fusion Hammer":17,"Nloth\u0027s Gift":21,"Bag of Marbles":43,"Cracked Core":0},{"Girya":17,"Regal Pillow":12,"Pear":6,"Torii":22,"Astrolabe":15,"Vajra":14,"Oddly Smooth Stone":20,"Bag of Preparation":17,"Whetstone":14,"Bottled Tornado":5,"Odd Mushroom":8,"Frozen Egg 2":19,"Smiling Mask":13,"Nunchaku":7,"Shovel":5,"HornCleat":14,"Sundial":13,"Pantograph":13,"MealTicket":19,"Fusion Hammer":9,"Nloth\u0027s Gift":11,"Bag of Marbles":20,"Cracked Core":0},{"Girya":112,"Regal Pillow":75,"Pear":27,"Torii":144,"Astrolabe":103,"Vajra":90,"Oddly Smooth Stone":133,"Bag of Preparation":112,"Whetstone":90,"Bottled Tornado":24,"Odd Mushroom":42,"Frozen Egg 2":124,"Smiling Mask":81,"Nunchaku":35,"Shovel":24,"HornCleat":90,"Sundial":81,"Pantograph":81,"MealTicket":124,"Fusion Hammer":54,"Nloth\u0027s Gift":67,"Bag of Marbles":133,"Cracked Core":0}]},"card_choices":[{"not_picked":["Beam Cell","Compile Driver"],"picked":"Leap","floor":1.0},{"not_picked":["Barrage","Redo"],"picked":"Aggregate","floor":2.0},{"not_picked":["Cold Snap","Recycle"],"picked":"BootSequence","floor":5.0},{"not_picked":["Cold Snap","Thunder Strike"],"picked":"Chill","floor":7.0},{"not_picked":["Leap","BootSequence"],"picked":"Conserve Battery","floor":10.0},{"not_picked":["Static Discharge","Ball Lightning"],"picked":"Creative AI","floor":13.0},{"not_picked":["Thunder Strike","Biased Cognition"],"picked":"Seek","floor":16.0},{"not_picked":["Gash","Go for the Eyes"],"picked":"Tempest","floor":18.0},{"not_picked":["Turbo","Double Energy+1"],"picked":"Ball Lightning","floor":20.0},{"not_picked":["Sweeping Beam+1","Compile Driver"],"picked":"Cold Snap","floor":22.0},{"not_picked":["Beam Cell","Redo+1"],"picked":"White Noise+1","floor":25.0},{"not_picked":["Steam","Gash","Leap"],"picked":"SKIP","floor":29.0},{"not_picked":["Buffer","Hyperbeam"],"picked":"Machine Learning","floor":33.0},{"not_picked":["Sunder","Rebound"],"picked":"Glacier+1","floor":35.0},{"not_picked":["Hologram+1","Leap"],"picked":"Buffer","floor":36.0},{"not_picked":["Multi-Cast","Darkness","Double Energy+1"],"picked":"SKIP","floor":38.0},{"not_picked":["Skim","Stack"],"picked":"Go for the Eyes+1","floor":39.0},{"not_picked":["Chaos","Redo+1"],"picked":"Hello World+1","floor":42.0},{"not_picked":["Rebound","Leap","Capacitor+1"],"picked":"SKIP","floor":47.0},{"not_picked":["Self Repair+1","Aggregate+1"],"picked":"Sweeping Beam","floor":48.0}],"player_experience":149646,"relics_obtained":[{"floor":7.0,"key":"Shovel"},{"floor":9.0,"key":"Bottled Tornado"},{"floor":12.0,"key":"Pear"},{"floor":13.0,"key":"Nunchaku"},{"floor":14.0,"key":"Odd Mushroom"},{"floor":26.0,"key":"Pantograph"},{"floor":27.0,"key":"Smiling Mask"},{"floor":30.0,"key":"Whetstone"},{"floor":31.0,"key":"Vajra"},{"floor":32.0,"key":"HornCleat"},{"floor":36.0,"key":"Girya"},{"floor":40.0,"key":"Frozen Egg 2"},{"floor":41.0,"key":"MealTicket"},{"floor":43.0,"key":"Bag of Marbles"},{"floor":46.0,"key":"Oddly Smooth Stone"},{"floor":49.0,"key":"Torii"}],"event_choices":[{"cards_removed":["Strike_B"],"damage_healed":0.0,"max_hp_gain":0.0,"max_hp_loss":0.0,"gold_gain":0.0,"event_name":"The Cleric","player_choice":"Card Removal","floor":4.0,"gold_loss":50.0,"damage_taken":0.0},{"damage_healed":0.0,"max_hp_gain":0.0,"max_hp_loss":0.0,"gold_gain":0.0,"event_name":"Mushrooms","player_choice":"Fought Mushrooms","floor":14.0,"gold_loss":0.0,"damage_taken":0.0},{"damage_healed":0.0,"max_hp_gain":0.0,"max_hp_loss":26.0,"gold_gain":0.0,"event_name":"Vampires","player_choice":"Became a vampire","floor":19.0,"gold_loss":0.0,"damage_taken":0.0,"cards_obtained":["Bite","Bite","Bite","Bite","Bite"]},{"damage_healed":0.0,"max_hp_gain":0.0,"max_hp_loss":0.0,"gold_gain":0.0,"event_name":"N\u0027loth","player_choice":"Traded Relic","floor":21.0,"relics_lost":["Cracked Core"],"gold_loss":0.0,"damage_taken":0.0,"relics_obtained":["Nloth\u0027s Gift"]},{"damage_healed":0.0,"max_hp_gain":0.0,"max_hp_loss":0.0,"gold_gain":0.0,"event_name":"Addict","player_choice":"Stole Relic","floor":28.0,"gold_loss":0.0,"damage_taken":0.0,"relics_obtained":["Sundial"],"cards_obtained":["Shame"]},{"damage_healed":0.0,"max_hp_gain":0.0,"max_hp_loss":0.0,"gold_gain":0.0,"event_name":"Mysterious Sphere","player_choice":"Fight","floor":36.0,"gold_loss":0.0,"damage_taken":0.0},{"damage_healed":0.0,"max_hp_gain":0.0,"max_hp_loss":0.0,"gold_gain":0.0,"event_name":"Winding Halls","player_choice":"Embrace Madness","floor":44.0,"gold_loss":0.0,"damage_taken":7.0,"cards_obtained":["Madness","Madness"]},{"damage_healed":0.0,"max_hp_gain":0.0,"max_hp_loss":0.0,"gold_gain":0.0,"event_name":"SecretPortal","player_choice":"Ignored","floor":45.0,"gold_loss":0.0,"damage_taken":0.0}],"is_beta":true,"boss_relics":[{"not_picked":["Inserter","Snecko Eye"],"picked":"Fusion Hammer"},{"not_picked":["Runic Dome","SacredBark"],"picked":"Astrolabe"}],"items_purged_floors":[37],"is_endless":false,"potions_floor_spawned":[1,7,13,14,18,22,35,39,42,47,48],"killed_by":"Awakened One","ascension_level":5}}