{"host":"8ew8rkkqvnu5a0j4","time":1610265162,"event":{"mods":["AchievementEnabler","Arknights The Spire","BaseMod","Colored Powertips","Decade(王小明)","Downfall","Friendly Minions","GungeonMod","Hermit","HololiveMod","Hubris","KinomotoSakuraMod(木之本樱)","Koishi","LagranYue(拉格朗・月)","Luminous","Marisa（F雨　魔理沙）","Minty Spire (QoL Compilation)","Nova Terra(诺娃・泰拉)","Quick Restart","READ ME - Guardian Mod","Rare Cards Sparkle","Reimu（博丽灵梦）","Remilia（蕾米莉亚）","Replay The Spire","Shop Mod","StSLib","Td1madao Mod","The Alterego","The Animator","The Bug Knight","The Cursed","The Hierophant","The Marked","The Mystic","The Poker Player","The Servant 0.9.4","WarShipGirlsR/战舰少女R mod","Youmu（魂魄妖梦）","Yuri Mod","【遗物卡牌】REMEMod"],"gold_per_floor":[99,109,109,109,124,124,124,139,150,150,60,60,76,110,121,219,219,144,156,167,167,376,376,429,440,45,64,80,92,54,67,81,81,81],"floor_reached":33,"playtime":2601,"items_purged":["Strike_C","Data Freezing"],"score":373,"play_id":"1c4c55b0-a3da-4859-b1bb-89c46eb2daa0","local_time":"20210110155242","is_ascension_mode":true,"campfire_choices":[{"data":"ReplayTheSpireMod:Fabricate Wheel","floor":1,"key":"SMITH"},{"data":"Pod Fire","floor":12,"key":"SMITH"},{"floor":18,"key":"DIG"},{"floor":23,"key":"REST"}],"circlet_count":0,"master_deck":["Strike_C","Strike_C","Defend_C","Defend_C","Defend_C","Defend_C","Knight Kick","Chip","Reboot","Revenge","Fixing+1","Rupture","Judgment","Transfer Energy","Data Freezing","Defend System","Fixing","Pod Fire+1","Machining","Bursts","Defend System","Here Defend Chip","Here Defend Chip","Here Defend Chip+1","Judgment+1","Moon Tear","Here Defend Chip","Here Defend Chip","Overclocking"],"relics":["Apod","REME_ComplimentaryCards","LagranYue:RandomDrawCardRelic","Bag of Marbles","Prayer Wheel","LagranYue:MagicReflectiveArmorRelic","hubris:Towel","FossilizedHelix","hubris:ScarierMask","downfall:HeartBlessingBlue","DemoMod:Bottle","Juzu Bracelet","Membership Card","Ornamental Fan","DemoMod:GlassGuonStoneRelic"],"acts_visited":["Exordium","TheCity"],"potions_floor_usage":[30,32,33],"damage_taken":[{"damage":6,"enemies":"2 Louse","floor":2,"turns":4},{"damage":0,"enemies":"Jaw Worm","floor":5,"turns":1},{"damage":5,"enemies":"Cultist","floor":8,"turns":4},{"damage":0,"enemies":"Exordium Wildlife","floor":9,"turns":3},{"damage":2,"enemies":"downfall:FleeingMerchant","floor":11,"turns":4},{"damage":16,"enemies":"3 Louse","floor":13,"turns":3},{"damage":23,"enemies":"Gremlin Nob","floor":14,"turns":3},{"damage":0,"enemies":"Large Slime","floor":15,"turns":2},{"damage":0,"enemies":"downfall:Watcher","floor":16,"turns":15},{"damage":6,"enemies":"3 Byrds","floor":19,"turns":6},{"damage":39,"enemies":"Snake Plant","floor":20,"turns":7},{"damage":0,"enemies":"Sentry and Sphere","floor":25,"turns":2},{"damage":21,"enemies":"downfall:FleeingMerchant","floor":26,"turns":4},{"damage":0,"enemies":"3 Cultists","floor":27,"turns":6},{"damage":0,"enemies":"Cultist and Chosen","floor":28,"turns":10},{"damage":0,"enemies":"Snecko","floor":29,"turns":5},{"damage":0,"enemies":"downfall:FleeingMerchant","floor":30,"turns":4},{"damage":0,"enemies":"Sentry and Sphere","floor":31,"turns":3},{"damage":0,"enemies":"Chosen and Byrds","floor":32,"turns":5},{"damage":34,"enemies":"downfall:Defect","floor":33,"turns":22}],"seed_played":"-5021238808652904816","potions_obtained":[{"floor":13,"key":"FearPotion"},{"floor":15,"key":"ZuzhouPotion:ReiMu"},{"floor":16,"key":"Energy Potion"},{"floor":20,"key":"Adrenaline Potion"},{"floor":31,"key":"Venom Potion"}],"is_trial":false,"path_per_floor":["R","M","?","?","M","T","T","M","M","?","$","R","M","E","M","B",null,"R","M","M","?","?","R","T","M","$","M","M","M","$","M","M","B"],"character_chosen":"TD1MADAO_CLASS","items_purchased":["Membership Card","Ornamental Fan","Here Defend Chip"],"campfire_rested":1,"item_purchase_floors":[26,26,30],"current_hp_per_floor":[70,64,64,64,64,64,64,59,59,59,57,57,41,18,18,18,70,80,74,35,35,3,27,27,27,6,6,6,6,6,6,6,0,0],"gold":81,"neow_bonus":"RANDOM_COMMON_RELIC","is_daily":false,"chose_seed":false,"campfire_upgraded":2,"win_rate":0.0,"timestamp":1610265162,"path_taken":["R","M","?","?","M","?","T","?","M","?","?","R","M","E","M","BOSS","R","M","M","?","?","R","T","M","$","M","M","M","$","M","M","BOSS"],"items_purchased_type":["Relic","Relic","Card"],"build_version":"2020-12-22","purchased_purges":2,"victory":false,"max_hp_per_floor":[70,70,70,70,70,70,70,70,70,70,70,70,70,70,70,70,70,80,80,80,80,80,80,80,80,80,80,80,80,80,80,80,80,80],"card_choices":[{"not_picked":["Here Defend Chip","Three Hit"],"picked":"Revenge","floor":2},{"not_picked":["Fire Blade","Floating Even","Rupture"],"picked":"SKIP","floor":2},{"not_picked":["Ruin Defend","Fire Up","Twin Teeth"],"picked":"SKIP","floor":5},{"not_picked":["Black Hand","Twin Teeth","Cursed Blade"],"picked":"SKIP","floor":5},{"not_picked":["Sudden Beat","Recovery Mechanism"],"picked":"Defend System","floor":8},{"not_picked":["Light Attack","Floating Swing Kick"],"picked":"Fixing","floor":8},{"not_picked":["Cooling Song","Preloading"],"picked":"Pod Fire","floor":9},{"not_picked":["Data Freezing","Black Hand","Preparedness"],"picked":"SKIP","floor":9},{"not_picked":["Paralysis","Fire Up","Three Hit"],"picked":"SKIP","floor":11},{"not_picked":["Fire Blade","Preparedness"],"picked":"Machining","floor":13},{"not_picked":["Pod Fire","Winding Magic","Ruin Defend"],"picked":"SKIP","floor":13},{"not_picked":["Machining","Provocative","Cursed Blade"],"picked":"SKIP","floor":14},{"not_picked":["Oblique Hack","White Contract","Floating Swing Kick"],"picked":"SKIP","floor":15},{"not_picked":["Black Shadow","Resistance","Three Hit"],"picked":"SKIP","floor":15},{"not_picked":["Memory Alloy","Backup"],"picked":"Bursts","floor":16},{"not_picked":["Oblique Hack","De Ware Chip+1"],"picked":"Defend System","floor":19},{"not_picked":["Floating Swing Kick","Machining"],"picked":"Here Defend Chip","floor":19},{"not_picked":["Coercion+1","Lunge"],"picked":"Here Defend Chip","floor":20},{"not_picked":["Three Hit","Cursed Blade","Floating Swing Kick+1"],"picked":"SKIP","floor":20},{"not_picked":["Fire Up","Black Contract","Provocative"],"picked":"SKIP","floor":25},{"not_picked":["Fire Blade","Twin Teeth","Preloading"],"picked":"SKIP","floor":25},{"not_picked":["Fixing","Format All Data"],"picked":"Here Defend Chip+1","floor":26},{"not_picked":["Light Attack","Transfer Energy","Black Hand"],"picked":"SKIP","floor":27},{"not_picked":["Three Hit","Shockwave Tdmadao","Light Attack"],"picked":"SKIP","floor":27},{"not_picked":["Provocative","Afterwards"],"picked":"Judgment+1","floor":28},{"not_picked":["Black Execution","Fire Up","Machining"],"picked":"SKIP","floor":28},{"not_picked":["Preparedness","Rupture"],"picked":"Moon Tear","floor":29},{"not_picked":["Trader","Afterwards","Black Hand"],"picked":"SKIP","floor":29},{"not_picked":["Rupture+1","Floating Swing Kick"],"picked":"Here Defend Chip","floor":30},{"not_picked":["Bugfix","Trader+1","Reflection Mechanism"],"picked":"SKIP","floor":31},{"not_picked":["Cursed Blade+1","Lunge+1","Fixing+1"],"picked":"SKIP","floor":31},{"not_picked":["Break Into","Provocative"],"picked":"Overclocking","floor":32},{"not_picked":["Light Attack","Machining+1","Thunder Jump"],"picked":"SKIP","floor":32}],"player_experience":676730,"relics_obtained":[{"floor":7,"key":"LagranYue:MagicReflectiveArmorRelic"},{"floor":14,"key":"FossilizedHelix"},{"floor":18,"key":"DemoMod:Bottle"},{"floor":24,"key":"Juzu Bracelet"}],"event_choices":[],"is_beta":false,"boss_relics":[{"not_picked":["hubris:TerracottaHorce","Philosopher\u0027s Stone"],"picked":"hubris:ScarierMask"}],"items_purged_floors":[11,26],"is_endless":false,"potions_floor_spawned":[13,15,16,20,25,28,31],"killed_by":"downfall:Defect","ascension_level":3}}