{"host":"vlqejv0notyktumz","time":1610260174,"event":{"mods":["AchievementEnabler","BaseMod","Googly Eyes","Minty Spire (QoL Compilation)"],"gold_per_floor":[109,122,139,12,12,12,31,31,31,7,17,17,29,54,54,54,54],"floor_reached":16,"playtime":552,"items_purged":["Strike_G"],"score":148,"play_id":"1a617b44-b1f5-4275-ad46-272e7354999b","local_time":"20210110002934","is_ascension_mode":true,"campfire_choices":[{"data":"Well Laid Plans","floor":6,"key":"SMITH"},{"floor":12,"key":"REST"},{"floor":15,"key":"REST"}],"circlet_count":0,"master_deck":["Strike_G","Strike_G","Strike_G","Strike_G","Defend_G","Defend_G","Defend_G","Defend_G","Survivor","Neutralize","Tactician","Dagger Throw","Well Laid Plans+1","Prepared","Sucker Punch","Decay","Backflip","Terror","Underhanded Strike"],"relics":["Ring of the Snake","Mummified Hand","Gremlin Horn"],"acts_visited":["Exordium"],"potions_floor_usage":[7,7,11,14],"damage_taken":[{"damage":0,"enemies":"Cultist","floor":1,"turns":5},{"damage":9,"enemies":"Small Slimes","floor":2,"turns":4},{"damage":4,"enemies":"2 Louse","floor":3,"turns":3},{"damage":25,"enemies":"Exordium Wildlife","floor":7,"turns":8},{"damage":8,"enemies":"Gremlin Gang","floor":11,"turns":7},{"damage":6,"enemies":"2 Fungi Beasts","floor":13,"turns":5},{"damage":27,"enemies":"Gremlin Nob","floor":14,"turns":4},{"damage":0,"enemies":"Slime Boss","floor":16,"turns":5}],"seed_played":"-6893462395292568645","potions_obtained":[{"floor":1,"key":"BlessingOfTheForge"},{"floor":2,"key":"FearPotion"},{"floor":5,"key":"LiquidMemories"},{"floor":11,"key":"FearPotion"},{"floor":13,"key":"GamblersBrew"}],"is_trial":false,"path_per_floor":["M","M","M","$","?","R","M","?","T","$","M","R","M","E","R","B"],"character_chosen":"THE_SILENT","items_purchased":["Prepared","Backflip"],"campfire_rested":2,"item_purchase_floors":[4,10],"current_hp_per_floor":[63,54,50,50,50,50,25,25,25,25,17,38,32,5,26,26,26],"gold":54,"neow_bonus":"REMOVE_CARD","is_daily":false,"chose_seed":false,"campfire_upgraded":1,"win_rate":0.0,"timestamp":1610260174,"path_taken":["M","M","?","$","?","R","?","?","T","$","M","R","?","E","R","BOSS"],"items_purchased_type":["Card","Card"],"build_version":"2020-12-22","purchased_purges":1,"victory":false,"max_hp_per_floor":[70,70,70,70,70,70,70,70,70,70,70,70,70,70,70,70,70],"card_choices":[{"not_picked":["Reflex","Bane"],"picked":"Tactician","floor":1},{"not_picked":["Deflect","Dodge and Roll"],"picked":"Dagger Throw","floor":2},{"not_picked":["Doppelganger","Heel Hook"],"picked":"Well Laid Plans","floor":3},{"not_picked":["Bouncing Flask","Outmaneuver"],"picked":"Sucker Punch","floor":7},{"not_picked":["Flechettes","Finisher"],"picked":"Terror","floor":11},{"not_picked":["Flying Knee","Poisoned Stab"],"picked":"Underhanded Strike","floor":13},{"not_picked":["Malaise","Tactician","Dagger Spray"],"picked":"SKIP","floor":14}],"player_experience":321596,"relics_obtained":[{"floor":9,"key":"Mummified Hand"},{"floor":14,"key":"Gremlin Horn"}],"event_choices":[{"damage_healed":0,"gold_gain":0,"player_choice":"Got Potions","damage_taken":0,"max_hp_gain":0,"max_hp_loss":0,"event_name":"Lab","floor":5,"gold_loss":0},{"damage_healed":0,"gold_gain":0,"player_choice":"Cursed","damage_taken":0,"max_hp_gain":0,"max_hp_loss":0,"event_name":"Wheel of Change","floor":8,"gold_loss":0,"cards_obtained":["Decay"]}],"is_beta":false,"boss_relics":[],"items_purged_floors":[4],"is_endless":false,"potions_floor_spawned":[1,2,11,13],"killed_by":"Slime Boss","ascension_level":9}}