{"host":"9l4mw5jqza9qz9hr","time":1610276248,"event":{"mods":["AchievementEnabler","Always Whale","BaseMod","Colored Map","Minty Spire (QoL Compilation)","StSLib","SuperFastMode"],"gold_per_floor":[117,292,69,69,89,123,123,192,192,210,235,41,41,80,80,208,208,226,226,226,241,141,141,21,52,52,11,32,67,67,92,92,213,213,226,7,23,46,64,105,105,128,128,146,13,13,13,26,26,26],"floor_reached":51,"playtime":1668,"items_purged":["Doubt","Strike_B","Defend_B","Defend_B","Defend_B","Defend_B"],"score":1147,"play_id":"dd2026aa-0afd-476c-bc5f-df1c22134b30","local_time":"20210110195728","is_ascension_mode":true,"campfire_choices":[{"data":"Defragment","floor":7.0,"key":"SMITH"},{"data":"Blizzard","floor":15.0,"key":"SMITH"},{"data":"Coolheaded","floor":23.0,"key":"SMITH"},{"data":"Blizzard","floor":32.0,"key":"SMITH"},{"data":"Echo Form","floor":41.0,"key":"SMITH"},{"data":"Apotheosis","floor":46,"key":"SMITH"},{"data":"Steam Power","floor":49,"key":"SMITH"}],"circlet_count":0,"master_deck":["AscendersBane","Zap+1","Dualcast+1","Self Repair","Genetic Algorithm","Blizzard+1","Coolheaded+1","Biased Cognition","Defragment+1","Glacier","Coolheaded","Glacier","Hologram","Turbo","Steam","Coolheaded","Blizzard+1","Echo Form+1","Creative AI","Hologram+1","Decay","Steam Power+1","Apotheosis+1","Parasite","Steam Power+1"],"relics":["Cracked Core","NeowsBlessing","Orrery","Golden Idol","Tiny Chest","The Courier","Lizard Tail","Runic Capacitor","Nunchaku","Singing Bowl","Empty Cage","Gremlin Horn","Symbiotic Virus","Potion Belt","Membership Card","White Beast Statue","Cursed Key","War Paint","Medical Kit","Bronze Scales","Frozen Egg 2","ClockworkSouvenir"],"acts_visited":["Exordium","TheCity","TheBeyond"],"potions_floor_usage":[50,50,50,50],"damage_taken":[{"damage":0.0,"enemies":"Jaw Worm","floor":1.0,"turns":1.0},{"damage":0.0,"enemies":"Small Slimes","floor":5.0,"turns":1.0},{"damage":0.0,"enemies":"Gremlin Nob","floor":6.0,"turns":1.0},{"damage":9.0,"enemies":"3 Sentries","floor":8.0,"turns":9.0},{"damage":0.0,"enemies":"2 Louse","floor":10.0,"turns":4.0},{"damage":19.0,"enemies":"Exordium Thugs","floor":11.0,"turns":8.0},{"damage":10.0,"enemies":"3 Sentries","floor":14.0,"turns":12.0},{"damage":14.0,"enemies":"The Guardian","floor":16.0,"turns":14.0},{"damage":14.0,"enemies":"3 Byrds","floor":18.0,"turns":8.0},{"damage":4.0,"enemies":"Shell Parasite","floor":21.0,"turns":11.0},{"damage":6.0,"enemies":"Book of Stabbing","floor":25.0,"turns":9.0},{"damage":16.0,"enemies":"Snake Plant","floor":28.0,"turns":5.0},{"damage":23.0,"enemies":"Slavers","floor":29.0,"turns":5.0},{"damage":0.0,"enemies":"Chosen and Byrds","floor":31.0,"turns":8.0},{"damage":35.0,"enemies":"Champ","floor":33.0,"turns":11.0},{"damage":14.0,"enemies":"3 Darklings","floor":35.0,"turns":5.0},{"damage":4.0,"enemies":"3 Shapes","floor":37.0,"turns":5.0},{"damage":2.0,"enemies":"Spire Growth","floor":39.0,"turns":6.0},{"damage":9.0,"enemies":"Giant Head","floor":40.0,"turns":9.0},{"damage":2.0,"enemies":"3 Darklings","floor":42.0,"turns":6.0},{"damage":0,"enemies":"Jaw Worm Horde","floor":44,"turns":4},{"damage":11,"enemies":"Writhing Mass","floor":48,"turns":7},{"damage":17,"enemies":"Time Eater","floor":50,"turns":13}],"seed_played":"-5288662068796569689","potions_obtained":[{"floor":1.0,"key":"FearPotion"},{"floor":8.0,"key":"FocusPotion"},{"floor":10.0,"key":"BlessingOfTheForge"},{"floor":14.0,"key":"Swift Potion"},{"floor":21.0,"key":"Ancient Potion"},{"floor":28.0,"key":"Explosive Potion"},{"floor":29.0,"key":"SteroidPotion"},{"floor":31.0,"key":"ColorlessPotion"},{"floor":42.0,"key":"FairyPotion"},{"floor":48,"key":"PowerPotion"}],"is_trial":false,"path_per_floor":["M","?","$","?","M","E","R","?","T","M","M","$","?","E","R","B",null,"M","?","T","M","$","R","$","E","T","$","M","E","$","M","R","B",null,"M","$","M","T","M","E","R","M","T","M","$","R","?","M","R","B",null],"character_chosen":"DEFECT","items_purchased":["Orrery","Runic Capacitor","Membership Card","Blizzard","War Paint","Medical Kit","Apotheosis","ClockworkSouvenir"],"campfire_rested":0,"item_purchase_floors":[3,12,27,27,36,36,45,45],"current_hp_per_floor":[68,68,68,68,68,68,68,66,66,69,57,57,50,49,49,44,66,61,61,61,66,66,66,66,67,67,67,60,46,46,53,53,25,67,62,62,65,65,79,79,79,84,84,86,86,86,88,87,87,70],"gold":26,"neow_bonus":"THREE_ENEMY_KILL","is_daily":false,"chose_seed":false,"campfire_upgraded":7,"win_rate":0.0,"timestamp":1610276248,"path_taken":["M","?","$","?","M","E","R","?","T","M","M","$","?","E","R","BOSS","M","?","?","?","$","R","$","E","T","?","?","E","$","M","R","BOSS","M","$","M","?","M","E","R","M","T","M","?","R","?","M","R","BOSS"],"items_purchased_type":["Relic","Relic","Relic","Card","Relic","Relic","Card","Relic"],"build_version":"2020-12-22","purchased_purges":6,"victory":true,"max_hp_per_floor":[75,75,75,69,69,69,69,69,69,69,69,69,69,71,71,73,73,75,75,75,77,77,77,77,77,77,77,79,81,81,81,81,81,81,83,83,83,83,85,87,87,87,87,89,89,89,91,91,91,91],"card_choices":[{"not_picked":["Chill","Conserve Battery"],"picked":"Self Repair","floor":1.0},{"not_picked":["Blizzard","Darkness"],"picked":"Genetic Algorithm","floor":3.0},{"not_picked":["Barrage","Cold Snap"],"picked":"Blizzard","floor":3.0},{"not_picked":["Force Field","Rebound"],"picked":"Coolheaded","floor":3.0},{"not_picked":["Sweeping Beam","Rebound"],"picked":"Biased Cognition","floor":3.0},{"not_picked":["Leap","Machine Learning"],"picked":"Defragment","floor":3.0},{"not_picked":["Genetic Algorithm","Rebound"],"picked":"Glacier","floor":5.0},{"not_picked":["Glacier","Blizzard"],"picked":"Coolheaded","floor":6.0},{"not_picked":["Undo","Steam Power"],"picked":"Glacier","floor":8.0},{"not_picked":["Glacier","Compile Driver"],"picked":"Hologram","floor":10.0},{"not_picked":["Melter","Conserve Battery"],"picked":"Turbo","floor":11.0},{"not_picked":["Sweeping Beam","Genetic Algorithm","Reprogram"],"picked":"Singing Bowl","floor":14.0},{"not_picked":["Thunder Strike","Biased Cognition","All For One"],"picked":"Singing Bowl","floor":16.0},{"not_picked":["Gash+1","Scrape","Steam+1"],"picked":"Singing Bowl","floor":18.0},{"not_picked":["Sunder","Hello World","Turbo"],"picked":"Singing Bowl","floor":21.0},{"not_picked":["Double Energy+1","Thunder Strike"],"picked":"Coolheaded","floor":25.0},{"not_picked":["Leap","Steam+1","Fusion+1"],"picked":"Singing Bowl","floor":28.0},{"not_picked":["Leap","Ball Lightning","Genetic Algorithm"],"picked":"Singing Bowl","floor":29.0},{"not_picked":["Compile Driver","Steam"],"picked":"Echo Form","floor":31.0},{"not_picked":["Meteor Strike","Biased Cognition"],"picked":"Creative AI","floor":33.0},{"not_picked":["Steam+1","Storm+1","Barrage"],"picked":"Singing Bowl","floor":35.0},{"not_picked":["Redo","Rebound+1"],"picked":"Hologram+1","floor":37.0},{"not_picked":["Go for the Eyes+1","Leap+1","Rip and Tear+1"],"picked":"Singing Bowl","floor":39.0},{"not_picked":["Hello World+1","Beam Cell","Rebound+1"],"picked":"Singing Bowl","floor":40.0},{"not_picked":["Consume+1","Go for the Eyes+1"],"picked":"Steam Power+1","floor":42.0},{"not_picked":["Gash","Biased Cognition+1","Leap+1"],"picked":"Singing Bowl","floor":44},{"not_picked":["Trip","Transmutation","Impatience"],"picked":"Singing Bowl","floor":47},{"not_picked":["Redo+1","Melter"],"picked":"Steam Power","floor":48}],"player_experience":208410,"relics_obtained":[{"floor":6.0,"key":"Tiny Chest"},{"floor":8.0,"key":"The Courier"},{"floor":9.0,"key":"Lizard Tail"},{"floor":14.0,"key":"Singing Bowl"},{"floor":20.0,"key":"Gremlin Horn"},{"floor":25.0,"key":"Symbiotic Virus"},{"floor":26.0,"key":"Potion Belt"},{"floor":29.0,"key":"White Beast Statue"},{"floor":38.0,"key":"Bronze Scales"},{"floor":40.0,"key":"Frozen Egg 2"}],"event_choices":[{"damage_healed":0.0,"max_hp_gain":0.0,"max_hp_loss":0.0,"gold_gain":175.0,"event_name":"Liars Game","player_choice":"AGREE","floor":2.0,"gold_loss":0.0,"damage_taken":0.0,"cards_obtained":["Doubt"]},{"damage_healed":0.0,"max_hp_gain":0.0,"max_hp_loss":6.0,"gold_gain":0.0,"event_name":"Golden Idol","player_choice":"Lose Max HP","floor":4.0,"gold_loss":0.0,"damage_taken":0.0,"relics_obtained":["Golden Idol"]},{"damage_healed":0.0,"max_hp_gain":0.0,"max_hp_loss":0.0,"gold_gain":0.0,"event_name":"Dead Adventurer","player_choice":"Searched \u00272\u0027 times","floor":8.0,"gold_loss":0.0,"damage_taken":0.0},{"damage_healed":0.0,"max_hp_gain":0.0,"max_hp_loss":0.0,"gold_gain":0.0,"event_name":"Scrap Ooze","player_choice":"Success","floor":13.0,"gold_loss":0.0,"damage_taken":7.0,"relics_obtained":["Nunchaku"]},{"damage_healed":0.0,"max_hp_gain":0.0,"max_hp_loss":0.0,"gold_gain":0.0,"cards_transformed":["Strike_B"],"event_name":"Transmorgrifier","player_choice":"Transformed","floor":19.0,"gold_loss":0.0,"damage_taken":0.0,"cards_obtained":["Steam"]},{"damage_healed":0,"gold_gain":0,"player_choice":"Memory 1","damage_taken":0,"max_hp_gain":0,"max_hp_loss":0,"event_name":"SensoryStone","floor":47,"gold_loss":0}],"is_beta":false,"boss_relics":[{"not_picked":["Astrolabe","Pandora\u0027s Box"],"picked":"Empty Cage"},{"not_picked":["FrozenCore","Black Star"],"picked":"Cursed Key"}],"items_purged_floors":[3,12,22,24,27,36],"is_endless":false,"potions_floor_spawned":[1,8,10,14,18,21,28,29,31,33,35,37,39,40,42,44,48],"ascension_level":10}}