{"host":"9mnb7pbo3pfmmmyl","time":1610263337,"event":{"mods":["ATMod(阿瑾Mod)","Ascension Reborn","BaseMod","Conspire","Highlight Path","Minty Spire (QoL Compilation)","MostiFishMod","Quick Restart","Shop Mod","Spicy Shops","StSLib","TestMod","【功能Mod】聪明的最终Boss","【遗物卡牌】REMEMod","篝火指南"],"gold_per_floor":[110,127,144,160,74,74,99,99,123,151,151,180,105,105,5,76,76,95,95,95,138,177,177,177],"floor_reached":23,"playtime":592,"items_purged":["conspire:GhostlyStrike","Regret"],"score":539,"play_id":"24faca59-e24d-47d0-996c-5b1bdd6279db","local_time":"20210110152217","is_ascension_mode":true,"campfire_choices":[{"data":"AT_DrawKnifeCut","floor":6,"key":"SMITH"},{"data":"AT_Desolate","floor":8,"key":"SMITH"}],"circlet_count":0,"master_deck":["AscendersBane","conspire:GhostlyStrike","conspire:GhostlyStrike","conspire:GhostlyStrike","conspire:GhostlyDefend","conspire:GhostlyDefend","conspire:GhostlyDefend","conspire:GhostlyDefend","Survivor","Neutralize","REME_ShadowForm","AT_DrawKnifeCut+1","MostiFishMod:FrostNova","AT_Desolate+1","conspire:DoublingDagger"],"relics":["Ring of the Snake","testmod-TestBox","DaveBox","REME_ComplimentaryCards","AT_ATBox","RhineSuit","testmod-Brilliant","SynthV:TestCard","conspire:TopHat","Centennial Puzzle","Ancient Tea Set","Bag of Preparation","conspire:SlowCooker","MutagenicStrength","AT_MibuBalloonWealth"],"acts_visited":["Exordium","TheCity"],"potions_floor_usage":[18],"damage_taken":[{"damage":0,"enemies":"Cultist","floor":1,"turns":1},{"damage":0,"enemies":"Small Slimes","floor":2,"turns":1},{"damage":0,"enemies":"Jaw Worm","floor":3,"turns":1},{"damage":0,"enemies":"Blue Slaver","floor":4,"turns":1},{"damage":0,"enemies":"3 Sentries","floor":7,"turns":1},{"damage":8,"enemies":"Gremlin Nob","floor":10,"turns":3},{"damage":0,"enemies":"3 Sentries","floor":12,"turns":2},{"damage":15,"enemies":"Hexaghost","floor":16,"turns":4},{"damage":19,"enemies":"2 Thieves","floor":18,"turns":2},{"damage":39,"enemies":"conspire:MimicChest","floor":21,"turns":5},{"damage":0,"enemies":"Chosen","floor":22,"turns":3},{"damage":25,"enemies":"Book of Stabbing","floor":23,"turns":2}],"seed_played":"-570728551725088729","potions_obtained":[{"floor":2,"key":"PowerPotion"},{"floor":3,"key":"PowerPotion"},{"floor":10,"key":"conspire:TimeTravelPotion"},{"floor":22,"key":"Dexterity Potion"}],"is_trial":false,"path_per_floor":["M","M","M","M","$","R","E","R","T","E","?","E","$","?","R","B",null,"M","$","?","?","M","E"],"character_chosen":"THE_SILENT","items_purchased":["AT_Desolate"],"campfire_rested":0,"item_purchase_floors":[5],"current_hp_per_floor":[44,44,44,44,44,44,44,44,44,36,36,36,36,36,36,21,55,55,55,55,16,16,0,0],"gold":177,"neow_bonus":"REMOVE_TWO","is_daily":false,"chose_seed":false,"campfire_upgraded":2,"win_rate":0.0,"timestamp":1610263337,"path_taken":["M","M","?","M","$","R","E","R","T","E","?","E","?","?","R","BOSS","M","$","?","?","M","E"],"items_purchased_type":["Card"],"build_version":"2020-12-22","purchased_purges":2,"victory":false,"max_hp_per_floor":[66,66,66,66,66,66,66,66,66,66,66,66,66,66,66,66,66,66,66,66,66,66,66,66],"card_choices":[{"not_picked":["Cloak And Dagger","Blur","Dash"],"picked":"SKIP","floor":1},{"not_picked":["Blade Dance","AT_WindFlip","Deadly Poison","Dash","Deflect"],"picked":"SKIP","floor":2},{"not_picked":["Slice","PiercingWail","Choke","Flying Knee"],"picked":"MostiFishMod:FrostNova","floor":3},{"not_picked":["Eviscerate","Cloak And Dagger","Concentrate","PiercingWail","Calculated Gamble"],"picked":"SKIP","floor":4},{"not_picked":["AT_TwilightShroud","Bouncing Flask","Poisoned Stab","Dodge and Roll","AT_ThistleTea"],"picked":"SKIP","floor":7},{"not_picked":["AT_TinkerSharpsword","Outmaneuver","MostiFishMod:ThornCasing","PiercingWail","All Out Attack"],"picked":"SKIP","floor":10},{"not_picked":["Bane","PiercingWail","Endless Agony","Malaise","Flying Knee"],"picked":"SKIP","floor":12},{"not_picked":["Backflip+1","Flying Knee","Dodge and Roll","Cloak And Dagger","Choke"],"picked":"SKIP","floor":18},{"not_picked":["MostiFishMod:PreservedThorns","MostiFishMod:FrostNova","Sucker Punch+1","Deflect"],"picked":"conspire:DoublingDagger","floor":21},{"not_picked":["Deadly Poison+1","Underhanded Strike","Flying Knee","Dodge and Roll","Poisoned Stab"],"picked":"SKIP","floor":22}],"player_experience":479964,"relics_obtained":[{"floor":1,"key":"SynthV:TestCard"},{"floor":7,"key":"conspire:TopHat"},{"floor":10,"key":"Centennial Puzzle"},{"floor":12,"key":"Ancient Tea Set"},{"floor":21,"key":"AT_MibuBalloonWealth"}],"event_choices":[{"damage_healed":0,"gold_gain":0,"player_choice":"Agree","damage_taken":0,"max_hp_gain":0,"max_hp_loss":0,"event_name":"conspire:LoneGhost","floor":11,"gold_loss":0},{"damage_healed":0,"gold_gain":0,"player_choice":"Box","damage_taken":0,"relics_obtained":["Bag of Preparation"],"max_hp_gain":0,"max_hp_loss":0,"event_name":"Big Fish","floor":14,"gold_loss":0,"cards_obtained":["Regret"]},{"damage_healed":0,"gold_gain":0,"player_choice":"Inject Mutagens","damage_taken":0,"relics_obtained":["MutagenicStrength"],"max_hp_gain":0,"max_hp_loss":0,"event_name":"Drug Dealer","floor":20,"gold_loss":0}],"is_beta":false,"boss_relics":[{"not_picked":["HoveringKite","NightmareShop"],"picked":"conspire:SlowCooker"}],"items_purged_floors":[13,15],"is_endless":false,"potions_floor_spawned":[2,3,10,22],"killed_by":"Book of Stabbing","ascension_level":20}}