{"host":"gpkbl0cayp7vm3va","time":1610239544,"event":{"mods":["100% Spire Juice","BaseMod","Bestiary","Colored Map","Curses Come First","Downfall","Highlight Path","Hubris","Infinite Spire","Marisa????????","Minty Spire (QoL Compilation)","Remilia??????","Replay The Spire","Robot Space Explorer","StSLib","The Animator","The Cursed","The Jungle","The Marked","The Necromancer","The Servant 0.9.4"],"gold_per_floor":[110,33,33,33,108,133,133,167,167,167,184,184,184,194,194,289,289,302,302,302,316,332,357,357,172,172,172,187,187,213,213,316,316,328,328,378,378,378,408,408,437,437,467,58,70,70,70,70,168,168,179,179,373,369,369,54,204,379,379,379,379,370,363,363],"floor_reached":64,"playtime":6694,"items_purged":["Strike_S","Defend_S+1"],"score":921,"play_id":"8f737681-8ab3-4023-a703-280cad171080","local_time":"20210109174544","is_ascension_mode":false,"campfire_choices":[{"data":"BestPractice","floor":10,"key":"SMITH"},{"data":"Initiator","floor":13,"key":"SMITH"},{"data":"Moonlight","floor":15,"key":"SMITH"},{"data":"TheWorld","floor":24,"key":"SMITH"},{"floor":32,"key":"REST"},{"data":"Madness","floor":41,"key":"SMITH"},{"data":"TheWorld","floor":47,"key":"SMITH"},{"data":"Madness","floor":49,"key":"SMITH"},{"floor":62,"key":"DIG"}],"circlet_count":0,"master_deck":["Defend_S+1","KidneyShot+1","Exchange+1","Sabotage+1","Initiator+1","BestPractice+1","Ricochet","Rearm+1","Moonlight+1","TheWorld+1","Barrier+1","FastForward","FlawlessForm+1","RealityMarble+1","Madness+1","Madness+1","SpecialFormula+1","hubris:InfiniteBlow+1","ShatteredReality","SilverBlades","TheWorld+1","Solidify+1","Spin","SurpressingFire+1","Dilation","infinitespire:SealOfDarkness+","Writhe","Doubt","Contraction+1"],"relics":["ReplayTheSpireMod:CursedCoin","hubris:CrackedHourglass","BargainBundle","hexamod:CandleOfCauterizing","theJungle:ParSnip","Replay:Multitool","theJungle:ShellPeas","Philosopher\u0027s Stone","Pear","Moonworks:WarpPanel","infinitespire:Blanks Blanky","champ:BlackKnightHelmet","theJungle:BirthdayCake","Toy Ornithopter","Strange Spoon","Empty Cage","Matryoshka","sneckomod:SleevedAce","hexamod:SoulOfChaos","Lantern","theMarked:Gun","theJungle:Creamberry","infinitespire:Chaos","Kunai","InkBottle","Golden Idol","Replay:Baseball"],"acts_visited":["Exordium","theJungle:Jungle","TheBeyond","Exordium"],"potions_floor_usage":[16,16,23,31,31,33,40,40,40,44,50,52],"damage_taken":[{"damage":0,"enemies":"Cultist","floor":1,"turns":1},{"damage":0,"enemies":"Lagavulin","floor":6,"turns":1},{"damage":0,"enemies":"Gremlin Nob","floor":8,"turns":1},{"damage":0,"enemies":"Small Slimes","floor":11,"turns":1},{"damage":0,"enemies":"Jaw Worm","floor":14,"turns":2},{"damage":10,"enemies":"Hexaghost","floor":16,"turns":6},{"damage":6,"enemies":"theJungle:MUSHROOMGANG","floor":18,"turns":3},{"damage":0,"enemies":"theJungle:GiantWrat","floor":21,"turns":3},{"damage":5,"enemies":"theJungle:JungleHuntersEncounter","floor":22,"turns":5},{"damage":20,"enemies":"Nightmare","floor":23,"turns":5},{"damage":0,"enemies":"theJungle:SlimyTreeVines","floor":28,"turns":2},{"damage":18,"enemies":"theJungle:2_Phrogs","floor":31,"turns":7},{"damage":0,"enemies":"theJungle:FunGuy","floor":33,"turns":9},{"damage":0,"enemies":"Orb Walker","floor":35,"turns":4},{"damage":0,"enemies":"Mind Bloom Boss Battle","floor":37,"turns":3},{"damage":10,"enemies":"Reptomancer","floor":40,"turns":5},{"damage":36,"enemies":"Nightmare","floor":42,"turns":8},{"damage":0,"enemies":"R_Hoarder","floor":44,"turns":5},{"damage":0,"enemies":"3 Darklings","floor":46,"turns":4},{"damage":29,"enemies":"Replay:Hell Engine","floor":50,"turns":4},{"damage":0,"enemies":"Small Slimes","floor":52,"turns":2},{"damage":0,"enemies":"Cultist","floor":55,"turns":2},{"damage":30,"enemies":"2 Louse","floor":56,"turns":2},{"damage":29,"enemies":"Large Slime","floor":63,"turns":3},{"damage":32,"enemies":"Red Slaver","floor":64,"turns":1}],"seed_played":"75893294642475299","potions_obtained":[{"floor":6,"key":"ColorlessPotion"},{"floor":8,"key":"AttackPotion"},{"floor":11,"key":"LiquidBronze"},{"floor":16,"key":"CultistPotion"},{"floor":18,"key":"BlessingOfTheForge"},{"floor":28,"key":"SkillPotion"},{"floor":31,"key":"Elixir"},{"floor":37,"key":"EntropicBrew"},{"floor":40,"key":"BlessingOfTheForge"},{"floor":56,"key":"SteroidPotion"},{"floor":63,"key":"infinitespire:BlackPotion"}],"is_trial":false,"path_per_floor":["M","$","?","$","?","E","$","E","T","R","M","?","R","M","R","B",null,"M","?","?","M","M","NM","R","?","T","$","M","?","E","R","B",null,"M","?","?","?","?","E","R","NM","T","E","$","M","R","NS","R","B",null,"M","?","?","M","M","$","AVR","?","T","?","R","M","M"],"character_chosen":"THE_SERVANT","items_purchased":["Initiator","hubris:HerbalPaste","SilverBlades","Strange Spoon","TheWorld","Bottled Tornado","Dilation"],"campfire_rested":1,"item_purchase_floors":[2,27,45,45,45,57,57],"current_hp_per_floor":[65,65,65,65,54,54,54,54,54,54,54,41,41,41,41,31,65,59,59,59,59,54,34,34,34,34,24,27,27,15,34,40,59,65,57,62,62,46,50,50,28,28,48,48,65,65,65,65,47,61,64,64,48,59,32,32,62,62,62,39,39,18,0,0],"gold":363,"neow_bonus":"THREE_ENEMY_KILL","is_daily":false,"chose_seed":false,"campfire_upgraded":7,"win_rate":0.0,"timestamp":1610239544,"path_taken":["M","?","?","$","?","E","?","E","T","R","M","?","R","M","R","BOSS","M","?","?","M","M","NM","R","?","T","?","?","?","E","R","BOSS","M","?","?","?","?","E","R","NM","T","E","$","M","R","NS","R","BOSS","M","?","?","M","M","?","AVR","?","T","?","R","M","?"],"items_purchased_type":["Card","Relic","Card","Relic","Card","Relic","Card"],"build_version":"2020-12-22","purchased_purges":2,"victory":false,"max_hp_per_floor":[65,65,65,65,65,65,65,65,65,65,65,65,65,65,65,65,65,65,65,65,65,65,65,65,65,65,65,65,65,65,65,65,65,65,65,65,65,65,65,65,65,65,65,65,65,65,65,65,65,65,65,65,65,65,65,65,95,95,95,95,95,95,95,95],"card_choices":[{"not_picked":["Starlight","Desolation"],"picked":"Sabotage","floor":1},{"not_picked":["FastForward","RealityMarble"],"picked":"BestPractice","floor":6},{"not_picked":["Shuttle","ShatteredReality"],"picked":"Ricochet","floor":8},{"not_picked":["Ricochet","DoubleEdge"],"picked":"Rearm","floor":11},{"not_picked":["Initiator","Advance"],"picked":"Moonlight","floor":14},{"not_picked":["SoulSculpture","LightFlow"],"picked":"TheWorld","floor":16},{"not_picked":[],"picked":"Barrier+1","floor":18},{"not_picked":["Starlight"],"picked":"SKIP","floor":21},{"not_picked":["Rearm"],"picked":"SKIP","floor":22},{"not_picked":["Rearm"],"picked":"SKIP","floor":23},{"not_picked":[],"picked":"FastForward","floor":28},{"not_picked":["Replace"],"picked":"SKIP","floor":31},{"not_picked":[],"picked":"FlawlessForm+1","floor":33},{"not_picked":[],"picked":"RealityMarble+1","floor":35},{"not_picked":[],"picked":"SpecialFormula+1","floor":37},{"not_picked":["infinitespire:TheBestDefense","infinitespire:Starlight"],"picked":"hubris:InfiniteBlow","floor":39},{"not_picked":["Rearm"],"picked":"SKIP","floor":40},{"not_picked":["Defy"],"picked":"SKIP","floor":42},{"not_picked":[],"picked":"ShatteredReality","floor":44},{"not_picked":["Rearm"],"picked":"SKIP","floor":46},{"not_picked":[],"picked":"Solidify+1","floor":50},{"not_picked":["FastForward"],"picked":"SKIP","floor":52},{"not_picked":[],"picked":"Spin","floor":54},{"not_picked":[],"picked":"SurpressingFire+1","floor":55},{"not_picked":["DualDimension+1"],"picked":"SKIP","floor":56},{"not_picked":["Replace","Starlight"],"picked":"Contraction+1","floor":63}],"player_experience":798146,"relics_obtained":[{"floor":6,"key":"hubris:OldNail"},{"floor":8,"key":"Bag of Marbles"},{"floor":9,"key":"hubris:GlazedTorus"},{"floor":23,"key":"hubris:Teleporter"},{"floor":31,"key":"ReplayTheSpireMod:Lightbulb"},{"floor":37,"key":"infinitespire:Joker Card"},{"floor":40,"key":"Boot"},{"floor":42,"key":"infinitespire:BottledMercury"},{"floor":43,"key":"Ice Cream"},{"floor":44,"key":"ReplayTheSpireMod:Shallot"},{"floor":60,"key":"Kunai"},{"floor":60,"key":"InkBottle"},{"floor":62,"key":"Replay:Baseball"}],"event_choices":[{"damage_healed":0,"gold_gain":75,"player_choice":"Gather Gold","damage_taken":11,"max_hp_gain":0,"max_hp_loss":0,"event_name":"World of Goop","floor":5,"gold_loss":0},{"damage_healed":0,"gold_gain":0,"player_choice":"Entered Light","damage_taken":13,"max_hp_gain":0,"max_hp_loss":0,"event_name":"Shining Light","floor":12,"gold_loss":0,"cards_upgraded":["Strike_S","Rearm"]},{"cards_removed":["Defend_S"],"damage_healed":0,"gold_gain":0,"player_choice":"Offered Basic","damage_taken":0,"max_hp_gain":0,"max_hp_loss":0,"event_name":"Bonfire Elementals","floor":30,"gold_loss":0},{"damage_healed":0,"gold_gain":0,"player_choice":"Embrace Madness","damage_taken":8,"max_hp_gain":0,"max_hp_loss":0,"event_name":"Winding Halls","floor":36,"gold_loss":0,"cards_obtained":["Madness","Madness"]},{"damage_healed":0,"gold_gain":0,"player_choice":"Fight","damage_taken":0,"max_hp_gain":0,"max_hp_loss":0,"event_name":"MindBloom","floor":37,"gold_loss":0},{"damage_healed":0,"gold_gain":175,"player_choice":"AGREE","damage_taken":0,"max_hp_gain":0,"max_hp_loss":0,"event_name":"Liars Game","floor":59,"gold_loss":0,"cards_obtained":["Doubt"]},{"damage_healed":0,"gold_gain":0,"player_choice":"Take Damage","damage_taken":23,"relics_obtained":["Golden Idol"],"max_hp_gain":0,"max_hp_loss":0,"event_name":"Golden Idol","floor":61,"gold_loss":0}],"is_beta":false,"boss_relics":[{"not_picked":["SacredBark","hubris:CrackedHourglass"],"picked":"Busted Crown"},{"not_picked":["hubris:VirtuousBlindfold","Fusion Hammer"],"picked":"hubris:TerracottaHorce"},{"not_picked":["StoneMask","Replay:Bronze Core"],"picked":"MysterySword"}],"items_purged_floors":[45,58],"is_endless":true,"potions_floor_spawned":[6,8,11,16,18,28,31,37,40,56,63],"killed_by":"Red Slaver","ascension_level":0}}