{"host":"qfrmffs8rw9cf08l","time":1610303054,"event":{"mods":["AchievementEnabler","BaseMod","Better Match","Better Note","Better Sensory Stone","Better Skull","Better Third Choice","BetterRewards","MarisaÅiñ∂âJÅ@ñÇóùçπÅj","Minty Spire (QoL Compilation)","Permanent Neow","Relic Filter","StSLib"],"gold_per_floor":[112,112,112,125,144,171,191,218,242,275,285,24,24,24,24,127,127,143,143,53,66,86,86,115,115,164,193,243,21,21,36,36,140,140,152,152,168,188,206,206,206,223,223,123,150,150,160,175,175,175],"floor_reached":51,"playtime":5473,"items_purged":["Strike_B","Strike_B"],"score":937,"play_id":"6f1bf855-74d7-4f55-90c2-09cfa9da0096","local_time":"20210111022414","is_ascension_mode":false,"campfire_choices":[{"data":"Hologram","floor":13.0,"key":"SMITH"},{"data":"Defragment","floor":15.0,"key":"SMITH"},{"data":"White Noise","floor":23.0,"key":"SMITH"},{"data":"Defragment","floor":25,"key":"SMITH"},{"data":"Dualcast","floor":30,"key":"SMITH"},{"data":"Conserve Battery","floor":32,"key":"SMITH"},{"floor":40,"key":"REST"},{"data":"Fission","floor":41,"key":"SMITH"},{"data":"Capacitor","floor":46,"key":"SMITH"},{"data":"Stack","floor":49,"key":"SMITH"}],"circlet_count":0,"master_deck":["Strike_B","Defend_B+1","Defend_B","Defend_B","Defend_B","Zap+1","Dualcast+1","Ball Lightning","Cold Snap","Rebound","Ball Lightning","Conserve Battery+1","Hologram+1","Streamline","Core Surge","Defragment+1","Electrodynamics","White Noise+1","Conserve Battery+1","Reinforced Body+1","Defragment+1","Melter+1","Defragment+1","Glacier","Fission+1","Consume+1","Madness","Madness","Capacitor+1","Go for the Eyes+1","Lockon","Seek","Stack+1","Hologram+1"],"relics":["Cracked Core","Happy Flower","Question Card","Regal Pillow","Omamori","Blood Vial","WingedGreaves","Runic Dome","Pen Nib","MealTicket","Bag of Preparation","DollysMirror","Sozu","Singing Bowl"],"acts_visited":["Exordium","TheCity","TheBeyond"],"potions_floor_usage":[24,24,50,50],"damage_taken":[{"damage":0.0,"enemies":"Small Slimes","floor":1.0,"turns":3.0},{"damage":6.0,"enemies":"Jaw Worm","floor":4.0,"turns":2.0},{"damage":1.0,"enemies":"2 Louse","floor":5.0,"turns":2.0},{"damage":15.0,"enemies":"Lagavulin","floor":6.0,"turns":5.0},{"damage":0.0,"enemies":"Looter","floor":7.0,"turns":2.0},{"damage":4.0,"enemies":"3 Sentries","floor":8.0,"turns":5.0},{"damage":0.0,"enemies":"Lagavulin","floor":10.0,"turns":5.0},{"damage":8.0,"enemies":"Exordium Wildlife","floor":11.0,"turns":2.0},{"damage":4.0,"enemies":"Hexaghost","floor":16.0,"turns":8.0},{"damage":0.0,"enemies":"Spheric Guardian","floor":18.0,"turns":3.0},{"damage":10.0,"enemies":"Shell Parasite","floor":21.0,"turns":3.0},{"damage":6.0,"enemies":"Snecko","floor":22.0,"turns":4.0},{"damage":12,"enemies":"Slavers","floor":24,"turns":3},{"damage":11,"enemies":"Gremlin Leader","floor":27,"turns":6},{"damage":13,"enemies":"Centurion and Healer","floor":31,"turns":4},{"damage":33,"enemies":"Champ","floor":33,"turns":13},{"damage":0,"enemies":"3 Darklings","floor":35,"turns":3},{"damage":0,"enemies":"3 Shapes","floor":37,"turns":3},{"damage":31,"enemies":"Maw","floor":38,"turns":7},{"damage":22,"enemies":"Jaw Worm Horde","floor":39,"turns":4},{"damage":0,"enemies":"Transient","floor":42,"turns":5},{"damage":0,"enemies":"Giant Head","floor":45,"turns":8},{"damage":21,"enemies":"4 Shapes","floor":47,"turns":3},{"damage":14,"enemies":"Jaw Worm Horde","floor":48,"turns":5},{"damage":31,"enemies":"Awakened One","floor":50,"turns":14}],"seed_played":"-81591311917841166","potions_obtained":[{"floor":4.0,"key":"Weak Potion"},{"floor":5.0,"key":"BlessingOfTheForge"},{"floor":8.0,"key":"DuplicationPotion"},{"floor":11.0,"key":"SkillPotion"},{"floor":22.0,"key":"SpeedPotion"},{"floor":24,"key":"Strength Potion"},{"floor":27,"key":"CultistPotion"}],"is_trial":false,"path_per_floor":["M","?","?","M","M","E","M","E","T","E","M","$","R","?","R","B",null,"M","$","?","M","M","R","E","R","T","E","?","$","R","M","R","B",null,"M","?","M","M","M","R","R","M","T","$","E","R","M","M","R","B",null],"character_chosen":"DEFECT","items_purchased":["Happy Flower","Question Card","Core Surge","Defragment","DollysMirror","Glacier"],"campfire_rested":1,"item_purchase_floors":[0,0,12,12,29,29],"current_hp_per_floor":[75,75,75,69,68,53,53,49,49,51,45,45,45,50,50,48,80,80,80,80,70,66,66,56,56,56,47,47,62,62,51,51,20,80,80,70,72,43,23,62,62,64,64,79,82,82,61,49,49,20],"gold":175,"neow_bonus":"","is_daily":false,"chose_seed":false,"campfire_upgraded":9,"win_rate":0.0,"timestamp":1610303054,"path_taken":["M","?","?","M","M","E","M","E","T","E","M","$","R","?","R","BOSS","M","$","?","M","M","R","E","R","T","E","?","?","R","?","R","BOSS","M","?","M","M","?","R","R","M","T","$","E","R","?","M","R","BOSS"],"items_purchased_type":["Relic","Relic","Card","Card","Relic","Card"],"build_version":"2020-12-22","purchased_purges":2,"victory":true,"max_hp_per_floor":[75,75,75,75,75,75,75,75,75,75,75,75,75,80,80,80,80,80,80,80,80,80,80,80,80,80,80,80,80,80,80,80,80,80,80,80,80,80,80,80,80,80,80,80,82,82,82,82,82,82],"card_choices":[{"not_picked":["Turbo","Gash","Rebound"],"picked":"Ball Lightning","floor":1.0},{"not_picked":["Force Field","Storm","Rebound"],"picked":"Cold Snap","floor":4.0},{"not_picked":["Auto Shields","Compile Driver","Redo"],"picked":"Rebound","floor":5.0},{"not_picked":["Recycle","Cold Snap","Reprogram","BootSequence"],"picked":"SKIP","floor":6.0},{"not_picked":["Buffer","Force Field","Turbo"],"picked":"Ball Lightning","floor":7.0},{"not_picked":["Darkness","Steam","Barrage"],"picked":"Conserve Battery","floor":8.0},{"not_picked":["Coolheaded","Beam Cell","Meteor Strike"],"picked":"Hologram","floor":10.0},{"not_picked":["Go for the Eyes","Stack","Scrape"],"picked":"Streamline","floor":11.0},{"not_picked":["Amplify","Creative AI","Thunder Strike"],"picked":"Electrodynamics","floor":16.0},{"not_picked":["Chill+1","FTL","Scrape"],"picked":"White Noise","floor":18.0},{"not_picked":["Barrage","Rip and Tear+1","Leap"],"picked":"Conserve Battery+1","floor":21.0},{"not_picked":["Loop","White Noise","Doom and Gloom"],"picked":"Reinforced Body+1","floor":22.0},{"not_picked":["Barrage","Turbo","Recycle"],"picked":"Defragment","floor":24},{"not_picked":["Compile Driver","Sweeping Beam+1","Cold Snap"],"picked":"Melter+1","floor":27},{"not_picked":["Hologram","Rebound","Streamline","Steam"],"picked":"SKIP","floor":31},{"not_picked":["Seek","Meteor Strike","All For One"],"picked":"Fission","floor":33},{"not_picked":["Hologram+1","Defragment+1","Reinforced Body"],"picked":"Consume+1","floor":35},{"not_picked":["Hello World+1","Go for the Eyes+1","Steam+1"],"picked":"Capacitor","floor":37},{"not_picked":["Beam Cell","Self Repair","Barrage+1"],"picked":"Go for the Eyes+1","floor":38},{"not_picked":["Reprogram","Melter+1","Redo+1"],"picked":"Lockon","floor":39},{"not_picked":["Go for the Eyes","Storm","Barrage+1"],"picked":"Seek","floor":42},{"not_picked":["Hyperbeam","BootSequence","Melter","Consume+1"],"picked":"Singing Bowl","floor":45},{"not_picked":["Turbo+1","Force Field+1","Genetic Algorithm+1"],"picked":"Stack","floor":47},{"not_picked":["Streamline","Melter+1","Gash+1"],"picked":"Hologram+1","floor":48}],"player_experience":210292,"relics_obtained":[{"floor":6.0,"key":"Regal Pillow"},{"floor":8.0,"key":"Omamori"},{"floor":9.0,"key":"Blood Vial"},{"floor":10.0,"key":"WingedGreaves"},{"floor":24,"key":"Pen Nib"},{"floor":26,"key":"MealTicket"},{"floor":27,"key":"Bag of Preparation"},{"floor":45,"key":"Singing Bowl"}],"event_choices":[{"damage_healed":0.0,"max_hp_gain":0.0,"max_hp_loss":0.0,"gold_gain":0.0,"event_name":"Living Wall","player_choice":"Grow","floor":2.0,"gold_loss":0.0,"damage_taken":0.0,"cards_upgraded":["Zap"]},{"damage_healed":0.0,"max_hp_gain":0.0,"max_hp_loss":0.0,"gold_gain":0.0,"event_name":"betterThird:BetterSerpent","player_choice":"Ignored","floor":3.0,"gold_loss":0.0,"damage_taken":112.0},{"damage_healed":0.0,"max_hp_gain":5.0,"max_hp_loss":0.0,"gold_gain":0.0,"event_name":"Big Fish","player_choice":"Donut","floor":14.0,"gold_loss":0.0,"damage_taken":0.0},{"cards_removed":["Strike_B"],"damage_healed":0.0,"max_hp_gain":0.0,"max_hp_loss":0.0,"gold_gain":0.0,"event_name":"Designer","player_choice":"Upgrade and Remove","floor":20.0,"gold_loss":90.0,"damage_taken":0.0,"cards_upgraded":["Defend_B"]},{"damage_healed":0,"gold_gain":100,"player_choice":"Bet on Murderer","damage_taken":0,"max_hp_gain":0,"max_hp_loss":0,"event_name":"The Joust","floor":28,"gold_loss":50},{"damage_healed":0,"gold_gain":0,"player_choice":"Embrace Madness","damage_taken":10,"max_hp_gain":0,"max_hp_loss":0,"event_name":"Winding Halls","floor":36,"gold_loss":0,"cards_obtained":["Madness","Madness"]}],"is_beta":false,"boss_relics":[{"not_picked":["Ectoplasm","SacredBark"],"picked":"Runic Dome"},{"not_picked":["Cursed Key","Tiny House"],"picked":"Sozu"}],"items_purged_floors":[12,44],"is_endless":false,"potions_floor_spawned":[4,5,8,11,22,24,27,37,39,48],"ascension_level":0}}