{"host":"8oad2sh1i7kph5eo","time":1610306570,"event":{"mods":["AchievementEnabler","BaseMod","Minty Spire (QoL Compilation)","Spicy Shops","StSLib","The Bladedancer","The Hierophant","The Poker Player","The Wild Card"],"gold_per_floor":[117,132,132,307,2,36,55,55,135,135,149,149,160,12,12,107,107,118,128,146,71,71,102,102,120,120,140,4,21,21,21,21,120,120,132,144,104,118,135,135,163,163,163,163,175,175,189,202,202,202,202,202],"floor_reached":50,"playtime":3737,"items_purged":["Doubt","PokerPlayerMod:Spade1","PokerPlayerMod:Spade4"],"score":621,"play_id":"6919ebff-138b-41ce-8234-6a9980c89e23","local_time":"20210110112250","is_ascension_mode":false,"metric_token":594,"campfire_choices":[{"data":"PokerPlayerMod:CardPrinter","floor":8.0,"key":"SMITH"},{"data":"PokerPlayerMod:CardPrinter+1","floor":10.0,"key":"SMITH"},{"data":"PokerPlayerMod:CardPrinter+2","floor":15.0,"key":"SMITH"},{"data":"PokerPlayerMod:DiamondStrike","floor":24.0,"key":"SMITH"},{"data":"PokerPlayerMod:Raise","floor":30.0,"key":"SMITH"},{"data":"PokerPlayerMod:TrumpStrike","floor":32.0,"key":"SMITH"},{"data":"PokerPlayerMod:Heart2","floor":40,"key":"SMITH"},{"data":"PokerPlayerMod:Spade2","floor":42,"key":"SMITH"},{"data":"PokerPlayerMod:ClubShade","floor":49,"key":"SMITH"}],"circlet_count":0,"master_deck":["PokerPlayerMod:Diamond6","PokerPlayerMod:Spade3","PokerPlayerMod:Spade3","PokerPlayerMod:Club2","PokerPlayerMod:Heart3","PokerPlayerMod:TrumpStrike+1","PokerPlayerMod:BadJoker","PokerPlayerMod:Mulligan","PokerPlayerMod:CardPrinter+3","PokerPlayerMod:Club3","PokerPlayerMod:DiamondStrike+1","PokerPlayerMod:Sharpen","PokerPlayerMod:WasteCollection","PokerPlayerMod:Club10+","PokerPlayerMod:FakeSymbols","PokerPlayerMod:ClubShade+1","PokerPlayerMod:MagicTrick","PokerPlayerMod:Diamond3","PokerPlayerMod:Spade10+","PokerPlayerMod:RiskyBet","PokerPlayerMod:Trickery+1","PokerPlayerMod:JackOfSpades+1","PokerPlayerMod:CardPrinter","PokerPlayerMod:HiddenCard+1"],"relics":["PokerPlayerMod:DeckCase","NeowsBlessing","Pen Nib","PokerPlayerMod:CoolBox","Membership Card","Busted Crown","Meat on the Bone","Letter Opener","Lantern","SlaversCollar","Vajra"],"acts_visited":["Exordium","TheCity","TheBeyond"],"potions_floor_usage":[50,50,50],"damage_taken":[{"damage":0.0,"enemies":"Cultist","floor":1.0,"turns":1.0},{"damage":0.0,"enemies":"2 Louse","floor":2.0,"turns":1.0},{"damage":0.0,"enemies":"3 Sentries","floor":6.0,"turns":1.0},{"damage":0.0,"enemies":"Small Slimes","floor":7.0,"turns":2.0},{"damage":0.0,"enemies":"Exordium Wildlife","floor":11.0,"turns":3.0},{"damage":0.0,"enemies":"Large Slime","floor":13.0,"turns":2.0},{"damage":0.0,"enemies":"Slime Boss","floor":16.0,"turns":5.0},{"damage":5.0,"enemies":"2 Thieves","floor":18.0,"turns":3.0},{"damage":4.0,"enemies":"Shell Parasite","floor":19.0,"turns":3.0},{"damage":19.0,"enemies":"Shelled Parasite and Fungi","floor":20.0,"turns":4.0},{"damage":9.0,"enemies":"Slavers","floor":23.0,"turns":5.0},{"damage":3.0,"enemies":"3 Cultists","floor":25.0,"turns":4.0},{"damage":0.0,"enemies":"Chosen and Byrds","floor":27.0,"turns":4.0},{"damage":0.0,"enemies":"Shelled Parasite and Fungi","floor":29.0,"turns":3.0},{"damage":2.0,"enemies":"Automaton","floor":33.0,"turns":9.0},{"damage":0.0,"enemies":"Orb Walker","floor":35.0,"turns":2.0},{"damage":0.0,"enemies":"3 Shapes","floor":36.0,"turns":2.0},{"damage":0,"enemies":"Sphere and 2 Shapes","floor":38,"turns":3},{"damage":7,"enemies":"Maw","floor":39,"turns":7},{"damage":0,"enemies":"Giant Head","floor":41,"turns":6},{"damage":12,"enemies":"Writhing Mass","floor":45,"turns":5},{"damage":3,"enemies":"Sphere and 2 Shapes","floor":47,"turns":3},{"damage":10,"enemies":"Jaw Worm Horde","floor":48,"turns":4},{"damage":61,"enemies":"Awakened One","floor":50,"turns":10}],"seed_played":"-2069382651301534806","potions_obtained":[{"floor":2.0,"key":"Dexterity Potion"},{"floor":6.0,"key":"Strength Potion"},{"floor":11.0,"key":"Regen Potion"},{"floor":27.0,"key":"AttackPotion"}],"is_trial":false,"path_per_floor":["M","M","?","?","$","E","M","R","T","R","M","?","M","$","R","B",null,"M","M","M","?","?","E","R","M","T","M","$","M","R","?","R","B",null,"M","M","?","M","M","R","E","R","T","?","M","?","M","M","R","B"],"character_chosen":"THE_POKER_PLAYER","items_purchased":["PokerPlayerMod:DiamondStrike","PokerPlayerMod:Sharpen","Membership Card","Lantern"],"campfire_rested":0,"item_purchase_floors":[5,5,14,28],"current_hp_per_floor":[52,52,52,52,52,52,52,52,52,52,52,52,52,52,52,52,52,47,43,30,30,30,40,40,39,39,41,41,41,41,41,41,39,52,52,52,52,52,45,45,52,52,52,52,40,40,44,43,43,0,0,0],"gold":202,"neow_bonus":"THREE_ENEMY_KILL","is_daily":false,"chose_seed":false,"campfire_upgraded":9,"win_rate":0.0,"timestamp":1610306570,"path_taken":["M","?","?","?","?","E","M","R","T","R","M","?","?","$","R","BOSS","M","M","M","?","?","E","R","M","T","?","$","M","R","?","R","BOSS","M","M","?","?","M","R","E","R","T","?","M","?","M","?","R","BOSS"],"items_purchased_type":["Card","Card","Relic","Relic"],"build_version":"2020-12-22","purchased_purges":3,"victory":false,"max_hp_per_floor":[52,52,52,52,52,52,52,52,52,52,52,52,52,52,52,52,52,52,52,52,52,52,52,52,52,52,52,52,52,52,52,52,52,52,52,52,52,52,52,52,52,52,52,52,52,52,52,52,52,52,52,52],"card_choices":[{"not_picked":["PokerPlayerMod:Diamond2","PokerPlayerMod:Fold","PokerPlayerMod:Club2"],"picked":"SKIP","floor":1.0},{"not_picked":["PokerPlayerMod:Spade6","PokerPlayerMod:ClubsClub"],"picked":"PokerPlayerMod:CardPrinter","floor":2.0},{"not_picked":["PokerPlayerMod:Spade4","PokerPlayerMod:Diamond2"],"picked":"PokerPlayerMod:WasteCollection","floor":6.0},{"not_picked":["PokerPlayerMod:Diamond3","PokerPlayerMod:Spade2"],"picked":"PokerPlayerMod:Raise","floor":7.0},{"not_picked":["PokerPlayerMod:FillThePot","PokerPlayerMod:Diamond1"],"picked":"PokerPlayerMod:Club10+","floor":11.0},{"not_picked":["PokerPlayerMod:Spade1","PokerPlayerMod:CardPrinter","PokerPlayerMod:Diamond4"],"picked":"SKIP","floor":13.0},{"not_picked":["PokerPlayerMod:Diamond10+","PokerPlayerMod:Spade8"],"picked":"PokerPlayerMod:FakeSymbols","floor":16.0},{"not_picked":["PokerPlayerMod:Diamond4"],"picked":"SKIP","floor":18.0},{"not_picked":["PokerPlayerMod:Diamond1"],"picked":"SKIP","floor":19.0},{"not_picked":[],"picked":"PokerPlayerMod:ClubShade","floor":20.0},{"not_picked":[],"picked":"PokerPlayerMod:MagicTrick","floor":23.0},{"not_picked":[],"picked":"PokerPlayerMod:Diamond3","floor":25.0},{"not_picked":["PokerPlayerMod:Diamond1"],"picked":"SKIP","floor":27.0},{"not_picked":[],"picked":"PokerPlayerMod:Spade10+","floor":29.0},{"not_picked":[],"picked":"PokerPlayerMod:RiskyBet","floor":35.0},{"not_picked":["PokerPlayerMod:Diamond4"],"picked":"SKIP","floor":36},{"not_picked":["PokerPlayerMod:HotShotCut+1"],"picked":"SKIP","floor":38},{"not_picked":[],"picked":"PokerPlayerMod:Trickery+1","floor":39},{"not_picked":["PokerPlayerMod:Diamond1"],"picked":"SKIP","floor":41},{"not_picked":[],"picked":"PokerPlayerMod:JackOfSpades+1","floor":45},{"not_picked":[],"picked":"PokerPlayerMod:CardPrinter","floor":47},{"not_picked":[],"picked":"PokerPlayerMod:HiddenCard+1","floor":48}],"player_experience":298224,"relics_obtained":[{"floor":6.0,"key":"Pen Nib"},{"floor":9.0,"key":"PokerPlayerMod:CoolBox"},{"floor":23.0,"key":"Meat on the Bone"},{"floor":26.0,"key":"Letter Opener"},{"floor":41,"key":"Vajra"}],"event_choices":[{"cards_removed":["PokerPlayerMod:Diamond1"],"damage_healed":0.0,"max_hp_gain":0.0,"max_hp_loss":0.0,"gold_gain":0.0,"event_name":"PokerPlayerMod:ExordiumClub","player_choice":"Trade","floor":3.0,"gold_loss":0.0,"damage_taken":0.0,"cards_obtained":["PokerPlayerMod:Club3"]},{"damage_healed":0.0,"max_hp_gain":0.0,"max_hp_loss":0.0,"gold_gain":175.0,"event_name":"Liars Game","player_choice":"AGREE","floor":4.0,"gold_loss":0.0,"damage_taken":0.0,"cards_obtained":["Doubt"]},{"cards_removed":["PokerPlayerMod:Club1"],"damage_healed":5.0,"max_hp_gain":0.0,"max_hp_loss":0.0,"gold_gain":0.0,"event_name":"Bonfire Elementals","player_choice":"Offered Special","floor":12.0,"gold_loss":0.0,"damage_taken":0.0},{"cards_removed":["PokerPlayerMod:Diamond4"],"damage_healed":0.0,"max_hp_gain":0.0,"max_hp_loss":0.0,"gold_gain":0.0,"event_name":"Beggar","player_choice":"Gave Gold","floor":21.0,"gold_loss":75.0,"damage_taken":0.0},{"damage_healed":0.0,"max_hp_gain":0.0,"max_hp_loss":0.0,"gold_gain":0.0,"event_name":"Lab","player_choice":"Got Potions","floor":22.0,"gold_loss":0.0,"damage_taken":0.0},{"cards_removed":["PokerPlayerMod:Diamond2"],"damage_healed":0.0,"max_hp_gain":0.0,"max_hp_loss":0.0,"gold_gain":0.0,"event_name":"PokerPlayerMod:BackToBasicsPoker","player_choice":"Elegance","floor":31.0,"gold_loss":0.0,"damage_taken":0.0},{"damage_healed":0,"gold_gain":0,"player_choice":"Upgrade","damage_taken":0,"max_hp_gain":0,"max_hp_loss":0,"event_name":"Designer","floor":37,"gold_loss":40,"cards_upgraded":["PokerPlayerMod:Diamond5"]},{"cards_removed":["PokerPlayerMod:Raise"],"damage_healed":0,"gold_gain":0,"player_choice":"Removed Skill","damage_taken":0,"max_hp_gain":0,"max_hp_loss":0,"event_name":"Falling","floor":44,"gold_loss":0},{"cards_removed":["PokerPlayerMod:Diamond3"],"damage_healed":0,"gold_gain":0,"player_choice":"Purged","damage_taken":0,"max_hp_gain":0,"max_hp_loss":0,"event_name":"Purifier","floor":46,"gold_loss":0}],"is_beta":false,"boss_relics":[{"not_picked":["Philosopher\u0027s Stone","Empty Cage"],"picked":"Busted Crown"},{"not_picked":["Astrolabe","Fusion Hammer"],"picked":"SlaversCollar"}],"items_purged_floors":[5,5,28],"is_endless":false,"potions_floor_spawned":[2,6,11,13,20,27,29,33,45,48],"killed_by":"Awakened One","ascension_level":0}}