{"host":"ibfpjm2kz059o009","time":1610243019,"event":{"mods":["AchievementEnabler","BaseMod","Block Reminder","Colored Powertips","DeckTracker","Googly Eyes","Key Reminder","Minty Spire (QoL Compilation)","Shop Mod","Unceasing Turn Reminder"],"gold_per_floor":[109,121,140,32,32,66,66,131,156,174,349,349,368,383,383,487,487,499,46,46,46,46,76,90,422,422,359,371,383,383],"floor_reached":29,"playtime":1225,"items_purged":[],"score":312,"play_id":"0bd0161a-9450-447a-b9fd-ab14d65897e5","local_time":"20210109204339","is_ascension_mode":true,"campfire_choices":[{"floor":7,"key":"RECALL"},{"floor":12,"key":"REST"},{"floor":15,"key":"REST"}],"circlet_count":0,"master_deck":["Strike_R","Strike_R","Strike_R","Strike_R","Strike_R","Defend_R","Defend_R","Defend_R","Defend_R","Bash","Pummel","Pommel Strike","Cleave","Intimidate","Feel No Pain","Immolate","Anger","Flame Barrier","Anger","Burning Pact","Fiend Fire","Rage","Flex","Headbutt","Inflame","Twin Strike+1"],"relics":["Burning Blood","Akabeko","Anchor","PreservedInsect","HandDrill","FossilizedHelix","Matryoshka","Ornamental Fan","Old Coin","MawBank","Eternal Feather","Nloth\u0027s Gift"],"acts_visited":["Exordium","TheCity"],"potions_floor_usage":[6,13,16,16],"damage_taken":[{"damage":6,"enemies":"Cultist","floor":1,"turns":3},{"damage":0,"enemies":"Jaw Worm","floor":2,"turns":1},{"damage":11,"enemies":"2 Louse","floor":3,"turns":3},{"damage":22,"enemies":"3 Sentries","floor":6,"turns":9},{"damage":58,"enemies":"Lagavulin Event","floor":8,"turns":7},{"damage":0,"enemies":"Exordium Wildlife","floor":10,"turns":1},{"damage":3,"enemies":"Blue Slaver","floor":13,"turns":3},{"damage":0,"enemies":"Looter","floor":14,"turns":3},{"damage":29,"enemies":"Slime Boss","floor":16,"turns":7},{"damage":0,"enemies":"Chosen","floor":18,"turns":4},{"damage":21,"enemies":"Book of Stabbing","floor":23,"turns":4},{"damage":13,"enemies":"2 Thieves","floor":24,"turns":4},{"damage":15,"enemies":"Slavers","floor":25,"turns":5},{"damage":35,"enemies":"Snecko","floor":29,"turns":5}],"seed_played":"-3204161025416596643","potions_obtained":[{"floor":1,"key":"Ancient Potion"},{"floor":8,"key":"LiquidBronze"},{"floor":10,"key":"PowerPotion"},{"floor":14,"key":"PowerPotion"},{"floor":18,"key":"SteroidPotion"},{"floor":25,"key":"FearPotion"}],"is_trial":false,"path_per_floor":["M","M","M","$","$","E","R","?","T","M","?","R","M","M","R","B",null,"M","$","?","?","?","E","M","E","T","?","?","M"],"character_chosen":"IRONCLAD","items_purchased":["Intimidate","Feel No Pain","HandDrill","FossilizedHelix","Flex"],"campfire_rested":2,"item_purchase_floors":[4,4,19,19,19],"current_hp_per_floor":[80,80,75,75,75,59,59,7,7,13,13,37,40,46,70,47,80,80,80,80,65,65,50,43,34,34,34,34,0,0],"gold":383,"neow_bonus":"RANDOM_COMMON_RELIC","is_daily":false,"chose_seed":false,"campfire_upgraded":0,"win_rate":0.0,"timestamp":1610243019,"path_taken":["M","?","M","?","$","E","R","?","T","M","?","R","M","M","R","BOSS","M","$","?","?","?","E","?","E","T","?","?","M"],"items_purchased_type":["Card","Card","Relic","Relic","Card"],"build_version":"2020-12-22","purchased_purges":0,"victory":false,"max_hp_per_floor":[80,80,80,80,80,80,80,80,80,80,80,80,80,80,80,80,80,80,80,80,85,85,85,85,85,85,85,85,85,85],"card_choices":[{"not_picked":["Ghostly Armor","Bloodletting"],"picked":"Pummel","floor":1},{"not_picked":["Perfected Strike","Evolve"],"picked":"Pommel Strike","floor":2},{"not_picked":["Headbutt","Dual Wield"],"picked":"Cleave","floor":3},{"not_picked":["Rage","Dark Embrace"],"picked":"Immolate","floor":6},{"not_picked":["Reckless Charge","Havoc"],"picked":"Anger","floor":8},{"not_picked":["Flex","Thunderclap"],"picked":"Flame Barrier","floor":10},{"not_picked":["True Grit","Dark Embrace"],"picked":"Anger","floor":13},{"not_picked":["Disarm","Shrug It Off"],"picked":"Burning Pact","floor":14},{"not_picked":["Immolate","Reaper"],"picked":"Fiend Fire","floor":16},{"not_picked":["Shrug It Off","Flex"],"picked":"Rage","floor":18},{"not_picked":["Clothesline","Havoc"],"picked":"Headbutt","floor":23},{"not_picked":["Seeing Red","Headbutt"],"picked":"Inflame","floor":24},{"not_picked":["Burning Pact","Clothesline"],"picked":"Twin Strike+1","floor":25}],"player_experience":607461,"relics_obtained":[{"floor":6,"key":"Anchor"},{"floor":8,"key":"PreservedInsect"},{"floor":23,"key":"Ornamental Fan"},{"floor":25,"key":"Old Coin"},{"floor":26,"key":"MawBank"},{"floor":26,"key":"Eternal Feather"}],"event_choices":[{"damage_healed":0,"gold_gain":0,"player_choice":"Searched \u00272\u0027 times","damage_taken":0,"max_hp_gain":0,"max_hp_loss":0,"event_name":"Dead Adventurer","floor":8,"gold_loss":0},{"damage_healed":0,"gold_gain":175,"player_choice":"AGREE","damage_taken":0,"max_hp_gain":0,"max_hp_loss":0,"event_name":"Liars Game","floor":11,"gold_loss":0,"cards_obtained":["Doubt"]},{"damage_healed":0,"gold_gain":0,"player_choice":"Opened","damage_taken":0,"relics_obtained":["Matryoshka"],"max_hp_gain":0,"max_hp_loss":0,"event_name":"The Mausoleum","floor":20,"gold_loss":0},{"damage_healed":0,"gold_gain":0,"player_choice":"Shed Blood","damage_taken":20,"max_hp_gain":5,"max_hp_loss":0,"event_name":"Forgotten Altar","floor":21,"gold_loss":0},{"cards_removed":["Doubt"],"damage_healed":0,"gold_gain":0,"player_choice":"Removed Curses","damage_taken":0,"max_hp_gain":0,"max_hp_loss":0,"event_name":"Fountain of Cleansing","floor":22,"gold_loss":0},{"cards_removed":["Clumsy"],"damage_healed":0,"gold_gain":0,"player_choice":"Gave Gold","damage_taken":0,"max_hp_gain":0,"max_hp_loss":0,"event_name":"Beggar","floor":27,"gold_loss":75},{"damage_healed":0,"gold_gain":0,"player_choice":"Traded Relic","damage_taken":0,"relics_obtained":["Nloth\u0027s Gift"],"max_hp_gain":0,"max_hp_loss":0,"event_name":"N\u0027loth","floor":28,"relics_lost":["Cursed Key"],"gold_loss":0}],"is_beta":false,"boss_relics":[{"not_picked":["Black Star","Astrolabe"],"picked":"Cursed Key"}],"items_purged_floors":[],"is_endless":false,"potions_floor_spawned":[1,8,10,14,18,25],"killed_by":"Snecko","ascension_level":2}}