{"host":"v9ordiuf4xzdpttp","time":1610238967,"event":{"mods":["AchievementEnabler","Act Like it!","AlwaysNeverKeys","Aspiration","Bard","Bartender","BaseMod","Better Third Choice","Better Vampires","BetterRewards","Colored Map","Conspire","Dio Mod","Downfall","Energized Spire","Gold Saver","GungeonMod","Halation","Hubris","Infinite Spire","Ironclad Rager","Jedi Mod","Marked Mod","Melee Mod","Minty Spire (QoL Compilation)","Pale of the Ancients","Remove Card Discount Mod","Replay The Spire","Robot Space Explorer","SOS???????","Shop Mod","Small Relic Pack","Somnambulant","Spicy Shops","StSLib","The Bladedancer","The Bug Knight","The Construct","The Death Knight","The Exalted","The Hayseed","The Hierophant","The Jungle","The Mystic","The Runesmith","The Saiyan","The Senshi","The Servant 0.9.4","The Wild Card","TheBandit","vexMod","??????REMEMod"],"gold_per_floor":[519,594,594,7,25,53,66,108,108,108,120,138,156,170,170,295,295,312,312,312],"floor_reached":19,"playtime":1324,"items_purged":[],"score":173,"play_id":"4c8f3ca4-5c16-4afa-a3ab-ca69f901ffdf","local_time":"20210109193607","is_ascension_mode":false,"campfire_choices":[{"floor":15.0,"key":"REST"}],"circlet_count":0,"master_deck":["Strike_G","Strike_G","Strike_G","Strike_G","Strike_G","Defend_G","Defend_G","Defend_G","Defend_G","Defend_G","Survivor","Neutralize","jedi:acidrain","Bromod:JaggedEdge","Bane","Replay:Bag of Tricks","Well Laid Plans","conspire:PoisonWeapons","Flying Knee","Poisoned Stab","Poisoned Stab","Prepared","Neutralize","Deadly Poison","Fluid Movement","jedi:collectorvenom","jedi:brewingpoison","Footwork+1"],"relics":["Ring of the Snake","REME_ComplimentaryCards","Bromod:ArcaneTempo","jedi:fakemustache","vexMod:Cooldron","HollowMod:PaleOreRelic"],"acts_visited":["Exordium","TheCity"],"potions_floor_usage":[],"damage_taken":[{"damage":0.0,"enemies":"2 Louse","floor":1.0,"turns":3.0},{"damage":6.0,"enemies":"Small Slimes","floor":5.0,"turns":4.0},{"damage":33.0,"enemies":"Gremlin Nob","floor":6.0,"turns":4.0},{"damage":0.0,"enemies":"Cultist","floor":7.0,"turns":2.0},{"damage":11.0,"enemies":"Large Slime","floor":8.0,"turns":5.0},{"damage":4.0,"enemies":"Blue Slaver","floor":11.0,"turns":3.0},{"damage":13.0,"enemies":"Red Slaver","floor":12.0,"turns":2.0},{"damage":0.0,"enemies":"Exordium Thugs","floor":13.0,"turns":2.0},{"damage":0.0,"enemies":"2 Fungi Beasts","floor":14.0,"turns":3.0},{"damage":10.0,"enemies":"The Guardian","floor":16.0,"turns":4.0},{"damage":29,"enemies":"Shell Parasite","floor":18,"turns":5},{"damage":44,"enemies":"Masked Bandits","floor":19,"turns":5}],"seed_played":"-8367186340742748574","potions_obtained":[{"floor":5.0,"key":"EntropicBrew"},{"floor":6.0,"key":"EntropicBrew"},{"floor":12.0,"key":"EntropicBrew"},{"floor":13.0,"key":"EntropicBrew"},{"floor":14.0,"key":"EntropicBrew"}],"is_trial":false,"path_per_floor":["M","?","?","$","M","E","M","M","T","?","M","M","M","M","R","B",null,"M","?"],"character_chosen":"THE_SILENT","items_purchased":["Replay:Bag of Tricks","jedi:fakemustache","vexMod:Cooldron","Adrenaline Potion","Well Laid Plans"],"campfire_rested":1,"item_purchase_floors":[4,4,4,4,4],"current_hp_per_floor":[70,59,56,70,64,31,31,20,20,20,16,3,3,3,24,14,70,41,0,0],"gold":312,"neow_bonus":"THREE_CARDS","is_daily":false,"chose_seed":false,"campfire_upgraded":0,"win_rate":0.0,"timestamp":1610238967,"path_taken":["M","?","?","$","M","E","M","M","T","?","M","?","M","M","R","BOSS","M","?"],"items_purchased_type":["Card","Relic","Relic","Potion","Card"],"build_version":"2020-12-22","purchased_purges":0,"victory":false,"max_hp_per_floor":[70,70,70,70,70,70,70,70,70,70,70,70,70,70,70,70,70,70,70,70],"card_choices":[{"not_picked":["PiercingWail","hubris:SlightOfHand"],"picked":"jedi:acidrain","floor":0.0},{"not_picked":["Dodge and Roll","Eviscerate"],"picked":"Bane","floor":1.0},{"not_picked":["Dagger Spray","Slice"],"picked":"conspire:PoisonWeapons","floor":5.0},{"not_picked":["Bane","Acrobatics"],"picked":"Flying Knee","floor":6.0},{"not_picked":["Deadly Poison","Hidden Blade"],"picked":"Poisoned Stab","floor":7.0},{"not_picked":["Dodge and Roll","hubris:SlightOfHand"],"picked":"Poisoned Stab","floor":8.0},{"not_picked":["Quick Slash","Outmaneuver"],"picked":"Deadly Poison","floor":11.0},{"not_picked":["Slice","Glass Knife"],"picked":"Fluid Movement","floor":12.0},{"not_picked":["Underhanded Strike","Sucker Punch"],"picked":"jedi:collectorvenom","floor":13.0},{"not_picked":["Deflect","Acrobatics"],"picked":"jedi:collectorvenom","floor":14.0},{"not_picked":["Unload","jedi:studyshivs"],"picked":"jedi:brewingpoison","floor":16.0},{"not_picked":["Sneak Up+1","Deflect+1"],"picked":"Footwork+1","floor":18}],"player_experience":265669,"relics_obtained":[{"floor":6.0,"key":"HollowMod:PaleOreRelic"}],"event_choices":[{"damage_healed":0.0,"max_hp_gain":0.0,"max_hp_loss":0.0,"gold_gain":75.0,"event_name":"betterThird:BetterGoop","player_choice":"Gold","floor":2.0,"gold_loss":0.0,"damage_taken":11.0},{"damage_healed":0.0,"max_hp_gain":0.0,"max_hp_loss":0.0,"gold_gain":0.0,"event_name":"betterThird:BetterScrap","player_choice":"Relic ","floor":3.0,"gold_loss":0.0,"damage_taken":3.0,"cards_obtained":["ReplayReversal"]},{"damage_healed":0.0,"max_hp_gain":0.0,"max_hp_loss":0.0,"gold_gain":0.0,"event_name":"Match and Keep!","player_choice":"2 cards matched","floor":10.0,"gold_loss":0.0,"damage_taken":0.0,"cards_obtained":["Prepared","Neutralize"]},{"damage_healed":0,"gold_gain":0,"player_choice":"Fought Bandits","damage_taken":0,"max_hp_gain":0,"max_hp_loss":0,"event_name":"Masked Bandits","floor":19,"gold_loss":0}],"is_beta":false,"boss_relics":[{"not_picked":["Honey Jar","halation:Risk","halation:SmartPhone"]}],"items_purged_floors":[],"is_endless":false,"potions_floor_spawned":[5,6,12,13,14],"killed_by":"Masked Bandits","ascension_level":0}}