{"host":"wha9hktbkslqvblg","time":1610243292,"event":{"mods":["BaseMod","Colored Map","Minty Spire (QoL Compilation)","Relic Stats","SuperFastMode","everything is the same but u backflip on backflip"],"gold_per_floor":[118,133,58,133,8,8,37,37,61,76,405,405,418,428,428,503,503,523,536,536,536,461,461,486,500,500,513,34,34,65,65,65,138,138,152,170,184,201,87,120,120,151,151,151,151,164,164,191,191,191,191],"floor_reached":50,"playtime":1175,"items_purged":["Strike_B"],"score":1356,"play_id":"b4c550d8-aa9f-40b8-8c1e-538dbfb0973b","local_time":"20210110104812","is_ascension_mode":true,"campfire_choices":[{"data":"Dualcast","floor":6.0,"key":"SMITH"},{"data":"Zap","floor":8.0,"key":"SMITH"},{"data":"Defragment","floor":15.0,"key":"SMITH"},{"data":"Defragment","floor":23.0,"key":"SMITH"},{"data":"Aggregate","floor":29.0,"key":"SMITH"},{"data":"Loop","floor":32.0,"key":"SMITH"},{"floor":49,"key":"RECALL"}],"circlet_count":0,"master_deck":["AscendersBane","Zap+1","Dualcast+1","Cold Snap","Ball Lightning","Auto Shields","Defragment+1","Capacitor","Biased Cognition","Force Field","Self Repair","Defragment+1","Storm","Aggregate+1","Chaos+1","Self Repair+1","Loop+1","Electrodynamics","Doubt","Skim"],"relics":["Cracked Core","NeowsBlessing","Incense Burner","Oddly Smooth Stone","Old Coin","Coffee Dripper","Vajra","DataDisk","Mummified Hand","Lee\u0027s Waffle","Toy Ornithopter","Pandora\u0027s Box","Meat on the Bone","Omamori","Shuriken"],"acts_visited":["Exordium","TheCity","TheBeyond"],"potions_floor_usage":[],"damage_taken":[{"damage":0.0,"enemies":"Cultist","floor":1.0,"turns":1.0},{"damage":0.0,"enemies":"Small Slimes","floor":2.0,"turns":1.0},{"damage":0.0,"enemies":"3 Sentries","floor":7.0,"turns":1.0},{"damage":0.0,"enemies":"Jaw Worm","floor":10.0,"turns":3.0},{"damage":4.0,"enemies":"Gremlin Nob","floor":11.0,"turns":4.0},{"damage":1.0,"enemies":"Blue Slaver","floor":13.0,"turns":2.0},{"damage":5.0,"enemies":"Exordium Wildlife","floor":14.0,"turns":4.0},{"damage":0.0,"enemies":"The Guardian","floor":16.0,"turns":12.0},{"damage":11.0,"enemies":"Shell Parasite","floor":18.0,"turns":4.0},{"damage":0.0,"enemies":"Spheric Guardian","floor":19.0,"turns":3.0},{"damage":51.0,"enemies":"Slavers","floor":24.0,"turns":5.0},{"damage":6.0,"enemies":"Cultist and Chosen","floor":25.0,"turns":6.0},{"damage":1.0,"enemies":"Snecko","floor":27.0,"turns":4.0},{"damage":18.0,"enemies":"Book of Stabbing","floor":30.0,"turns":4.0},{"damage":4.0,"enemies":"Champ","floor":33.0,"turns":7.0},{"damage":18.0,"enemies":"3 Darklings","floor":35.0,"turns":3.0},{"damage":21.0,"enemies":"Orb Walker","floor":36.0,"turns":4.0},{"damage":22.0,"enemies":"4 Shapes","floor":37.0,"turns":3.0},{"damage":18.0,"enemies":"Maw","floor":38.0,"turns":5.0},{"damage":63.0,"enemies":"Reptomancer","floor":40.0,"turns":4.0},{"damage":60.0,"enemies":"Nemesis","floor":42.0,"turns":5.0},{"damage":17.0,"enemies":"Spire Growth","floor":46.0,"turns":4.0},{"damage":9,"enemies":"Reptomancer","floor":48,"turns":5},{"damage":56,"enemies":"Awakened One","floor":50,"turns":3}],"seed_played":"8547947440705217277","potions_obtained":[{"floor":7.0,"key":"LiquidMemories"},{"floor":10.0,"key":"ColorlessPotion"},{"floor":14.0,"key":"DistilledChaos"},{"floor":18.0,"key":"Regen Potion"},{"floor":19.0,"key":"SpeedPotion"},{"floor":30.0,"key":"GamblersBrew"},{"floor":37.0,"key":"PotionOfCapacity"}],"is_trial":false,"path_per_floor":["M","M","?","?","$","R","E","R","T","M","E","?","M","M","R","B",null,"M","M","?","?","?","R","E","M","T","M","$","R","E","?","R","B",null,"M","M","M","M","$","E","?","E","T","?","?","M","?","E","R","B"],"character_chosen":"DEFECT","items_purchased":["Ball Lightning","Mummified Hand","Lee\u0027s Waffle","Loop","EssenceOfDarkness"],"campfire_rested":0,"item_purchase_floors":[5,28,28,28,39],"current_hp_per_floor":[64,64,64,53,53,53,53,53,53,53,49,49,48,43,43,43,64,53,53,53,53,53,53,23,24,24,23,78,78,67,67,67,78,78,77,73,73,72,72,26,78,47,47,47,47,64,64,72,72,16,16],"gold":191,"neow_bonus":"THREE_ENEMY_KILL","is_daily":false,"chose_seed":false,"campfire_upgraded":6,"win_rate":0.0,"timestamp":1610243292,"path_taken":["M","?","?","?","$","R","E","R","T","M","E","?","M","M","R","BOSS","M","M","?","?","?","R","E","M","T","?","$","R","E","?","R","BOSS","M","M","M","M","$","E","?","E","T","?","?","M","?","E","R","BOSS"],"items_purchased_type":["Card","Relic","Relic","Card","Potion"],"build_version":"2020-12-22","purchased_purges":1,"victory":false,"max_hp_per_floor":[71,71,71,71,71,71,71,71,71,71,71,71,71,71,71,71,71,71,71,71,71,71,71,71,71,71,71,78,78,78,78,78,78,78,78,78,78,78,78,78,78,78,78,78,78,78,78,78,78,78,78],"relic_stats":{"Lee\u0027s Waffle":55,"counters":[24,95],"Mummified Hand":[71],"Shuriken":[0],"Pandora\u0027s Box":["Barrage","Scrape","Sunder"],"obtain_stats":[{"Lee\u0027s Waffle":28,"NeowsBlessing":0,"Oddly Smooth Stone":9,"Vajra":24,"Incense Burner":7,"Omamori":42,"Old Coin":11,"DataDisk":26,"Mummified Hand":28,"Shuriken":48,"Pandora\u0027s Box":34,"Coffee Dripper":17,"Cracked Core":0,"Toy Ornithopter":30,"Meat on the Bone":40},{"Lee\u0027s Waffle":13,"NeowsBlessing":0,"Oddly Smooth Stone":3,"Vajra":11,"Incense Burner":3,"Omamori":21,"Old Coin":5,"DataDisk":12,"Mummified Hand":13,"Shuriken":23,"Pandora\u0027s Box":15,"Coffee Dripper":8,"Cracked Core":0,"Toy Ornithopter":14,"Meat on the Bone":20},{"Lee\u0027s Waffle":50,"NeowsBlessing":0,"Oddly Smooth Stone":3,"Vajra":40,"Incense Burner":3,"Omamori":84,"Old Coin":10,"DataDisk":46,"Mummified Hand":50,"Shuriken":92,"Pandora\u0027s Box":61,"Coffee Dripper":28,"Cracked Core":0,"Toy Ornithopter":54,"Meat on the Bone":79}],"Toy Ornithopter":10,"Meat on the Bone":24},"card_choices":[{"not_picked":["Steam","Turbo","Rip and Tear"],"picked":"SKIP","floor":1.0},{"not_picked":["Sweeping Beam","Redo"],"picked":"Cold Snap","floor":2.0},{"not_picked":["Compile Driver","Reboot"],"picked":"Auto Shields","floor":7.0},{"not_picked":["Conserve Battery","Redo"],"picked":"Cold Snap","floor":10.0},{"not_picked":["Conserve Battery","Coolheaded"],"picked":"Defragment","floor":11.0},{"not_picked":["Stack","Thunder Strike","Ball Lightning"],"picked":"SKIP","floor":13.0},{"not_picked":["Chill","Rebound"],"picked":"Capacitor","floor":14.0},{"not_picked":["Thunder Strike","Machine Learning"],"picked":"Biased Cognition","floor":16.0},{"not_picked":["Lockon","Leap"],"picked":"Force Field","floor":18.0},{"not_picked":["Steam","Fusion","Go for the Eyes"],"picked":"SKIP","floor":19.0},{"not_picked":["Hello World","Reinforced Body"],"picked":"Aggregate","floor":24.0},{"not_picked":["Sweeping Beam","Cold Snap"],"picked":"Chaos+1","floor":25.0},{"not_picked":["Melter+1","Hologram"],"picked":"Self Repair+1","floor":27.0},{"not_picked":["Cold Snap","Rainbow","Genetic Algorithm+1"],"picked":"SKIP","floor":30.0},{"not_picked":["Amplify","Seek"],"picked":"Electrodynamics","floor":33.0},{"not_picked":["Genetic Algorithm","Gash","Rip and Tear+1"],"picked":"SKIP","floor":35.0},{"not_picked":["Storm+1","Double Energy","Reprogram"],"picked":"SKIP","floor":36.0},{"not_picked":["Hologram","Redo","Stack"],"picked":"SKIP","floor":37.0},{"not_picked":["Barrage+1","Gash","Leap"],"picked":"SKIP","floor":38.0},{"not_picked":["Streamline","Sweeping Beam","Multi-Cast"],"picked":"SKIP","floor":40.0},{"not_picked":["Compile Driver+1","Cold Snap+1"],"picked":"Skim","floor":42.0},{"not_picked":["Gash+1","Auto Shields+1","Conserve Battery"],"picked":"SKIP","floor":46.0},{"not_picked":["Darkness","Blizzard","Static Discharge"],"picked":"SKIP","floor":48}],"player_experience":951251,"relics_obtained":[{"floor":7.0,"key":"Incense Burner"},{"floor":9.0,"key":"Oddly Smooth Stone"},{"floor":11.0,"key":"Old Coin"},{"floor":24.0,"key":"Vajra"},{"floor":26.0,"key":"DataDisk"},{"floor":30.0,"key":"Toy Ornithopter"},{"floor":40.0,"key":"Meat on the Bone"},{"floor":42.0,"key":"Omamori"},{"floor":48,"key":"Shuriken"}],"event_choices":[{"cards_removed":["Defend_B"],"damage_healed":0.0,"max_hp_gain":0.0,"max_hp_loss":0.0,"gold_gain":0.0,"event_name":"The Cleric","player_choice":"Card Removal","floor":3.0,"gold_loss":75.0,"damage_taken":0.0},{"damage_healed":0.0,"max_hp_gain":0.0,"max_hp_loss":0.0,"gold_gain":75.0,"event_name":"World of Goop","player_choice":"Gather Gold","floor":4.0,"gold_loss":0.0,"damage_taken":11.0},{"damage_healed":0.0,"max_hp_gain":0.0,"max_hp_loss":0.0,"gold_gain":0.0,"event_name":"Liars Game","player_choice":"Ignored","floor":12.0,"gold_loss":0.0,"damage_taken":0.0},{"damage_healed":0.0,"max_hp_gain":0.0,"max_hp_loss":0.0,"gold_gain":0.0,"event_name":"The Library","player_choice":"Read","floor":20.0,"gold_loss":0.0,"damage_taken":0.0,"cards_obtained":["Self Repair"]},{"damage_healed":0.0,"max_hp_gain":0.0,"max_hp_loss":0.0,"gold_gain":0.0,"cards_transformed":["Strike_B","Defend_B"],"event_name":"Drug Dealer","player_choice":"Became Test Subject","floor":21.0,"gold_loss":0.0,"damage_taken":0.0,"cards_obtained":["Defragment","Storm"]},{"cards_removed":["Defend_B"],"damage_healed":0.0,"max_hp_gain":0.0,"max_hp_loss":0.0,"gold_gain":0.0,"event_name":"Beggar","player_choice":"Gave Gold","floor":22.0,"gold_loss":75.0,"damage_taken":0.0},{"damage_healed":52.0,"max_hp_gain":0.0,"max_hp_loss":0.0,"gold_gain":0.0,"event_name":"MindBloom","player_choice":"Heal","floor":41.0,"gold_loss":0.0,"damage_taken":0.0,"cards_obtained":["Doubt"]},{"cards_removed":["Cold Snap"],"damage_healed":0.0,"max_hp_gain":0.0,"max_hp_loss":0.0,"gold_gain":0.0,"event_name":"Falling","player_choice":"Removed Attack","floor":44.0,"gold_loss":0.0,"damage_taken":0.0},{"damage_healed":0.0,"max_hp_gain":0.0,"max_hp_loss":0.0,"gold_gain":0.0,"event_name":"Tomb of Lord Red Mask","player_choice":"Ignored","floor":45.0,"gold_loss":0.0,"damage_taken":0.0},{"damage_healed":0,"gold_gain":0,"player_choice":"Ignored","damage_taken":0,"max_hp_gain":0,"max_hp_loss":0,"event_name":"Mysterious Sphere","floor":47,"gold_loss":0}],"is_beta":false,"boss_relics":[{"not_picked":["Snecko Eye","Tiny House"],"picked":"Coffee Dripper"},{"not_picked":["Velvet Choker","Cursed Key"],"picked":"Pandora\u0027s Box"}],"items_purged_floors":[5],"is_endless":false,"potions_floor_spawned":[7,10,14,16,18,19,30,37,40,42],"killed_by":"Awakened One","ascension_level":20}}