{"host":"9l4mw5jqza9qz9hr","time":1610271057,"event":{"mods":["AchievementEnabler","Always Whale","BaseMod","Colored Map","Minty Spire (QoL Compilation)","StSLib","SuperFastMode"],"gold_per_floor":[110,110,110,35,35,35,70,88,141,184,184,202,225,246,246,246,246],"floor_reached":16,"playtime":297,"items_purged":["Strike_B"],"score":203,"play_id":"a300f203-fdcc-4378-81f5-6247af5b5caf","local_time":"20210110183057","is_ascension_mode":true,"campfire_choices":[{"data":"Zap","floor":6,"key":"SMITH"},{"floor":11,"key":"REST"},{"data":"Beam Cell","floor":15,"key":"SMITH"}],"circlet_count":0,"master_deck":["AscendersBane","Strike_B","Strike_B","Defend_B","Defend_B","Defend_B","Defend_B","Zap+1","Dualcast","Gash","Reinforced Body","Go for the Eyes","Beam Cell+1","Genetic Algorithm","Hologram"],"relics":["Cracked Core","NeowsBlessing","Golden Idol","Mercury Hourglass","Frozen Egg 2","Pen Nib","Anchor"],"acts_visited":["Exordium"],"potions_floor_usage":[16,16],"damage_taken":[{"damage":0,"enemies":"Jaw Worm","floor":1,"turns":1},{"damage":0,"enemies":"Gremlin Nob","floor":7,"turns":1},{"damage":0,"enemies":"2 Louse","floor":8,"turns":1},{"damage":31,"enemies":"Lagavulin","floor":10,"turns":8},{"damage":0,"enemies":"Cultist","floor":12,"turns":3},{"damage":1,"enemies":"3 Louse","floor":13,"turns":3},{"damage":0,"enemies":"Large Slime","floor":14,"turns":5},{"damage":39,"enemies":"Slime Boss","floor":16,"turns":8}],"seed_played":"-3538489246632804164","potions_obtained":[{"floor":10,"key":"SneckoOil"},{"floor":13,"key":"Block Potion"}],"is_trial":false,"path_per_floor":["M","?","?","$","T","R","E","M","T","E","R","M","M","M","R","B"],"character_chosen":"DEFECT","items_purchased":[],"campfire_rested":1,"item_purchase_floors":[],"current_hp_per_floor":[68,50,43,43,43,43,43,43,43,12,34,34,33,33,33,0,0],"gold":246,"neow_bonus":"THREE_ENEMY_KILL","is_daily":false,"chose_seed":false,"campfire_upgraded":2,"win_rate":0.0,"timestamp":1610271057,"path_taken":["M","?","?","?","?","R","E","M","T","E","R","?","M","M","R","BOSS"],"items_purchased_type":[],"build_version":"2020-12-22","purchased_purges":1,"victory":false,"max_hp_per_floor":[75,75,75,75,75,75,75,75,75,75,75,75,75,75,75,75,75],"card_choices":[{"not_picked":["Streamline","BootSequence"],"picked":"Gash","floor":1},{"not_picked":["Barrage","Double Energy"],"picked":"Reinforced Body","floor":7},{"not_picked":["Compile Driver","Tempest"],"picked":"Go for the Eyes","floor":8},{"not_picked":["Streamline","Doom and Gloom"],"picked":"Beam Cell","floor":10},{"not_picked":["Reprogram","Hello World+1"],"picked":"Genetic Algorithm","floor":12},{"not_picked":["Loop+1","Meteor Strike"],"picked":"Hologram","floor":13},{"not_picked":["Rip and Tear","Beam Cell","Stack"],"picked":"SKIP","floor":14}],"player_experience":204921,"relics_obtained":[{"floor":5,"key":"Mercury Hourglass"},{"floor":7,"key":"Frozen Egg 2"},{"floor":9,"key":"Pen Nib"},{"floor":10,"key":"Anchor"}],"event_choices":[{"damage_healed":0,"gold_gain":0,"player_choice":"Take Damage","damage_taken":18,"relics_obtained":["Golden Idol"],"max_hp_gain":0,"max_hp_loss":0,"event_name":"Golden Idol","floor":2,"gold_loss":0},{"cards_removed":["Strike_B"],"damage_healed":0,"gold_gain":0,"player_choice":"Card Removal","damage_taken":7,"max_hp_gain":0,"max_hp_loss":0,"event_name":"Golden Wing","floor":3,"gold_loss":0}],"is_beta":false,"boss_relics":[],"items_purged_floors":[4],"is_endless":false,"potions_floor_spawned":[10,13],"killed_by":"Slime Boss","ascension_level":10}}