{"host":"3pw9u83bdp0tylwm","time":1610322462,"event":{"mods":["AchievementEnabler","BaseMod","Colored Map","Filter the Spire","Minty Spire (QoL Compilation)","Relic Stats","Slay the Relics Exporter","StSLib"],"gold_per_floor":[110,110,127,186,186,215,215,243,243,278,278,278,195,211,211,283,583,600,617,628,628,657,682,682,717,717,742,742,757,772,772,772,849,849,869,889,889,810,810,810,836,856,856,881,895,930,595,607,607,607,607,607,607,225,255,255],"floor_reached":57,"playtime":2009,"items_purged":[],"score":3932,"play_id":"86e6761d-4f3b-4eb3-b34e-805a67293182","local_time":"20210110174742","is_ascension_mode":true,"campfire_choices":[{"floor":7.0,"key":"REST"},{"floor":12.0,"key":"REST"},{"data":"JustLucky","floor":15.0,"key":"SMITH"},{"data":"Adaptation","floor":24.0,"key":"SMITH"},{"floor":32.0,"key":"RECALL"},{"data":"MentalFortress","floor":40.0,"key":"SMITH"}],"circlet_count":0,"master_deck":["AscendersBane","FearNoEvil+1","Tantrum+1","Adaptation+1","JustLucky+1","CurseOfTheBell","MentalFortress+1"],"relics":["PureWater","WingedGreaves","HornCleat","Akabeko","Bag of Preparation","Kunai","Shuriken","Calling Bell","MealTicket","Ornamental Fan","Old Coin","Red Mask","Omamori","Orichalcum","InkBottle","Coffee Dripper","Mango","Pear","Damaru","Pantograph","Pen Nib","Cauldron","Lantern","Boot","Mercury Hourglass","Medical Kit"],"acts_visited":["Exordium","TheCity","TheBeyond","TheEnding"],"potions_floor_usage":[56,56,56,56],"damage_taken":[{"damage":0.0,"enemies":"Small Slimes","floor":1.0,"turns":1.0},{"damage":0.0,"enemies":"Cultist","floor":3.0,"turns":2.0},{"damage":0.0,"enemies":"Gremlin Nob","floor":6.0,"turns":2.0},{"damage":0.0,"enemies":"Lagavulin","floor":8.0,"turns":2.0},{"damage":6.0,"enemies":"3 Sentries","floor":10.0,"turns":3.0},{"damage":0.0,"enemies":"2 Louse","floor":14.0,"turns":1.0},{"damage":0.0,"enemies":"Hexaghost","floor":16.0,"turns":2.0},{"damage":0.0,"enemies":"Spheric Guardian","floor":18.0,"turns":1.0},{"damage":0.0,"enemies":"3 Byrds","floor":19.0,"turns":1.0},{"damage":0.0,"enemies":"Centurion and Healer","floor":20.0,"turns":2.0},{"damage":0.0,"enemies":"Masked Bandits","floor":22.0,"turns":2.0},{"damage":0.0,"enemies":"Gremlin Leader","floor":23.0,"turns":3.0},{"damage":0.0,"enemies":"Book of Stabbing","floor":25.0,"turns":1.0},{"damage":0.0,"enemies":"Slavers","floor":27.0,"turns":1.0},{"damage":0.0,"enemies":"Chosen and Byrds","floor":29.0,"turns":3.0},{"damage":0.0,"enemies":"Shelled Parasite and Fungi","floor":30.0,"turns":2.0},{"damage":0.0,"enemies":"Collector","floor":33.0,"turns":2.0},{"damage":34.0,"enemies":"3 Shapes","floor":35.0,"turns":3.0},{"damage":0.0,"enemies":"3 Darklings","floor":36.0,"turns":2.0},{"damage":0.0,"enemies":"Giant Head","floor":41.0,"turns":3.0},{"damage":0.0,"enemies":"Writhing Mass","floor":42.0,"turns":4.0},{"damage":0.0,"enemies":"Reptomancer","floor":44.0,"turns":2.0},{"damage":0.0,"enemies":"Maw","floor":45.0,"turns":2.0},{"damage":0.0,"enemies":"Giant Head","floor":46.0,"turns":1.0},{"damage":2.0,"enemies":"Sphere and 2 Shapes","floor":48.0,"turns":2.0},{"damage":0.0,"enemies":"Time Eater","floor":50.0,"turns":4.0},{"damage":0.0,"enemies":"Donu and Deca","floor":51.0,"turns":2.0},{"damage":0.0,"enemies":"Shield and Spear","floor":55.0,"turns":1.0},{"damage":0,"enemies":"The Heart","floor":56,"turns":5}],"seed_played":"5736180037966062582","potions_obtained":[{"floor":3.0,"key":"Block Potion"},{"floor":6.0,"key":"Weak Potion"},{"floor":14.0,"key":"CultistPotion"},{"floor":30.0,"key":"Explosive Potion"},{"floor":47.0,"key":"FearPotion"},{"floor":47.0,"key":"Block Potion"}],"is_trial":false,"path_per_floor":["M","?","M","?","?","E","R","E","T","E","?","R","$","M","R","B",null,"M","M","M","?","?","E","R","E","T","E","?","M","M","?","R","B",null,"M","M","?","$","?","R","E","M","T","E","M","E","$","M","R","B","B",null,"R","$","E","B",null],"character_chosen":"WATCHER","items_purchased":["Adaptation","MentalFortress","Pen Nib","Cauldron","Lantern","Boot","Dexterity Potion"],"campfire_rested":2,"item_purchase_floors":[13,38,47,47,54,54,54],"current_hp_per_floor":[43,43,43,43,38,38,58,58,58,52,48,68,68,68,68,68,68,68,68,68,68,68,68,68,68,68,68,68,68,68,68,68,68,68,34,34,34,49,63,63,77,77,87,87,87,87,92,90,90,92,92,92,92,92,92,92],"gold":255,"neow_bonus":"ONE_RARE_RELIC","is_daily":false,"chose_seed":false,"campfire_upgraded":3,"win_rate":0.0,"timestamp":1610322462,"path_taken":["M","?","?","?","?","E","R","E","T","E","?","R","$","M","R","BOSS","M","?","M","?","?","E","R","E","T","E","?","?","M","?","R","BOSS","M","M","?","$","?","R","E","M","T","E","M","E","$","M","R","BOSS","BOSS","R","$","E","BOSS"],"items_purchased_type":["Card","Card","Relic","Relic","Relic","Relic","Potion"],"build_version":"2020-12-22","purchased_purges":0,"victory":true,"max_hp_per_floor":[68,68,68,68,68,68,68,68,68,68,68,68,68,68,68,68,68,68,68,68,68,68,68,68,68,68,68,68,68,68,68,68,68,68,68,68,68,68,68,68,82,82,92,92,92,92,92,92,92,92,92,92,92,92,92,92],"card_choices":[{"not_picked":["EmptyFist","EmptyBody","Tantrum"],"picked":"SKIP","floor":1.0},{"not_picked":["Swivel","Consecrate","Prostrate"],"picked":"SKIP","floor":3.0},{"not_picked":["FlyingSleeves","JustLucky","InnerPeace"],"picked":"SKIP","floor":6.0},{"not_picked":["Consecrate","Crescendo","PathToVictory"],"picked":"SKIP","floor":8.0},{"not_picked":["BattleHymn","ForeignInfluence","CrushJoints"],"picked":"SKIP","floor":10.0},{"not_picked":["Prostrate","Evaluate"],"picked":"JustLucky","floor":14.0},{"not_picked":["EmptyMind","PathToVictory","WindmillStrike+1"],"picked":"SKIP","floor":18.0},{"not_picked":["LikeWater","Sanctity","ThirdEye"],"picked":"SKIP","floor":19.0},{"not_picked":["CrushJoints","FlyingSleeves","CarveReality"],"picked":"SKIP","floor":20.0},{"not_picked":["EmptyFist","JustLucky+1","Prostrate"],"picked":"SKIP","floor":23.0},{"not_picked":["EmptyFist","LikeWater","JustLucky"],"picked":"SKIP","floor":25.0},{"not_picked":["SignatureMove","FollowUp","Conclude"],"picked":"SKIP","floor":27.0},{"not_picked":["SashWhip","EmptyFist","WheelKick"],"picked":"SKIP","floor":29.0},{"not_picked":["Conclude","Protect","FlyingSleeves"],"picked":"SKIP","floor":30.0},{"not_picked":["JustLucky","Evaluate+1","Crescendo"],"picked":"SKIP","floor":35.0},{"not_picked":["Perseverance","SandsOfTime+1","BattleHymn"],"picked":"SKIP","floor":36.0},{"not_picked":["CutThroughFate","FollowUp","Evaluate"],"picked":"SKIP","floor":41.0},{"not_picked":["WindmillStrike","Protect+1","Wallop"],"picked":"SKIP","floor":42.0},{"not_picked":["ClearTheMind+1","FlyingSleeves","SashWhip"],"picked":"SKIP","floor":44.0},{"not_picked":["Perseverance","Halt+1","Swivel+1"],"picked":"SKIP","floor":45.0},{"not_picked":["CarveReality","Halt","Wish"],"picked":"SKIP","floor":46.0},{"not_picked":["CrushJoints+1","EmptyMind","Fasting2"],"picked":"SKIP","floor":48.0},{"not_picked":["Perseverance","ForeignInfluence+1","ThirdEye"],"picked":"SKIP","floor":55.0}],"player_experience":713083,"relics_obtained":[{"floor":6.0,"key":"HornCleat"},{"floor":8.0,"key":"Akabeko"},{"floor":9.0,"key":"Bag of Preparation"},{"floor":10.0,"key":"Kunai"},{"floor":17.0,"key":"MealTicket"},{"floor":17.0,"key":"Ornamental Fan"},{"floor":17.0,"key":"Old Coin"},{"floor":22.0,"key":"Red Mask"},{"floor":23.0,"key":"Omamori"},{"floor":25.0,"key":"Orichalcum"},{"floor":27.0,"key":"InkBottle"},{"floor":41.0,"key":"Mango"},{"floor":43.0,"key":"Pear"},{"floor":44.0,"key":"Damaru"},{"floor":46.0,"key":"Pantograph"},{"floor":55.0,"key":"Mercury Hourglass"}],"event_choices":[{"damage_healed":0.0,"max_hp_gain":0.0,"max_hp_loss":0.0,"gold_gain":0.0,"event_name":"Purifier","player_choice":"Ignored","floor":2.0,"gold_loss":0.0,"damage_taken":0.0},{"damage_healed":0.0,"max_hp_gain":0.0,"max_hp_loss":0.0,"gold_gain":59.0,"event_name":"Golden Wing","player_choice":"Gained Gold","floor":4.0,"gold_loss":0.0,"damage_taken":0.0},{"damage_healed":0.0,"max_hp_gain":0.0,"max_hp_loss":0.0,"gold_gain":0.0,"event_name":"Scrap Ooze","player_choice":"Fled","floor":5.0,"gold_loss":0.0,"damage_taken":5.0},{"damage_healed":0.0,"max_hp_gain":0.0,"max_hp_loss":0.0,"gold_gain":0.0,"event_name":"The Woman in Blue","player_choice":"Bought 0 Potions","floor":11.0,"gold_loss":0.0,"damage_taken":0.0},{"damage_healed":0.0,"max_hp_gain":0.0,"max_hp_loss":0.0,"gold_gain":0.0,"event_name":"Vampires","player_choice":"Ignored","floor":21.0,"gold_loss":0.0,"damage_taken":0.0},{"damage_healed":0.0,"max_hp_gain":0.0,"max_hp_loss":0.0,"gold_gain":0.0,"event_name":"Masked Bandits","player_choice":"Fought Bandits","floor":22.0,"gold_loss":0.0,"damage_taken":0.0},{"damage_healed":0.0,"max_hp_gain":0.0,"max_hp_loss":0.0,"gold_gain":0.0,"event_name":"Back to Basics","player_choice":"Simplicity","floor":28.0,"gold_loss":0.0,"damage_taken":0.0,"cards_upgraded":[]},{"damage_healed":0.0,"max_hp_gain":0.0,"max_hp_loss":0.0,"gold_gain":0.0,"event_name":"Forgotten Altar","player_choice":"Smashed Altar","floor":31.0,"gold_loss":0.0,"damage_taken":0.0,"cards_obtained":["Decay"]},{"cards_removed":["Adaptation"],"damage_healed":0.0,"max_hp_gain":0.0,"max_hp_loss":0.0,"gold_gain":0.0,"event_name":"Falling","player_choice":"Removed Power","floor":37.0,"gold_loss":0.0,"damage_taken":0.0},{"damage_healed":14.0,"max_hp_gain":0.0,"max_hp_loss":0.0,"gold_gain":0.0,"event_name":"Winding Halls","player_choice":"Writhe","floor":39.0,"gold_loss":0.0,"damage_taken":0.0,"cards_obtained":["Writhe"]}],"is_beta":false,"boss_relics":[{"not_picked":["Snecko Eye","Pandora\u0027s Box"],"picked":"Calling Bell"},{"not_picked":["Velvet Choker","Empty Cage"],"picked":"Coffee Dripper"}],"items_purged_floors":[],"is_endless":false,"potions_floor_spawned":[3,6,14,19,23,27,29,30,35,41,45],"ascension_level":20}}