{"host":"egwexuw5uvnxf11j","time":1610316432,"event":{"mods":["2.2 Compatiblity","Aspiration","BaseMod","Better Altar","Better Note","Better Sensory Stone","Better Third Choice","Displayed Cursed Tome","Downfall","Hermit","Key Reminder","Koishi","Marisa????????","Minty Spire (QoL Compilation)","Quick Restart","Shade Mod","Spicy Shops","StSLib","The Construct","The Cursed","The Hierophant","The Runesmith","The Senshi","The Servant 0.9.4","Transform Curses"],"gold_per_floor":[109,3,78,27,38,38,38,51,77,92,127,127,152,162,162,257,257,277,46,44,44,44],"floor_reached":21,"playtime":724,"items_purged":[],"score":206,"play_id":"af68d863-5cc5-4306-af7a-a93fd1a4b6b1","local_time":"20210110170712","is_ascension_mode":true,"campfire_choices":[{"floor":12,"key":"REST"},{"floor":15,"key":"REST"}],"circlet_count":0,"master_deck":["Koishi:BasicStrike","Koishi:BasicStrike","Koishi:BasicStrike","Koishi:BasicStrike","Koishi:BasicDefend","Koishi:BasicDefend","Koishi:BasicDefend","Koishi:BasicDefend","Koishi:Provoke","Koishi:HauntingSlash","Koishi:HeartStoppingHorror","Koishi:CatchAndRose","Koishi:StingingMind","Koishi:RacingHeart","Koishi:PhantomStrike","Apotheosis+1","Parasite","Koishi:Jaunt","Koishi:HeartfeltFancy","Koishi:HeartStoppingHorror","Koishi:VengefulSpirit","Koishi:MentalBreakdown","Koishi:CatchAndRose","Koishi:Untouchable","Koishi:CatchAndRose+1"],"relics":["Koishi:ImaginaryFriend","Potion Belt","Art of War","keyreminder:keyreminder","Runesmith:UraniumAnvil","Bronze Scales"],"acts_visited":["Exordium","TheCity"],"potions_floor_usage":[11,16],"damage_taken":[{"damage":4,"enemies":"Jaw Worm","floor":1,"turns":7},{"damage":1,"enemies":"Small Slimes","floor":5,"turns":4},{"damage":0,"enemies":"2 Louse","floor":8,"turns":2},{"damage":39,"enemies":"Exordium Thugs","floor":10,"turns":5},{"damage":28,"enemies":"Lagavulin","floor":11,"turns":5},{"damage":12,"enemies":"Large Slime","floor":14,"turns":5},{"damage":29,"enemies":"The Guardian","floor":16,"turns":8},{"damage":26,"enemies":"Shell Parasite","floor":18,"turns":6},{"damage":30,"enemies":"2 Thieves","floor":20,"turns":4},{"damage":21,"enemies":"Snake Plant","floor":21,"turns":2}],"seed_played":"3491001704930890596","potions_obtained":[{"floor":5,"key":"Dexterity Potion"},{"floor":14,"key":"sneckomod:MuddlingPotion"},{"floor":20,"key":"Ancient Potion"}],"is_trial":false,"path_per_floor":["M","$","?","$","M","?","?","M","T","M","E","R","T","M","R","B",null,"M","$","M","M"],"character_chosen":"KOISHI","items_purchased":["Koishi:StingingMind","Koishi:RacingHeart","Koishi:Untouchable","Bronze Scales"],"campfire_rested":2,"item_purchase_floors":[2,4,19,19],"current_hp_per_floor":[59,59,48,48,48,48,60,60,60,31,24,42,42,30,48,36,60,45,45,16,0,0],"gold":44,"neow_bonus":"ONE_RANDOM_RARE_CARD","is_daily":false,"chose_seed":false,"campfire_upgraded":0,"win_rate":0.0,"timestamp":1610316432,"path_taken":["M","$","?","$","M","?","?","M","T","M","E","R","?","M","R","BOSS","M","$","M","M"],"items_purchased_type":["Card","Card","Card","Relic"],"build_version":"2020-12-22","purchased_purges":0,"victory":false,"max_hp_per_floor":[60,60,60,60,60,60,60,60,60,60,60,60,60,60,60,60,60,60,60,60,60,60],"card_choices":[{"not_picked":["Koishi:DNAsFlaw","Koishi:ReflexRadar"],"picked":"Koishi:CatchAndRose","floor":1},{"not_picked":["Koishi:SubterraneanRose","Koishi:Jaunt"],"picked":"Koishi:PhantomStrike","floor":5},{"not_picked":["Koishi:UnconsciousUprising","Koishi:EmbersOfLove"],"picked":"Koishi:Jaunt","floor":8},{"not_picked":["Koishi:Bloodlust","Koishi:ReflexRadar"],"picked":"Koishi:HeartfeltFancy","floor":10},{"not_picked":["Koishi:PhantomBarrier","Koishi:FleetingPhantom"],"picked":"Koishi:HeartStoppingHorror","floor":11},{"not_picked":["Koishi:PhantomBarrier","Koishi:Bloodlust"],"picked":"Koishi:VengefulSpirit","floor":14},{"not_picked":["Koishi:Ego","Koishi:RollingInRichesHeart"],"picked":"Koishi:MentalBreakdown","floor":16},{"not_picked":["Koishi:SubterraneanRose+1","Koishi:MindNumbingTerror"],"picked":"Koishi:CatchAndRose","floor":18},{"not_picked":["Koishi:IdleWhim","Koishi:SprinkleStarAndHeart"],"picked":"Koishi:CatchAndRose+1","floor":20}],"player_experience":2189713,"relics_obtained":[{"floor":9,"key":"Potion Belt"},{"floor":11,"key":"Art of War"}],"event_choices":[{"damage_healed":0,"gold_gain":75,"player_choice":"Gold","damage_taken":11,"max_hp_gain":0,"max_hp_loss":0,"event_name":"betterThird:BetterGoop","floor":3,"gold_loss":0},{"damage_healed":48,"gold_gain":0,"player_choice":"Embrace","damage_taken":0,"max_hp_gain":0,"max_hp_loss":60,"event_name":"betterThird:BetterShining","floor":6,"gold_loss":0},{"damage_healed":15,"gold_gain":0,"player_choice":"Healed and dodged fight","damage_taken":0,"max_hp_gain":0,"max_hp_loss":0,"event_name":"Mushrooms","floor":7,"gold_loss":0,"cards_obtained":["Parasite"]}],"is_beta":false,"boss_relics":[{"not_picked":["Sozu","Velvet Choker"],"picked":"Runesmith:UraniumAnvil"}],"items_purged_floors":[],"is_endless":false,"potions_floor_spawned":[5,14,20],"killed_by":"Snake Plant","ascension_level":3}}