{"host":"bplbr8uekuotory4","time":1610284758,"event":{"mods":["Act Like it!","BaseMod","Custom Start","Gensokyo","GungeonMod","Hermit","KinomotoSakuraMod(木之本樱)","Koishi","Marisa（F雨　魔理沙）","Minty Spire (QoL Compilation)","Prisma Mod","Quick Restart","Reimu（博丽灵梦）","SOS（斯巴达之子）","Spicy Shops","StSLib","TestMod","The Alterego","The Blackbeard","The Cursed","The Marked","The Mystic","The Runesmith","The Saiyan","The Servant 0.9.4","Yuri Mod","[IsaacMod]以撒尖塔","vexMod"],"gold_per_floor":[175,175,190,190,25,25,57,57,82,82,127,153,163,163,163,264,264,284,209,5,17,153,153,190,190,216,238,261,261,261,261,261,374,374,392,419,719,749,214,262,293,336,336,336,186,186,210,250,250,265,265,265,66,105,139],"floor_reached":56,"playtime":1747,"items_purged":["theMarked:Defend","theMarked:Defend","theMarked:Strike","theMarked:Strike","theMarked:Defend"],"score":1809,"play_id":"6aa31cb6-e787-4a6e-8b03-c75df071d237","local_time":"20210110211918","is_ascension_mode":false,"campfire_choices":[{"data":"1","floor":6.0,"key":"LIFT"},{"data":"2","floor":8.0,"key":"LIFT"},{"data":"3","floor":15.0,"key":"LIFT"},{"data":"theMarked:SoldierOfQuellstein","floor":23,"key":"SMITH"},{"data":"theMarked:StartUp","floor":30,"key":"SMITH"},{"data":"theMarked:TwofoldDefense","floor":32,"key":"SMITH"},{"data":"theMarked:Challenge","floor":44,"key":"SMITH"},{"floor":49,"key":"RECALL"},{"data":"theMarked:FavorableWinds","floor":52,"key":"SMITH"}],"circlet_count":0,"master_deck":["theMarked:Strike","theMarked:Strike","theMarked:Defend","theMarked:SoldierOfQuellstein+1","theMarked:ParalyzingBlade+1","theMarked:WardOff","theMarked:SoldierForm+1","theMarked:FavorableWinds+1","theMarked:StartUp+1","theMarked:TwofoldDefense+1","theMarked:Improvise+1","theMarked:Challenge+1","theMarked:Aftermath","theMarked:MysticalArsenal+1"],"relics":["theMarked:ArtifactOfAir","testmod-TestBox","HushsDoor","testmod-PortableAltar","NeowsBlessing","BloodDonationBag","Frozen Egg 2","Girya","Akabeko","Art of War","DoctorsRemote","Toy Ornithopter","testmod-DeterminationOfClimber","Chaos","DemoMod:GlassGuonStoneRelic","testmod-CyclicPeriapt","Runesmith:Locket","alterego_mod:FleetingLove","Thread and Needle","GuppysHairball","Bag of Preparation","Mastiff:ReiMu","HandDrill","Sundial","vexMod:CursedCompass","Turnip","Lee\u0027s Waffle","testmod-CasingShield"],"acts_visited":["Exordium","TheCity","TheBeyond","TheEnding"],"potions_floor_usage":[16,33,50,55,55],"damage_taken":[{"damage":1.0,"enemies":"Cultist","floor":1.0,"turns":1.0},{"damage":1.0,"enemies":"Jaw Worm","floor":3.0,"turns":1.0},{"damage":0.0,"enemies":"Lagavulin","floor":7.0,"turns":1.0},{"damage":9.0,"enemies":"3 Sentries","floor":12.0,"turns":5.0},{"damage":1.0,"enemies":"Small Slimes","floor":13.0,"turns":2.0},{"damage":3,"enemies":"The Guardian","floor":16,"turns":6},{"damage":1,"enemies":"2 Thieves","floor":18,"turns":4},{"damage":1,"enemies":"Chosen","floor":21,"turns":3},{"damage":0,"enemies":"Gremlin Leader","floor":24,"turns":3},{"damage":0,"enemies":"Sentry and Sphere","floor":27,"turns":2},{"damage":0,"enemies":"Shelled Parasite and Fungi","floor":28,"turns":1},{"damage":0,"enemies":"Collector","floor":33,"turns":4},{"damage":0,"enemies":"Orb Walker","floor":35,"turns":2},{"damage":0,"enemies":"3 Darklings","floor":36,"turns":2},{"damage":0,"enemies":"Transient","floor":38,"turns":5},{"damage":0,"enemies":"Nemesis","floor":40,"turns":1},{"damage":0,"enemies":"Writhing Mass","floor":41,"turns":1},{"damage":0,"enemies":"Reptomancer","floor":42,"turns":2},{"damage":0,"enemies":"Jaw Worm Horde","floor":47,"turns":1},{"damage":0,"enemies":"Nemesis","floor":48,"turns":1},{"damage":0,"enemies":"Donu and Deca","floor":50,"turns":1},{"damage":0,"enemies":"Shield and Spear","floor":54,"turns":1},{"damage":4,"enemies":"The Heart","floor":55,"turns":4}],"seed_played":"2698495519677143885","potions_obtained":[{"floor":1.0,"key":"GrandPatriotsElixir:ReiMu"},{"floor":7.0,"key":"LiquidBronze"},{"floor":12.0,"key":"FearPotion"},{"floor":24,"key":"Energy Potion"},{"floor":35,"key":"DistilledChaos"}],"is_trial":false,"path_per_floor":["M","?","M","?","$","R","E","R","T","?","T","E","M","?","R","B",null,"M","?","$","M","?","R","E","?","T","M","M","?","R","?","R","B",null,"M","M","?","M","$","E","M","E","T","R","$","?","M","E","R","B",null,"R","$","E","B",null],"character_chosen":"THE_DEFAULT","items_purchased":["Girya","Chaos","DemoMod:LeadSkinPotion","GuppysHairball","Bag of Preparation","Mastiff:ReiMu","Lee\u0027s Waffle","SkillPotion"],"campfire_rested":0,"item_purchase_floors":[5,20,20,34,39,39,53,53],"current_hp_per_floor":[55,55,54,51,51,51,51,51,51,36,36,27,26,26,26,28,53,51,51,50,49,18,18,24,24,24,30,34,34,34,34,34,37,21,20,19,18,17,16,15,14,13,12,11,10,8,7,6,5,4,3,2,8,7,6],"gold":139,"neow_bonus":"THREE_ENEMY_KILL","is_daily":false,"chose_seed":false,"campfire_upgraded":5,"win_rate":0.0,"timestamp":1610284758,"path_taken":["M","?","M","?","$","R","E","R","T","?","?","E","?","?","R","BOSS","M","?","$","M","?","R","E","?","T","M","?","?","R","?","R","BOSS","M","M","?","M","$","E","M","E","T","R","$","?","M","E","R","BOSS","R","$","E","BOSS"],"items_purchased_type":["Relic","Card","Undefined","Relic","Relic","Relic","Relic","Potion"],"build_version":"2020-12-22","purchased_purges":5,"victory":true,"max_hp_per_floor":[69,68,67,66,65,64,63,62,61,60,59,58,57,56,55,54,53,52,51,50,49,48,47,46,45,44,43,42,41,40,39,38,37,21,20,19,18,17,16,15,14,13,12,11,10,8,7,6,5,4,3,2,8,7,6],"card_choices":[{"not_picked":["theMarked:ResourceFulStrike","theMarked:EmpowerWeapon"],"picked":"theMarked:ParalyzingBlade","floor":1.0},{"not_picked":["theMarked:Frustration","theMarked:BanishingStrike","theMarked:TwofoldDefense"],"picked":"SKIP","floor":3.0},{"not_picked":["theMarked:Frustration","theMarked:BanishingStrike"],"picked":"theMarked:WardOff","floor":7.0},{"not_picked":["theMarked:Panic","theMarked:Parkour"],"picked":"theMarked:SoldierForm+1","floor":12.0},{"not_picked":["theMarked:Convert","theMarked:Electrify","theMarked:Reabsorb"],"picked":"SKIP","floor":13.0},{"not_picked":["theMarked:ThrowWeapon","theMarked:SuspiciousRaven"],"picked":"theMarked:FavorableWinds","floor":16},{"not_picked":["theMarked:Generate","theMarked:TakeCover","theMarked:Frustration"],"picked":"SKIP","floor":18},{"not_picked":["theMarked:WastefulAttack","theMarked:BanishingStrike","theMarked:ElectricStrings"],"picked":"SKIP","floor":21},{"not_picked":["theMarked:HeightenedSenses","theMarked:MagicAdept+1","theMarked:ChainLightning"],"picked":"SKIP","floor":24},{"not_picked":["theMarked:WastefulAttack","theMarked:Parry"],"picked":"theMarked:TwofoldDefense","floor":27},{"not_picked":["theMarked:Static","theMarked:Reabsorb"],"picked":"theMarked:Improvise+1","floor":28},{"not_picked":["theMarked:DispelDoubt","theMarked:SuspiciousRaven"],"picked":"theMarked:Challenge","floor":33},{"not_picked":["theMarked:ElectricStrings","theMarked:StartUp+1"],"picked":"theMarked:Aftermath","floor":35},{"not_picked":["theMarked:BanishingWave+1","theMarked:Reabsorb"],"picked":"theMarked:MysticalArsenal+1","floor":36},{"not_picked":["theMarked:MaelstromOfLightning+1","theMarked:Opportunist+1","theMarked:RepellingDischarge+1"],"picked":"SKIP","floor":38},{"not_picked":["theMarked:BanishingWave+1","theMarked:WardOff+1","theMarked:ChainLightning+1"],"picked":"SKIP","floor":40},{"not_picked":["theMarked:ResourceFulStrike","theMarked:WastefulDefense","theMarked:ElectricStrings"],"picked":"SKIP","floor":41},{"not_picked":["theMarked:MaelstromOfLightning+1","theMarked:ElectricStrings+1","theMarked:HeightenedSenses"],"picked":"SKIP","floor":42},{"not_picked":["theMarked:TurnInvisible","theMarked:Electrocute+1","theMarked:TwofoldDefense+1"],"picked":"SKIP","floor":47},{"not_picked":["theMarked:Electrify","theMarked:Convert","theMarked:Reabsorb"],"picked":"SKIP","floor":48},{"not_picked":["theMarked:WastefulAttack","theMarked:ShockingTouch+1","theMarked:Improvise"],"picked":"SKIP","floor":54}],"player_experience":1178716,"relics_obtained":[{"floor":7.0,"key":"Akabeko"},{"floor":11.0,"key":"Art of War"},{"floor":12.0,"key":"DoctorsRemote"},{"floor":24,"key":"testmod-CyclicPeriapt"},{"floor":26,"key":"Runesmith:Locket"},{"floor":40,"key":"HandDrill"},{"floor":42,"key":"Sundial"},{"floor":43,"key":"vexMod:CursedCompass"},{"floor":48,"key":"Turnip"},{"floor":54,"key":"testmod-CasingShield"}],"event_choices":[{"damage_healed":0.0,"max_hp_gain":0.0,"max_hp_loss":0.0,"gold_gain":0.0,"event_name":"Upgrade Shrine","player_choice":"Upgraded","floor":2.0,"gold_loss":0.0,"damage_taken":0.0,"cards_upgraded":["theMarked:ParalyzingBlade"]},{"damage_healed":0.0,"max_hp_gain":0.0,"max_hp_loss":0.0,"gold_gain":0.0,"event_name":"Scrap Ooze","player_choice":"Success","floor":4.0,"gold_loss":0.0,"damage_taken":3.0,"relics_obtained":["Frozen Egg 2"]},{"damage_healed":0.0,"max_hp_gain":0.0,"max_hp_loss":0.0,"gold_gain":0.0,"event_name":"WeMeetAgain","player_choice":"Gave Potion","floor":14.0,"gold_loss":0.0,"damage_taken":0.0,"relics_obtained":["Toy Ornithopter"]},{"cards_removed":["theMarked:Strike"],"damage_healed":0,"gold_gain":0,"player_choice":"Gave Gold","damage_taken":0,"max_hp_gain":0,"max_hp_loss":0,"event_name":"Beggar","floor":19,"gold_loss":75},{"damage_healed":0,"gold_gain":0,"player_choice":"Read","damage_taken":0,"max_hp_gain":0,"max_hp_loss":0,"event_name":"The Library","floor":25,"gold_loss":0,"cards_obtained":["theMarked:StartUp"]},{"damage_healed":0,"gold_gain":0,"player_choice":"Ignored","damage_taken":0,"max_hp_gain":0,"max_hp_loss":0,"event_name":"Vampires","floor":29,"gold_loss":0},{"damage_healed":0,"gold_gain":0,"player_choice":"Choice 1","damage_taken":0,"relics_obtained":["alterego_mod:FleetingLove"],"max_hp_gain":0,"max_hp_loss":0,"event_name":"爱的神圣花园","floor":31,"gold_loss":0},{"damage_healed":0,"gold_gain":0,"player_choice":"Max HP","damage_taken":0,"max_hp_gain":0,"max_hp_loss":0,"event_name":"Winding Halls","floor":46,"gold_loss":0}],"is_beta":false,"boss_relics":[{"not_picked":["Busted Crown","theMarked:BronzeBlade"],"picked":"testmod-DeterminationOfClimber"},{"not_picked":[]},{"not_picked":["Toxic Egg 2","NineVolt"],"picked":"Thread and Needle"},{"not_picked":[]}],"items_purged_floors":[5,34,39,39,45],"is_endless":false,"potions_floor_spawned":[1,7,12,24,27,28,35,38,42,48],"ascension_level":0}}