{"host":"0ndhasp09f4rkdar","time":1610303265,"event":{"mods":["BaseMod","Dio Mod","Hermit","Hero for Fun","Minty Spire (QoL Compilation)","Replay The Spire","StSLib","SuperFastMode","The Bladedancer"],"gold_per_floor":[117,133,133,83,83,83,83,95,120,154,173,204,223,223,223,319,319,338,350,350,350,373,385,432,291,315,315,315,343,343,42,42,141,141,161,180,23,23,39,39,69,79,79,129,140,165,28,28,28,28],"floor_reached":51,"playtime":2268,"items_purged":["Amnesia","ReplayTheSpireMod:Splinters","Berserk"],"score":876,"play_id":"27e31b0a-236b-4a86-b3f9-e556fe77013d","local_time":"20210111022745","is_ascension_mode":false,"campfire_choices":[{"data":"Pommel Strike","floor":6,"key":"SMITH"},{"floor":15,"key":"REST"},{"floor":23,"key":"REST"},{"data":"1","floor":27,"key":"LIFT"},{"data":"2","floor":30,"key":"LIFT"},{"floor":32,"key":"REST"},{"data":"3","floor":40,"key":"LIFT"},{"floor":49,"key":"REST"}],"circlet_count":0,"master_deck":["Defend_R","Bash","Pommel Strike+1","Clash","Sever Soul+1","Flex","Inflame","Armaments","Reaper+1","Clash+1","Seeing Red","Heavy Blade+1","Whirlwind+1","Battle Trance","Bite+1","Bite+1","Bite+1","Bite+1","Bite+1","Sword Boomerang+1","Swift Strike+1","Dual Wield+1","Demon Form"],"relics":["Burning Blood","NeowsBlessing","Chameleon Ring","Vajra","Molten Egg 2","Question Card","Replay:Bronze Core","Ring of Fury","ReplayTheSpireMod:Ring of Addiction","Toy Ornithopter","SacredBark","MawBank","Girya","Durian","ReplayTheSpireMod:Lightbulb","Replay:Grab Bag","Ooze Armor","Busted Crown","Mark of Pain","Membership Card","Meat on the Bone","Pear","Charon\u0027s Ashes","Blue Doll","Happy Flower"],"acts_visited":["Exordium","TheCity","TheBeyond"],"potions_floor_usage":[29,42,44,45,50,50,50,50,50],"damage_taken":[{"damage":0,"enemies":"Small Slimes","floor":1,"turns":1},{"damage":0,"enemies":"2 Louse","floor":2,"turns":1},{"damage":0,"enemies":"Jaw Worm","floor":8,"turns":1},{"damage":14,"enemies":"Gremlin Nob","floor":10,"turns":3},{"damage":10,"enemies":"Looter","floor":11,"turns":2},{"damage":27,"enemies":"3 Sentries","floor":12,"turns":5},{"damage":23,"enemies":"Exordium Thugs","floor":13,"turns":3},{"damage":15,"enemies":"Fading Forest","floor":16,"turns":11},{"damage":15,"enemies":"3 Byrds","floor":18,"turns":5},{"damage":10,"enemies":"Spheric Guardian","floor":19,"turns":3},{"damage":62,"enemies":"Snecko","floor":22,"turns":6},{"damage":43,"enemies":"Slavers","floor":24,"turns":5},{"damage":8,"enemies":"Replay:Snechameleon","floor":29,"turns":3},{"damage":15,"enemies":"Collector","floor":33,"turns":5},{"damage":0,"enemies":"3 Darklings","floor":35,"turns":1},{"damage":15,"enemies":"3 Shapes","floor":36,"turns":2},{"damage":7,"enemies":"Jaw Worm Horde","floor":39,"turns":2},{"damage":0,"enemies":"R_Hoarder","floor":41,"turns":4},{"damage":0,"enemies":"3 Darklings","floor":42,"turns":2},{"damage":0,"enemies":"Mind Bloom Boss Battle","floor":44,"turns":2},{"damage":18,"enemies":"Writhing Mass","floor":45,"turns":2},{"damage":86,"enemies":"Nemesis","floor":46,"turns":3},{"damage":28,"enemies":"Jotaro","floor":50,"turns":4}],"seed_played":"1320779899281588591","potions_obtained":[{"floor":2,"key":"Fire Potion"},{"floor":8,"key":"LiquidMemories"},{"floor":13,"key":"EntropicBrew"},{"floor":18,"key":"LifebloodPotion"},{"floor":33,"key":"Fire Potion"},{"floor":39,"key":"Block Potion"},{"floor":42,"key":"Explosive Potion"},{"floor":45,"key":"Reflective Coating"},{"floor":46,"key":"BlessingOfTheForge"}],"is_trial":false,"path_per_floor":["M","M","?","?","?","R","?","M","T","E","M","E","M","?","R","B",null,"M","M","?","?","M","R","E","$","T","R","?","E","R","$","R","B",null,"M","M","$","?","M","R","E","M","T","?","M","E","$","$","R","B",null],"character_chosen":"IRONCLAD","items_purchased":["Battle Trance","ReplayTheSpireMod:Lightbulb","Membership Card","Happy Flower"],"campfire_rested":4,"item_purchase_floors":[25,31,37,47],"current_hp_per_floor":[80,80,73,73,73,73,70,76,76,68,64,43,26,26,50,51,80,71,78,78,78,28,52,29,29,29,29,29,49,49,49,73,76,79,79,77,77,77,75,75,75,73,83,83,79,32,32,32,56,69],"gold":28,"neow_bonus":"THREE_ENEMY_KILL","is_daily":false,"chose_seed":false,"campfire_upgraded":1,"win_rate":0.0,"timestamp":1610303265,"path_taken":["M","M","?","?","?","R","?","M","T","E","M","E","M","?","R","BOSS","M","M","?","?","M","R","E","$","T","R","?","E","R","$","R","BOSS","M","M","$","?","M","R","E","M","T","?","M","E","?","$","R","BOSS"],"items_purchased_type":["Card","Relic","Relic","Relic"],"build_version":"2020-12-22","purchased_purges":3,"victory":true,"max_hp_per_floor":[80,80,80,80,80,80,80,80,80,80,80,80,80,80,80,80,80,80,80,80,80,80,80,78,78,78,76,76,81,81,81,81,79,79,79,77,77,77,75,75,75,73,83,83,83,83,83,83,81,81],"card_choices":[{"not_picked":["Feel No Pain","Shockwave"],"picked":"Pommel Strike","floor":1},{"not_picked":["Cleave","Carnage"],"picked":"Clash","floor":2},{"not_picked":["Shrug It Off","Evolve","Demon Form"],"picked":"SKIP","floor":8},{"not_picked":["Twin Strike+1","Shrug It Off","Wild Strike+1"],"picked":"SKIP","floor":10},{"not_picked":["ReplayTheSpireMod:Stacked","Flame Barrier"],"picked":"Flex","floor":11},{"not_picked":["ReplayReversal","Pommel Strike+1"],"picked":"Inflame","floor":12},{"not_picked":["Thunderclap+1","Wild Strike+1","Iron Wave+1"],"picked":"Armaments","floor":13},{"not_picked":["Offering","Replay:Many Hands","Barricade"],"picked":"Reaper+1","floor":16},{"not_picked":["ReplayTheSpireMod:Strike From Hell+1","Rage","Cleave+1"],"picked":"Clash+1","floor":18},{"not_picked":["Wild Strike+1","Anger+1","Entrench"],"picked":"Seeing Red","floor":19},{"not_picked":["Power Through","Rampage+1","Warcry"],"picked":"Heavy Blade+1","floor":22},{"not_picked":["Shrug It Off","Havoc","Wild Strike+1"],"picked":"Whirlwind+1","floor":24},{"not_picked":["Iron Wave+1","Warcry","Heavy Blade+1"],"picked":"Sword Boomerang+1","floor":29},{"not_picked":["Exhume","Fiend Fire+1","Hemogenesis+1"],"picked":"Berserk","floor":33},{"not_picked":["Pommel Strike+1","Shrug It Off+1"],"picked":"SKIP","floor":35},{"not_picked":["Carnage+1","ReplayTheSpireMod:Strike From Hell+1"],"picked":"SKIP","floor":36},{"not_picked":["Mayhem"],"picked":"Swift Strike+1","floor":38},{"not_picked":["Hemokinesis+1"],"picked":"Dual Wield+1","floor":39},{"not_picked":["Heavy Blade+1","Clothesline+1"],"picked":"SKIP","floor":41},{"not_picked":["Run Through+1","Havoc"],"picked":"SKIP","floor":42},{"not_picked":["Heavy Blade+1","Burning Pact+1"],"picked":"SKIP","floor":45},{"not_picked":["Cleave+1","Demon Form"],"picked":"SKIP","floor":46},{"not_picked":["Cleave+1"],"picked":"Demon Form","floor":46}],"player_experience":200272,"relics_obtained":[{"floor":9,"key":"Vajra"},{"floor":10,"key":"Molten Egg 2"},{"floor":12,"key":"Question Card"},{"floor":20,"key":"Ring of Fury"},{"floor":20,"key":"ReplayTheSpireMod:Ring of Addiction"},{"floor":20,"key":"Toy Ornithopter"},{"floor":20,"key":"SacredBark"},{"floor":24,"key":"Girya"},{"floor":26,"key":"Blood Vial"},{"floor":29,"key":"Durian"},{"floor":41,"key":"Meat on the Bone"},{"floor":43,"key":"Pear"},{"floor":44,"key":"Charon\u0027s Ashes"},{"floor":46,"key":"Blue Doll"}],"event_choices":[{"cards_removed":["Defend_R"],"damage_healed":0,"gold_gain":0,"player_choice":"Card Removal","damage_taken":7,"max_hp_gain":0,"max_hp_loss":0,"event_name":"Golden Wing","floor":3,"gold_loss":0},{"cards_removed":["Defend_R"],"damage_healed":0,"gold_gain":0,"player_choice":"Card Removal","damage_taken":0,"max_hp_gain":0,"max_hp_loss":0,"event_name":"The Cleric","floor":4,"gold_loss":50},{"damage_healed":0,"gold_gain":0,"player_choice":"Success","damage_taken":3,"relics_obtained":["Chameleon Ring"],"max_hp_gain":0,"max_hp_loss":0,"event_name":"Scrap Ooze","floor":7,"gold_loss":0},{"damage_healed":0,"gold_gain":0,"player_choice":"Became a vampire (Vial)","damage_taken":0,"max_hp_gain":0,"max_hp_loss":0,"event_name":"Vampires","floor":28,"relics_lost":["Blood Vial"],"gold_loss":0,"cards_obtained":["Bite","Bite","Bite","Bite","Bite"]},{"damage_healed":0,"gold_gain":0,"player_choice":"Memory 1","damage_taken":0,"max_hp_gain":0,"max_hp_loss":0,"event_name":"SensoryStone","floor":38,"gold_loss":0},{"damage_healed":0,"gold_gain":0,"player_choice":"Fight","damage_taken":0,"max_hp_gain":0,"max_hp_loss":0,"event_name":"MindBloom","floor":44,"gold_loss":0}],"is_beta":false,"boss_relics":[{"not_picked":["Black Star","Replay:Drink Me"],"picked":"Replay:Bronze Core"},{"not_picked":["Ring of Chaos","Abe\u0027s Treasure"],"picked":"Replay:Grab Bag"},{"not_picked":["Philosopher\u0027s Stone","ChewingGum"],"picked":"Ooze Armor"},{"not_picked":["Cursed Key","Velvet Choker"],"picked":"Busted Crown"},{"not_picked":["Snecko Eye","Astrolabe"],"picked":"Mark of Pain"}],"items_purged_floors":[25,31,47],"is_endless":false,"potions_floor_spawned":[2,8,13,18,24,33,39,41,42,45,46],"ascension_level":0}}