{"host":"4id8injl4bo2b6ih","time":1610290488,"event":{"mods":["Act Like it!","BaseMod","Better Third Choice","Colored Map","Downfall","Ekko","Friendly Minions","Highlight Path","Ironclad Rager","Minty Spire (QoL Compilation)","Relic Stats","Robot Space Explorer","Shade Mod","Shop Mod","Spicy Shops","StSLib","The Bug Knight"],"gold_per_floor":[99,115,131,82,97,113,140,173,98,115,115,126,138,152,166,262,262,262,276,293,313,313,313],"floor_reached":22,"playtime":9167,"items_purged":[],"score":194,"play_id":"f593f796-a181-4dcf-8b32-6a4a4949ad94","local_time":"20210110155448","is_ascension_mode":false,"campfire_choices":[{"floor":1,"key":"RECALL"},{"data":"HollowMod:GrimmsGift","floor":9,"key":"SMITH"},{"data":"HollowMod:MothsMistake","floor":11,"key":"SMITH"},{"data":"HollowMod:MawleksShell","floor":18,"key":"SMITH"}],"circlet_count":0,"master_deck":["HollowMod:NailStrikeStart","HollowMod:NailStrikeStart","HollowMod:NailStrikeStart","HollowMod:NailStrikeStart","HollowMod:QuickDashStart","HollowMod:QuickDashStart","HollowMod:QuickDashStart","HollowMod:QuickDashStart","HollowMod:FocusHealStart","HollowMod:PogoStrike","HollowMod:GrimmsGift+1","HollowMod:BaldurShell","HollowMod:MonarchWings","HollowMod:MothsMistake+1","HollowMod:HuntersJournal","HollowMod:CloakDash","HollowMod:GreatSlash","HollowMod:SiblingsSouls","HollowMod:MawleksShell+1","HollowMod:Hiveblood","HollowMod:theNailsmith","HollowMod:NewJinnsSoul","HollowMod:HuntersJournal+1"],"relics":["HollowMod:VesselMask","Bronze Scales","HollowMod:MillibellesNoteRelic","downfall:HeartBlessingRed","SlaversCollar"],"acts_visited":["Exordium","TheCity"],"potions_floor_usage":[8,20,22],"damage_taken":[{"damage":0,"enemies":"2 Louse","floor":2,"turns":3},{"damage":0,"enemies":"Small Slimes","floor":3,"turns":4},{"damage":0,"enemies":"downfall:FleeingMerchant","floor":4,"turns":4},{"damage":14,"enemies":"Jaw Worm","floor":5,"turns":4},{"damage":12,"enemies":"2 Fungi Beasts","floor":6,"turns":6},{"damage":10,"enemies":"3 Sentries","floor":8,"turns":7},{"damage":0,"enemies":"Blue Slaver","floor":10,"turns":2},{"damage":3,"enemies":"3 Louse","floor":12,"turns":3},{"damage":2,"enemies":"2 Fungi Beasts","floor":13,"turns":3},{"damage":1,"enemies":"Large Slime","floor":14,"turns":4},{"damage":6,"enemies":"Blue Slaver","floor":15,"turns":5},{"damage":97,"enemies":"downfall:Ironclad","floor":16,"turns":13},{"damage":26,"enemies":"Spheric Guardian","floor":19,"turns":5},{"damage":36,"enemies":"Centurion and Healer","floor":20,"turns":13},{"damage":67,"enemies":"Shelled Parasite and Fungi","floor":21,"turns":7},{"damage":16,"enemies":"Snecko","floor":22,"turns":4}],"seed_played":"9019129360980179242","potions_obtained":[{"floor":5,"key":"champ:CounterPotion"},{"floor":8,"key":"BlessingOfTheForge"},{"floor":10,"key":"Strength Potion"},{"floor":14,"key":"hexamod:EctoCoolerPotion"},{"floor":20,"key":"AttackPotion"}],"is_trial":false,"path_per_floor":["R","M","M","$","M","M","T","E","R","M","R","M","M","M","M","B",null,"R","M","M","M","M"],"character_chosen":"THE_BUGKNIGHT","items_purchased":["HollowMod:MothsMistake"],"campfire_rested":0,"item_purchase_floors":[4],"current_hp_per_floor":[82,82,82,82,74,68,68,64,64,64,64,61,69,78,82,12,82,82,62,53,6,0,0],"gold":313,"neow_bonus":"TEN_PERCENT_HP_BONUS","is_daily":false,"chose_seed":false,"campfire_upgraded":3,"win_rate":0.0,"timestamp":1610290488,"path_taken":["R","M","M","$","M","M","T","E","R","M","R","M","M","M","M","BOSS","R","M","M","M","M"],"items_purchased_type":["Card"],"build_version":"2020-12-22","purchased_purges":0,"victory":false,"max_hp_per_floor":[82,82,82,82,82,82,82,82,82,82,82,82,82,82,82,82,82,82,82,82,82,82,82],"relic_stats":{"counters":[16,87],"Bronze Scales":[168],"obtain_stats":[{"SlaversCollar":17,"downfall:HeartBlessingRed":9,"Bronze Scales":7,"HollowMod:VesselMask":0,"HollowMod:MillibellesNoteRelic":8},{"SlaversCollar":12,"downfall:HeartBlessingRed":6,"Bronze Scales":5,"HollowMod:VesselMask":0,"HollowMod:MillibellesNoteRelic":6},{"SlaversCollar":58,"downfall:HeartBlessingRed":28,"Bronze Scales":21,"HollowMod:VesselMask":0,"HollowMod:MillibellesNoteRelic":28}]},"card_choices":[{"not_picked":["HollowMod:TaintedHusks","HollowMod:VengefulSpirit"],"picked":"HollowMod:GrimmsGift","floor":2},{"not_picked":["HollowMod:SharpenedNail","HollowMod:InfectedAttack"],"picked":"HollowMod:BaldurShell","floor":3},{"not_picked":["HollowMod:SoulStrike","HollowMod:DescendingDark"],"picked":"HollowMod:MonarchWings","floor":4},{"not_picked":["HollowMod:AbyssShriek","HollowMod:DashSlash"],"picked":"HollowMod:HuntersJournal","floor":5},{"not_picked":["HollowMod:DoubleDash","HollowMod:VengefulVoid"],"picked":"HollowMod:CloakDash","floor":6},{"not_picked":["HollowMod:NewInfectedGuardian","HollowMod:DashSlash","HollowMod:DescendingDark"],"picked":"SKIP","floor":8},{"not_picked":["HollowMod:CornifersMapStart","HollowMod:DescendingDark","HollowMod:DashSlash"],"picked":"SKIP","floor":10},{"not_picked":["HollowMod:WraithStrike","HollowMod:LifebloodCocoon"],"picked":"HollowMod:GreatSlash","floor":12},{"not_picked":["HollowMod:VengefulSpirit","HollowMod:SoulStrike"],"picked":"HollowMod:SiblingsSouls","floor":13},{"not_picked":["HollowMod:CycloneSlash","HollowMod:CornifersMapStart"],"picked":"HollowMod:MawleksShell","floor":14},{"not_picked":["HollowMod:HowlingWraiths","HollowMod:BaldurShell"],"picked":"HollowMod:Hiveblood","floor":15},{"not_picked":["HollowMod:LifebloodCore","HollowMod:ZotesMagnificence"],"picked":"HollowMod:theNailsmith","floor":16},{"not_picked":["HollowMod:ChannelNail","HollowMod:HeavyBlow"],"picked":"HollowMod:NewJinnsSoul","floor":19},{"not_picked":["HollowMod:TaintedHusks+1","HollowMod:DesolateDive"],"picked":"HollowMod:HuntersJournal+1","floor":20},{"not_picked":["HollowMod:ChannelNail","HollowMod:TaintedHusks","HollowMod:LifebloodCocoon"],"picked":"SKIP","floor":21}],"player_experience":404601,"relics_obtained":[{"floor":7,"key":"Bronze Scales"},{"floor":8,"key":"HollowMod:MillibellesNoteRelic"}],"event_choices":[],"is_beta":false,"boss_relics":[{"not_picked":["Runic Pyramid","Runic Dome"],"picked":"SlaversCollar"}],"items_purged_floors":[],"is_endless":false,"potions_floor_spawned":[5,8,10,14,15,20],"killed_by":"Snecko","ascension_level":0}}