{"host":"3zhcrllo23fhqv4x","time":1610311720,"event":{"mods":["AchievementEnabler","BaseMod","Downfall","Duelist Mod","Hermit","Jorbs\u0027s Wanderer Trilogy","Marisa????????","Minty Spire (QoL Compilation)","StSLib","The Cursed","The Hierophant","The Servant 0.9.4"],"gold_per_floor":[99,109,109,120,139,64,118,118,149,149,74,102,102,202,221,318,318,318,334,334,360,380,380,380,380,395,407,407,407,407],"floor_reached":28,"playtime":1249,"items_purged":[],"score":251,"play_id":"081cf313-870b-4de0-b804-bbb40f6614f1","local_time":"20210110154840","is_ascension_mode":false,"campfire_choices":[{"floor":1.0,"key":"RECALL"},{"data":"champ:StanceDance","floor":6.0,"key":"SMITH"},{"floor":11.0,"key":"REST"},{"floor":13.0,"key":"REST"},{"floor":18,"key":"REST"}],"circlet_count":0,"master_deck":["champ:Strike","champ:Strike","champ:Strike","champ:Strike","champ:Defend","champ:Defend","champ:Defend","champ:Execute","champ:Taunt","champ:IronFortress","champ:StanceDance+1","champ:FaceSlap","champ:FaceSlap","champ:PerfectedStrike","champ:CrookedStrike","champ:Riposte","champ:BerserkersShout","champ:ShieldSlam","champ:Encircle","champ:CrookedStrike+1","champ:SwordThrow","champ:FanOfKnives+1","champ:PreciseThrust","champ:EnGarde"],"relics":["champ:ChampionCrown","downfall:HeartBlessingRed","Dream Catcher","Regal Pillow","champ:DefensiveTrainingManual","downfall:HeartBlessingBlue","Bag of Preparation","Fusion Hammer","Eternal Feather","Red Mask","Pen Nib","HornCleat"],"acts_visited":["Exordium","TheCity"],"potions_floor_usage":[],"damage_taken":[{"damage":14.0,"enemies":"Small Slimes","floor":2.0,"turns":4.0},{"damage":9.0,"enemies":"Cultist","floor":4.0,"turns":5.0},{"damage":5.0,"enemies":"2 Louse","floor":5.0,"turns":3.0},{"damage":32.0,"enemies":"3 Sentries","floor":9.0,"turns":8.0},{"damage":39.0,"enemies":"Lagavulin","floor":12.0,"turns":4.0},{"damage":0.0,"enemies":"Blue Slaver","floor":15.0,"turns":3.0},{"damage":113.0,"enemies":"downfall:Silent","floor":16.0,"turns":12.0},{"damage":33,"enemies":"Shell Parasite","floor":19,"turns":4},{"damage":29,"enemies":"Masked Bandits","floor":21,"turns":5},{"damage":7,"enemies":"Spheric Guardian","floor":22,"turns":2},{"damage":33,"enemies":"Centurion and Healer","floor":26,"turns":5},{"damage":46,"enemies":"Shelled Parasite and Fungi","floor":27,"turns":5},{"damage":20,"enemies":"theDuelist:KaibaA2","floor":28,"turns":6}],"seed_played":"7912395405095365743","potions_obtained":[{"floor":2.0,"key":"DuplicationPotion"},{"floor":16.0,"key":"champ:CounterPotion"},{"floor":21,"key":"GamblersBrew"},{"floor":22,"key":"LiquidMemories"}],"is_trial":false,"path_per_floor":["R","M","?","M","M","R","T","?","E","T","R","E","R","?","M","B",null,"R","M","?","?","M","T","T","?","M","M","E"],"character_chosen":"THE_CHAMP","items_purchased":[],"campfire_rested":3,"item_purchase_floors":[],"current_hp_per_floor":[99,95,95,94,94,94,94,69,50,50,107,78,109,109,109,16,109,109,84,84,62,62,62,62,62,44,11,0,0,0],"gold":407,"neow_bonus":"TEN_PERCENT_HP_BONUS","is_daily":false,"chose_seed":false,"campfire_upgraded":1,"win_rate":0.0,"timestamp":1610311720,"path_taken":["R","M","?","?","M","R","T","?","E","?","R","E","R","?","M","BOSS","R","M","?","?","M","?","T","?","M","M","E"],"items_purchased_type":[],"build_version":"2020-12-22","purchased_purges":0,"victory":false,"max_hp_per_floor":[99,99,99,99,99,99,99,99,99,99,109,109,109,109,109,109,109,109,109,109,109,109,109,109,109,109,109,109,109,109],"card_choices":[{"not_picked":["champ:Haymaker","champ:Circumvent"],"picked":"champ:IronFortress","floor":2.0},{"not_picked":["champ:PreciseThrust","champ:GutPunch"],"picked":"champ:StanceDance","floor":4.0},{"not_picked":["champ:EnGarde","champ:FlashCut"],"picked":"champ:FaceSlap","floor":5.0},{"not_picked":["champ:StanceDance","champ:Lariat"],"picked":"champ:FaceSlap","floor":9.0},{"not_picked":["champ:RecklessLeap","champ:Haymaker"],"picked":"champ:PerfectedStrike","floor":11.0},{"not_picked":["champ:LastStand","champ:RapidStrikes"],"picked":"champ:CrookedStrike","floor":12.0},{"not_picked":["champ:Haymaker","champ:FanOfKnives"],"picked":"champ:Riposte","floor":13.0},{"not_picked":["champ:GladiatorsShout","champ:ArenaPreparation"],"picked":"champ:BerserkersShout","floor":15.0},{"not_picked":["champ:LastStand","champ:SwordThrow"],"picked":"champ:ShieldSlam","floor":16.0},{"not_picked":["champ:DefensiveShout","champ:FocusedGladiator"],"picked":"champ:Encircle","floor":18},{"not_picked":["champ:Backstep","champ:GutPunch"],"picked":"champ:CrookedStrike+1","floor":19},{"not_picked":["champ:Backstep","champ:BladeFlurry"],"picked":"champ:SwordThrow","floor":21},{"not_picked":["champ:BringItOn","champ:BladeFlurry"],"picked":"champ:FanOfKnives+1","floor":22},{"not_picked":["champ:GutPunch","champ:BerserkersShout+1"],"picked":"champ:PreciseThrust","floor":26},{"not_picked":["champ:Backstep","champ:DefensiveShout+1"],"picked":"champ:EnGarde","floor":27}],"player_experience":282636,"relics_obtained":[{"floor":9.0,"key":"Regal Pillow"},{"floor":10.0,"key":"champ:DefensiveTrainingManual"},{"floor":12.0,"key":"Bag of Preparation"},{"floor":21,"key":"Red Mask"},{"floor":23,"key":"Pen Nib"},{"floor":24,"key":"HornCleat"}],"event_choices":[{"cards_removed":["champ:Defend"],"damage_healed":0.0,"max_hp_gain":0.0,"max_hp_loss":0.0,"gold_gain":0.0,"event_name":"Bonfire Elementals","player_choice":"Offered Basic","floor":3.0,"gold_loss":0.0,"damage_taken":0.0},{"damage_healed":0.0,"max_hp_gain":0.0,"max_hp_loss":0.0,"gold_gain":0.0,"event_name":"Scrap Ooze","player_choice":"Success","floor":8.0,"gold_loss":0.0,"damage_taken":25.0,"relics_obtained":["Dream Catcher"]},{"damage_healed":0,"gold_gain":0,"player_choice":"Fought Bandits","damage_taken":0,"max_hp_gain":0,"max_hp_loss":0,"event_name":"Masked Bandits","floor":21,"gold_loss":0},{"damage_healed":0,"gold_gain":0,"player_choice":"Ignored","damage_taken":0,"max_hp_gain":0,"max_hp_loss":0,"event_name":"Ghosts","floor":25,"gold_loss":0}],"is_beta":false,"boss_relics":[{"not_picked":["Pandora\u0027s Box","Snecko Eye"],"picked":"Fusion Hammer"}],"items_purged_floors":[],"is_endless":false,"potions_floor_spawned":[2,16,21,22],"killed_by":"theDuelist:KaibaA2","ascension_level":0}}