{"host":"qxeepl7ydvsgmfdb","time":1610253807,"event":{"mods":["AchievementEnabler","BaseMod","Colored Powertips","Minty Spire (QoL Compilation)","Quick Restart","slay the spire mod where everything is the same but ironclad has a cowboy hat"],"gold_per_floor":[115,115,115,128,128,162,177,205,205,16,30,62,62,75,75,180,180,195,195,46,58,71,101,49,63,63,63,162,162,194,206,206,206,206],"floor_reached":33,"playtime":830,"items_purged":[],"score":426,"play_id":"4d33c5c1-7717-4f00-8e3a-5c006a5109d8","local_time":"20210109234327","is_ascension_mode":true,"campfire_choices":[{"floor":13.0,"key":"REST"},{"floor":15.0,"key":"REST"},{"floor":27.0,"key":"REST"},{"floor":32.0,"key":"REST"}],"circlet_count":0,"master_deck":["Strike_G","Strike_G","Defend_G","Defend_G","Defend_G","Defend_G","Survivor","Neutralize","Deadly Poison","Slice","Blade Dance","Deadly Poison","Cloak And Dagger","Dagger Spray","Corpse Explosion","Slice","Catalyst","Blade Dance","Deadly Poison"],"relics":["Ring of the Snake","NeowsBlessing","Boot","Ginger","Snake Skull","Ninja Scroll","Blood Vial","Pocketwatch","Empty Cage","Lee\u0027s Waffle","Du-Vu Doll","Bag of Marbles","Enchiridion","Bottled Flame"],"acts_visited":["Exordium","TheCity"],"potions_floor_usage":[33,33],"damage_taken":[{"damage":0.0,"enemies":"Jaw Worm","floor":1.0,"turns":1.0},{"damage":0.0,"enemies":"2 Louse","floor":4.0,"turns":1.0},{"damage":0.0,"enemies":"Lagavulin","floor":6.0,"turns":1.0},{"damage":0.0,"enemies":"Cultist","floor":7.0,"turns":3.0},{"damage":18.0,"enemies":"Gremlin Nob","floor":8.0,"turns":4.0},{"damage":2.0,"enemies":"Red Slaver","floor":11.0,"turns":2.0},{"damage":24.0,"enemies":"Lagavulin","floor":12.0,"turns":5.0},{"damage":0.0,"enemies":"Lots of Slimes","floor":14.0,"turns":2.0},{"damage":24.0,"enemies":"The Guardian","floor":16.0,"turns":8.0},{"damage":7.0,"enemies":"Chosen","floor":18.0,"turns":3.0},{"damage":0.0,"enemies":"2 Thieves","floor":21.0,"turns":1.0},{"damage":11.0,"enemies":"Centurion and Healer","floor":22.0,"turns":3.0},{"damage":0.0,"enemies":"Slavers","floor":23.0,"turns":2.0},{"damage":51.0,"enemies":"Shelled Parasite and Fungi","floor":25.0,"turns":5.0},{"damage":5.0,"enemies":"Book of Stabbing","floor":30.0,"turns":3.0},{"damage":12.0,"enemies":"Snake Plant","floor":31.0,"turns":4.0},{"damage":68,"enemies":"Automaton","floor":33,"turns":6}],"seed_played":"-7757907970931003767","potions_obtained":[{"floor":1.0,"key":"Swift Potion"},{"floor":4.0,"key":"LiquidMemories"},{"floor":6.0,"key":"PowerPotion"},{"floor":11.0,"key":"BlessingOfTheForge"},{"floor":14.0,"key":"Fire Potion"},{"floor":22.0,"key":"SkillPotion"},{"floor":25.0,"key":"Energy Potion"},{"floor":30.0,"key":"SpeedPotion"}],"is_trial":false,"path_per_floor":["M","?","?","M","$","E","M","E","T","$","M","E","R","M","R","B",null,"M","?","$","M","M","E","$","M","T","R","?","?","E","M","R","B"],"character_chosen":"THE_SILENT","items_purchased":["Blood Vial","Deadly Poison","Lee\u0027s Waffle","Blade Dance"],"campfire_rested":4,"item_purchase_floors":[10,10,20,24],"current_hp_per_floor":[70,63,63,63,63,63,63,45,45,45,45,23,44,46,67,45,70,63,63,77,77,66,68,68,19,19,42,42,26,23,13,36,0,0],"gold":206,"neow_bonus":"THREE_ENEMY_KILL","is_daily":false,"chose_seed":false,"campfire_upgraded":0,"win_rate":0.0,"timestamp":1610253807,"path_taken":["M","?","?","?","?","E","M","E","T","$","M","E","R","?","R","BOSS","M","?","$","M","M","E","$","M","T","R","?","?","E","M","R","BOSS"],"items_purchased_type":["Relic","Card","Relic","Card"],"build_version":"2020-12-22","purchased_purges":0,"victory":false,"max_hp_per_floor":[70,70,70,70,70,70,70,70,70,70,70,70,70,70,70,70,70,70,70,77,77,77,77,77,77,77,77,77,77,77,77,77,77,77],"card_choices":[{"not_picked":["Concentrate","Prepared","Bane"],"picked":"SKIP","floor":1.0},{"not_picked":["Acrobatics","Prepared","Dodge and Roll"],"picked":"SKIP","floor":4.0},{"not_picked":["Adrenaline","Finisher"],"picked":"Deadly Poison","floor":6.0},{"not_picked":["Prepared","Acrobatics"],"picked":"Slice","floor":7.0},{"not_picked":["Concentrate","Envenom"],"picked":"Blade Dance","floor":8.0},{"not_picked":["Choke","Reflex"],"picked":"Cloak And Dagger","floor":11.0},{"not_picked":["Dagger Throw","Dodge and Roll"],"picked":"Dagger Spray","floor":12.0},{"not_picked":["Underhanded Strike","Tools of the Trade","Reflex"],"picked":"SKIP","floor":14.0},{"not_picked":["Grand Finale","Doppelganger"],"picked":"Corpse Explosion","floor":16.0},{"not_picked":["Terror","Prepared","Bane"],"picked":"SKIP","floor":18.0},{"not_picked":["Blur","Underhanded Strike"],"picked":"Slice","floor":21.0},{"not_picked":["Setup","Backflip"],"picked":"Catalyst","floor":22.0},{"not_picked":["Flying Knee","Escape Plan","Tools of the Trade"],"picked":"SKIP","floor":23.0},{"not_picked":["Acrobatics","Escape Plan","Dagger Throw"],"picked":"SKIP","floor":25.0},{"not_picked":["Underhanded Strike","Dagger Throw"],"picked":"Deadly Poison","floor":30.0},{"not_picked":["Heel Hook","Masterful Stab","Flying Knee"],"picked":"SKIP","floor":31.0}],"player_experience":160658,"relics_obtained":[{"floor":3.0,"key":"Boot"},{"floor":6.0,"key":"Ginger"},{"floor":8.0,"key":"Snake Skull"},{"floor":9.0,"key":"Ninja Scroll"},{"floor":12.0,"key":"Pocketwatch"},{"floor":23.0,"key":"Du-Vu Doll"},{"floor":26.0,"key":"Bag of Marbles"},{"floor":29.0,"key":"Enchiridion"},{"floor":30.0,"key":"Bottled Flame"}],"event_choices":[{"cards_removed":["Strike_G"],"damage_healed":0.0,"max_hp_gain":0.0,"max_hp_loss":0.0,"gold_gain":0.0,"event_name":"Golden Wing","player_choice":"Card Removal","floor":2.0,"gold_loss":0.0,"damage_taken":7.0},{"damage_healed":0.0,"max_hp_gain":0.0,"max_hp_loss":0.0,"gold_gain":0.0,"event_name":"Wheel of Change","player_choice":"Relic","floor":3.0,"gold_loss":0.0,"damage_taken":0.0},{"cards_removed":["Defend_G"],"damage_healed":0.0,"max_hp_gain":0.0,"max_hp_loss":0.0,"gold_gain":0.0,"event_name":"Back to Basics","player_choice":"Elegance","floor":19.0,"gold_loss":0.0,"damage_taken":0.0},{"damage_healed":0.0,"max_hp_gain":0.0,"max_hp_loss":0.0,"gold_gain":99.0,"event_name":"Nest","player_choice":"Stole From Cult","floor":28.0,"gold_loss":0.0,"damage_taken":0.0},{"damage_healed":0.0,"max_hp_gain":0.0,"max_hp_loss":0.0,"gold_gain":0.0,"event_name":"Cursed Tome","player_choice":"Obtained Book","floor":29.0,"gold_loss":0.0,"damage_taken":16.0}],"is_beta":false,"boss_relics":[{"not_picked":["Runic Dome","HoveringKite"],"picked":"Empty Cage"}],"items_purged_floors":[],"is_endless":false,"potions_floor_spawned":[1,4,6,11,14,22,25,30],"killed_by":"Automaton","ascension_level":4}}