{"host":"3qkmyeoym75lj4wn","time":1610305656,"event":{"mods":["2.2 Compatiblity","BaseMod","Block Reminder","Colored Powertips","Highlight Path","Minty Spire (QoL Compilation)","Permanent Neow","Potion Indicator Mod","Rare Cards Sparkle","Relic Stats","StSLib","Unceasing Turn Reminder"],"gold_per_floor":[116,128,138,52,52,80,80,140,190,208,226,226,259,271,271,348,348,359,393,393,308,35,35,35],"floor_reached":23,"playtime":1023,"items_purged":[],"score":398,"play_id":"2097a565-8473-4dcf-afec-567b769ad435","local_time":"20210110190736","is_ascension_mode":true,"campfire_choices":[{"data":"Loop","floor":7.0,"key":"SMITH"},{"floor":12.0,"key":"REST"},{"floor":15.0,"key":"REST"}],"circlet_count":0,"master_deck":["AscendersBane","Strike_B+1","Strike_B","Strike_B+1","Strike_B","Defend_B","Defend_B","Defend_B","Defend_B","Zap+1","Dualcast","Seek","Coolheaded","Glacier","Loop+1","Darkness","Leap","Consume","Auto Shields","Coolheaded","Cold Snap","Core Surge","Steam+1","Ball Lightning","Self Repair"],"relics":["Cracked Core","Whetstone","Sundial","Bag of Preparation","Letter Opener","Fusion Hammer","Red Mask","Singing Bowl","Membership Card","Omamori"],"acts_visited":["Exordium","TheCity"],"potions_floor_usage":[23],"damage_taken":[{"damage":6.0,"enemies":"Cultist","floor":1.0,"turns":4.0},{"damage":10.0,"enemies":"2 Louse","floor":2.0,"turns":3.0},{"damage":2.0,"enemies":"Jaw Worm","floor":3.0,"turns":7.0},{"damage":14.0,"enemies":"3 Sentries","floor":6.0,"turns":8.0},{"damage":8.0,"enemies":"3 Sentries","floor":8.0,"turns":9.0},{"damage":12.0,"enemies":"Exordium Thugs","floor":10.0,"turns":5.0},{"damage":0.0,"enemies":"Exordium Wildlife","floor":11.0,"turns":3.0},{"damage":6.0,"enemies":"Gremlin Nob","floor":13.0,"turns":3.0},{"damage":2.0,"enemies":"Blue Slaver","floor":14.0,"turns":5.0},{"damage":17.0,"enemies":"Slime Boss","floor":16.0,"turns":10.0},{"damage":8.0,"enemies":"3 Byrds","floor":18.0,"turns":4.0},{"damage":9.0,"enemies":"Masked Bandits","floor":19.0,"turns":5.0},{"damage":47,"enemies":"Slavers","floor":23,"turns":3}],"seed_played":"-2129084227220550363","potions_obtained":[{"floor":6.0,"key":"LiquidMemories"},{"floor":8.0,"key":"Strength Potion"},{"floor":10.0,"key":"Fire Potion"},{"floor":11.0,"key":"EntropicBrew"},{"floor":16.0,"key":"ColorlessPotion"}],"is_trial":false,"path_per_floor":["M","M","M","$","?","E","R","?","T","M","M","R","E","M","R","B",null,"M","?","?","?","$","E"],"character_chosen":"DEFECT","items_purchased":["Darkness","Membership Card","Omamori","Self Repair"],"campfire_rested":2,"item_purchase_floors":[4,22,22,22],"current_hp_per_floor":[58,48,46,46,46,32,32,24,24,12,12,33,27,25,46,29,61,53,44,44,44,44,0,0],"gold":35,"neow_bonus":"ONE_RANDOM_RARE_CARD","is_daily":false,"chose_seed":false,"campfire_upgraded":1,"win_rate":0.0,"timestamp":1610305656,"path_taken":["M","?","M","$","?","E","R","?","T","M","?","R","E","M","R","BOSS","M","?","?","?","$","E"],"items_purchased_type":["Card","Relic","Relic","Card"],"build_version":"2020-12-22","purchased_purges":0,"victory":false,"max_hp_per_floor":[71,71,71,71,71,71,71,71,71,71,71,71,71,71,71,71,71,71,71,71,71,71,71,71],"relic_stats":{"Singing Bowl":0,"counters":[13,69],"Sundial":[4],"Bag of Preparation":[16],"Whetstone":["Strike_B","Strike_B"],"Letter Opener":[138],"obtain_stats":[{"Singing Bowl":21,"Sundial":8,"Fusion Hammer":17,"Bag of Preparation":9,"Red Mask":19,"Omamori":22,"Whetstone":6,"Letter Opener":13,"Membership Card":22,"Cracked Core":0},{"Singing Bowl":12,"Sundial":4,"Fusion Hammer":10,"Bag of Preparation":5,"Red Mask":12,"Omamori":12,"Whetstone":4,"Letter Opener":8,"Membership Card":12,"Cracked Core":0},{"Singing Bowl":66,"Sundial":22,"Fusion Hammer":57,"Bag of Preparation":31,"Red Mask":66,"Omamori":66,"Whetstone":22,"Letter Opener":42,"Membership Card":66,"Cracked Core":0}]},"card_choices":[{"not_picked":["Leap","Beam Cell"],"picked":"Coolheaded","floor":1.0},{"not_picked":["Hologram","Cold Snap"],"picked":"Glacier","floor":2.0},{"not_picked":["Conserve Battery","Gash"],"picked":"Loop","floor":3.0},{"not_picked":["Beam Cell","Multi-Cast"],"picked":"Leap","floor":6.0},{"not_picked":["Tempest","Leap"],"picked":"Consume","floor":8.0},{"not_picked":["Stack","Consume"],"picked":"Auto Shields","floor":10.0},{"not_picked":["Beam Cell","Tempest"],"picked":"Coolheaded","floor":11.0},{"not_picked":["Meteor Strike","Stack","Rebound"],"picked":"SKIP","floor":13.0},{"not_picked":["Conserve Battery","Gash"],"picked":"Cold Snap","floor":14.0},{"not_picked":["Fission","Creative AI"],"picked":"Core Surge","floor":16.0},{"not_picked":["Gash","Storm+1"],"picked":"Steam+1","floor":18.0}],"player_experience":1666636,"relics_obtained":[{"floor":6.0,"key":"Whetstone"},{"floor":9.0,"key":"Bag of Preparation"},{"floor":13.0,"key":"Letter Opener"},{"floor":19.0,"key":"Red Mask"}],"event_choices":[{"damage_healed":0.0,"max_hp_gain":0.0,"max_hp_loss":0.0,"gold_gain":0.0,"event_name":"Living Wall","player_choice":"Grow","floor":5.0,"gold_loss":0.0,"damage_taken":0.0,"cards_upgraded":["Zap"]},{"damage_healed":0.0,"max_hp_gain":0.0,"max_hp_loss":0.0,"gold_gain":30.0,"event_name":"Dead Adventurer","player_choice":"Searched \u00273\u0027 times","floor":8.0,"gold_loss":0.0,"damage_taken":0.0,"relics_obtained":["Sundial"]},{"damage_healed":0.0,"max_hp_gain":0.0,"max_hp_loss":0.0,"gold_gain":0.0,"event_name":"Masked Bandits","player_choice":"Fought Bandits","floor":19.0,"gold_loss":0.0,"damage_taken":0.0},{"damage_healed":0.0,"max_hp_gain":0.0,"max_hp_loss":0.0,"gold_gain":0.0,"event_name":"The Library","player_choice":"Read","floor":20.0,"gold_loss":0.0,"damage_taken":0.0,"cards_obtained":["Ball Lightning"]},{"damage_healed":0.0,"max_hp_gain":0.0,"max_hp_loss":0.0,"gold_gain":0.0,"event_name":"Addict","player_choice":"Obtained Relic","floor":21.0,"gold_loss":85.0,"damage_taken":0.0,"relics_obtained":["Singing Bowl"]}],"is_beta":false,"boss_relics":[{"not_picked":["Runic Pyramid","Tiny House"],"picked":"Fusion Hammer"}],"items_purged_floors":[],"is_endless":false,"potions_floor_spawned":[6,8,10,11,16],"killed_by":"Slavers","ascension_level":20}}