{"host":"jm9833yuloeli2yd","time":1610249949,"event":{"mods":["BaseMod","Better Altar","Better Match","Better Note","Better Sensory Stone","Better Skull","Better Third Choice","Better Vampires","BetterRewards","Colored Map","Colored Powertips","DeckTracker","Minty Spire (QoL Compilation)","Permanent Neow","Quick Restart","Slay-I","StSLib","SuperFastMode"],"gold_per_floor":[115,129,139,1,17,17,51,16,16,16,29,29,49,74,74,149,149,169,169,189,74,87,87,116,116,116,116,116],"floor_reached":27,"playtime":1000,"items_purged":["Strike_R"],"score":681,"play_id":"c25751c1-0bab-485b-b72e-659e49f49795","local_time":"20210109223909","is_ascension_mode":true,"campfire_choices":[{"data":"Apotheosis","floor":6,"key":"SMITH"},{"data":"Offering","floor":12,"key":"SMITH"},{"floor":15,"key":"REST"},{"floor":23,"key":"RECALL"}],"circlet_count":0,"master_deck":["AscendersBane","Bash","Dark Embrace","Sword Boomerang","Shockwave","Offering+1","Armaments","Apotheosis+1","Whirlwind","Battle Trance+1","Flex","Shrug It Off","Shrug It Off","Searing Blow","Shrug It Off","Feed","Double Tap","Evolve","Clash","Seeing Red","Whirlwind","Sword Boomerang","Twin Strike","Offering","Cleave","Ghostly","Ghostly","Ghostly","Rage","Juggernaut","Spot Weakness+1","Demon Form"],"relics":["Burning Blood","Membership Card","Prayer Wheel","Meat on the Bone","Happy Flower","The Courier","Pandora\u0027s Box","Mercury Hourglass","Art of War","FossilizedHelix"],"acts_visited":["Exordium","TheCity"],"potions_floor_usage":[3,7,7,20],"damage_taken":[{"damage":29,"enemies":"Small Slimes","floor":1,"turns":10},{"damage":18,"enemies":"2 Louse","floor":2,"turns":7},{"damage":4,"enemies":"Jaw Worm","floor":3,"turns":5},{"damage":26,"enemies":"Large Slime","floor":5,"turns":5},{"damage":6,"enemies":"Lagavulin","floor":7,"turns":5},{"damage":14,"enemies":"3 Louse","floor":11,"turns":3},{"damage":6,"enemies":"Looter","floor":13,"turns":3},{"damage":24,"enemies":"Gremlin Nob","floor":14,"turns":4},{"damage":13,"enemies":"The Guardian","floor":16,"turns":10},{"damage":12,"enemies":"2 Thieves","floor":18,"turns":2},{"damage":35,"enemies":"Spheric Guardian","floor":20,"turns":6},{"damage":11,"enemies":"Shelled Parasite and Fungi","floor":22,"turns":5},{"damage":16,"enemies":"Book of Stabbing","floor":24,"turns":5},{"damage":22,"enemies":"Slavers","floor":27,"turns":3}],"seed_played":"-614994269024509527","potions_obtained":[{"floor":1,"key":"SkillPotion"},{"floor":3,"key":"AttackPotion"},{"floor":5,"key":"Energy Potion"},{"floor":7,"key":"Dexterity Potion"},{"floor":14,"key":"HeartOfIron"}],"is_trial":false,"path_per_floor":["M","M","M","$","M","R","E","?","T","?","M","R","M","E","R","B",null,"M","?","M","$","M","R","E","?","T","E"],"character_chosen":"IRONCLAD","items_purchased":["Membership Card","Meat on the Bone","Dark Embrace","BlessingOfTheForge","Apotheosis","Whirlwind","Mercury Hourglass"],"campfire_rested":1,"item_purchase_floors":[0,0,0,0,4,4,21],"current_hp_per_floor":[49,49,51,51,43,43,55,73,73,73,65,65,65,47,69,62,72,66,37,20,20,30,30,32,22,22,0,0],"gold":116,"neow_bonus":"","is_daily":false,"chose_seed":false,"campfire_upgraded":2,"win_rate":0.0,"timestamp":1610249949,"path_taken":["M","M","M","$","M","R","E","?","T","?","?","R","M","E","R","BOSS","M","?","M","$","M","R","E","?","T","E"],"items_purchased_type":["Relic","Relic","Card","Potion","Card","Card","Relic"],"build_version":"2020-12-22","purchased_purges":1,"victory":false,"max_hp_per_floor":[75,75,75,75,75,75,75,75,75,75,75,75,75,75,75,75,75,75,37,37,37,40,40,40,40,40,40,40],"card_choices":[{"not_picked":["Sentinel","Dual Wield"],"picked":"Sword Boomerang","floor":1},{"not_picked":["Clothesline","Combust"],"picked":"Shockwave","floor":1},{"not_picked":["Seeing Red","Warcry","True Grit"],"picked":"SKIP","floor":2},{"not_picked":["Fire Breathing","Iron Wave","Havoc"],"picked":"SKIP","floor":2},{"not_picked":["Warcry","Headbutt"],"picked":"Offering","floor":3},{"not_picked":["Heavy Blade","Wild Strike"],"picked":"Armaments","floor":3},{"not_picked":["Havoc","Armaments"],"picked":"Battle Trance","floor":5},{"not_picked":["Ghostly Armor","True Grit"],"picked":"Flex","floor":5},{"not_picked":["Hemokinesis","Twin Strike"],"picked":"Shrug It Off","floor":7},{"not_picked":["Inflame","Flex"],"picked":"Shrug It Off","floor":11},{"not_picked":["Wild Strike","Dark Embrace","Combust"],"picked":"SKIP","floor":11},{"not_picked":["Armaments","Seeing Red"],"picked":"Searing Blow","floor":13},{"not_picked":["Body Slam","Infernal Blade"],"picked":"Shrug It Off","floor":13},{"not_picked":["Twin Strike","Iron Wave"],"picked":"Feed","floor":14},{"not_picked":["Limit Break","Bludgeon"],"picked":"Double Tap","floor":16},{"not_picked":["Combust","Cleave","Wild Strike"],"picked":"SKIP","floor":18},{"not_picked":["Thunderclap","Rage","Twin Strike"],"picked":"SKIP","floor":18},{"not_picked":["Twin Strike","Armaments"],"picked":"Rage","floor":20},{"not_picked":["Havoc","Perfected Strike"],"picked":"Juggernaut","floor":20},{"not_picked":["Twin Strike+1","Warcry"],"picked":"Spot Weakness+1","floor":22},{"not_picked":["True Grit","Blood for Blood","Second Wind"],"picked":"SKIP","floor":22},{"not_picked":["Dual Wield","Seeing Red","Perfected Strike"],"picked":"SKIP","floor":24}],"player_experience":1294720,"relics_obtained":[{"floor":7,"key":"Happy Flower"},{"floor":14,"key":"The Courier"},{"floor":24,"key":"Art of War"},{"floor":26,"key":"FossilizedHelix"}],"event_choices":[{"damage_healed":18,"gold_gain":0,"player_choice":"Healed","damage_taken":0,"max_hp_gain":0,"max_hp_loss":0,"event_name":"The Cleric","floor":8,"gold_loss":35},{"damage_healed":0,"gold_gain":0,"player_choice":"Grow","damage_taken":0,"max_hp_gain":0,"max_hp_loss":0,"event_name":"Living Wall","floor":10,"gold_loss":0,"cards_upgraded":["Battle Trance"]},{"damage_healed":0,"gold_gain":0,"player_choice":"Became a Ghost","damage_taken":0,"max_hp_gain":0,"max_hp_loss":38,"event_name":"Ghosts","floor":19,"gold_loss":0,"cards_obtained":["Ghostly","Ghostly","Ghostly"]},{"damage_healed":0,"gold_gain":2,"player_choice":"2","damage_taken":0,"max_hp_gain":0,"max_hp_loss":10,"event_name":"betterStone:BetterStone","floor":25,"gold_loss":0}],"is_beta":false,"boss_relics":[{"not_picked":["Coffee Dripper","Ectoplasm"],"picked":"Pandora\u0027s Box"}],"items_purged_floors":[0],"is_endless":false,"potions_floor_spawned":[1,3,5,7,14],"killed_by":"Slavers","ascension_level":17}}