{"host":"foq4mrde4mssg7vt","time":1610268840,"event":{"mods":["AchievementEnabler","BaseMod","Colored Map","Colored Powertips","Highlight Path","Minty Spire (QoL Compilation)","Relic Stats","everything is the same but u backflip on backflip"],"gold_per_floor":[115,129,54,54,73,103,103,103,103,133,133,149,167,167,167,241,241,181,64,64,64,64,64,64,64,64,64,64,64,64,64,64,64,64,64,64,64,64,64,64,64,64,64,64,64,64,64,64,64,64,64,64,64,64,64,64],"floor_reached":57,"playtime":4178,"items_purged":["Doubt"],"score":3139,"play_id":"15aa175e-0242-49b4-bf3e-ea6800d80c7c","local_time":"20210110165400","is_ascension_mode":true,"campfire_choices":[{"data":"Noxious Fumes","floor":7.0,"key":"SMITH"},{"floor":11.0,"key":"REST"},{"floor":15.0,"key":"REST"},{"data":"Ghostly","floor":29.0,"key":"SMITH"},{"data":"Ghostly","floor":32.0,"key":"SMITH"},{"data":"Ghostly","floor":44.0,"key":"SMITH"},{"floor":49.0,"key":"RECALL"},{"data":"1","floor":53.0,"key":"LIFT"}],"circlet_count":0,"master_deck":["AscendersBane","Survivor+1","Neutralize+1","All Out Attack+1","Noxious Fumes+1","Leg Sweep+1","Dash+1","Dagger Throw+1","Bane+1","Backflip+1","Bullet Time+1","Backflip+1","Deadly Poison+1","Acrobatics+1","Ghostly+1","Ghostly+1","Ghostly+1","Backstab+1","Noxious Fumes+1","Burst+1","Well Laid Plans+1","Calculated Gamble+1","Die Die Die+1","Acrobatics+1","Endless Agony+1","Venomology+1","Storm of Steel+1","Noxious Fumes+1","A Thousand Cuts+1","Burst+1","Flechettes+1","Phantasmal Killer+1","Footwork+1","Dark Shackles+1","Escape Plan+1","Tactician+1","Wraith Form v2+1"],"relics":["Ring of the Snake","TungstenRod","Lizard Tail","Girya","Ectoplasm","Nloth\u0027s Gift","MawBank","Mummified Hand","Frozen Egg 2","Dream Catcher","Pandora\u0027s Box","Bag of Preparation","Dead Branch","Centennial Puzzle","Mark of the Bloom","Blood Vial"],"acts_visited":["Exordium","TheCity","TheBeyond","TheEnding"],"potions_floor_usage":[56,56,56],"damage_taken":[{"damage":1.0,"enemies":"Small Slimes","floor":1.0,"turns":5.0},{"damage":2.0,"enemies":"Cultist","floor":2.0,"turns":4.0},{"damage":0.0,"enemies":"2 Louse","floor":5.0,"turns":3.0},{"damage":26.0,"enemies":"Lagavulin","floor":6.0,"turns":9.0},{"damage":19.0,"enemies":"Gremlin Nob","floor":10.0,"turns":5.0},{"damage":0.0,"enemies":"Exordium Wildlife","floor":12.0,"turns":2.0},{"damage":2.0,"enemies":"Large Slime","floor":13.0,"turns":5.0},{"damage":27.0,"enemies":"The Guardian","floor":16.0,"turns":13.0},{"damage":0.0,"enemies":"2 Thieves","floor":18.0,"turns":3.0},{"damage":3.0,"enemies":"3 Byrds","floor":22.0,"turns":6.0},{"damage":4.0,"enemies":"Gremlin Leader","floor":23.0,"turns":8.0},{"damage":0.0,"enemies":"3 Cultists","floor":24.0,"turns":5.0},{"damage":0.0,"enemies":"Slavers","floor":25.0,"turns":6.0},{"damage":7.0,"enemies":"Book of Stabbing","floor":28.0,"turns":7.0},{"damage":0.0,"enemies":"Snake Plant","floor":30.0,"turns":5.0},{"damage":5.0,"enemies":"Shelled Parasite and Fungi","floor":31.0,"turns":6.0},{"damage":30.0,"enemies":"Champ","floor":33.0,"turns":17.0},{"damage":8.0,"enemies":"3 Darklings","floor":35.0,"turns":3.0},{"damage":0.0,"enemies":"3 Shapes","floor":36.0,"turns":5.0},{"damage":3.0,"enemies":"Writhing Mass","floor":37.0,"turns":7.0},{"damage":0.0,"enemies":"3 Darklings","floor":39.0,"turns":5.0},{"damage":1.0,"enemies":"Giant Head","floor":40.0,"turns":8.0},{"damage":2.0,"enemies":"2 Orb Walkers","floor":41.0,"turns":4.0},{"damage":0.0,"enemies":"Reptomancer","floor":42.0,"turns":3.0},{"damage":0.0,"enemies":"Transient","floor":45.0,"turns":6.0},{"damage":0.0,"enemies":"Spire Growth","floor":47.0,"turns":3.0},{"damage":0.0,"enemies":"Donu and Deca","floor":50.0,"turns":8.0},{"damage":0.0,"enemies":"Time Eater","floor":51.0,"turns":13.0},{"damage":0.0,"enemies":"Shield and Spear","floor":55.0,"turns":5.0},{"damage":5,"enemies":"The Heart","floor":56,"turns":9}],"seed_played":"5178198932687779833","potions_obtained":[{"floor":2.0,"key":"SteroidPotion"},{"floor":10.0,"key":"Explosive Potion"},{"floor":12.0,"key":"DuplicationPotion"},{"floor":18.0,"key":"DuplicationPotion"},{"floor":24.0,"key":"GamblersBrew"},{"floor":33.0,"key":"BlessingOfTheForge"}],"is_trial":false,"path_per_floor":["M","M","$","?","M","E","R","?","T","E","R","M","M","?","R","B",null,"M","$","?","?","M","E","M","E","T","?","E","R","M","M","R","B",null,"M","M","M","?","M","E","?","E","T","R","M","?","M","?","R","B","B",null,"R","$","E","B",null],"character_chosen":"THE_SILENT","items_purchased":["Deadly Poison","Acrobatics"],"campfire_rested":2,"item_purchase_floors":[19,19],"current_hp_per_floor":[58,56,56,56,56,30,30,30,30,11,30,30,28,28,47,20,55,55,55,33,33,30,26,26,26,26,26,19,19,19,14,14,15,29,21,21,18,18,18,17,15,15,15,15,15,15,15,15,15,15,15,15,15,15,15,10],"gold":64,"neow_bonus":"ONE_RARE_RELIC","is_daily":false,"chose_seed":false,"campfire_upgraded":4,"win_rate":0.0,"timestamp":1610268840,"path_taken":["M","M","$","?","M","E","R","?","T","E","R","M","?","?","R","BOSS","M","$","?","?","?","E","M","E","T","?","E","R","M","M","R","BOSS","M","M","?","?","M","E","?","E","T","R","M","?","?","?","R","BOSS","BOSS","R","$","E","BOSS"],"items_purchased_type":["Card","Card"],"build_version":"2020-12-22","purchased_purges":1,"victory":true,"max_hp_per_floor":[66,66,66,66,66,66,66,66,66,66,66,66,66,66,66,66,66,66,66,33,33,33,33,33,33,33,33,33,33,33,33,33,33,33,33,33,33,33,33,33,33,33,33,33,33,33,33,33,33,33,33,33,33,33,33,33],"relic_stats":{"Mark of the Bloom":16,"counters":[30,188],"Dead Branch":[93],"Bag of Preparation":[16],"MawBank":0,"Blood Vial":0,"Lizard Tail":16,"Dream Catcher":0,"Centennial Puzzle":[1],"Mummified Hand":[91],"Pandora\u0027s Box":["Acrobatics","Endless Agony","Venomology","Storm of Steel","Noxious Fumes","A Thousand Cuts","Burst","Flechettes","Phantasmal Killer"],"Ectoplasm":1013,"Nloth\u0027s Gift":3,"obtain_stats":[{"Girya":9,"Mark of the Bloom":46,"Dead Branch":41,"Bag of Preparation":40,"Frozen Egg 2":26,"MawBank":23,"Blood Vial":55,"Lizard Tail":6,"Dream Catcher":28,"Centennial Puzzle":42,"Mummified Hand":25,"Pandora\u0027s Box":34,"Ectoplasm":17,"Nloth\u0027s Gift":21,"StrikeDummy":10,"TungstenRod":0,"Ring of the Snake":0},{"Girya":4,"Mark of the Bloom":25,"Dead Branch":23,"Bag of Preparation":22,"Frozen Egg 2":13,"MawBank":11,"Blood Vial":29,"Lizard Tail":4,"Dream Catcher":14,"Centennial Puzzle":24,"Mummified Hand":13,"Pandora\u0027s Box":17,"Ectoplasm":8,"Nloth\u0027s Gift":9,"StrikeDummy":5,"TungstenRod":0,"Ring of the Snake":0},{"Girya":21,"Mark of the Bloom":150,"Dead Branch":141,"Bag of Preparation":137,"Frozen Egg 2":74,"MawBank":63,"Blood Vial":179,"Lizard Tail":21,"Dream Catcher":81,"Centennial Puzzle":144,"Mummified Hand":74,"Pandora\u0027s Box":109,"Ectoplasm":46,"Nloth\u0027s Gift":49,"StrikeDummy":26,"TungstenRod":0,"Ring of the Snake":0}],"TungstenRod":187,"Ring of the Snake":[60]},"card_choices":[{"not_picked":["PiercingWail","Dodge and Roll"],"picked":"All Out Attack","floor":1.0},{"not_picked":["Choke","Outmaneuver"],"picked":"Noxious Fumes","floor":2.0},{"not_picked":["PiercingWail","Dodge and Roll"],"picked":"Leg Sweep","floor":5.0},{"not_picked":["Slice","Choke"],"picked":"Dash","floor":6.0},{"not_picked":["Flying Knee","Calculated Gamble"],"picked":"Dagger Throw","floor":10.0},{"not_picked":["Crippling Poison","PiercingWail"],"picked":"Bane","floor":12.0},{"not_picked":["Dagger Spray","Bane"],"picked":"Backflip","floor":13.0},{"not_picked":["Unload","Venomology"],"picked":"Bullet Time","floor":16.0},{"not_picked":["Prepared","Quick Slash+1"],"picked":"Backflip","floor":18.0},{"not_picked":["Prepared","Cloak And Dagger","Dodge and Roll"],"picked":"SKIP","floor":22.0},{"not_picked":["Prepared","Skewer"],"picked":"Backstab","floor":23.0},{"not_picked":["Flying Knee","Glass Knife"],"picked":"Noxious Fumes","floor":24.0},{"not_picked":["Catalyst","Choke"],"picked":"Burst","floor":25.0},{"not_picked":["Terror","Deflect"],"picked":"Well Laid Plans+1","floor":28.0},{"not_picked":["Quick Slash","Deadly Poison","Concentrate"],"picked":"SKIP","floor":30.0},{"not_picked":["Bane","Underhanded Strike+1"],"picked":"Calculated Gamble","floor":31.0},{"not_picked":["Venomology","Bullet Time"],"picked":"Die Die Die","floor":33.0},{"not_picked":["Deadly Poison","Outmaneuver","Accuracy+1"],"picked":"SKIP","floor":35.0},{"not_picked":["Backstab+1","Leg Sweep"],"picked":"Footwork+1","floor":36.0},{"not_picked":["Calculated Gamble","Reflex+1","Flying Knee+1"],"picked":"SKIP","floor":37.0},{"not_picked":["Flash of Steel","Panacea"],"picked":"Dark Shackles","floor":38.0},{"not_picked":["Acrobatics","Choke"],"picked":"Escape Plan+1","floor":39.0},{"not_picked":["Outmaneuver","Choke","Well Laid Plans+1"],"picked":"SKIP","floor":40.0},{"not_picked":["Skewer+1","All Out Attack"],"picked":"Tactician","floor":41.0},{"not_picked":["Leg Sweep","Tactician"],"picked":"Wraith Form v2+1","floor":42.0},{"not_picked":["Deadly Poison","Sucker Punch+1","Glass Knife"],"picked":"SKIP","floor":45.0},{"not_picked":["Poisoned Stab","Riddle With Holes+1","Setup+1"],"picked":"SKIP","floor":47.0},{"not_picked":["Flying Knee","Poisoned Stab","Bane"],"picked":"SKIP","floor":55.0}],"player_experience":433393,"relics_obtained":[{"floor":6.0,"key":"Lizard Tail"},{"floor":9.0,"key":"Girya"},{"floor":10.0,"key":"StrikeDummy"},{"floor":23.0,"key":"MawBank"},{"floor":25.0,"key":"Mummified Hand"},{"floor":26.0,"key":"Frozen Egg 2"},{"floor":28.0,"key":"Dream Catcher"},{"floor":40.0,"key":"Bag of Preparation"},{"floor":41.0,"key":"Dead Branch"},{"floor":42.0,"key":"Centennial Puzzle"},{"floor":55.0,"key":"Blood Vial"}],"event_choices":[{"damage_healed":0.0,"max_hp_gain":0.0,"max_hp_loss":0.0,"gold_gain":0.0,"event_name":"The Cleric","player_choice":"Leave","floor":4.0,"gold_loss":0.0,"damage_taken":0.0},{"cards_removed":["Strike_G"],"damage_healed":0.0,"max_hp_gain":0.0,"max_hp_loss":0.0,"gold_gain":0.0,"event_name":"Bonfire Elementals","player_choice":"Offered Basic","floor":8.0,"gold_loss":0.0,"damage_taken":0.0},{"damage_healed":0.0,"max_hp_gain":0.0,"max_hp_loss":0.0,"gold_gain":0.0,"event_name":"Liars Game","player_choice":"Ignored","floor":14.0,"gold_loss":0.0,"damage_taken":0.0},{"damage_healed":0.0,"max_hp_gain":0.0,"max_hp_loss":33.0,"gold_gain":0.0,"event_name":"Ghosts","player_choice":"Became a Ghost","floor":20.0,"gold_loss":0.0,"damage_taken":0.0,"cards_obtained":["Ghostly","Ghostly","Ghostly"]},{"damage_healed":0.0,"max_hp_gain":0.0,"max_hp_loss":0.0,"gold_gain":0.0,"event_name":"N\u0027loth","player_choice":"Traded Relic","floor":21.0,"relics_lost":["StrikeDummy"],"gold_loss":0.0,"damage_taken":0.0,"relics_obtained":["Nloth\u0027s Gift"]},{"damage_healed":0.0,"max_hp_gain":0.0,"max_hp_loss":0.0,"gold_gain":0.0,"event_name":"Golden Shrine","player_choice":"Ignored","floor":27.0,"gold_loss":0.0,"damage_taken":0.0},{"damage_healed":0.0,"max_hp_gain":0.0,"max_hp_loss":0.0,"gold_gain":0.0,"event_name":"SensoryStone","player_choice":"Memory 1","floor":38.0,"gold_loss":0.0,"damage_taken":0.0},{"damage_healed":0.0,"max_hp_gain":0.0,"max_hp_loss":0.0,"gold_gain":0.0,"event_name":"Mysterious Sphere","player_choice":"Fight","floor":41.0,"gold_loss":0.0,"damage_taken":0.0},{"damage_healed":0.0,"max_hp_gain":0.0,"max_hp_loss":0.0,"gold_gain":0.0,"event_name":"MindBloom","player_choice":"Upgrade","floor":46.0,"gold_loss":0.0,"damage_taken":0.0,"cards_upgraded":["Survivor","Neutralize","All Out Attack","Leg Sweep","Dash","Dagger Throw","Bane","Backflip","Bullet Time","Backflip","Deadly Poison","Acrobatics","Backstab","Noxious Fumes","Burst","Calculated Gamble","Die Die Die","Acrobatics","Endless Agony","Venomology","Storm of Steel","Burst","Flechettes","Phantasmal Killer","Dark Shackles","Tactician"],"relics_obtained":["Mark of the Bloom"]},{"damage_healed":0.0,"max_hp_gain":0.0,"max_hp_loss":0.0,"gold_gain":0.0,"event_name":"Match and Keep!","player_choice":"0 cards matched","floor":48.0,"gold_loss":0.0,"damage_taken":0.0,"cards_obtained":[]}],"is_beta":false,"boss_relics":[{"not_picked":["Ring of the Serpent","Velvet Choker"],"picked":"Ectoplasm"},{"not_picked":["Philosopher\u0027s Stone","Empty Cage"],"picked":"Pandora\u0027s Box"}],"items_purged_floors":[3],"is_endless":false,"potions_floor_spawned":[2,10,12,13,18,24,33,41,42,45,47],"ascension_level":20}}