{"host":"61ejhfsushs0xmcl","time":1610269177,"event":{"mods":["ATMod(°¢èªMod)","Act Like it!","BaseMod","Challenge The Spire","Colored Map","Gensokyo","Gold Saver","Minty Spire (QoL Compilation)","MostiFishMod","Spicy Shops","StSLib","TestMod","Waifu the Spire","¡¾ÒÅÎï¿¨ÅÆ¡¿REMEMod","óô»ðÖ¸ÄÏ"],"gold_per_floor":[118,518,618,629,648,648,677,677,703,448,477,493,508,284,284,284,284],"floor_reached":16,"playtime":676,"items_purged":["Defend_R","Strike_R"],"score":250,"play_id":"ba0cf17a-039f-42de-8f38-63c9cc2cbe55","local_time":"20210110165937","is_ascension_mode":true,"campfire_choices":[{"data":"AT_MachinaRedman","floor":6,"key":"SMITH"},{"data":"MostiFishMod:BrokenBlackCloak","floor":15,"key":"SMITH"}],"circlet_count":0,"master_deck":["AscendersBane","Strike_R","Strike_R","Strike_R","Defend_R","Defend_R","Bash","Combust","Reckless Charge","AT_MachinaRedman+1","MostiFishMod:BrokenBlackCloak+1","Shockwave","Dropkick+1","Uppercut+1","Gensokyo:ScrapIron","Gensokyo:RustyChest","Gensokyo:DepletedGenerator","Gensokyo:BlemishedSteel","Gensokyo:TrainingManual"],"relics":["Burning Blood","testmod-TestBox","AT_ATBox","REME_ComplimentaryCards","testmod-EqualTreatment","Chemical X","SynthV:TestCard","Lantern","Molten Egg 2"],"acts_visited":["Exordium"],"potions_floor_usage":[7,11,16],"damage_taken":[{"damage":6,"enemies":"Gensokyo:Gryphon","floor":1,"turns":2},{"damage":0,"enemies":"Gensokyo:3_Fairies","floor":4,"turns":2},{"damage":3,"enemies":"Gensokyo:2_Kodama","floor":5,"turns":2},{"damage":16,"enemies":"Gensokyo:Cirno","floor":7,"turns":5},{"damage":2,"enemies":"Gensokyo:Mamizou","floor":11,"turns":3},{"damage":3,"enemies":"Gensokyo:Gryphon_and_Rabbit","floor":12,"turns":3},{"damage":5,"enemies":"Gensokyo:3_Kodama","floor":13,"turns":2},{"damage":50,"enemies":"Gensokyo:Yukari","floor":16,"turns":6}],"seed_played":"3550936434645029203","potions_obtained":[{"floor":1,"key":"SkillPotion"},{"floor":5,"key":"Explosive Potion"},{"floor":11,"key":"ColorlessPotion"}],"is_trial":false,"path_per_floor":["M","?","?","M","M","R","E","?","T","$","E","M","M","COS","R","B"],"character_chosen":"IRONCLAD","items_purchased":["testmod-SpacePotion"],"campfire_rested":0,"item_purchase_floors":[10],"current_hp_per_floor":[50,50,50,56,59,59,49,49,49,49,53,56,57,57,57,14,14],"gold":284,"neow_bonus":"TRANSFORM_TWO_CARDS","is_daily":false,"chose_seed":false,"campfire_upgraded":2,"win_rate":0.0,"timestamp":1610269177,"path_taken":["M","?","?","M","M","R","E","?","T","$","E","M","M","COS","R","BOSS"],"items_purchased_type":["Potion"],"build_version":"2020-12-22","purchased_purges":2,"victory":false,"max_hp_per_floor":[75,75,75,75,75,75,75,75,75,75,75,75,75,75,75,75,75],"card_choices":[{"not_picked":["Sword Boomerang","Body Slam","Sever Soul"],"picked":"SKIP","floor":1},{"not_picked":["Inflame","Wild Strike","Warcry","AT_BodySlamDance"],"picked":"Shockwave","floor":4},{"not_picked":["True Grit","Dropkick","Inflame","REME_SingleHolding","Cleave"],"picked":"SKIP","floor":5},{"not_picked":["Armaments","Rupture","True Grit","Carnage","AT_ShrugMaster"],"picked":"SKIP","floor":7},{"not_picked":["True Grit","Fire Breathing","Searing Blow+1","Body Slam+1"],"picked":"Dropkick+1","floor":11},{"not_picked":["AT_ShrugMaster","Body Slam+1","Twin Strike+1","Sword Boomerang+1"],"picked":"Uppercut+1","floor":12},{"not_picked":["Flex","Clash+1","REME_SingleHolding","Perfected Strike+1","Thunderclap+1"],"picked":"SKIP","floor":13}],"player_experience":812379,"relics_obtained":[{"floor":1,"key":"SynthV:TestCard"},{"floor":9,"key":"Lantern"},{"floor":11,"key":"Molten Egg 2"}],"event_choices":[{"damage_healed":0,"gold_gain":400,"player_choice":"Sell","damage_taken":0,"max_hp_gain":0,"max_hp_loss":0,"event_name":"¶÷ÂåË¹µÄÅÌ×Ó","floor":2,"relics_lost":["DaveBox"],"gold_loss":0}],"is_beta":false,"boss_relics":[],"items_purged_floors":[10,10],"is_endless":false,"potions_floor_spawned":[1,5,11],"killed_by":"Gensokyo:Yukari","ascension_level":20}}