{"host":"l60rmjjsfi0fipmi","time":1610307312,"event":{"mods":["BaseMod","Colored Map","DeckTracker","Highlight Path","Minty Spire (QoL Compilation)"],"gold_per_floor":[217,292,20,40,54,54,64,64,64,64,83,110,110,170,170,275,275,287,287,0,18,35,35,35,35],"floor_reached":24,"playtime":1585,"items_purged":["Strike_R"],"score":241,"play_id":"25626945-8b19-46f9-873e-c9fedeb34623","local_time":"20210110143512","is_ascension_mode":true,"campfire_choices":[{"data":"True Grit","floor":6,"key":"SMITH"},{"data":"Uppercut","floor":10,"key":"SMITH"},{"data":"Infernal Blade","floor":15,"key":"SMITH"},{"floor":23,"key":"REST"}],"circlet_count":0,"master_deck":["Strike_R","Strike_R+1","Strike_R","Strike_R","Defend_R","Defend_R","Defend_R+1","Defend_R","Bash","True Grit+1","Infernal Blade+1","Clothesline","Uppercut+1","Flex","Heavy Blade","Impervious","Rupture","Seeing Red","Demon Form","CurseOfTheBell","Dropkick","Limit Break"],"relics":["Burning Blood","Centennial Puzzle","FossilizedHelix","InkBottle","Red Skull","Mercury Hourglass","Calling Bell","Oddly Smooth Stone","Frozen Egg 2","Mango","Nunchaku"],"acts_visited":["Exordium","TheCity"],"potions_floor_usage":[16,16,22,24,24],"damage_taken":[{"damage":5,"enemies":"2 Louse","floor":1,"turns":4},{"damage":0,"enemies":"Cultist","floor":4,"turns":3},{"damage":0,"enemies":"Small Slimes","floor":5,"turns":3},{"damage":2,"enemies":"3 Louse","floor":7,"turns":3},{"damage":3,"enemies":"Looter","floor":11,"turns":3},{"damage":14,"enemies":"Gremlin Nob","floor":12,"turns":5},{"damage":0,"enemies":"Lagavulin Event","floor":14,"turns":5},{"damage":39,"enemies":"Hexaghost","floor":16,"turns":11},{"damage":23,"enemies":"Spheric Guardian","floor":18,"turns":8},{"damage":30,"enemies":"3 Byrds","floor":21,"turns":5},{"damage":39,"enemies":"Centurion and Healer","floor":22,"turns":6},{"damage":49,"enemies":"Slavers","floor":24,"turns":6}],"seed_played":"5744214295181879155","potions_obtained":[{"floor":1,"key":"BloodPotion"},{"floor":7,"key":"Fire Potion"},{"floor":12,"key":"SteroidPotion"},{"floor":14,"key":"Strength Potion"},{"floor":21,"key":"Dexterity Potion"},{"floor":22,"key":"Weak Potion"}],"is_trial":false,"path_per_floor":["M","?","$","M","M","R","M","?","T","R","M","E","?","?","R","B",null,"M","?","$","M","M","R","E"],"character_chosen":"IRONCLAD","items_purchased":["Infernal Blade","Clothesline","Centennial Puzzle","Limit Break","Nunchaku"],"campfire_rested":1,"item_purchase_floors":[3,3,3,20,20],"current_hp_per_floor":[80,72,72,78,80,80,80,64,64,64,67,59,56,62,62,29,94,77,58,58,34,20,49,0,0],"gold":35,"neow_bonus":"HUNDRED_GOLD","is_daily":false,"chose_seed":false,"campfire_upgraded":3,"win_rate":0.0,"timestamp":1610307312,"path_taken":["M","?","$","M","?","R","M","?","T","R","M","E","?","?","R","BOSS","M","?","$","M","M","R","E"],"items_purchased_type":["Card","Card","Relic","Card","Relic"],"build_version":"2020-12-22","purchased_purges":1,"victory":false,"max_hp_per_floor":[80,80,80,80,80,80,80,80,80,80,80,80,80,80,80,80,94,94,99,99,99,99,99,99,99],"card_choices":[{"not_picked":["Second Wind","Sword Boomerang"],"picked":"True Grit","floor":1},{"not_picked":["Ghostly Armor","True Grit"],"picked":"Uppercut","floor":4},{"not_picked":["Warcry","Havoc"],"picked":"Flex","floor":5},{"not_picked":["Thunderclap","Searing Blow"],"picked":"Heavy Blade","floor":7},{"not_picked":["Perfected Strike","Twin Strike"],"picked":"Impervious","floor":11},{"not_picked":["Heavy Blade","Dark Embrace"],"picked":"Rupture","floor":12},{"not_picked":["Clothesline","Infernal Blade"],"picked":"Seeing Red","floor":14},{"not_picked":["Immolate","Berserk"],"picked":"Demon Form","floor":16},{"not_picked":["Flex","Sword Boomerang+1"],"picked":"Dropkick","floor":18},{"not_picked":["Reckless Charge","Sword Boomerang","Wild Strike+1"],"picked":"SKIP","floor":21},{"not_picked":["Body Slam+1","Sever Soul+1","Flex+1"],"picked":"SKIP","floor":22}],"player_experience":320816,"relics_obtained":[{"floor":9,"key":"FossilizedHelix"},{"floor":12,"key":"InkBottle"},{"floor":14,"key":"Mercury Hourglass"},{"floor":17,"key":"Oddly Smooth Stone"},{"floor":17,"key":"Frozen Egg 2"},{"floor":17,"key":"Mango"}],"event_choices":[{"damage_healed":0,"gold_gain":75,"player_choice":"Touch","damage_taken":8,"max_hp_gain":0,"max_hp_loss":0,"event_name":"FaceTrader","floor":2,"gold_loss":0},{"damage_healed":0,"gold_gain":0,"player_choice":"Entered Light","damage_taken":16,"max_hp_gain":0,"max_hp_loss":0,"event_name":"Shining Light","floor":8,"gold_loss":0,"cards_upgraded":["Defend_R","Strike_R"]},{"damage_healed":0,"gold_gain":0,"player_choice":"Success","damage_taken":3,"relics_obtained":["Red Skull"],"max_hp_gain":0,"max_hp_loss":0,"event_name":"Scrap Ooze","floor":13,"gold_loss":0},{"damage_healed":0,"gold_gain":0,"player_choice":"Searched \u00271\u0027 times","damage_taken":0,"max_hp_gain":0,"max_hp_loss":0,"event_name":"Dead Adventurer","floor":14,"gold_loss":0},{"damage_healed":0,"gold_gain":0,"player_choice":"Shed Blood","damage_taken":24,"max_hp_gain":5,"max_hp_loss":0,"event_name":"Forgotten Altar","floor":19,"gold_loss":0}],"is_beta":false,"boss_relics":[{"not_picked":["Cursed Key","Philosopher\u0027s Stone"],"picked":"Calling Bell"}],"items_purged_floors":[20],"is_endless":false,"potions_floor_spawned":[1,7,12,14,21,22],"killed_by":"Slavers","ascension_level":2}}