{"host":"m5bsg12zcyqnofur","time":1610305343,"event":{"mods":["BaseMod","BetterRewards","Colored Powertips","Downfall","Highlight Path","Minty Spire (QoL Compilation)","Quick Restart","Replay The Spire","Shop Mod","StSLib"],"gold_per_floor":[112,129,146,158,171,171,206,220,246,277,277,14,41,55,55,153,253,273,288,302,41,54,54,54],"floor_reached":23,"playtime":1273,"items_purged":["Strike_R","Strike_R"],"score":358,"play_id":"17a4c22e-65b3-4479-8d85-cec1e4cbacf8","local_time":"20210110130223","is_ascension_mode":true,"campfire_choices":[{"data":"ReplayTheSpireMod:Muscle Training","floor":6,"key":"SMITH"},{"data":"Spot Weakness","floor":11,"key":"SMITH"},{"floor":15,"key":"REST"}],"circlet_count":0,"master_deck":["Strike_R","Defend_R","Defend_R","Defend_R","Defend_R","Twin Strike","Spot Weakness+1","ReplayTheSpireMod:Muscle Training+1","Sword Boomerang","Corruption","Dark Embrace","Sword Boomerang","Sword Boomerang","Flex","Cleave","Inflame","Limit Break","Sword Boomerang+1"],"relics":["Astrolabe","ReplayFunnel","Replay:Baseball","ReplayTheSpireMod:TigerMarble","Nunchaku","Replay:Wanted Poster"],"acts_visited":["TheCity"],"potions_floor_usage":[7,10,16,23,23,23],"damage_taken":[{"damage":5,"enemies":"Cultist","floor":1,"turns":4},{"damage":0,"enemies":"Small Slimes","floor":2,"turns":3},{"damage":0,"enemies":"2 Louse","floor":3,"turns":2},{"damage":4,"enemies":"Blue Slaver","floor":4,"turns":4},{"damage":0,"enemies":"Large Slime","floor":5,"turns":5},{"damage":21,"enemies":"Gremlin Nob","floor":7,"turns":5},{"damage":4,"enemies":"Red Slaver","floor":8,"turns":2},{"damage":32,"enemies":"Lagavulin","floor":10,"turns":7},{"damage":6,"enemies":"Gremlin Nob","floor":13,"turns":3},{"damage":8,"enemies":"Exordium Thugs","floor":14,"turns":4},{"damage":31,"enemies":"Hexaghost","floor":16,"turns":6},{"damage":15,"enemies":"Shell Parasite","floor":18,"turns":3},{"damage":1,"enemies":"3 Byrds","floor":19,"turns":4},{"damage":10,"enemies":"Centurion and Healer","floor":20,"turns":3},{"damage":15,"enemies":"Snecko","floor":22,"turns":4},{"damage":42,"enemies":"Book of Stabbing","floor":23,"turns":2}],"seed_played":"-3436102197713230575","potions_obtained":[{"floor":1,"key":"Block Potion"},{"floor":2,"key":"BloodPotion"},{"floor":8,"key":"Explosive Potion"},{"floor":13,"key":"Adrenaline Potion"},{"floor":18,"key":"Milkshake"},{"floor":19,"key":"Strength Potion"},{"floor":22,"key":"CultistPotion"}],"is_trial":false,"path_per_floor":["M","M","M","M","M","R","E","M","T","E","R","$","E","M","R","B",null,"M","M","M","$","M","E"],"character_chosen":"IRONCLAD","items_purchased":["Dark Embrace","ReplayTheSpireMod:TigerMarble","Limit Break"],"campfire_rested":1,"item_purchase_floors":[12,12,21],"current_hp_per_floor":[75,75,75,71,71,71,50,46,46,30,30,30,24,16,40,9,80,65,64,54,54,39,0,0],"gold":54,"neow_bonus":"BOSS_RELIC","is_daily":false,"chose_seed":false,"campfire_upgraded":2,"win_rate":0.0,"timestamp":1610305343,"path_taken":["M","M","M","M","M","R","E","M","T","E","R","$","E","M","R","BOSS","M","?","M","$","M","E"],"items_purchased_type":["Card","Relic","Card"],"build_version":"2020-12-22","purchased_purges":2,"victory":false,"max_hp_per_floor":[80,80,80,80,80,80,80,80,80,80,80,80,80,80,80,80,80,80,80,80,80,80,80,80],"card_choices":[{"not_picked":["Pommel Strike","Armaments"],"picked":"Twin Strike","floor":1},{"not_picked":["Heavy Blade","Clothesline"],"picked":"Spot Weakness","floor":2},{"not_picked":["Uppercut","Headbutt","Armaments"],"picked":"SKIP","floor":3},{"not_picked":["Metallicize","Intimidate","Ghostly Armor"],"picked":"SKIP","floor":4},{"not_picked":["Twin Strike","Sword Boomerang"],"picked":"ReplayTheSpireMod:Muscle Training","floor":5},{"not_picked":["ReplayTheSpireMod:Limb From Limb","Armaments"],"picked":"Sword Boomerang","floor":7},{"not_picked":["Rampage","Dropkick","Whirlwind"],"picked":"SKIP","floor":8},{"not_picked":["Replay:Undeath\u0027s Touch","Feel No Pain"],"picked":"Corruption","floor":10},{"not_picked":["Evolve","Headbutt"],"picked":"Sword Boomerang","floor":13},{"not_picked":["Clash","Rupture"],"picked":"Sword Boomerang","floor":14},{"not_picked":["ReplayTheSpireMod:Strike From Hell","Wild Strike"],"picked":"Flex","floor":18},{"not_picked":["Wild Strike","True Grit"],"picked":"Cleave","floor":19},{"not_picked":["Hemogenesis","True Grit"],"picked":"Inflame","floor":20},{"not_picked":["Clothesline","Run Through"],"picked":"Sword Boomerang+1","floor":22}],"player_experience":143992,"relics_obtained":[{"floor":7,"key":"ReplayFunnel"},{"floor":10,"key":"Replay:Baseball"},{"floor":13,"key":"Nunchaku"}],"event_choices":[],"is_beta":false,"boss_relics":[{"not_picked":["Snecko Eye","Calling Bell"],"picked":"Replay:Wanted Poster"}],"items_purged_floors":[12,21],"is_endless":false,"potions_floor_spawned":[1,2,8,13,18,19,22],"killed_by":"Book of Stabbing","ascension_level":1}}