{"host":"c97twqu0op5dg8i4","time":1610244590,"event":{"mods":["BaseMod","Minty Spire (QoL Compilation)","Permanent Neow"],"gold_per_floor":[117,292,292,167,183,210,210,243,319,319,330,330,344,344,344,445,445,462,170,170,187,187,187,187],"floor_reached":23,"playtime":691,"items_purged":["Strike_P","Strike_P"],"score":236,"play_id":"76141b75-8ebb-48e3-a559-d7cdedf0f46c","local_time":"20210109210950","is_ascension_mode":true,"campfire_choices":[{"floor":7,"key":"REST"},{"floor":10,"key":"REST"},{"data":"PathToVictory","floor":12,"key":"SMITH"},{"floor":15,"key":"REST"}],"circlet_count":0,"master_deck":["Strike_P","Defend_P","Defend_P","Defend_P","Defend_P","Eruption+1","Vigilance","Consecrate","PathToVictory+1","Wish","CarveReality","PathToVictory","MasterReality","EmptyBody"],"relics":["Philosopher\u0027s Stone","Blood Vial","Eternal Feather","Bottled Lightning","SlaversCollar","Omamori","Necronomicon"],"acts_visited":["Exordium","TheCity"],"potions_floor_usage":[16,16,18,21],"damage_taken":[{"damage":3,"enemies":"Small Slimes","floor":1,"turns":2},{"damage":0,"enemies":"2 Louse","floor":5,"turns":2},{"damage":55,"enemies":"Gremlin Nob","floor":6,"turns":4},{"damage":19,"enemies":"Lagavulin","floor":8,"turns":5},{"damage":4,"enemies":"Cultist","floor":11,"turns":3},{"damage":5,"enemies":"Blue Slaver","floor":13,"turns":3},{"damage":50,"enemies":"Hexaghost","floor":16,"turns":8},{"damage":23,"enemies":"Shell Parasite","floor":18,"turns":6},{"damage":15,"enemies":"Chosen","floor":21,"turns":4},{"damage":30,"enemies":"Gremlin Leader","floor":23,"turns":2}],"seed_played":"-4762441027609405651","potions_obtained":[{"floor":6,"key":"LiquidBronze"},{"floor":11,"key":"Regen Potion"},{"floor":13,"key":"Fire Potion"},{"floor":18,"key":"Regen Potion"},{"floor":21,"key":"Energy Potion"}],"is_trial":false,"path_per_floor":["M","?","?","$","M","E","R","E","T","R","M","R","M","?","R","B",null,"M","$","?","M","?","E"],"character_chosen":"WATCHER","items_purchased":["PathToVictory","PathToVictory","Omamori"],"campfire_rested":3,"item_purchase_floors":[4,19,19],"current_hp_per_floor":[69,69,62,62,62,7,28,11,11,38,36,42,39,39,66,32,72,49,49,49,41,25,0,0],"gold":187,"neow_bonus":"BOSS_RELIC","is_daily":false,"chose_seed":false,"campfire_upgraded":1,"win_rate":0.0,"timestamp":1610244590,"path_taken":["M","?","?","$","M","E","R","E","T","R","M","R","M","?","R","BOSS","M","$","?","M","?","E"],"items_purchased_type":["Card","Card","Relic"],"build_version":"2020-12-22","purchased_purges":2,"victory":false,"max_hp_per_floor":[72,72,72,72,72,72,72,72,72,72,72,72,72,72,72,72,72,72,72,72,72,72,72,72],"card_choices":[{"not_picked":["SashWhip","ThirdEye"],"picked":"Consecrate","floor":1},{"not_picked":["ClearTheMind","Study","Vengeance"],"picked":"SKIP","floor":5},{"not_picked":["BowlingBash","Crescendo","ReachHeaven"],"picked":"SKIP","floor":6},{"not_picked":["FlurryOfBlows","Perseverance","DeusExMachina"],"picked":"SKIP","floor":8},{"not_picked":["SashWhip","Sanctity","Vengeance"],"picked":"SKIP","floor":11},{"not_picked":["SashWhip","CarveReality"],"picked":"Consecrate","floor":13},{"not_picked":["DeusExMachina","Scrawl"],"picked":"Wish","floor":16},{"not_picked":["Tantrum","ClearTheMind"],"picked":"CarveReality","floor":18},{"not_picked":["SashWhip","Prostrate","EmptyFist"],"picked":"SKIP","floor":21}],"player_experience":276087,"relics_obtained":[{"floor":6,"key":"Blood Vial"},{"floor":8,"key":"Eternal Feather"},{"floor":9,"key":"Bottled Lightning"},{"floor":22,"key":"Necronomicon"}],"event_choices":[{"damage_healed":0,"gold_gain":175,"player_choice":"AGREE","damage_taken":0,"max_hp_gain":0,"max_hp_loss":0,"event_name":"Liars Game","floor":2,"gold_loss":0,"cards_obtained":["Doubt"]},{"cards_removed":["Doubt"],"damage_healed":0,"gold_gain":0,"player_choice":"Card Removal","damage_taken":7,"max_hp_gain":0,"max_hp_loss":0,"event_name":"Golden Wing","floor":3,"gold_loss":0},{"damage_healed":0,"gold_gain":0,"player_choice":"Upgraded","damage_taken":0,"max_hp_gain":0,"max_hp_loss":0,"event_name":"Upgrade Shrine","floor":14,"gold_loss":0,"cards_upgraded":["Eruption"]},{"damage_healed":0,"gold_gain":0,"cards_transformed":["Consecrate","Strike_P"],"player_choice":"Became Test Subject","damage_taken":0,"max_hp_gain":0,"max_hp_loss":0,"event_name":"Drug Dealer","floor":20,"gold_loss":0,"cards_obtained":["MasterReality","EmptyBody"]},{"damage_healed":0,"gold_gain":0,"player_choice":"Obtained Book","damage_taken":16,"max_hp_gain":0,"max_hp_loss":0,"event_name":"Cursed Tome","floor":22,"gold_loss":0}],"is_beta":false,"boss_relics":[{"not_picked":["Runic Dome","Fusion Hammer"],"picked":"SlaversCollar"}],"items_purged_floors":[4,19],"is_endless":false,"potions_floor_spawned":[6,11,13,18,21],"killed_by":"Gremlin Leader","ascension_level":4}}