{"host":"cv77zuuuekizn3ic","time":1610266653,"event":{"mods":["AchievementEnabler","BaseMod","Marisa£®ÏF”Í°°ƒß¿Ì…≥£©","Minty Spire (QoL Compilation)","StSLib","Waifu the Spire","everything is the same but u backflip on backflip","slay the spire mod where everything is the same but ironclad has a cowboy hat"],"gold_per_floor":[114,114,114,31,50,50,64,64,64,98,117,152,168,186,186,282,282,303,326,326,340,340,340,380,392,431,443,443],"floor_reached":27,"playtime":969,"items_purged":[],"score":486,"play_id":"be774679-edc2-47d7-a878-c5ac08f35c4a","local_time":"20210110161733","is_ascension_mode":true,"campfire_choices":[{"data":"Armaments","floor":6.0,"key":"SMITH"},{"data":"Limit Break","floor":15.0,"key":"SMITH"},{"floor":23,"key":"REST"},{"floor":25,"key":"REST"}],"circlet_count":0,"master_deck":["AscendersBane","Strike_R","Strike_R","Strike_R","Strike_R","Defend_R","Defend_R","Defend_R","Bash","Fire Breathing","Armaments+1","Cleave","Body Slam","Pommel Strike","Shrug It Off","Pummel","Limit Break+1","Reaper","Twin Strike","Evolve","Writhe","Flex"],"relics":["Empty Cage","Golden Idol","Red Skull","Ancient Tea Set","Nunchaku","Toy Ornithopter","Runic Pyramid","Darkstone Periapt","MawBank"],"acts_visited":["Exordium","TheCity"],"potions_floor_usage":[21,24],"damage_taken":[{"damage":12.0,"enemies":"2 Louse","floor":1.0,"turns":3.0},{"damage":7.0,"enemies":"Cultist","floor":5.0,"turns":4.0},{"damage":6.0,"enemies":"Jaw Worm","floor":7.0,"turns":5.0},{"damage":17.0,"enemies":"Lagavulin","floor":10.0,"turns":5.0},{"damage":0.0,"enemies":"2 Fungi Beasts","floor":11.0,"turns":2.0},{"damage":5.0,"enemies":"3 Sentries","floor":12.0,"turns":4.0},{"damage":8.0,"enemies":"Blue Slaver","floor":13.0,"turns":3.0},{"damage":7.0,"enemies":"Lots of Slimes","floor":14.0,"turns":6.0},{"damage":17.0,"enemies":"Hexaghost","floor":16.0,"turns":8.0},{"damage":33.0,"enemies":"2 Thieves","floor":18.0,"turns":4.0},{"damage":34.0,"enemies":"3 Byrds","floor":19.0,"turns":5.0},{"damage":18,"enemies":"Snecko","floor":21,"turns":3},{"damage":91,"enemies":"Gremlin Leader","floor":24,"turns":7},{"damage":30,"enemies":"Book of Stabbing","floor":27,"turns":2}],"seed_played":"-5682651533496924585","potions_obtained":[{"floor":5.0,"key":"Regen Potion"},{"floor":8.0,"key":"Block Potion"},{"floor":10.0,"key":"AttackPotion"},{"floor":12.0,"key":"Regen Potion"},{"floor":16.0,"key":"EssenceOfSteel"},{"floor":18.0,"key":"Strength Potion"},{"floor":24,"key":"Energy Potion"}],"is_trial":false,"path_per_floor":["M","?","?","$","M","R","M","?","T","E","M","E","M","M","R","B",null,"M","M","?","M","?","R","E","R","T","E"],"character_chosen":"IRONCLAD","items_purchased":["Armaments","Cleave"],"campfire_rested":2,"item_purchase_floors":[4,4],"current_hp_per_floor":[56,56,45,45,38,38,32,32,32,24,24,19,11,24,24,7,53,31,11,17,17,17,39,8,30,30,0,0],"gold":443,"neow_bonus":"BOSS_RELIC","is_daily":false,"chose_seed":false,"campfire_upgraded":2,"win_rate":0.0,"timestamp":1610266653,"path_taken":["M","?","?","$","M","R","M","?","T","E","M","E","?","M","R","BOSS","M","M","?","M","?","R","E","R","T","E"],"items_purchased_type":["Card","Card"],"build_version":"2020-12-22","purchased_purges":0,"victory":false,"max_hp_per_floor":[75,68,68,68,68,68,68,68,68,68,68,68,68,68,68,68,68,68,68,74,74,74,74,74,74,74,74,74],"card_choices":[{"not_picked":["Twin Strike","True Grit"],"picked":"Fire Breathing","floor":1.0},{"not_picked":["Twin Strike","Warcry"],"picked":"Body Slam","floor":5.0},{"not_picked":["Metallicize","Body Slam"],"picked":"Pommel Strike","floor":7.0},{"not_picked":["Brutality","Sever Soul"],"picked":"Shrug It Off","floor":10.0},{"not_picked":["Armaments","Havoc"],"picked":"Pummel","floor":11.0},{"not_picked":["Body Slam","Wild Strike","Armaments"],"picked":"SKIP","floor":12.0},{"not_picked":["Thunderclap","Body Slam","Clash"],"picked":"SKIP","floor":13.0},{"not_picked":["Wild Strike","Shrug It Off"],"picked":"Limit Break","floor":14.0},{"not_picked":["Immolate","Corruption"],"picked":"Reaper","floor":16.0},{"not_picked":["Warcry","Heavy Blade"],"picked":"Twin Strike","floor":18.0},{"not_picked":["Power Through","Pommel Strike"],"picked":"Evolve","floor":19.0},{"not_picked":["Anger","Thunderclap"],"picked":"Flex","floor":21},{"not_picked":["Uppercut","Whirlwind","Sword Boomerang"],"picked":"SKIP","floor":24}],"player_experience":825440,"relics_obtained":[{"floor":9.0,"key":"Ancient Tea Set"},{"floor":10.0,"key":"Nunchaku"},{"floor":12.0,"key":"Toy Ornithopter"},{"floor":24,"key":"MawBank"}],"event_choices":[{"damage_healed":0.0,"max_hp_gain":0.0,"max_hp_loss":7.0,"gold_gain":0.0,"event_name":"Golden Idol","player_choice":"Lose Max HP","floor":2.0,"gold_loss":0.0,"damage_taken":0.0,"relics_obtained":["Golden Idol"]},{"damage_healed":0.0,"max_hp_gain":0.0,"max_hp_loss":0.0,"gold_gain":0.0,"event_name":"Scrap Ooze","player_choice":"Success","floor":3.0,"gold_loss":0.0,"damage_taken":11.0,"relics_obtained":["Red Skull"]},{"damage_healed":0.0,"max_hp_gain":0.0,"max_hp_loss":0.0,"gold_gain":0.0,"event_name":"Lab","player_choice":"Got Potions","floor":8.0,"gold_loss":0.0,"damage_taken":0.0},{"damage_healed":0.0,"max_hp_gain":0.0,"max_hp_loss":0.0,"gold_gain":0.0,"event_name":"The Mausoleum","player_choice":"Opened","floor":20.0,"gold_loss":0.0,"damage_taken":0.0,"relics_obtained":["Darkstone Periapt"],"cards_obtained":["Writhe"]},{"damage_healed":0,"gold_gain":0,"player_choice":"Ignored","damage_taken":0,"max_hp_gain":0,"max_hp_loss":0,"event_name":"Cursed Tome","floor":22,"gold_loss":0}],"is_beta":false,"boss_relics":[{"not_picked":["Ectoplasm","SacredBark"],"picked":"Runic Pyramid"}],"items_purged_floors":[],"is_endless":false,"potions_floor_spawned":[5,10,12,16,18,24],"killed_by":"Book of Stabbing","ascension_level":20}}