{"host":"43eszqhj3e37fphl","time":1610305578,"event":{"mods":["100% Spire Juice","Act Like it!","BaseMod","Colored Map","Colored Powertips","Downfall","GungeonMod","Hallownest","Hermit","Marisa????????","Minty Spire (QoL Compilation)","READ ME - Guardian Mod","Rare Cards Sparkle","Replay The Spire","StSLib","The Animator","The Bug Knight","The Forsaken","The Jungle","The Necromancer","The Poker Player"],"gold_per_floor":[99,118,118,118,218,228,228,243,243,256,267,267,282,17,33,137,137,137,137,152,163,177,194,194,219,319,319,329,342,1,3,3,17,17,17,17],"floor_reached":34,"playtime":2642,"items_purged":[],"score":298,"play_id":"0857c882-d19d-4dbc-99a5-a9d40e8ed4e8","local_time":"20210110200618","is_ascension_mode":false,"campfire_choices":[{"data":"Slimebound:CorrosiveSpit","floor":1,"key":"SMITH"}],"circlet_count":0,"master_deck":["Slimebound:Strike_Slimebound","Slimebound:Strike_Slimebound","Slimebound:Defend_Slimebound","Slimebound:Defend_Slimebound","Slimebound:Split+1","Slimebound:CorrosiveSpit+1","Slimebound:LeechEnergy","Slimebound:SlimeSlap","Slimebound:MassFeed","Slimebound:Replication","Slimebound:Schlurp","Slimebound:PressTheAttack","Slimebound:SlimeSpikes","Slimebound:FirmFortitude","Slimebound:FormOfPuddle","Slimebound:LeadByExample","Blind","Slimebound:SplitAcid","Slimebound:DuplicatedForm","Slimebound:LeechLife","CurseOfTheBell","Slimebound:LevelUp","Slimebound:SlimeSpikes+1","Slimebound:HauntingLick","Slimebound:ItLooksTasty","Slimebound:Replication","Slimebound:RejuvenatingLick","J.A.X.","Slimebound:GoopSpray+1","Slimebound:MegaLick+1","Slimebound:MassFeed","Slimebound:SpikyOuterGoop","expansioncontent:DashGenerateEvil","Slimebound:MegaLick","Slimebound:Schlurp+1","Necronomicurse","Slimebound:GoopSpray"],"relics":["Slimebound:AbsorbEndCombat","Slimebound:GreedOozeRelic","DemoMod:Metronome","Calling Bell","Slimebound:AggressiveSlimeRelic","Mummified Hand","Calipers","theForsaken:Gavel","MutagenicStrength","Membership Card","Gremlin Horn","Necronomicon","DemoMod:GlassGuonStoneRelic"],"acts_visited":["Exordium","TheCity"],"potions_floor_usage":[14,14,16,23,26,26,28,30,31,34,34,34],"damage_taken":[{"damage":9,"enemies":"Jaw Worm","floor":2,"turns":3},{"damage":30,"enemies":"downfall:Heads","floor":5,"turns":5},{"damage":7,"enemies":"Small Slimes","floor":6,"turns":3},{"damage":0,"enemies":"2 Louse","floor":8,"turns":2},{"damage":19,"enemies":"Blue Slaver","floor":10,"turns":3},{"damage":21,"enemies":"Gremlin Gang","floor":11,"turns":2},{"damage":5,"enemies":"3 Louse","floor":13,"turns":2},{"damage":9,"enemies":"downfall:FleeingMerchant","floor":14,"turns":4},{"damage":18,"enemies":"Large Slime","floor":15,"turns":5},{"damage":32,"enemies":"downfall:Watcher","floor":16,"turns":8},{"damage":28,"enemies":"Spheric Guardian","floor":20,"turns":5},{"damage":57,"enemies":"Snake Plant","floor":21,"turns":4},{"damage":48,"enemies":"Snecko","floor":22,"turns":5},{"damage":17,"enemies":"3 Cultists","floor":23,"turns":3},{"damage":57,"enemies":"downfall:Augmenter","floor":26,"turns":6},{"damage":34,"enemies":"Centurion and Healer","floor":28,"turns":8},{"damage":36,"enemies":"Cultist and Chosen","floor":29,"turns":7},{"damage":13,"enemies":"downfall:FleeingMerchant","floor":30,"turns":4},{"damage":22,"enemies":"downfall:FleeingMerchant","floor":31,"turns":4},{"damage":32,"enemies":"Snecko","floor":33,"turns":4},{"damage":25,"enemies":"downfall:Defect","floor":34,"turns":2}],"seed_played":"2349839034952601779","potions_obtained":[{"floor":2,"key":"Explosive Potion"},{"floor":5,"key":"Death Potion"},{"floor":10,"key":"Fire Potion"},{"floor":13,"key":"AttackPotion"},{"floor":16,"key":"Doom Potion"},{"floor":21,"key":"hexamod:EctoCoolerPotion"},{"floor":23,"key":"SteroidPotion"},{"floor":29,"key":"Fire Potion"},{"floor":33,"key":"Languid Potion"}],"is_trial":false,"path_per_floor":["R","M","?","?","?","M","T","M","?","M","M","?","M","$","M","B",null,"PTL","PTL","M","M","M","M","?","T","?","?","M","M","$","$","?","M","B"],"character_chosen":"SLIMEBOUND","items_purchased":["Slimebound:LeadByExample","DistilledChaos","Blind","Slimebound:SplitAcid","expansioncontent:DashGenerateEvil","Toxic Potion","ColorlessPotion","Membership Card","Gremlin Horn","Slimebound:Schlurp+1","PowerPotion"],"campfire_rested":0,"item_purchase_floors":[14,14,14,14,30,30,30,31,31,31,31],"current_hp_per_floor":[66,57,57,57,39,40,40,51,51,40,30,30,28,39,37,48,75,75,75,75,57,46,53,53,53,35,35,45,25,36,60,44,20,0,0,0],"gold":17,"neow_bonus":"TEN_PERCENT_HP_BONUS","is_daily":false,"chose_seed":false,"campfire_upgraded":1,"win_rate":0.0,"timestamp":1610305578,"path_taken":["R","M","?","?","?","M","T","M","?","?","?","?","M","$","M","BOSS","PTL","PTL","M","M","M","M","?","T","?","?","M","?","?","$","?","M","BOSS"],"items_purchased_type":["Card","Potion","Card","Card","Card","Potion","Potion","Relic","Relic","Card","Potion"],"build_version":"2020-12-22","purchased_purges":0,"victory":false,"max_hp_per_floor":[66,66,66,66,66,66,66,69,69,69,72,72,75,75,75,75,75,75,75,75,75,75,75,75,75,75,75,75,75,75,75,75,75,75,75,75],"card_choices":[{"not_picked":["Slimebound:BestDefense","Slimebound:SplitAcid"],"picked":"Slimebound:LeechEnergy","floor":2},{"not_picked":["Slimebound:Schlurp","Slimebound:ComboTackle"],"picked":"Slimebound:MassFeed","floor":5},{"not_picked":["Slimebound:SlimeTap","Slimebound:FinishingTackle"],"picked":"Slimebound:Replication","floor":6},{"not_picked":["Slimebound:GrowthPunch","Slimebound:SplitBruiser"],"picked":"Slimebound:Schlurp","floor":8},{"not_picked":["Slimebound:Schlurp","Slimebound:SplitAcid"],"picked":"Slimebound:PressTheAttack","floor":10},{"not_picked":["Slimebound:RainOfGoop","Slimebound:ViciousTackle"],"picked":"Slimebound:SlimeSpikes","floor":11},{"not_picked":["Slimebound:SplitBruiser","Slimebound:SamplingLick"],"picked":"Slimebound:FirmFortitude","floor":13},{"not_picked":["Slimebound:Grow","Slimebound:Schlurp"],"picked":"Slimebound:FormOfPuddle","floor":14},{"not_picked":["Slimebound:Replication","Slimebound:ComboTackle"],"picked":"Slimebound:DuplicatedForm","floor":15},{"not_picked":["Slimebound:DouseInSlime","Slimebound:WasteNot"],"picked":"Slimebound:LeechLife","floor":16},{"not_picked":["Slimebound:LeechingTouch","Slimebound:FormOfPuddle"],"picked":"Slimebound:LevelUp","floor":20},{"not_picked":["Slimebound:ForwardTackle","Slimebound:LeechEnergy"],"picked":"Slimebound:SlimeSpikes+1","floor":21},{"not_picked":["Slimebound:Repurpose+1","Slimebound:FormOfPuddle"],"picked":"Slimebound:HauntingLick","floor":22},{"not_picked":["Slimebound:SlimeSpikes","Slimebound:TongueLash"],"picked":"Slimebound:ItLooksTasty","floor":23},{"not_picked":[],"picked":"J.A.X.","floor":26},{"not_picked":["Slimebound:ViciousTackle","Slimebound:SplitAcid"],"picked":"Slimebound:GoopSpray+1","floor":26},{"not_picked":["Slimebound:ViciousTackle","Slimebound:SamplingLick"],"picked":"Slimebound:MegaLick+1","floor":28},{"not_picked":["Slimebound:ComboTackle","Slimebound:Schlurp+1"],"picked":"Slimebound:MassFeed","floor":29},{"not_picked":["Slimebound:LeechEnergy","Slimebound:ComboTackle+1"],"picked":"Slimebound:SpikyOuterGoop","floor":30},{"not_picked":["Slimebound:SplitMire+1","Slimebound:ForwardTackle"],"picked":"Slimebound:MegaLick","floor":31},{"not_picked":["Slimebound:LevelUp","Slimebound:Replication"],"picked":"Slimebound:GoopSpray","floor":33}],"player_experience":23630,"relics_obtained":[{"floor":7,"key":"DemoMod:Metronome"},{"floor":17,"key":"Slimebound:AggressiveSlimeRelic"},{"floor":17,"key":"Mummified Hand"},{"floor":17,"key":"Calipers"},{"floor":25,"key":"theForsaken:Gavel"},{"floor":26,"key":"MutagenicStrength"},{"floor":32,"key":"Necronomicon"}],"event_choices":[{"cards_removed":["Slimebound:Icky"],"damage_healed":0,"gold_gain":0,"player_choice":"Purged","damage_taken":0,"max_hp_gain":0,"max_hp_loss":0,"event_name":"Purifier","floor":27,"gold_loss":0}],"is_beta":false,"boss_relics":[{"not_picked":["Runic Pyramid","Ring of Chaos"],"picked":"Calling Bell"}],"items_purged_floors":[],"is_endless":false,"potions_floor_spawned":[2,5,10,13,16,21,23,29,33],"killed_by":"downfall:Defect","ascension_level":0}}