{"host":"hspm0s97xpvpwopl","time":1610322362,"event":{"mods":["BaseMod","Better Third Choice","Colored Map","Colored Powertips","Curses Come First","Downfall","Hermit","Minty Spire (QoL Compilation)","Relic Stats","Robot Space Explorer","Shop Mod","Spicy Shops","StSLib","The Cursed","The Runesmith"],"gold_per_floor":[20,38,38,98,116,145,145,164,464,169,20,95,125,143,143,247,247,264,55,66,66,77,103,103,103],"floor_reached":24,"playtime":1981,"items_purged":[],"score":251,"play_id":"73cc83b3-9366-4af8-a72d-700bb1896c7e","local_time":"20210110174602","is_ascension_mode":false,"campfire_choices":[{"floor":7,"key":"REST"},{"data":"hermit:Covet","floor":15,"key":"SMITH"}],"circlet_count":0,"master_deck":["hermit:Strike_Hermit","hermit:Strike_Hermit","hermit:Strike_Hermit","hermit:Strike_Hermit","hermit:Defend_Hermit","hermit:Defend_Hermit","hermit:Defend_Hermit","hermit:Defend_Hermit","hermit:Snapshot","hermit:Covet+1","hermit:Glare+1","hermit:Coalescence","hermit:Snipe","hermit:Headshot","hermit:HoleUp","hermit:FatalDesire","hermit:Ricochet","hermit:HighNoon","hermit:Enervate+1","hermit:Gestalt","hermit:Horror","hermit:SprayPray","hermit:FlashPowder"],"relics":["hermit:Momento","Pantograph","Old Coin","hermit:PetGhost","Strange Spoon","MealTicket","Unceasing Top","Sozu","hermit:RyeStalk","StoneCalendar"],"acts_visited":["Exordium","TheCity"],"potions_floor_usage":[13,16],"damage_taken":[{"damage":0,"enemies":"Small Slimes","floor":1,"turns":4},{"damage":3,"enemies":"Jaw Worm","floor":2,"turns":3},{"damage":0,"enemies":"2 Louse","floor":5,"turns":3},{"damage":25,"enemies":"Lagavulin","floor":6,"turns":7},{"damage":0,"enemies":"Gremlin Gang","floor":8,"turns":5},{"damage":0,"enemies":"Gremlin Nob","floor":13,"turns":3},{"damage":8,"enemies":"Large Slime","floor":14,"turns":6},{"damage":74,"enemies":"Hexaghost","floor":16,"turns":10},{"damage":8,"enemies":"Shell Parasite","floor":18,"turns":5},{"damage":2,"enemies":"Chosen","floor":20,"turns":2},{"damage":20,"enemies":"Centurion and Healer","floor":22,"turns":7},{"damage":95,"enemies":"Gremlin Leader","floor":23,"turns":7},{"damage":100007,"enemies":"Shelled Parasite and Fungi","floor":24,"turns":2}],"seed_played":"-3752848583863412677","potions_obtained":[{"floor":2,"key":"ColorlessPotion"},{"floor":8,"key":"Guardian:BlockOnCardUsePotion"},{"floor":14,"key":"FairyPotion"}],"is_trial":false,"path_per_floor":["M","M","?","?","M","E","R","M","T","$","$","?","E","M","R","B",null,"M","$","M","$","M","E","M"],"character_chosen":"HERMIT","items_purchased":["hermit:PetGhost","Strange Spoon","MealTicket","hermit:Gestalt","hermit:RyeStalk"],"campfire_rested":1,"item_purchase_floors":[10,10,11,19,19],"current_hp_per_floor":[89,86,86,86,86,61,87,87,87,87,87,79,79,71,71,15,89,81,89,87,89,69,8,0,0],"gold":103,"neow_bonus":"TWENTY_PERCENT_HP_BONUS","is_daily":false,"chose_seed":false,"campfire_upgraded":1,"win_rate":0.0,"timestamp":1610322362,"path_taken":["M","M","?","?","M","E","R","M","T","?","$","?","E","M","R","BOSS","M","$","M","$","M","E","?"],"items_purchased_type":["Relic","Relic","Relic","Card","Relic"],"build_version":"2020-12-22","purchased_purges":0,"victory":false,"max_hp_per_floor":[89,89,89,89,89,89,89,89,89,89,89,89,89,89,89,89,89,89,89,89,89,89,89,89,89],"relic_stats":{"Sozu":1,"Strange Spoon":[6],"counters":[13,64],"Pantograph":18,"MealTicket":10,"StoneCalendar":[0],"obtain_stats":[{"Sozu":17,"Strange Spoon":10,"hermit:RyeStalk":19,"hermit:PetGhost":10,"Pantograph":6,"MealTicket":11,"StoneCalendar":23,"hermit:Momento":0,"Unceasing Top":13,"Old Coin":9},{"Sozu":8,"Strange Spoon":5,"hermit:RyeStalk":9,"hermit:PetGhost":5,"Pantograph":4,"MealTicket":5,"StoneCalendar":12,"hermit:Momento":0,"Unceasing Top":6,"Old Coin":5},{"Sozu":41,"Strange Spoon":22,"hermit:RyeStalk":46,"hermit:PetGhost":22,"Pantograph":17,"MealTicket":22,"StoneCalendar":62,"hermit:Momento":0,"Unceasing Top":25,"Old Coin":22}],"Unceasing Top":[5]},"card_choices":[{"not_picked":["hermit:ItchyTrigger","hermit:TrackingShot"],"picked":"hermit:Glare","floor":1},{"not_picked":["hermit:Misfire","hermit:GhostlyPresence"],"picked":"hermit:Coalescence","floor":2},{"not_picked":["hermit:Ricochet","hermit:BodyArmor"],"picked":"hermit:Snipe","floor":5},{"not_picked":["hermit:BigShot","hermit:RoundhouseKick"],"picked":"hermit:Headshot","floor":6},{"not_picked":["hermit:Spite","hermit:TrackingShot"],"picked":"hermit:HoleUp","floor":8},{"not_picked":["hermit:Cheat","hermit:Grudge"],"picked":"hermit:FatalDesire","floor":13},{"not_picked":["hermit:FullyLoaded","hermit:Vantage"],"picked":"hermit:Ricochet","floor":14},{"not_picked":["hermit:OverwhelmingPower","hermit:EternalForm"],"picked":"hermit:HighNoon","floor":16},{"not_picked":["hermit:ItchyTrigger+1","hermit:Scavenge"],"picked":"hermit:Enervate+1","floor":18},{"not_picked":["hermit:LowProfile","hermit:Snipe"],"picked":"hermit:Horror","floor":20},{"not_picked":["hermit:Combo","hermit:Glare"],"picked":"hermit:SprayPray","floor":22},{"not_picked":["hermit:Malice","hermit:Desperado"],"picked":"hermit:FlashPowder","floor":23}],"player_experience":282169,"relics_obtained":[{"floor":6,"key":"Pantograph"},{"floor":9,"key":"Old Coin"},{"floor":13,"key":"Unceasing Top"},{"floor":23,"key":"StoneCalendar"}],"event_choices":[{"damage_healed":0,"gold_gain":0,"player_choice":"Grow","damage_taken":0,"max_hp_gain":0,"max_hp_loss":0,"event_name":"Living Wall","floor":3,"gold_loss":0,"cards_upgraded":["hermit:Glare"]},{"damage_healed":0,"gold_gain":60,"player_choice":"Gained Gold","damage_taken":0,"max_hp_gain":0,"max_hp_loss":0,"event_name":"Golden Wing","floor":4,"gold_loss":0},{"damage_healed":0,"gold_gain":75,"player_choice":"Touch","damage_taken":8,"max_hp_gain":0,"max_hp_loss":0,"event_name":"FaceTrader","floor":12,"gold_loss":0}],"is_beta":false,"boss_relics":[{"not_picked":["hermit:DentedPlate","Velvet Choker"],"picked":"Sozu"}],"items_purged_floors":[],"is_endless":false,"potions_floor_spawned":[2,8,14,20],"killed_by":"Shelled Parasite and Fungi","ascension_level":0}}