{"host":"0tiuc76yumknr6qf","time":1610247231,"event":{"mods":["BaseMod","Colored Map","Highlight Path","Minty Spire (QoL Compilation)","StSLib"],"gold_per_floor":[117,117,133,133,34,359,359,370,370,221,238,255,267,302,302,379,379,391,401,401,451,20,52,71,103,103,128,128,2,2,20,20,94,94,111,111,130,80,92,124,124,152,152,179,199,231,231,181,181,181,181,181,181,62,93,93,93],"floor_reached":56,"playtime":4373,"items_purged":["Defend_G","Writhe","Strike_G","Writhe","Strike_G"],"score":2291,"play_id":"3533704e-7ffb-4cfa-8b90-23d9ebf04ae3","local_time":"20210109205351","is_ascension_mode":true,"campfire_choices":[{"floor":7.0,"key":"REST"},{"data":"Cloak And Dagger","floor":15.0,"key":"SMITH"},{"data":"Cloak And Dagger","floor":28,"key":"SMITH"},{"data":"Cloak And Dagger","floor":30,"key":"SMITH"},{"floor":32,"key":"REST"},{"data":"Burst","floor":41,"key":"SMITH"},{"floor":47,"key":"RECALL"},{"floor":49,"key":"REST"},{"data":"Neutralize","floor":53,"key":"SMITH"}],"circlet_count":0,"master_deck":["AscendersBane","Strike_G","Strike_G","Strike_G","Defend_G","Defend_G","Defend_G","Defend_G","Survivor","Neutralize+1","Cloak And Dagger+1","Skewer","Dagger Spray","Footwork","Cloak And Dagger+1","Die Die Die","Flash of Steel","Cloak And Dagger+1","Blade Dance","Venomology","Noxious Fumes+1","Tools of the Trade+1","Catalyst","Blade Dance+1","Acrobatics","Catalyst","Acrobatics","Burst+1","Accuracy+1","Acrobatics","Envenom+1","Backflip+1","Well Laid Plans+1","Backstab+1","Caltrops+1"],"relics":["Black Star","PreservedInsect","Old Coin","Smiling Mask","Kunai","Unceasing Top","Frozen Egg 2","Cursed Key","Ninja Scroll","Toy Ornithopter","Lee\u0027s Waffle","CaptainsWheel","Ginger","Bag of Marbles","Shuriken","Mercury Hourglass","Anchor","HoveringKite","TungstenRod","The Courier","Pear","Bottled Lightning","Strawberry","Ice Cream","White Beast Statue","Oddly Smooth Stone","Tingsha"],"acts_visited":["Exordium","TheCity","TheBeyond","TheEnding"],"potions_floor_usage":[25,25,31,33,37,44,46,51,55,56,56,56],"damage_taken":[{"damage":19.0,"enemies":"Cultist","floor":1.0,"turns":7.0},{"damage":21.0,"enemies":"Jaw Worm","floor":3.0,"turns":8.0},{"damage":26.0,"enemies":"Lagavulin","floor":6.0,"turns":9.0},{"damage":0.0,"enemies":"Small Slimes","floor":8.0,"turns":3.0},{"damage":0.0,"enemies":"Gremlin Gang","floor":11.0,"turns":2.0},{"damage":5.0,"enemies":"Exordium Wildlife","floor":12.0,"turns":3.0},{"damage":0.0,"enemies":"2 Fungi Beasts","floor":13.0,"turns":2.0},{"damage":3.0,"enemies":"3 Sentries","floor":14.0,"turns":6.0},{"damage":24.0,"enemies":"The Guardian","floor":16.0,"turns":13.0},{"damage":22.0,"enemies":"Shell Parasite","floor":18.0,"turns":5.0},{"damage":13.0,"enemies":"2 Thieves","floor":19.0,"turns":4.0},{"damage":34,"enemies":"Slavers","floor":23,"turns":7},{"damage":3,"enemies":"Snecko","floor":24,"turns":5},{"damage":18,"enemies":"Book of Stabbing","floor":25,"turns":5},{"damage":0,"enemies":"Gremlin Leader","floor":27,"turns":2},{"damage":0,"enemies":"Snake Plant","floor":31,"turns":4},{"damage":24,"enemies":"Automaton","floor":33,"turns":6},{"damage":0,"enemies":"Orb Walker","floor":35,"turns":2},{"damage":0,"enemies":"3 Darklings","floor":37,"turns":3},{"damage":0,"enemies":"Transient","floor":39,"turns":6},{"damage":0,"enemies":"Giant Head","floor":40,"turns":4},{"damage":32,"enemies":"Nemesis","floor":42,"turns":5},{"damage":16,"enemies":"Reptomancer","floor":44,"turns":3},{"damage":0,"enemies":"Sphere and 2 Shapes","floor":45,"turns":3},{"damage":12,"enemies":"Giant Head","floor":46,"turns":4},{"damage":20,"enemies":"Donu and Deca","floor":50,"turns":6},{"damage":28,"enemies":"Awakened One","floor":51,"turns":9},{"damage":19,"enemies":"Shield and Spear","floor":55,"turns":5},{"damage":72,"enemies":"The Heart","floor":56,"turns":6}],"seed_played":"1859129328127881703","potions_obtained":[{"floor":3.0,"key":"Explosive Potion"},{"floor":11.0,"key":"PowerPotion"},{"floor":12.0,"key":"GhostInAJar"},{"floor":16.0,"key":"ColorlessPotion"},{"floor":25,"key":"SpeedPotion"},{"floor":46,"key":"Poison Potion"}],"is_trial":false,"path_per_floor":["M","T","M","?","$","E","R","M","T","$","M","M","M","E","R","B",null,"M","M","?","?","$","E","M","E","T","E","R","$","R","M","R","B",null,"M","?","M","$","M","E","R","E","T","E","M","E","R","$","R","B","B",null,"R","$","E","B"],"character_chosen":"THE_SILENT","items_purchased":["Dagger Spray","Footwork","Flash of Steel","Toy Ornithopter","Acrobatics","Catalyst","Lee\u0027s Waffle","Accuracy+1","Caltrops+1"],"campfire_rested":3,"item_purchase_floors":[5,5,10,22,22,22,22,29,54],"current_hp_per_floor":[40,40,19,41,41,15,34,34,34,34,34,29,29,26,26,2,50,28,15,15,15,73,39,36,28,28,28,28,28,28,33,54,35,64,64,64,69,69,69,69,69,47,47,43,43,36,36,36,61,41,18,69,69,69,55,0,0],"gold":93,"neow_bonus":"BOSS_RELIC","is_daily":false,"chose_seed":false,"campfire_upgraded":5,"win_rate":0.0,"timestamp":1610247231,"path_taken":["M","?","M","?","$","E","R","M","T","$","M","M","M","E","R","BOSS","M","M","?","?","$","E","?","E","T","E","R","$","R","M","R","BOSS","M","?","M","$","M","E","R","E","T","E","M","E","R","$","R","BOSS","BOSS","R","$","E","BOSS"],"items_purchased_type":["Card","Card","Card","Relic","Card","Card","Relic","Card","Card"],"build_version":"2020-12-22","purchased_purges":5,"victory":false,"max_hp_per_floor":[66,66,66,66,66,66,66,66,66,66,66,66,66,66,66,66,66,66,66,66,66,73,73,73,73,73,73,73,73,73,73,73,73,73,73,69,69,69,69,69,69,79,79,86,86,86,86,86,86,86,86,86,86,86,86,86,86],"card_choices":[{"not_picked":["Dodge and Roll","Dagger Throw"],"picked":"Cloak And Dagger","floor":1.0},{"not_picked":["Underhanded Strike","Poisoned Stab"],"picked":"Skewer","floor":3.0},{"not_picked":["Slice","Bane"],"picked":"Cloak And Dagger","floor":6.0},{"not_picked":["Flying Knee","Terror"],"picked":"Die Die Die","floor":8.0},{"not_picked":["Dagger Spray","Deflect"],"picked":"Cloak And Dagger","floor":11.0},{"not_picked":["Deadly Poison","Dash"],"picked":"Blade Dance","floor":12.0},{"not_picked":["Dash","Prepared"],"picked":"Venomology","floor":13.0},{"not_picked":["Backflip","Caltrops+1"],"picked":"Noxious Fumes+1","floor":14.0},{"not_picked":["Grand Finale","A Thousand Cuts+1"],"picked":"Tools of the Trade+1","floor":16.0},{"not_picked":["Outmaneuver","Sucker Punch"],"picked":"Catalyst","floor":18.0},{"not_picked":["Deadly Poison","Poisoned Stab+1"],"picked":"Blade Dance+1","floor":19.0},{"not_picked":["Riddle With Holes","Deflect","Unload"],"picked":"SKIP","floor":23},{"not_picked":["Deflect","Dash"],"picked":"Acrobatics","floor":24},{"not_picked":["Bane+1","Bouncing Flask"],"picked":"Burst","floor":25},{"not_picked":["Dodge and Roll","Bouncing Flask","Blade Dance"],"picked":"SKIP","floor":27},{"not_picked":["Concentrate","Sucker Punch"],"picked":"Acrobatics","floor":31},{"not_picked":["Glass Knife","Doppelganger"],"picked":"Envenom+1","floor":33},{"not_picked":["Cloak And Dagger","Dash","Noxious Fumes+1"],"picked":"SKIP","floor":35},{"not_picked":["Cloak And Dagger","Dash","Noxious Fumes+1"],"picked":"SKIP","floor":35},{"not_picked":["Deflect","Noxious Fumes+1","Escape Plan"],"picked":"SKIP","floor":37},{"not_picked":["Deadly Poison","Prepared","Underhanded Strike"],"picked":"SKIP","floor":39},{"not_picked":["Prepared","Die Die Die"],"picked":"Backflip+1","floor":40},{"not_picked":["Leg Sweep","Endless Agony+1"],"picked":"Well Laid Plans+1","floor":42},{"not_picked":["Dash","Dagger Spray","Caltrops+1"],"picked":"SKIP","floor":44},{"not_picked":["Skewer","Slice+1","Sucker Punch"],"picked":"SKIP","floor":45},{"not_picked":["Well Laid Plans+1","Predator"],"picked":"Backstab+1","floor":46},{"not_picked":["Deadly Poison+1","Quick Slash+1","Well Laid Plans+1"],"picked":"SKIP","floor":55}],"player_experience":1834984,"relics_obtained":[{"floor":2.0,"key":"PreservedInsect"},{"floor":6.0,"key":"Old Coin"},{"floor":6.0,"key":"Smiling Mask"},{"floor":9.0,"key":"Kunai"},{"floor":14.0,"key":"Unceasing Top"},{"floor":14.0,"key":"Frozen Egg 2"},{"floor":23,"key":"CaptainsWheel"},{"floor":23,"key":"Ginger"},{"floor":25,"key":"Bag of Marbles"},{"floor":25,"key":"Shuriken"},{"floor":27,"key":"Mercury Hourglass"},{"floor":27,"key":"Anchor"},{"floor":40,"key":"TungstenRod"},{"floor":40,"key":"The Courier"},{"floor":42,"key":"Pear"},{"floor":42,"key":"Bottled Lightning"},{"floor":44,"key":"Strawberry"},{"floor":44,"key":"Ice Cream"},{"floor":46,"key":"White Beast Statue"},{"floor":46,"key":"Oddly Smooth Stone"},{"floor":55,"key":"Tingsha"}],"event_choices":[{"damage_healed":22.0,"max_hp_gain":0.0,"max_hp_loss":0.0,"gold_gain":0.0,"event_name":"Big Fish","player_choice":"Banana","floor":4.0,"gold_loss":0.0,"damage_taken":0.0},{"damage_healed":0.0,"max_hp_gain":0.0,"max_hp_loss":0.0,"gold_gain":0.0,"event_name":"The Mausoleum","player_choice":"Opened","floor":20.0,"gold_loss":0.0,"damage_taken":0.0,"relics_obtained":["Ninja Scroll"],"cards_obtained":["Writhe"]},{"damage_healed":0.0,"max_hp_gain":0.0,"max_hp_loss":0.0,"gold_gain":100.0,"event_name":"The Joust","player_choice":"Bet on Murderer","floor":21.0,"gold_loss":50.0,"damage_taken":0.0},{"damage_healed":0,"gold_gain":0,"player_choice":"Max HP","damage_taken":0,"max_hp_gain":0,"max_hp_loss":4,"event_name":"Winding Halls","floor":36,"gold_loss":0}],"is_beta":false,"boss_relics":[{"not_picked":["Calling Bell","WristBlade"],"picked":"Cursed Key"},{"not_picked":["Empty Cage","Fusion Hammer"],"picked":"HoveringKite"}],"items_purged_floors":[10,29,38,48,54],"is_endless":false,"potions_floor_spawned":[3,11,12,16,18,25,27,35,40,46,55],"killed_by":"The Heart","ascension_level":20}}