{"host":"h4lp0eeso8a0ssq0","time":1610298722,"event":{"mods":["2.2 Compatiblity","AchievementEnabler","BaseMod","CapriCore","Colored Map","Minty Spire (QoL Compilation)","StSLib","SuperFastMode"],"gold_per_floor":[114,39,39,54,54,84,84,84,109,124,124,124,124],"floor_reached":12,"playtime":202,"items_purged":["Strike_P"],"score":126,"play_id":"ff33918b-2f17-4ce1-8bd5-3c539e8c15dc","local_time":"20210111021202","daily_mods":["Specialized","Diverse","Night Terrors"],"is_ascension_mode":false,"campfire_choices":[{"data":"Eruption","floor":8,"key":"SMITH"}],"circlet_count":0,"master_deck":["Strike_P","Strike_P","Strike_P","Defend_P","Defend_P","Defend_P","Eruption+1","Vigilance","Accuracy","Accuracy","Accuracy","Accuracy","Accuracy","Finisher","Footwork","Parasite"],"relics":["PureWater","Mummified Hand","Pear","Strawberry"],"acts_visited":["Exordium"],"potions_floor_usage":[12],"damage_taken":[{"damage":0.0,"enemies":"2 Louse","floor":1.0,"turns":2.0},{"damage":0.0,"enemies":"Cultist","floor":4.0,"turns":2.0},{"damage":33.0,"enemies":"Lagavulin","floor":6.0,"turns":8.0},{"damage":5,"enemies":"Small Slimes","floor":10,"turns":5},{"damage":0,"enemies":"Gremlin Nob","floor":12,"turns":2}],"seed_played":"-956745095108410897","potions_obtained":[{"floor":1.0,"key":"Fire Potion"},{"floor":10,"key":"SkillPotion"}],"is_trial":false,"path_per_floor":["M","$","?","M","?","E","?","R","T","M","?","E"],"character_chosen":"WATCHER","items_purchased":[],"campfire_rested":0,"item_purchase_floors":[],"current_hp_per_floor":[72,72,72,72,65,42,62,62,69,64,69,69,69],"gold":124,"neow_bonus":"","is_daily":true,"chose_seed":false,"campfire_upgraded":1,"win_rate":0.0,"timestamp":1610298722,"path_taken":["M","$","?","?","?","E","?","R","T","M","?","E"],"items_purchased_type":[],"build_version":"2020-12-22","purchased_purges":1,"victory":false,"max_hp_per_floor":[72,72,72,72,72,82,82,82,89,89,94,94,94],"card_choices":[{"not_picked":["Flechettes","Clothesline"],"picked":"Finisher","floor":1.0},{"not_picked":["Bane","Perfected Strike"],"picked":"Footwork","floor":4.0},{"not_picked":["Halt","Conserve Battery","Wild Strike"],"picked":"SKIP","floor":6.0},{"not_picked":["SashWhip","EmptyBody","Intimidate"],"picked":"SKIP","floor":10}],"player_experience":123172,"relics_obtained":[{"floor":6.0,"key":"Pear"},{"floor":9,"key":"Strawberry"}],"event_choices":[{"cards_removed":["Defend_P"],"damage_healed":0.0,"max_hp_gain":0.0,"max_hp_loss":0.0,"gold_gain":0.0,"event_name":"Bonfire Elementals","player_choice":"Offered Basic","floor":3.0,"gold_loss":0.0,"damage_taken":0.0},{"damage_healed":0.0,"max_hp_gain":0.0,"max_hp_loss":0.0,"gold_gain":0.0,"event_name":"Scrap Ooze","player_choice":"Success","floor":5.0,"gold_loss":0.0,"damage_taken":7.0,"relics_obtained":["Mummified Hand"]},{"damage_healed":20,"gold_gain":0,"player_choice":"Healed and dodged fight","damage_taken":0,"max_hp_gain":0,"max_hp_loss":0,"event_name":"Mushrooms","floor":7,"gold_loss":0,"cards_obtained":["Parasite"]},{"damage_healed":0,"gold_gain":0,"player_choice":"Donut","damage_taken":0,"max_hp_gain":5,"max_hp_loss":0,"event_name":"Big Fish","floor":11,"gold_loss":0}],"is_beta":false,"boss_relics":[],"items_purged_floors":[2],"is_endless":false,"potions_floor_spawned":[1,10],"killed_by":"Gremlin Nob","ascension_level":0}}