{"host":"f5y45f7z7ziu0smp","time":1610261043,"event":{"mods":["AchievementEnabler","BaseMod","Koishi","Marisa£¨Ùöéë¡¡Øª×âÞÞ£©","Minty Spire (QoL Compilation)","StSLib","SuperFastMode","The Hierophant"],"gold_per_floor":[115,134,206,206,217,217,217,217,217,217,217,217,217,392,392,489,489,509,509,54,153,153,153,153,153,153,183,201,214,214,314,314,419,419,438,438,455,34,0,0,0,0,51,51,51,51,51,51,51,51],"floor_reached":51,"playtime":658,"items_purged":["Thunderclap"],"score":941,"play_id":"0990cc74-3770-45a2-af15-9dadd8067375","local_time":"20210110154403","daily_mods":["SealedDeck","Vintage","Heirloom","Flight","Lethality"],"is_ascension_mode":false,"campfire_choices":[{"data":"Searing Blow","floor":6,"key":"SMITH"},{"data":"Infernal Blade","floor":7,"key":"SMITH"},{"data":"Searing Blow+1","floor":8,"key":"SMITH"},{"data":"Searing Blow+2","floor":10,"key":"SMITH"},{"data":"Searing Blow+3","floor":12,"key":"SMITH"},{"data":"Searing Blow+4","floor":15,"key":"SMITH"},{"data":"Searing Blow+5","floor":23,"key":"SMITH"},{"data":"Searing Blow+6","floor":24,"key":"SMITH"},{"data":"Searing Blow+7","floor":25,"key":"SMITH"},{"data":"Searing Blow+8","floor":30,"key":"SMITH"},{"data":"Searing Blow+9","floor":32,"key":"SMITH"},{"data":"Searing Blow+10","floor":40,"key":"SMITH"},{"data":"Searing Blow+11","floor":41,"key":"SMITH"},{"data":"Searing Blow+12","floor":44,"key":"SMITH"},{"data":"Searing Blow+13","floor":45,"key":"SMITH"},{"data":"Searing Blow+14","floor":46,"key":"SMITH"},{"data":"Searing Blow+16","floor":49,"key":"SMITH"}],"circlet_count":0,"master_deck":["Thunderclap+1","Infernal Blade+1","Iron Wave+1","Heavy Blade+1","Headbutt+1","Battle Trance+1","Clash+1","Anger+1","Searing Blow+17","Feed+1","Master of Strategy+1","Limit Break+1","Warcry+1"],"relics":["Burning Blood","Thread and Needle","Pantograph","Art of War","Incense Burner","Bottled Flame","Coffee Dripper","Pear","Singing Bowl","Paper Frog","Orichalcum","Mummified Hand","Bag of Marbles","Lizard Tail","Blue Candle","Philosopher\u0027s Stone","Bronze Scales","Shuriken","Nunchaku","Toolbox","Red Mask","Lantern","Mark of the Bloom","Gremlin Horn"],"acts_visited":["Exordium","TheCity","TheBeyond"],"potions_floor_usage":[2,16],"damage_taken":[{"damage":0,"enemies":"Cultist","floor":1,"turns":2},{"damage":0,"enemies":"Jaw Worm","floor":2,"turns":1},{"damage":0,"enemies":"Small Slimes","floor":5,"turns":1},{"damage":66,"enemies":"Hexaghost","floor":16,"turns":4},{"damage":0,"enemies":"Spheric Guardian","floor":18,"turns":1},{"damage":0,"enemies":"Gremlin Leader","floor":27,"turns":1},{"damage":0,"enemies":"Shell Parasite","floor":28,"turns":1},{"damage":0,"enemies":"Snecko","floor":29,"turns":1},{"damage":0,"enemies":"Colosseum Slavers","floor":31,"turns":1},{"damage":0,"enemies":"Colosseum Nobs","floor":31,"turns":1},{"damage":0,"enemies":"Collector","floor":33,"turns":2},{"damage":3,"enemies":"3 Shapes","floor":35,"turns":1},{"damage":0,"enemies":"Orb Walker","floor":37,"turns":1},{"damage":0,"enemies":"Time Eater","floor":50,"turns":1}],"seed_played":"-377475872464602671","potions_obtained":[{"floor":2,"key":"EntropicBrew"},{"floor":36,"key":"FearPotion"}],"is_trial":true,"path_per_floor":["M","M","?","?","M","R","R","R","T","R","?","R","?","?","R","B",null,"M","?","$","?","?","R","R","R","T","E","M","M","R","?","R","B",null,"M","?","M","$","?","R","R","?","T","R","R","R","?","T","R","B",null],"character_chosen":"IRONCLAD","items_purchased":["Master of Strategy","Singing Bowl","Nunchaku","Warcry","Toolbox"],"campfire_rested":0,"item_purchase_floors":[20,20,38,38,38],"current_hp_per_floor":[80,80,80,80,80,80,80,80,80,80,85,85,85,85,85,25,85,95,95,95,95,95,95,95,95,95,97,100,100,100,105,105,108,108,111,111,111,111,111,111,111,105,105,105,105,105,105,105,105,105],"gold":51,"neow_bonus":"","is_daily":false,"chose_seed":false,"campfire_upgraded":17,"win_rate":0.0,"timestamp":1610261043,"path_taken":["M","M","?","?","?","R","R","R","T","R","?","R","?","?","R","BOSS","M","?","$","?","?","R","R","R","T","E","M","M","R","?","R","BOSS","M","?","?","$","?","R","R","?","T","R","R","R","?","?","R","BOSS"],"items_purchased_type":["Card","Relic","Relic","Card","Relic"],"build_version":"2020-12-22","purchased_purges":1,"victory":true,"max_hp_per_floor":[80,80,80,80,80,80,80,80,80,80,85,85,85,85,85,85,85,95,95,95,95,95,95,95,95,95,97,100,100,100,105,105,108,108,111,111,111,111,111,111,111,105,105,105,105,105,105,105,105,105],"card_choices":[{"not_picked":["Fiend Fire","Bludgeon"],"picked":"Feed","floor":16},{"not_picked":["Disarm","Burning Pact","Combust+1"],"picked":"Singing Bowl","floor":27},{"not_picked":["Wild Strike","Perfected Strike","Body Slam"],"picked":"Singing Bowl","floor":31},{"not_picked":["Feed","Berserk"],"picked":"Limit Break","floor":33}],"player_experience":84272,"relics_obtained":[{"floor":1,"key":"Pantograph"},{"floor":2,"key":"Art of War"},{"floor":5,"key":"Incense Burner"},{"floor":9,"key":"Bottled Flame"},{"floor":18,"key":"Pear"},{"floor":26,"key":"Paper Frog"},{"floor":27,"key":"Orichalcum"},{"floor":28,"key":"Mummified Hand"},{"floor":29,"key":"Bag of Marbles"},{"floor":31,"key":"Lizard Tail"},{"floor":31,"key":"Blue Candle"},{"floor":35,"key":"Bronze Scales"},{"floor":37,"key":"Shuriken"},{"floor":43,"key":"Lantern"},{"floor":48,"key":"Gremlin Horn"}],"event_choices":[{"damage_healed":0,"gold_gain":72,"player_choice":"Gained Gold","damage_taken":0,"max_hp_gain":0,"max_hp_loss":0,"event_name":"Golden Wing","floor":3,"gold_loss":0},{"damage_healed":0,"gold_gain":0,"player_choice":"Bought 0 Potions","damage_taken":0,"max_hp_gain":0,"max_hp_loss":0,"event_name":"The Woman in Blue","floor":4,"gold_loss":0},{"damage_healed":0,"gold_gain":0,"player_choice":"Donut","damage_taken":0,"max_hp_gain":5,"max_hp_loss":0,"event_name":"Big Fish","floor":11,"gold_loss":0},{"damage_healed":0,"gold_gain":0,"player_choice":"Leave","damage_taken":0,"max_hp_gain":0,"max_hp_loss":0,"event_name":"The Cleric","floor":13,"gold_loss":0},{"damage_healed":0,"gold_gain":175,"player_choice":"AGREE","damage_taken":0,"max_hp_gain":0,"max_hp_loss":0,"event_name":"Liars Game","floor":14,"gold_loss":0,"cards_obtained":["Doubt"]},{"cards_removed":["Doubt"],"damage_healed":0,"gold_gain":0,"player_choice":"Elegance","damage_taken":0,"max_hp_gain":0,"max_hp_loss":0,"event_name":"Back to Basics","floor":19,"gold_loss":0},{"damage_healed":0,"gold_gain":99,"player_choice":"Stole From Cult","damage_taken":0,"max_hp_gain":0,"max_hp_loss":0,"event_name":"Nest","floor":21,"gold_loss":0},{"damage_healed":0,"gold_gain":0,"player_choice":"Ignored","damage_taken":0,"max_hp_gain":0,"max_hp_loss":0,"event_name":"Beggar","floor":22,"gold_loss":0},{"damage_healed":0,"gold_gain":0,"player_choice":"Fight","damage_taken":0,"max_hp_gain":0,"max_hp_loss":0,"event_name":"Colosseum","floor":31,"gold_loss":0},{"damage_healed":0,"gold_gain":0,"player_choice":"Fought Nobs","damage_taken":0,"max_hp_gain":0,"max_hp_loss":0,"event_name":"Colosseum","floor":31,"gold_loss":0},{"damage_healed":0,"gold_gain":0,"player_choice":"Got Potions","damage_taken":0,"max_hp_gain":0,"max_hp_loss":0,"event_name":"Lab","floor":36,"gold_loss":0},{"damage_healed":0,"gold_gain":0,"player_choice":"Paid","damage_taken":0,"relics_obtained":["Red Mask"],"max_hp_gain":0,"max_hp_loss":0,"event_name":"Tomb of Lord Red Mask","floor":39,"gold_loss":34},{"damage_healed":0,"gold_gain":0,"player_choice":"Max HP","damage_taken":0,"max_hp_gain":0,"max_hp_loss":6,"event_name":"Winding Halls","floor":42,"gold_loss":0},{"damage_healed":0,"gold_gain":0,"player_choice":"Upgrade","damage_taken":0,"relics_obtained":["Mark of the Bloom"],"max_hp_gain":0,"max_hp_loss":0,"event_name":"MindBloom","floor":47,"gold_loss":0,"cards_upgraded":["Thunderclap","Iron Wave","Heavy Blade","Headbutt","Battle Trance","Clash","Anger","Searing Blow","Feed","Master of Strategy","Limit Break","Warcry"]}],"is_beta":false,"boss_relics":[{"not_picked":["Mark of Pain","Tiny House"],"picked":"Coffee Dripper"},{"not_picked":["Sozu","SlaversCollar"],"picked":"Philosopher\u0027s Stone"}],"items_purged_floors":[38],"is_endless":false,"potions_floor_spawned":[2,29,31,37],"ascension_level":0}}