{"host":"Bilverbakes","time":1610237375,"event":{"mods":["2.2 Compatiblity","AchievementEnabler","BaseMod","Bestiary","Colored Map","Minty Spire (QoL Compilation)","Relic Stats","StSLib","ojb\u0027s Info Mod"],"gold_per_floor":[115,115,134,150,168,168,195,214,262,262,262,287,47,47,47,123,123,139,154,79,79,94,94,129,129,182,201,234,249,249,279,279,352,352,370,370,389,18,34,62,72,98,98,98,98],"floor_reached":44,"playtime":2572,"items_purged":["Strike_R","Regret"],"score":1101,"play_id":"efefd1c0-8f42-49bc-84f5-b80da88b3228","local_time":"20210109180935","is_ascension_mode":true,"campfire_choices":[{"data":"Uppercut","floor":6.0,"key":"SMITH"},{"data":"Pommel Strike","floor":10.0,"key":"SMITH"},{"data":"Flame Barrier","floor":15.0,"key":"SMITH"},{"data":"Rampage","floor":23.0,"key":"SMITH"},{"data":"Demon Form","floor":25.0,"key":"SMITH"},{"floor":32.0,"key":"REST"}],"circlet_count":0,"master_deck":["AscendersBane","Strike_R+1","Strike_R+1","Defend_R","Defend_R","Defend_R","Defend_R","Bash+1","Rampage+1","Pommel Strike+1","Fire Breathing","Uppercut+1","Shockwave","Flame Barrier+1","Bludgeon+1","Battle Trance","Demon Form+1","Headbutt","True Grit","Feel No Pain","RitualDagger","Offering","Corruption","Dark Embrace+1","Warcry+1","Burning Pact","Power Through","Injury"],"relics":["Burning Blood","Bag of Preparation","MealTicket","Bottled Lightning","Toolbox","Thread and Needle","Cursed Key","Whetstone","Akabeko","Juzu Bracelet","Kunai","Fusion Hammer","Shuriken","Mango","Magic Flower","Eternal Feather"],"acts_visited":["Exordium","TheCity","TheBeyond"],"potions_floor_usage":[],"damage_taken":[{"damage":9.0,"enemies":"Jaw Worm","floor":1.0,"turns":3.0},{"damage":3.0,"enemies":"Small Slimes","floor":3.0,"turns":4.0},{"damage":1.0,"enemies":"Cultist","floor":4.0,"turns":4.0},{"damage":12.0,"enemies":"Looter","floor":5.0,"turns":3.0},{"damage":26.0,"enemies":"3 Sentries","floor":7.0,"turns":7.0},{"damage":12.0,"enemies":"Exordium Wildlife","floor":8.0,"turns":3.0},{"damage":24.0,"enemies":"Gremlin Nob","floor":12.0,"turns":4.0},{"damage":39.0,"enemies":"Slime Boss","floor":16.0,"turns":8.0},{"damage":12.0,"enemies":"Spheric Guardian","floor":18.0,"turns":6.0},{"damage":11.0,"enemies":"Shell Parasite","floor":19.0,"turns":4.0},{"damage":2.0,"enemies":"Snecko","floor":22.0,"turns":5.0},{"damage":1.0,"enemies":"Book of Stabbing","floor":24.0,"turns":4.0},{"damage":0.0,"enemies":"Snake Plant","floor":27.0,"turns":2.0},{"damage":23.0,"enemies":"Gremlin Leader","floor":28.0,"turns":5.0},{"damage":15.0,"enemies":"Sentry and Sphere","floor":29.0,"turns":4.0},{"damage":6.0,"enemies":"Book of Stabbing","floor":31.0,"turns":4.0},{"damage":56.0,"enemies":"Automaton","floor":33.0,"turns":8.0},{"damage":0.0,"enemies":"3 Shapes","floor":35.0,"turns":3.0},{"damage":6.0,"enemies":"3 Darklings","floor":37.0,"turns":6.0},{"damage":13.0,"enemies":"Maw","floor":39.0,"turns":6.0},{"damage":37.0,"enemies":"Reptomancer","floor":40.0,"turns":6.0},{"damage":20.0,"enemies":"Sphere and 2 Shapes","floor":41.0,"turns":5.0},{"damage":38.0,"enemies":"Giant Head","floor":42.0,"turns":6.0},{"damage":30,"enemies":"Reptomancer","floor":44,"turns":2}],"seed_played":"3555667739473560112","potions_obtained":[{"floor":1.0,"key":"Explosive Potion"},{"floor":4.0,"key":"Dexterity Potion"},{"floor":5.0,"key":"ColorlessPotion"},{"floor":16.0,"key":"GamblersBrew"},{"floor":19.0,"key":"LiquidBronze"},{"floor":24.0,"key":"LiquidBronze"},{"floor":28.0,"key":"Strength Potion"},{"floor":31.0,"key":"AttackPotion"},{"floor":33.0,"key":"LiquidBronze"},{"floor":37.0,"key":"Fruit Juice"},{"floor":39.0,"key":"SpeedPotion"}],"is_trial":false,"path_per_floor":["M","?","M","M","M","R","E","M","T","R","?","E","$","T","R","B",null,"M","M","?","?","M","R","E","R","T","M","E","M","?","E","R","B",null,"M","?","M","$","M","E","M","E","T","E"],"character_chosen":"IRONCLAD","items_purchased":["Toolbox","Shuriken"],"campfire_rested":1,"item_purchase_floors":[13,38],"current_hp_per_floor":[65,70,73,78,72,72,52,46,46,46,46,28,43,43,43,10,63,57,52,52,52,56,56,61,61,61,67,50,41,35,35,59,9,62,68,68,68,80,78,61,47,15,15,0,0],"gold":98,"neow_bonus":"UPGRADE_CARD","is_daily":false,"chose_seed":false,"campfire_upgraded":5,"win_rate":0.0,"timestamp":1610237375,"path_taken":["M","?","M","M","M","R","E","M","T","R","?","E","?","?","R","BOSS","M","M","?","?","M","R","E","R","T","M","E","M","?","E","R","BOSS","M","?","M","$","M","E","M","E","T","E"],"items_purchased_type":["Relic","Relic"],"build_version":"2020-12-18","purchased_purges":2,"victory":false,"max_hp_per_floor":[75,80,80,80,80,80,80,80,80,80,80,80,80,80,80,80,80,80,80,80,80,80,80,80,80,80,80,80,80,80,80,80,80,80,80,80,80,80,85,99,99,99,99,99,99],"relic_stats":{"counters":[24,112],"Shuriken":[15],"Magic Flower":[0],"MealTicket":27,"Eternal Feather":0,"Bag of Preparation":[38],"Juzu Bracelet":1,"Whetstone":["Strike_R","Strike_R"],"Kunai":[19],"Cursed Key":2,"obtain_stats":[{"Magic Flower":42,"Thread and Needle":14,"Mango":40,"Eternal Feather":43,"Bag of Preparation":7,"Juzu Bracelet":28,"Whetstone":24,"Cursed Key":17,"Burning Blood":0,"Akabeko":26,"Shuriken":38,"Toolbox":13,"MealTicket":9,"Fusion Hammer":34,"Bottled Lightning":12,"Kunai":31},{"Magic Flower":23,"Thread and Needle":7,"Mango":21,"Eternal Feather":23,"Bag of Preparation":5,"Juzu Bracelet":14,"Whetstone":12,"Cursed Key":8,"Burning Blood":0,"Akabeko":12,"Shuriken":19,"Toolbox":7,"MealTicket":6,"Fusion Hammer":17,"Bottled Lightning":7,"Kunai":16},{"Magic Flower":110,"Thread and Needle":28,"Mango":99,"Eternal Feather":110,"Bag of Preparation":21,"Juzu Bracelet":62,"Whetstone":55,"Cursed Key":36,"Burning Blood":0,"Akabeko":55,"Shuriken":87,"Toolbox":28,"MealTicket":24,"Fusion Hammer":78,"Bottled Lightning":28,"Kunai":70}],"Burning Blood":138},"card_choices":[{"not_picked":["Reckless Charge","True Grit"],"picked":"Rampage","floor":1.0},{"not_picked":["Armaments","Shrug It Off"],"picked":"Pommel Strike","floor":3.0},{"not_picked":["Armaments","Battle Trance"],"picked":"Fire Breathing","floor":4.0},{"not_picked":["Heavy Blade","Havoc"],"picked":"Uppercut","floor":5.0},{"not_picked":["Havoc","Anger","Limit Break"],"picked":"SKIP","floor":7.0},{"not_picked":["Fire Breathing","Rampage"],"picked":"Shockwave","floor":8.0},{"not_picked":["Twin Strike","Dual Wield"],"picked":"Flame Barrier","floor":12.0},{"not_picked":["Brutality","Berserk"],"picked":"Bludgeon","floor":16.0},{"not_picked":["Shrug It Off","Dropkick"],"picked":"Battle Trance","floor":18.0},{"not_picked":["Dual Wield","Twin Strike","Clash"],"picked":"SKIP","floor":19.0},{"not_picked":["Carnage","Disarm","Searing Blow+1"],"picked":"SKIP","floor":22.0},{"not_picked":["Clash","Shrug It Off"],"picked":"Demon Form","floor":24.0},{"not_picked":["Dark Embrace","Sword Boomerang"],"picked":"Headbutt","floor":27.0},{"not_picked":["Reckless Charge+1","Heavy Blade"],"picked":"True Grit","floor":28.0},{"not_picked":["Dropkick","Sword Boomerang"],"picked":"Feel No Pain","floor":29.0},{"not_picked":["Berserk","Armaments","Anger"],"picked":"SKIP","floor":31.0},{"not_picked":["Bludgeon","Juggernaut"],"picked":"Offering","floor":33.0},{"not_picked":["Anger","Clothesline+1","Wild Strike"],"picked":"SKIP","floor":35.0},{"not_picked":["Twin Strike","Iron Wave"],"picked":"Corruption","floor":37.0},{"not_picked":["Flex","Armaments"],"picked":"Dark Embrace+1","floor":39.0},{"not_picked":["Shockwave","Sword Boomerang+1"],"picked":"Warcry+1","floor":40.0},{"not_picked":["Armaments","Second Wind"],"picked":"Burning Pact","floor":41.0},{"not_picked":["Fiend Fire","Sword Boomerang"],"picked":"Power Through","floor":42.0}],"player_experience":650001,"relics_obtained":[{"floor":7.0,"key":"Bag of Preparation"},{"floor":9.0,"key":"MealTicket"},{"floor":12.0,"key":"Bottled Lightning"},{"floor":14.0,"key":"Thread and Needle"},{"floor":24.0,"key":"Whetstone"},{"floor":26.0,"key":"Akabeko"},{"floor":28.0,"key":"Juzu Bracelet"},{"floor":31.0,"key":"Kunai"},{"floor":40.0,"key":"Mango"},{"floor":42.0,"key":"Magic Flower"},{"floor":43.0,"key":"Eternal Feather"}],"event_choices":[{"damage_healed":0.0,"max_hp_gain":5.0,"max_hp_loss":0.0,"gold_gain":0.0,"event_name":"Big Fish","player_choice":"Donut","floor":2.0,"gold_loss":0.0,"damage_taken":0.0},{"cards_removed":["Strike_R"],"damage_healed":0.0,"max_hp_gain":0.0,"max_hp_loss":0.0,"gold_gain":0.0,"event_name":"Living Wall","player_choice":"Forget","floor":11.0,"gold_loss":0.0,"damage_taken":0.0},{"cards_removed":["Strike_R"],"damage_healed":0.0,"max_hp_gain":0.0,"max_hp_loss":0.0,"gold_gain":0.0,"event_name":"Beggar","player_choice":"Gave Gold","floor":20.0,"gold_loss":75.0,"damage_taken":0.0},{"damage_healed":0.0,"max_hp_gain":0.0,"max_hp_loss":0.0,"gold_gain":0.0,"event_name":"Upgrade Shrine","player_choice":"Upgraded","floor":21.0,"gold_loss":0.0,"damage_taken":0.0,"cards_upgraded":["Bludgeon"]},{"damage_healed":0.0,"max_hp_gain":0.0,"max_hp_loss":0.0,"gold_gain":0.0,"event_name":"Nest","player_choice":"Joined the Cult","floor":30.0,"gold_loss":0.0,"damage_taken":6.0,"cards_obtained":["RitualDagger"]},{"damage_healed":0.0,"max_hp_gain":0.0,"max_hp_loss":0.0,"gold_gain":0.0,"event_name":"Tomb of Lord Red Mask","player_choice":"Ignored","floor":36.0,"gold_loss":0.0,"damage_taken":0.0}],"is_beta":true,"boss_relics":[{"not_picked":["SacredBark","Empty Cage"],"picked":"Cursed Key"},{"not_picked":["Black Star","Runic Cube"],"picked":"Fusion Hammer"}],"items_purged_floors":[13,38],"is_endless":false,"potions_floor_spawned":[1,4,5,16,19,24,28,31,33,37,39],"killed_by":"Reptomancer","ascension_level":20}}