{"host":"kw4o7b3ro2ktmmbe","time":1610285222,"event":{"mods":["BaseMod","Evolution","Minty Spire (QoL Compilation)","StSLib","The Gatherer"],"gold_per_floor":[114,128,128,142,155,155,175,175,175,191,203,219,236,236,236,341,341,354,369,44,143,163,163,88,120,120,120,153,164,191,203,203,307,307,327,327,327,377,99,126,126,157,157,173,203,203,10,40,40,40],"floor_reached":51,"playtime":4247,"items_purged":["Pain"],"score":985,"play_id":"c4581361-5c92-4ab8-988c-6546e9f9a855","local_time":"20210111022702","is_ascension_mode":true,"metric_token":337,"campfire_choices":[{"data":"Gatherer:WitheringStrike","floor":6.0,"key":"SMITH"},{"data":"Gatherer:FlowerWhip","floor":8.0,"key":"SMITH"},{"floor":15.0,"key":"REST"},{"data":"Gatherer:VenomBarrier","floor":23.0,"key":"SMITH"},{"data":"Gatherer:QuickSynthesis","floor":27.0,"key":"SMITH"},{"floor":32.0,"key":"REST"},{"data":"Panacea","floor":41.0,"key":"SMITH"},{"data":"Gatherer:BlackTea","floor":46,"key":"SMITH"},{"data":"Finesse","floor":49,"key":"SMITH"}],"circlet_count":0,"master_deck":["Gatherer:FragileHammer","Gatherer:FragileHammer","Gatherer:FragileHammer","Gatherer:FragileHammer","Gatherer:Defend_Gatherer","Gatherer:Defend_Gatherer","Gatherer:Defend_Gatherer","Gatherer:Defend_Gatherer","Gatherer:Defend_Gatherer","Gatherer:Centralize+1","Gatherer:FlowerWhip+1","Gatherer:WitheringStrike+1","Gatherer:QuickSynthesis+1","Gatherer:QuickSynthesis","Gatherer:ColorfulGarden+1","Gatherer:VenomBarrier+1","Gatherer:VenomBarrier+1","Gatherer:PoisonMastery+1","Gatherer:ScherryThrow+1","Gatherer:PoisonMastery+1","Gatherer:RecoveryHerb+1","Gatherer:Misfortune+1","Gatherer:FruitForce","Gatherer:VenomBarrier+1","Gatherer:BlackTea+1","Panacea+1","Finesse+1","Gatherer:UpgradeBag+1","Gatherer:WitheringStrike+1","Gatherer:UpgradeBag+1","Gatherer:Uplift+1","Gatherer:BalancedGrowth+1"],"relics":["Gatherer:AlchemyBag","EVO:Axolotl","WarpedTongs","Frozen Egg 2","SacredBark","Letter Opener","Strawberry","Ancient Tea Set","Sundial","Mummified Hand","Busted Crown","TungstenRod","Eternal Feather","Singing Bowl","Nunchaku","Blood Vial","Bottled Tornado","Orrery","Kunai"],"acts_visited":["Exordium","TheCity","TheBeyond"],"potions_floor_usage":[],"damage_taken":[{"damage":0.0,"enemies":"2 Louse","floor":1.0,"turns":2.0},{"damage":0.0,"enemies":"Cultist","floor":2.0,"turns":3.0},{"damage":3.0,"enemies":"Jaw Worm","floor":4.0,"turns":3.0},{"damage":7.0,"enemies":"Looter","floor":5.0,"turns":3.0},{"damage":3.0,"enemies":"2 Fungi Beasts","floor":7.0,"turns":2.0},{"damage":3.0,"enemies":"Blue Slaver","floor":10.0,"turns":4.0},{"damage":4.0,"enemies":"Large Slime","floor":11.0,"turns":4.0},{"damage":4.0,"enemies":"Exordium Wildlife","floor":12.0,"turns":2.0},{"damage":13.0,"enemies":"Blue Slaver","floor":13.0,"turns":4.0},{"damage":7.0,"enemies":"The Guardian","floor":16.0,"turns":10.0},{"damage":5.0,"enemies":"2 Thieves","floor":18.0,"turns":4.0},{"damage":4.0,"enemies":"3 Byrds","floor":19.0,"turns":5.0},{"damage":6.0,"enemies":"Centurion and Healer","floor":22.0,"turns":4.0},{"damage":0.0,"enemies":"Book of Stabbing","floor":25.0,"turns":5.0},{"damage":10.0,"enemies":"Slavers","floor":28.0,"turns":4.0},{"damage":0.0,"enemies":"Snake Plant","floor":29.0,"turns":2.0},{"damage":7.0,"enemies":"Book of Stabbing","floor":30.0,"turns":3.0},{"damage":4.0,"enemies":"Shelled Parasite and Fungi","floor":31.0,"turns":3.0},{"damage":32.0,"enemies":"Collector","floor":33.0,"turns":4.0},{"damage":0.0,"enemies":"3 Shapes","floor":35.0,"turns":3.0},{"damage":0.0,"enemies":"Mind Bloom Boss Battle","floor":38.0,"turns":2.0},{"damage":22.0,"enemies":"Nemesis","floor":40.0,"turns":5.0},{"damage":0,"enemies":"Giant Head","floor":42,"turns":5},{"damage":5,"enemies":"Orb Walker","floor":44,"turns":2},{"damage":31,"enemies":"Nemesis","floor":45,"turns":5},{"damage":0,"enemies":"Giant Head","floor":48,"turns":5},{"damage":34,"enemies":"Awakened One","floor":50,"turns":7}],"seed_played":"8034027277198969298","potions_obtained":[{"floor":1.0,"key":"Strength Potion"},{"floor":2.0,"key":"AttackPotion"},{"floor":13.0,"key":"BlessingOfTheForge"},{"floor":16.0,"key":"Explosive Potion"},{"floor":19.0,"key":"Strength Potion"},{"floor":28.0,"key":"GamblersBrew"},{"floor":29.0,"key":"GhostInAJar"},{"floor":33.0,"key":"Regen Potion"},{"floor":40.0,"key":"LiquidMemories"}],"is_trial":false,"path_per_floor":["M","M","?","M","M","R","M","R","T","M","M","M","M","?","R","B",null,"M","M","$","?","M","R","?","E","T","R","E","M","E","M","R","B",null,"M","?","?","?","$","E","R","E","T","M","E","R","$","E","R","B",null],"character_chosen":"THE_GATHERER","items_purchased":["Letter Opener","Eternal Feather","Gatherer:UpgradeBag+1","Gatherer:Uplift+1","Orrery"],"campfire_rested":2,"item_purchase_floors":[20,39,39,47,47],"current_hp_per_floor":[79,79,79,76,69,69,66,66,66,63,59,55,42,26,49,42,79,74,70,70,70,64,64,64,74,74,74,69,77,73,69,90,58,90,90,90,80,80,80,64,79,82,82,84,65,83,91,97,104,77],"gold":40,"neow_bonus":"TEN_PERCENT_HP_BONUS","is_daily":false,"chose_seed":false,"campfire_upgraded":7,"win_rate":0.0,"timestamp":1610285222,"path_taken":["M","M","?","M","M","R","M","R","T","M","M","M","?","?","R","BOSS","M","M","$","?","M","R","?","E","T","R","E","M","E","M","R","BOSS","M","?","?","?","$","E","R","E","T","M","E","R","$","E","R","BOSS"],"items_purchased_type":["Relic","Relic","Card","Card","Relic"],"build_version":"2020-12-22","purchased_purges":1,"victory":true,"max_hp_per_floor":[79,79,79,79,79,79,79,79,79,79,79,79,79,79,79,79,79,79,79,79,79,79,79,79,86,86,86,86,90,90,90,90,90,90,90,90,90,90,90,90,90,90,90,92,94,94,102,104,104,104],"card_choices":[{"not_picked":["Gatherer:SmartManeuver","Gatherer:BigPouch"],"picked":"Gatherer:WitheringStrike","floor":1.0},{"not_picked":["Gatherer:AromaProtection","Gatherer:PotentialSlash"],"picked":"Gatherer:QuickSynthesis","floor":2.0},{"not_picked":["Gatherer:EchoOfNature","Gatherer:ScherryThrow"],"picked":"Gatherer:QuickSynthesis","floor":4.0},{"not_picked":["Gatherer:Snatch","Gatherer:Convert","Gatherer:FlowerShield"],"picked":"SKIP","floor":5.0},{"not_picked":["Gatherer:EnergyBasket","Gatherer:FlowerFalling","Gatherer:TacticalStrike"],"picked":"SKIP","floor":7.0},{"not_picked":["Gatherer:TreeGrowth","Gatherer:Frenzy","Gatherer:AromaProtection"],"picked":"SKIP","floor":10.0},{"not_picked":["Gatherer:WoolGloves","Gatherer:GatherMaterial"],"picked":"Gatherer:ColorfulGarden+1","floor":11.0},{"not_picked":["Gatherer:TacticalStrike","Gatherer:TreeGrowth"],"picked":"Gatherer:VenomBarrier","floor":12.0},{"not_picked":["Gatherer:FragileHammer","Gatherer:FlowerFalling"],"picked":"Gatherer:VenomBarrier","floor":13.0},{"not_picked":["Gatherer:CursedBlade","Gatherer:Bulldoze"],"picked":"Gatherer:PoisonMastery+1","floor":16.0},{"not_picked":["Gatherer:SealedBomb+1","Gatherer:Convert"],"picked":"Gatherer:ScherryThrow+1","floor":18.0},{"not_picked":["Gatherer:EnergyBasket+1","Gatherer:VenomBarrier"],"picked":"Gatherer:PoisonMastery+1","floor":19.0},{"not_picked":["Gatherer:Polymorphism","Gatherer:FragileHammer"],"picked":"Gatherer:RecoveryHerb+1","floor":22.0},{"not_picked":["Gatherer:CarefulStrike","Gatherer:AcidicSpray","Gatherer:AromaProtection"],"picked":"SKIP","floor":25.0},{"not_picked":["Gatherer:EnergyBasket","Gatherer:Photoscythe"],"picked":"Gatherer:Misfortune+1","floor":28.0},{"not_picked":["Gatherer:RottenStipe+1","Gatherer:FragileHammer+1"],"picked":"Gatherer:FruitForce","floor":29.0},{"not_picked":["Gatherer:SmartManeuver+1","Gatherer:TreeGrowth","Gatherer:FragileHammer"],"picked":"SKIP","floor":30.0},{"not_picked":["Gatherer:AcidicSpray","Gatherer:FruitForce+1"],"picked":"Gatherer:VenomBarrier+1","floor":31.0},{"not_picked":["Gatherer:LuckyClover+1","Gatherer:Photoscythe"],"picked":"Gatherer:BlackTea","floor":33.0},{"not_picked":["Gatherer:RottenStipe"],"picked":"SKIP","floor":35.0},{"not_picked":[],"picked":"Panacea","floor":37.0},{"not_picked":[],"picked":"Finesse","floor":37.0},{"not_picked":[],"picked":"Gatherer:WitheringStrike+1","floor":40.0},{"not_picked":[],"picked":"Gatherer:UpgradeBag+1","floor":42},{"not_picked":["Gatherer:CarefulStrike"],"picked":"Singing Bowl","floor":44},{"not_picked":["Gatherer:TreeGrowth"],"picked":"Singing Bowl","floor":45},{"not_picked":["Gatherer:ScherryThrow"],"picked":"Singing Bowl","floor":47},{"not_picked":[],"picked":"Gatherer:BalancedGrowth+1","floor":47},{"not_picked":["Gatherer:FruitForce"],"picked":"Singing Bowl","floor":47},{"not_picked":["Gatherer:WoolGloves+1"],"picked":"Singing Bowl","floor":47},{"not_picked":["Gatherer:FragileHammer+1"],"picked":"Singing Bowl","floor":47},{"not_picked":["Gatherer:ScentOfRosmari"],"picked":"Singing Bowl","floor":48}],"player_experience":1819462,"relics_obtained":[{"floor":9.0,"key":"Frozen Egg 2"},{"floor":25.0,"key":"Strawberry"},{"floor":26.0,"key":"Ancient Tea Set"},{"floor":28.0,"key":"Sundial"},{"floor":30.0,"key":"Mummified Hand"},{"floor":38.0,"key":"TungstenRod"},{"floor":40.0,"key":"Singing Bowl"},{"floor":42,"key":"Nunchaku"},{"floor":43,"key":"Blood Vial"},{"floor":45,"key":"Bottled Tornado"},{"floor":48,"key":"Kunai"}],"event_choices":[{"damage_healed":0.0,"max_hp_gain":0.0,"max_hp_loss":0.0,"gold_gain":0.0,"event_name":"Accursed Blacksmith","player_choice":"Rummage","floor":3.0,"gold_loss":0.0,"damage_taken":0.0,"relics_obtained":["WarpedTongs"],"cards_obtained":["Pain"]},{"damage_healed":0.0,"max_hp_gain":0.0,"max_hp_loss":0.0,"gold_gain":0.0,"event_name":"Shining Light","player_choice":"Entered Light","floor":14.0,"gold_loss":0.0,"damage_taken":16.0,"cards_upgraded":["Gatherer:Centralize","Gatherer:VenomBarrier"]},{"damage_healed":0.0,"max_hp_gain":0.0,"max_hp_loss":0.0,"gold_gain":99.0,"event_name":"Nest","player_choice":"Stole From Cult","floor":21.0,"gold_loss":0.0,"damage_taken":0.0},{"cards_removed":["Gatherer:Strike_Gatherer"],"damage_healed":0.0,"max_hp_gain":0.0,"max_hp_loss":0.0,"gold_gain":0.0,"event_name":"Beggar","player_choice":"Gave Gold","floor":24.0,"gold_loss":75.0,"damage_taken":0.0},{"damage_healed":0.0,"max_hp_gain":0.0,"max_hp_loss":0.0,"gold_gain":0.0,"event_name":"Tomb of Lord Red Mask","player_choice":"Ignored","floor":36.0,"gold_loss":0.0,"damage_taken":0.0},{"damage_healed":0.0,"max_hp_gain":0.0,"max_hp_loss":0.0,"gold_gain":0.0,"event_name":"SensoryStone","player_choice":"Memory 3","floor":37.0,"gold_loss":0.0,"damage_taken":10.0},{"damage_healed":0.0,"max_hp_gain":0.0,"max_hp_loss":0.0,"gold_gain":0.0,"event_name":"MindBloom","player_choice":"Fight","floor":38.0,"gold_loss":0.0,"damage_taken":0.0}],"is_beta":false,"boss_relics":[{"not_picked":["Gatherer:ExplorersPath","Fusion Hammer"],"picked":"SacredBark"},{"not_picked":["Pandora\u0027s Box","Runic Pyramid"],"picked":"Busted Crown"}],"items_purged_floors":[20],"is_endless":false,"potions_floor_spawned":[1,2,13,16,19,28,29,33,35,40,48],"ascension_level":1}}