{"host":"5m2js577gj4e7pak","time":1610297232,"event":{"mods":["AchievementEnabler","BaseMod","Better Match","BetterRewards","Colored Map","Colored Powertips","Googly Eyes","Highlight Path","Lobotomy","LobotomyExtend","Minty Spire (QoL Compilation)","Quick Restart","Relic Filter","StSLib"],"gold_per_floor":[117,117,117,130,130,130,161,161,210,210,210,228,241,241,241,241,241],"floor_reached":16,"playtime":348,"items_purged":[],"score":108,"play_id":"f3280784-c585-49db-9eb9-0d3a183634a5","local_time":"20210110174712","is_ascension_mode":true,"campfire_choices":[],"circlet_count":0,"master_deck":["SpecialBullet","SpecialBullet","SpecialBullet","SpecialBullet","SpecialBullet","SpecialBullet","SpecialBullet","InformationCode","SecurityCode","TrainingCode","RedEyes+1","ShyLook","SwordSharpenedByTears","GrinderMk4","WallGazer","Horn","SomewhereSpear"],"relics":["CogitoBucket","Orichalcum","LetterFromLob","Ancient Tea Set","Happy Flower"],"acts_visited":["Exordium"],"potions_floor_usage":[7,16,16],"damage_taken":[{"damage":0,"enemies":"Small Slimes","floor":1,"turns":2},{"damage":1,"enemies":"2 Louse","floor":4,"turns":3},{"damage":0,"enemies":"2 Louse","floor":5,"turns":6},{"damage":24,"enemies":"Lagavulin","floor":7,"turns":5},{"damage":6,"enemies":"Jaw Worm","floor":12,"turns":2},{"damage":6,"enemies":"Blue Slaver","floor":13,"turns":3},{"damage":66,"enemies":"The Guardian","floor":16,"turns":11}],"seed_played":"-3269493803550938302","potions_obtained":[{"floor":1,"key":"SkillPotion"},{"floor":7,"key":"AttackPotion"},{"floor":13,"key":"SpeedPotion"}],"is_trial":false,"path_per_floor":["M","?","?","M","?","R","E","R","T","E","R","M","M","?","R","B"],"character_chosen":"Angela","items_purchased":[],"campfire_rested":0,"item_purchase_floors":[],"current_hp_per_floor":[70,70,70,70,70,70,57,57,57,57,57,69,70,63,63,0,0],"gold":241,"neow_bonus":"RANDOM_COMMON_RELIC","is_daily":false,"chose_seed":false,"campfire_upgraded":0,"win_rate":0.0,"timestamp":1610297232,"path_taken":["M","?","?","M","?","R","E","R","T","E","R","M","M","?","R","BOSS"],"items_purchased_type":[],"build_version":"2020-12-22","purchased_purges":0,"victory":false,"max_hp_per_floor":[70,70,70,70,70,70,70,70,70,70,70,70,70,70,70,70,70],"card_choices":[{"not_picked":["Beak"],"picked":"RedEyes","floor":1},{"not_picked":["VoidDream","PunishingBird"],"picked":"ShyLook","floor":4},{"not_picked":["Diffraction"],"picked":"SwordSharpenedByTears","floor":4},{"not_picked":["Loneliness"],"picked":"GrinderMk4","floor":7},{"not_picked":["PunishingBird","Mercenary"],"picked":"WallGazer","floor":12},{"not_picked":["RedEyes"],"picked":"Horn","floor":12},{"not_picked":["Horn"],"picked":"SomewhereSpear","floor":13}],"player_experience":41823,"relics_obtained":[{"floor":1,"key":"LetterFromLob"},{"floor":7,"key":"Ancient Tea Set"},{"floor":9,"key":"Happy Flower"}],"event_choices":[{"damage_healed":0,"gold_gain":0,"player_choice":"Grow","damage_taken":0,"max_hp_gain":0,"max_hp_loss":0,"event_name":"Living Wall","floor":2,"gold_loss":0,"cards_upgraded":["RedEyes"]},{"damage_healed":0,"gold_gain":0,"player_choice":"Ignored","damage_taken":0,"max_hp_gain":0,"max_hp_loss":0,"event_name":"Shining Light","floor":3,"gold_loss":0},{"cards_removed":["SpecialBullet"],"damage_healed":0,"gold_gain":0,"player_choice":"Card Removal","damage_taken":7,"max_hp_gain":0,"max_hp_loss":0,"event_name":"Golden Wing","floor":14,"gold_loss":0}],"is_beta":false,"boss_relics":[],"items_purged_floors":[],"is_endless":false,"potions_floor_spawned":[1,5,7,13],"killed_by":"The Guardian","ascension_level":2}}