{"host":"n605f8gctjc87d7h","time":1610311288,"event":{"mods":["Aspiration","Bard","BaseMod","Better Match","Better Note","Better Skull","Better Third Choice","Conspire","Downfall","Halation","Infinite Spire","Minty Spire (QoL Compilation)","Replay The Spire","Retaliation","Shade Mod","Spicy Shops","StSLib","The IronCluck"],"gold_per_floor":[112,130,130,140,240,240,269,269,269,269,284,101,101,26,26,121,121,121,146,146,156,156,156,168,183,233,233,63,80,5,22,22,22,22],"floor_reached":33,"playtime":2542,"items_purged":["Defend_G","Strike_G","Strike_G"],"score":355,"play_id":"16fc59ca-d27e-403d-b81d-a73cf4b3ee65","local_time":"20210110124128","is_ascension_mode":true,"campfire_choices":[{"floor":6.0,"key":"REST"},{"floor":8.0,"key":"REST"},{"floor":10.0,"key":"REST"},{"data":"Caltrops","floor":13.0,"key":"SMITH"},{"data":"Toxin Wave","floor":15.0,"key":"SMITH"},{"floor":23,"key":"REST"},{"data":"Toxin Wave","floor":27,"key":"SMITH"},{"floor":32,"key":"REST"}],"circlet_count":0,"master_deck":["Strike_G","Strike_G","Defend_G","Defend_G+1","Defend_G+1","Defend_G","Survivor","Neutralize","Sucker Punch","Toxin Wave+1","Flying Knee+1","Caltrops+1","Toxin Wave+1","ReplayTheSpireMod:Brewmster+1","Venomology+1","Phantasmal Killer","Cloak And Dagger+1","Dagger Spray+1","Flying Knee+1","Crippling Poison","Fluid Movement","Accuracy+1"],"relics":["Ring of the Snake","Ice Cream","Eternal Feather","Replay:WaspNest","halation:HeavySnake","Red Mask","conspire:TopHat","halation:EternalFortune","Smiling Mask"],"acts_visited":["Exordium","TheCity"],"potions_floor_usage":[16,16,18,18,18,19,19,19,19,21,21,21,21,24,24,24,24,24,24,24,25,25,29,29,31,31,31,31,31,33,33,33,33,33,33,33,33,33,33,33,33,33,33],"damage_taken":[{"damage":1.0,"enemies":"conspire:RoseBush","floor":1.0,"turns":5.0},{"damage":0.0,"enemies":"Cultist","floor":2.0,"turns":3.0},{"damage":0.0,"enemies":"Jaw Worm","floor":4.0,"turns":5.0},{"damage":52.0,"enemies":"Gremlin Nob","floor":7.0,"turns":6.0},{"damage":8.0,"enemies":"conspire:2 RoseBushes","floor":11.0,"turns":6.0},{"damage":51,"enemies":"Fading Forest","floor":16,"turns":11},{"damage":0,"enemies":"Chosen","floor":18,"turns":4},{"damage":36,"enemies":"Masked Bandits","floor":19,"turns":4},{"damage":17,"enemies":"Spheric Guardian","floor":21,"turns":5},{"damage":10,"enemies":"conspire:HollyBat","floor":24,"turns":7},{"damage":14,"enemies":"Chosen and Byrds","floor":25,"turns":4},{"damage":25,"enemies":"Snake Plant","floor":29,"turns":3},{"damage":19,"enemies":"Centurion and Healer","floor":31,"turns":6},{"damage":51,"enemies":"Champ","floor":33,"turns":11}],"seed_played":"4816393411346651361","potions_obtained":[{"floor":4.0,"key":"DDmod:CleansePotion"},{"floor":7.0,"key":"PowerPotion"},{"floor":11.0,"key":"Toxic Potion"},{"floor":24,"key":"Dexterity Potion"},{"floor":31,"key":"Energy Potion"}],"is_trial":false,"path_per_floor":["M","M","?","M","?","R","E","R","T","R","M","$","R","?","R","B",null,"M","?","?","M","?","R","M","M","T","R","$","M","$","M","R","B"],"character_chosen":"THE_SILENT","items_purchased":["Toxin Wave","Fluid Movement","Regen Potion"],"campfire_rested":5,"item_purchase_floors":[12,28,30],"current_hp_per_floor":[44,44,37,37,37,58,6,33,33,60,52,52,61,61,70,31,60,60,24,24,7,10,43,36,22,22,34,34,9,9,5,39,0,0],"gold":22,"neow_bonus":"ONE_RARE_RELIC","is_daily":false,"chose_seed":false,"campfire_upgraded":3,"win_rate":0.0,"timestamp":1610311288,"path_taken":["M","M","?","M","?","R","E","R","T","R","?","$","R","?","R","BOSS","M","?","?","M","?","R","M","M","T","R","?","M","$","?","R","BOSS"],"items_purchased_type":["Card","Card","Potion"],"build_version":"2020-12-22","purchased_purges":3,"victory":false,"max_hp_per_floor":[70,70,70,70,70,70,70,70,70,70,70,70,70,70,70,70,70,70,70,70,70,73,73,76,76,76,76,76,76,76,76,76,76,76],"card_choices":[{"not_picked":["Bane","Accuracy"],"picked":"Sucker Punch","floor":1.0},{"not_picked":["Reflex","conspire:PoisonWeapons"],"picked":"Toxin Wave","floor":2.0},{"not_picked":["Dash","Cloak And Dagger"],"picked":"Flying Knee","floor":4.0},{"not_picked":["Setup","Poisoned Stab","Night Terror"],"picked":"SKIP","floor":7.0},{"not_picked":["conspire:DoublingDagger","Flechettes"],"picked":"Caltrops","floor":11.0},{"not_picked":["Replay:Dark Deal+1","Apotheosis+1"],"picked":"ReplayTheSpireMod:Brewmster+1","floor":14.0},{"not_picked":["Adrenaline+1","Bullet Time+1"],"picked":"Venomology+1","floor":14.0},{"not_picked":["aspiration:Lunge","Envenom"],"picked":"Phantasmal Killer","floor":16},{"not_picked":["Accuracy","Caltrops"],"picked":"Cloak And Dagger+1","floor":19},{"not_picked":["conspire:DoublingDagger","Poisoned Stab"],"picked":"Dagger Spray+1","floor":21},{"not_picked":["PiercingWail","conspire:DoublingDagger"],"picked":"Flying Knee+1","floor":24},{"not_picked":["Outmaneuver","Underhanded Strike+1"],"picked":"Crippling Poison","floor":25},{"not_picked":["Bane","Cloak And Dagger","Tactician"],"picked":"SKIP","floor":29},{"not_picked":["Deadly Poison","Quick Slash"],"picked":"Accuracy+1","floor":31}],"player_experience":641927,"relics_obtained":[{"floor":7.0,"key":"Eternal Feather"},{"floor":9.0,"key":"Replay:WaspNest"},{"floor":19,"key":"Red Mask"},{"floor":24,"key":"halation:EternalFortune"},{"floor":26,"key":"Smiling Mask"}],"event_choices":[{"cards_removed":["Strike_G"],"damage_healed":0.0,"max_hp_gain":0.0,"max_hp_loss":0.0,"gold_gain":0.0,"event_name":"Golden Wing","player_choice":"Card Removal","floor":3.0,"gold_loss":0.0,"damage_taken":7.0},{"damage_healed":0.0,"max_hp_gain":0.0,"max_hp_loss":0.0,"gold_gain":100.0,"event_name":"Golden Shrine","player_choice":"Pray","floor":5.0,"gold_loss":0.0,"damage_taken":0.0},{"damage_healed":0.0,"max_hp_gain":0.0,"max_hp_loss":0.0,"gold_gain":0.0,"event_name":"betterMatch:BetterMatch","player_choice":"2","floor":14.0,"gold_loss":0.0,"damage_taken":0.0,"cards_obtained":["betterMatch:ColorlessRareCard","betterMatch:RareCard"]},{"damage_healed":0,"gold_gain":0,"player_choice":"Fought Bandits","damage_taken":0,"max_hp_gain":0,"max_hp_loss":0,"event_name":"Masked Bandits","floor":19,"gold_loss":0}],"is_beta":false,"boss_relics":[{"not_picked":["ReplayTheSpireMod:DimensionalGlitch","Velvet Choker"],"picked":"halation:HeavySnake"}],"items_purged_floors":[12,28,28],"is_endless":false,"potions_floor_spawned":[4,7,11,18,24,31],"killed_by":"Champ","ascension_level":9}}