{"host":"sup1rd0ujr5jgopq","time":1610294137,"event":{"mods":["BaseMod","Colored Map","Downfall","Minty Spire (QoL Compilation)","StSLib"],"gold_per_floor":[99,111,21,21,31,43,69,101,101,121,131,165,177,206,231,344,356,368,396,420,449,461,373,433,465,503,535,564,104,4,4,17,120,120,120,140,151,13,13,45,95,118,146,146,46,56,56,68,80,80,80,112,16,16,16,16],"floor_reached":57,"playtime":7440,"items_purged":["Parasite","downfall:Bewildered"],"score":1245,"play_id":"691d4192-1772-4cb5-bf2a-8a068c50a9d2","local_time":"20210110105537","is_ascension_mode":false,"campfire_choices":[{"data":"sneckomod:TailWhip","floor":1.0,"key":"SMITH"},{"data":"sneckomod:UnknownWeak","floor":13.0,"key":"SMITH"},{"floor":18.0,"key":"RECALL"},{"floor":30.0,"key":"REST"},{"floor":47,"key":"REST"},{"data":"sneckomod:Restock","floor":54,"key":"SMITH"}],"circlet_count":0,"master_deck":["sneckomod:Strike","sneckomod:Strike+1","sneckomod:Defend","sneckomod:Defend","sneckomod:Defend","sneckomod:TailWhip+1","sneckomod:SnekBite","sneckomod:Unknown","sneckomod:Unknown","sneckomod:UnknownDraw","sneckomod:UnknownBlock+1","sneckomod:SnakeSap","sneckomod:QuickBite","sneckomod:SoulDraw","sneckomod:Unknown0Cost","sneckomod:CheapStock","sneckomod:UnknownCommonAttack+1","sneckomod:UnknownUncommonAttack","sneckomod:UnknownRarePower","sneckomod:CheapStock+1","sneckomod:UnknownDraw","Leg Sweep+1","sneckomod:SerpentMind","sneckomod:ImprovisedGuard+1","sneckomod:Rotation","sneckomod:Unknown1Cost","sneckomod:SlitherStrike","sneckomod:Mudshield","Deflect+1","Bouncing Flask","sneckomod:Unknown1Cost","sneckomod:TrashToTreasure+1","sneckomod:Unknown1Cost+1","sneckomod:UnendingSupply","sneckomod:QuickMove","expansioncontent:PrepareCrush","expansioncontent:AwakenDeath","sneckomod:SoulDraw+1","sneckomod:Restock+1","sneckomod:UnknownClassSLIMEBOUND","sneckomod:SerpentMind","sneckomod:DefensiveFlair+1","Slimebound:TagTeam+1","sneckomod:UnknownUncommonSkill","sneckomod:SoulCleanse"],"relics":["sneckomod:SneckoSoul","Pocketwatch","Orichalcum","MawBank","Busted Crown","sneckomod:BabySnecko","downfall:HeartBlessingRed","Question Card","Strange Spoon","downfall:HeartBlessingBlue","Philosopher\u0027s Stone","Frozen Eye","Whetstone","Toy Ornithopter","downfall:HeartBlessingGreen","Centennial Puzzle"],"acts_visited":["Exordium","TheCity","TheBeyond","TheEnding"],"potions_floor_usage":[43,50,56,56,56,56,56,56,56,56,56,56],"damage_taken":[{"damage":10.0,"enemies":"Small Slimes","floor":2.0,"turns":2.0},{"damage":0.0,"enemies":"downfall:FleeingMerchant","floor":3.0,"turns":4.0},{"damage":0.0,"enemies":"Cultist","floor":5.0,"turns":3.0},{"damage":3.0,"enemies":"Jaw Worm","floor":6.0,"turns":2.0},{"damage":8.0,"enemies":"3 Sentries","floor":8.0,"turns":7.0},{"damage":0.0,"enemies":"Lots of Slimes","floor":10.0,"turns":3.0},{"damage":8.0,"enemies":"Large Slime","floor":11.0,"turns":4.0},{"damage":16.0,"enemies":"Gremlin Nob","floor":12.0,"turns":4.0},{"damage":3.0,"enemies":"Blue Slaver","floor":14.0,"turns":2.0},{"damage":0.0,"enemies":"2 Fungi Beasts","floor":15.0,"turns":3.0},{"damage":37.0,"enemies":"downfall:Silent","floor":16.0,"turns":10.0},{"damage":2.0,"enemies":"Chosen","floor":19.0,"turns":4.0},{"damage":24.0,"enemies":"Snake Plant","floor":20.0,"turns":5.0},{"damage":16.0,"enemies":"Snecko","floor":21.0,"turns":5.0},{"damage":14.0,"enemies":"Shelled Parasite and Fungi","floor":25.0,"turns":5.0},{"damage":23.0,"enemies":"Gremlin Leader","floor":26.0,"turns":6.0},{"damage":4.0,"enemies":"3 Cultists","floor":27.0,"turns":5.0},{"damage":0.0,"enemies":"Snecko","floor":28.0,"turns":4.0},{"damage":1.0,"enemies":"downfall:FleeingMerchant","floor":29.0,"turns":4.0},{"damage":12.0,"enemies":"Shelled Parasite and Fungi","floor":32.0,"turns":5.0},{"damage":35.0,"enemies":"downfall:Watcher","floor":33.0,"turns":11.0},{"damage":33.0,"enemies":"3 Shapes","floor":36.0,"turns":5.0},{"damage":2.0,"enemies":"3 Darklings","floor":37.0,"turns":4.0},{"damage":1.0,"enemies":"downfall:FleeingMerchant","floor":38.0,"turns":4.0},{"damage":14.0,"enemies":"downfall:FleeingMerchant","floor":40.0,"turns":4.0},{"damage":3.0,"enemies":"Maw","floor":42.0,"turns":7.0},{"damage":3,"enemies":"Reptomancer","floor":43,"turns":4},{"damage":8,"enemies":"Writhing Mass","floor":46,"turns":4},{"damage":0,"enemies":"4 Shapes","floor":48,"turns":4},{"damage":9,"enemies":"Jaw Worm Horde","floor":49,"turns":4},{"damage":57,"enemies":"ArchetypeAct3BlockNewAge","floor":50,"turns":7},{"damage":42,"enemies":"downfall:CharBossMerchant","floor":52,"turns":8},{"damage":49,"enemies":"downfall:NeowBoss","floor":55,"turns":6},{"damage":92,"enemies":"downfall:NeowBossFinal","floor":56,"turns":8}],"seed_played":"-7604222751296378277","potions_obtained":[{"floor":2.0,"key":"Regen Potion"},{"floor":8.0,"key":"DuplicationPotion"},{"floor":10.0,"key":"Regen Potion"},{"floor":11.0,"key":"bronze:BurnAndBuffPotion"},{"floor":15.0,"key":"SmokeBomb"},{"floor":16.0,"key":"DuplicationPotion"},{"floor":19.0,"key":"DuplicationPotion"},{"floor":25.0,"key":"Strength Potion"},{"floor":37.0,"key":"Energy Potion"},{"floor":43,"key":"SneckoOil"},{"floor":49,"key":"DistilledChaos"}],"is_trial":false,"path_per_floor":["R","M","$","?","M","M","T","E","?","M","M","E","R","M","M","B",null,"R","M","M","M","?","R","T","M","E","M","M","$","R","?","M","B",null,"R","M","M","$","?","?","T","M","E","$","R","M","R","M","M","B",null,"E","$","R","B","B",null],"character_chosen":"THE_SNECKO","items_purchased":["sneckomod:Unknown2Cost","sneckomod:Unknown1Cost","sneckomod:SlitherStrike","Strange Spoon","sneckomod:UnendingSupply","sneckomod:QuickMove","sneckomod:Restock","sneckomod:UnknownClassSLIMEBOUND","Frozen Eye","EntropicBrew"],"campfire_rested":2,"item_purchase_floors":[29,29,29,29,38,38,40,40,40,53],"current_hp_per_floor":[90,80,80,80,80,77,77,69,69,69,61,45,45,42,42,20,87,87,88,64,48,48,48,48,34,25,21,21,20,60,60,48,13,100,100,69,74,73,63,49,49,54,51,51,51,43,73,73,64,12,100,58,58,58,9,50],"gold":16,"neow_bonus":"ONE_RARE_RELIC","is_daily":false,"chose_seed":false,"campfire_upgraded":3,"win_rate":0.0,"timestamp":1610294137,"path_taken":["R","M","$","?","M","M","T","E","?","M","M","E","R","M","M","BOSS","R","M","M","M","?","R","T","M","E","M","M","$","R","?","M","BOSS","R","M","M","$","?","?","T","M","E","?","R","M","R","M","M","BOSS","E","$","R","BOSS","BOSS"],"items_purchased_type":["Card","Card","Card","Relic","Card","Card","Card","Card","Relic","Potion"],"build_version":"2020-12-13","purchased_purges":2,"victory":true,"max_hp_per_floor":[90,90,87,87,87,87,87,87,87,87,87,87,87,87,87,87,87,87,90,90,90,90,90,90,90,90,90,90,90,100,100,100,100,100,100,100,100,100,100,100,100,100,100,100,100,100,100,100,100,100,100,100,100,100,100,100],"card_choices":[{"not_picked":["sneckomod:SoulCleanse","sneckomod:SoulRoll"],"picked":"sneckomod:UnknownDraw","floor":2.0},{"not_picked":["sneckomod:DiceBlock","sneckomod:QuickMove"],"picked":"sneckomod:UnknownWeak","floor":3.0},{"not_picked":["sneckomod:DiceBlock","sneckomod:UnendingSupply"],"picked":"sneckomod:UnknownBlock","floor":5.0},{"not_picked":["sneckomod:DiceBoulder","sneckomod:RainOfDice"],"picked":"sneckomod:SnakeSap","floor":6.0},{"not_picked":["sneckomod:Nope","sneckomod:DangerNoodle"],"picked":"sneckomod:QuickBite","floor":8.0},{"not_picked":["sneckomod:UnknownBlock","sneckomod:IronFang"],"picked":"sneckomod:SoulDraw","floor":10.0},{"not_picked":["sneckomod:UnknownCommonAttack","sneckomod:DiceCrush"],"picked":"sneckomod:Unknown0Cost","floor":11.0},{"not_picked":["sneckomod:WideSting","sneckomod:UnknownStrike"],"picked":"sneckomod:CheapStock","floor":12.0},{"not_picked":["sneckomod:SoulRoll","sneckomod:UnknownDraw"],"picked":"sneckomod:UnknownCommonAttack","floor":14.0},{"not_picked":["sneckomod:SoulRoll","sneckomod:DiceCrush"],"picked":"sneckomod:UnknownUncommonAttack","floor":15.0},{"not_picked":["sneckomod:SerpentMind","sneckomod:UnknownRareAttack"],"picked":"sneckomod:UnknownRarePower","floor":16.0},{"not_picked":[],"picked":"sneckomod:CheapStock+1","floor":19.0},{"not_picked":[],"picked":"sneckomod:UnknownDraw","floor":20.0},{"not_picked":[],"picked":"sneckomod:UnknownCommonSkill","floor":21.0},{"not_picked":["sneckomod:IronFang"],"picked":"SKIP","floor":25.0},{"not_picked":[],"picked":"sneckomod:SerpentMind","floor":26.0},{"not_picked":["sneckomod:DiceCrush+1"],"picked":"SKIP","floor":26.0},{"not_picked":["sneckomod:IronFang+1"],"picked":"sneckomod:ImprovisedGuard+1","floor":27.0},{"not_picked":["sneckomod:QuickBite","sneckomod:Nope"],"picked":"SKIP","floor":28.0},{"not_picked":["sneckomod:UnknownVulnerable"],"picked":"sneckomod:Rotation","floor":29.0},{"not_picked":["sneckomod:CheapStock","sneckomod:Nope"],"picked":"SKIP","floor":32.0},{"not_picked":["sneckomod:UnknownBoss"],"picked":"sneckomod:UnknownRareAttack","floor":33.0},{"not_picked":["sneckomod:UnknownCommonAttack"],"picked":"sneckomod:Unknown1Cost","floor":36.0},{"not_picked":["sneckomod:QuickMove+1"],"picked":"sneckomod:TrashToTreasure+1","floor":37.0},{"not_picked":["sneckomod:CheapStock","sneckomod:Nope+1"],"picked":"SKIP","floor":37.0},{"not_picked":["sneckomod:UnknownDraw"],"picked":"sneckomod:Unknown1Cost+1","floor":38.0},{"not_picked":["expansioncontent:Hexaburn"],"picked":"expansioncontent:PrepareCrush","floor":39.0},{"not_picked":["expansioncontent:YouAreMine"],"picked":"expansioncontent:AwakenDeath","floor":39.0},{"not_picked":["sneckomod:UnendingSupply"],"picked":"sneckomod:SoulDraw+1","floor":40.0},{"not_picked":["sneckomod:DiceCrush"],"picked":"sneckomod:SerpentMind","floor":42.0},{"not_picked":["sneckomod:Unknown1Cost"],"picked":"sneckomod:DefensiveFlair+1","floor":43},{"not_picked":["sneckomod:DiceCrush+1","sneckomod:IronFang"],"picked":"SKIP","floor":46},{"not_picked":["sneckomod:UnknownBlock"],"picked":"sneckomod:UnknownUncommonSkill","floor":48},{"not_picked":["sneckomod:UnknownStrike+1"],"picked":"sneckomod:SoulCleanse","floor":49},{"not_picked":["sneckomod:DiceBlock","sneckomod:SoulExchange"],"picked":"SKIP","floor":52}],"player_experience":72175,"relics_obtained":[{"floor":7.0,"key":"Orichalcum"},{"floor":8.0,"key":"Potion Belt"},{"floor":12.0,"key":"MawBank"},{"floor":26.0,"key":"Question Card"},{"floor":41.0,"key":"Whetstone"},{"floor":43,"key":"Toy Ornithopter"},{"floor":52,"key":"Centennial Puzzle"}],"event_choices":[],"is_beta":false,"boss_relics":[{"not_picked":["Coffee Dripper","Tiny House"],"picked":"Busted Crown"},{"not_picked":["Calling Bell","Runic Pyramid"],"picked":"Philosopher\u0027s Stone"}],"items_purged_floors":[3,29],"is_endless":false,"potions_floor_spawned":[2,8,10,11,15,16,19,21,25,37,42,43,49],"ascension_level":0}}