{"host":"vpaavrwbmey593fx","time":1610297286,"event":{"mods":["AchievementEnabler","BaseMod","Colored Map","Colored Powertips","DeckTracker","Minty Spire (QoL Compilation)","Relic Sorter"],"gold_per_floor":[110,110,60,135,135,163,182,194,194,240,252,297,309,339,351,363,363],"floor_reached":16,"playtime":922,"items_purged":[],"score":164,"play_id":"64860490-3532-4f44-a4f5-2d45dfab5db6","local_time":"20210110084806","is_ascension_mode":true,"campfire_choices":[{"data":"Body Slam","floor":11,"key":"SMITH"},{"data":"Bash","floor":13,"key":"SMITH"},{"floor":15,"key":"REST"}],"circlet_count":0,"master_deck":["Strike_R","Strike_R","Strike_R","Strike_R","Defend_R","Defend_R","Defend_R","Defend_R","Bash+1","Body Slam+1","Dropkick","Clothesline"],"relics":["Burning Blood","NeowsBlessing","White Beast Statue","MawBank","Magic Flower","Nunchaku"],"acts_visited":["Exordium"],"potions_floor_usage":[12,12,12,16,16],"damage_taken":[{"damage":0,"enemies":"Cultist","floor":1,"turns":1},{"damage":0,"enemies":"3 Sentries","floor":6,"turns":2},{"damage":0,"enemies":"Jaw Worm","floor":7,"turns":1},{"damage":2,"enemies":"2 Louse","floor":8,"turns":3},{"damage":37,"enemies":"Gremlin Nob","floor":10,"turns":5},{"damage":20,"enemies":"Lagavulin","floor":12,"turns":5},{"damage":11,"enemies":"Blue Slaver","floor":14,"turns":3},{"damage":60,"enemies":"Slime Boss","floor":16,"turns":9}],"seed_played":"6788186643262444879","potions_obtained":[{"floor":7,"key":"LiquidBronze"},{"floor":8,"key":"Energy Potion"},{"floor":10,"key":"DistilledChaos"},{"floor":12,"key":"PowerPotion"},{"floor":14,"key":"SkillPotion"}],"is_trial":false,"path_per_floor":["M","$","?","?","$","E","M","M","T","E","R","E","R","M","R","B"],"character_chosen":"IRONCLAD","items_purchased":[],"campfire_rested":1,"item_purchase_floors":[],"current_hp_per_floor":[80,80,80,69,69,75,80,80,80,49,49,38,38,36,60,0,0],"gold":363,"neow_bonus":"THREE_ENEMY_KILL","is_daily":false,"chose_seed":false,"campfire_upgraded":2,"win_rate":0.0,"timestamp":1610297286,"path_taken":["M","$","?","?","$","E","M","M","T","E","R","E","R","M","R","BOSS"],"items_purchased_type":[],"build_version":"2020-12-22","purchased_purges":0,"victory":false,"max_hp_per_floor":[80,80,80,80,80,80,80,80,80,80,80,80,80,80,80,80,80],"card_choices":[{"not_picked":["Perfected Strike","Twin Strike"],"picked":"Body Slam","floor":1},{"not_picked":["Twin Strike","Wild Strike"],"picked":"Dropkick","floor":6},{"not_picked":["Body Slam","Havoc","Heavy Blade"],"picked":"SKIP","floor":7},{"not_picked":["Flex","Blood for Blood","Perfected Strike"],"picked":"SKIP","floor":8},{"not_picked":["Dual Wield","Cleave"],"picked":"Clothesline","floor":10},{"not_picked":["Fire Breathing","Rampage","Perfected Strike"],"picked":"SKIP","floor":12},{"not_picked":["Inflame","Sword Boomerang","Anger"],"picked":"SKIP","floor":14}],"player_experience":155471,"relics_obtained":[{"floor":6,"key":"White Beast Statue"},{"floor":9,"key":"MawBank"},{"floor":10,"key":"Magic Flower"},{"floor":12,"key":"Nunchaku"}],"event_choices":[{"cards_removed":["Strike_R"],"damage_healed":0,"gold_gain":0,"player_choice":"Card Removal","damage_taken":0,"max_hp_gain":0,"max_hp_loss":0,"event_name":"The Cleric","floor":3,"gold_loss":50},{"damage_healed":0,"gold_gain":75,"player_choice":"Gather Gold","damage_taken":11,"max_hp_gain":0,"max_hp_loss":0,"event_name":"World of Goop","floor":4,"gold_loss":0}],"is_beta":false,"boss_relics":[],"items_purged_floors":[],"is_endless":false,"potions_floor_spawned":[7,8,10,12,14],"killed_by":"Slime Boss","ascension_level":3}}