{"host":"r53pw7z744tg3fxg","time":1610296561,"event":{"mods":["AchievementEnabler","BaseMod","Colored Map","Colored Powertips","Highlight Path","Minty Spire (QoL Compilation)","Quick Restart","Transform Curses"],"gold_per_floor":[115,24,35,35,35,35,62,62,62,62,73,91,55,55,55,159,159,169,189,189,189,5,31,31,66,66,66,77,77,93,107,107,204,204,215,0,15,15,15,15],"floor_reached":39,"playtime":1185,"items_purged":[],"score":707,"play_id":"6bba3656-467b-4fda-b6dd-e82a76db5f8a","local_time":"20210110093601","is_ascension_mode":true,"campfire_choices":[{"data":"Dramatic Entrance","floor":6,"key":"SMITH"},{"data":"BowlingBash","floor":8,"key":"SMITH"},{"data":"PathToVictory","floor":10,"key":"SMITH"},{"data":"BattleHymn","floor":15,"key":"SMITH"},{"floor":24,"key":"REST"},{"floor":27,"key":"REST"},{"floor":29,"key":"REST"},{"data":"Establishment","floor":32,"key":"SMITH"}],"circlet_count":0,"master_deck":["AscendersBane","Strike_P+1","Strike_P+1","Strike_P+1","Strike_P+1","Defend_P+1","Defend_P+1","Defend_P+1","Defend_P+1","Eruption+1","Vigilance","PathToVictory+1","Dramatic Entrance+1","SandsOfTime+1","BowlingBash+1","ThirdEye","BattleHymn+1","TalkToTheHand","Judgement","Indignation","SashWhip","Worship","Conclude","CarveReality","Establishment+1","EmptyFist","MasterReality","CrushJoints+1","Crescendo"],"relics":["HolyWater","NeowsBlessing","Whetstone","HornCleat","Art of War","Incense Burner","TungstenRod","Gremlin Horn","SlaversCollar","Red Mask"],"acts_visited":["Exordium","TheCity","TheBeyond"],"potions_floor_usage":[23,31,33,33,33],"damage_taken":[{"damage":0,"enemies":"Cultist","floor":1,"turns":1},{"damage":0,"enemies":"Small Slimes","floor":3,"turns":1},{"damage":0,"enemies":"Lagavulin","floor":7,"turns":1},{"damage":0,"enemies":"2 Louse","floor":11,"turns":2},{"damage":4,"enemies":"Looter","floor":12,"turns":3},{"damage":31,"enemies":"Slime Boss","floor":16,"turns":5},{"damage":0,"enemies":"Spheric Guardian","floor":18,"turns":3},{"damage":9,"enemies":"2 Thieves","floor":19,"turns":2},{"damage":34,"enemies":"Book of Stabbing","floor":23,"turns":5},{"damage":40,"enemies":"Slavers","floor":25,"turns":3},{"damage":5,"enemies":"Snake Plant","floor":28,"turns":2},{"damage":8,"enemies":"Chosen and Byrds","floor":30,"turns":4},{"damage":0,"enemies":"3 Cultists","floor":31,"turns":2},{"damage":86,"enemies":"Collector","floor":33,"turns":11},{"damage":16,"enemies":"3 Darklings","floor":35,"turns":3},{"damage":15,"enemies":"Orb Walker","floor":37,"turns":4},{"damage":51,"enemies":"Transient","floor":39,"turns":4}],"seed_played":"-5247086596819473720","potions_obtained":[{"floor":12,"key":"FairyPotion"},{"floor":19,"key":"Energy Potion"},{"floor":28,"key":"BlessingOfTheForge"},{"floor":30,"key":"FairyPotion"},{"floor":31,"key":"EntropicBrew"}],"is_trial":false,"path_per_floor":["M","$","M","?","$","R","E","R","T","R","M","M","$","?","R","B",null,"M","M","?","?","$","E","R","E","T","R","M","R","M","M","R","B",null,"M","?","M","$","M"],"character_chosen":"WATCHER","items_purchased":["Dramatic Entrance","TalkToTheHand","Art of War","Worship"],"campfire_rested":3,"item_purchase_floors":[2,13,22,22],"current_hp_per_floor":[65,65,65,65,65,65,65,65,65,65,65,61,61,61,61,30,62,62,53,53,53,53,19,40,21,21,42,37,58,50,50,50,13,57,41,41,26,26,0,0],"gold":15,"neow_bonus":"THREE_ENEMY_KILL","is_daily":false,"chose_seed":false,"campfire_upgraded":5,"win_rate":0.0,"timestamp":1610296561,"path_taken":["M","$","M","?","$","R","E","R","T","R","M","M","$","?","R","BOSS","M","M","?","?","$","E","R","E","T","R","M","R","M","M","R","BOSS","M","?","M","$","M"],"items_purchased_type":["Card","Card","Relic","Card"],"build_version":"2020-12-22","purchased_purges":0,"victory":false,"max_hp_per_floor":[72,72,72,72,72,72,72,72,72,72,72,72,72,72,72,72,72,72,72,72,72,72,72,72,72,72,72,72,72,72,72,72,72,72,72,72,72,72,72,72],"card_choices":[{"not_picked":["PathToVictory","Prostrate","FlurryOfBlows"],"picked":"SKIP","floor":1},{"not_picked":["Prostrate","FlurryOfBlows"],"picked":"PathToVictory","floor":1},{"not_picked":["Protect","ThirdEye"],"picked":"SandsOfTime","floor":3},{"not_picked":["Evaluate","Collect"],"picked":"BowlingBash","floor":7},{"not_picked":["FlurryOfBlows","BowlingBash"],"picked":"ThirdEye","floor":11},{"not_picked":["SashWhip","EmptyMind"],"picked":"BattleHymn","floor":12},{"not_picked":["DeusExMachina","Omniscience"],"picked":"Judgement","floor":16},{"not_picked":["FlurryOfBlows","FlyingSleeves"],"picked":"Indignation","floor":18},{"not_picked":["LikeWater","ThirdEye"],"picked":"SashWhip","floor":19},{"not_picked":["Prostrate","Consecrate"],"picked":"Conclude","floor":23},{"not_picked":["Crescendo","LikeWater"],"picked":"CarveReality","floor":25},{"not_picked":["Protect","PathToVictory"],"picked":"Establishment","floor":28},{"not_picked":["WreathOfFlame","BowlingBash","FlyingSleeves"],"picked":"SKIP","floor":30},{"not_picked":["FlyingSleeves","Prostrate"],"picked":"EmptyFist","floor":31},{"not_picked":["DeusExMachina","Establishment"],"picked":"MasterReality","floor":33},{"not_picked":["Meditate+1","Crescendo"],"picked":"CrushJoints+1","floor":35},{"not_picked":["CrushJoints","Worship"],"picked":"Crescendo","floor":37}],"player_experience":1227254,"relics_obtained":[{"floor":7,"key":"Whetstone"},{"floor":9,"key":"HornCleat"},{"floor":23,"key":"Incense Burner"},{"floor":25,"key":"TungstenRod"},{"floor":26,"key":"Gremlin Horn"}],"event_choices":[{"damage_healed":0,"gold_gain":0,"player_choice":"Grow","damage_taken":0,"max_hp_gain":0,"max_hp_loss":0,"event_name":"Living Wall","floor":4,"gold_loss":0,"cards_upgraded":["Eruption"]},{"damage_healed":0,"gold_gain":0,"player_choice":"Leave","damage_taken":0,"max_hp_gain":0,"max_hp_loss":0,"event_name":"The Cleric","floor":14,"gold_loss":0},{"damage_healed":0,"gold_gain":0,"player_choice":"Ignored","damage_taken":0,"max_hp_gain":0,"max_hp_loss":0,"event_name":"Vampires","floor":20,"gold_loss":0},{"damage_healed":0,"gold_gain":0,"player_choice":"Simplicity","damage_taken":0,"max_hp_gain":0,"max_hp_loss":0,"event_name":"Back to Basics","floor":21,"gold_loss":0,"cards_upgraded":["Strike_P","Strike_P","Strike_P","Defend_P","Defend_P","Defend_P","Defend_P"]},{"damage_healed":0,"gold_gain":0,"player_choice":"Paid","damage_taken":0,"relics_obtained":["Red Mask"],"max_hp_gain":0,"max_hp_loss":0,"event_name":"Tomb of Lord Red Mask","floor":36,"gold_loss":215}],"is_beta":false,"boss_relics":[{"not_picked":["Pandora\u0027s Box","Snecko Eye"],"picked":"HolyWater"},{"not_picked":["Runic Pyramid","Astrolabe"],"picked":"SlaversCollar"}],"items_purged_floors":[],"is_endless":false,"potions_floor_spawned":[12,19,28,30,31],"killed_by":"Transient","ascension_level":12}}