{"host":"2jhbwynnnm7tuht1","time":1610246148,"event":{"mods":["AchievementEnabler","BaseMod","Bestiary","Colored Powertips","Highlight Path","Minty Spire (QoL Compilation)"],"gold_per_floor":[13,27,45,9547,9558,9587,9611,9630,9630,9645,9659,9707,9707,9742,9756,9806,9832,9846,9108,8811,8830,8830,8830,8830,8830,228,258,258],"floor_reached":29,"playtime":4864,"items_purged":[],"score":1129,"play_id":"6fee8e8e-1977-43b1-894a-1e83974cf6ce","local_time":"20210109193548","is_ascension_mode":true,"campfire_choices":[{"floor":13,"key":"RECALL"},{"floor":22,"key":"REST"},{"floor":25,"key":"REST"}],"circlet_count":1,"master_deck":["Cloak And Dagger+1","Cloak And Dagger+1","Infinite Blades+1","Infinite Blades+1","Infinite Blades+1","Accuracy+1","Accuracy+1","Adrenaline+1","Adrenaline+1","Adrenaline+1","Envenom+1","Envenom+1","After Image+1","After Image+1","A Thousand Cuts+1","Finisher+1","Terror+1","Terror+1","Discovery","Discovery","Bandage Up","Backstab+1","Backstab+1","Backstab+1","Infinite Blades+1"],"relics":["TungstenRod","Busted Crown","Mark of Pain","Sozu","Fusion Hammer","Ninja Scroll","Odd Mushroom","Singing Bowl","Unceasing Top","Dream Catcher","Pantograph","Strange Spoon","InkBottle","Bottled Flame","PreservedInsect","Toolbox","Circlet","Dead Branch","Thread and Needle","Membership Card","Bottled Tornado","Juzu Bracelet","Boot"],"acts_visited":["Exordium","Exordium","TheEnding","TheCity","TheBeyond","TheEnding"],"potions_floor_usage":[5,5,5,5,5,5,5,5,5,5,5,5,5,5,5,5,5,5,5,5,5,5,5,5,5,5,5],"damage_taken":[{"damage":1,"enemies":"Jaw Worm","floor":1,"turns":3},{"damage":5,"enemies":"Small Slimes","floor":2,"turns":4},{"damage":1,"enemies":"Cultist","floor":3,"turns":3},{"damage":0,"enemies":"Gremlin Gang","floor":5,"turns":1},{"damage":0,"enemies":"3 Sentries","floor":6,"turns":1},{"damage":0,"enemies":"The Mushroom Lair","floor":7,"turns":1},{"damage":0,"enemies":"Orb Walker","floor":8,"turns":2},{"damage":8,"enemies":"3 Darklings","floor":10,"turns":4},{"damage":0,"enemies":"Maw","floor":11,"turns":1},{"damage":8,"enemies":"2 Orb Walkers","floor":12,"turns":2},{"damage":4,"enemies":"Reptomancer","floor":14,"turns":3},{"damage":0,"enemies":"Sphere and 2 Shapes","floor":15,"turns":3},{"damage":0,"enemies":"Nemesis","floor":17,"turns":3},{"damage":14,"enemies":"Transient","floor":18,"turns":2},{"damage":0,"enemies":"Spire Growth","floor":21,"turns":2},{"damage":0,"enemies":"Donu and Deca","floor":23,"turns":1},{"damage":17,"enemies":"Shield and Spear","floor":27,"turns":3},{"damage":23,"enemies":"The Heart","floor":28,"turns":6}],"seed_played":"-1112995061255323579","potions_obtained":[{"floor":1,"key":"Regen Potion"},{"floor":2,"key":"Swift Potion"}],"is_trial":false,"path_per_floor":["M","M","M","$","M","E","?","M","?","M","M","?","R","E","M","T","E","M","$","$","M","R","B",null,"R","$","E","B",null],"character_chosen":"THE_SILENT","items_purchased":["Matryoshka","White Beast Statue","Strange Spoon","InkBottle","Bottled Flame","Bandage Up","PreservedInsect","Toolbox","Membership Card","Bottled Tornado","Juzu Bracelet","Dark Shackles"],"campfire_rested":2,"item_purchase_floors":[4,4,19,19,19,19,20,20,26,26,26,26],"current_hp_per_floor":[69,64,63,63,65,67,76,76,67,59,61,55,55,53,55,55,57,45,45,45,51,80,95,95,97,97,84,78],"gold":258,"neow_bonus":"THREE_RARE_CARDS","is_daily":false,"chose_seed":false,"campfire_upgraded":0,"win_rate":0.0,"timestamp":1610246148,"path_taken":["M","M","M","$","M","E","?","M","?","M","M","?","R","E","M","T","E","M","?","$","M","R","BOSS","R","$","E","BOSS"],"items_purchased_type":["Relic","Relic","Relic","Relic","Relic","Card","Relic","Relic","Relic","Relic","Relic","Card"],"build_version":"2020-12-22","purchased_purges":0,"victory":true,"max_hp_per_floor":[70,70,70,70,72,74,76,76,76,76,78,80,80,82,84,84,86,88,88,88,90,92,95,95,97,97,97,97],"card_choices":[{"not_picked":["Grand Finale","Bullet Time"],"picked":"Envenom","floor":0},{"not_picked":["Flechettes","Calculated Gamble","Endless Agony"],"picked":"SKIP","floor":1},{"not_picked":["Flechettes","Calculated Gamble","Endless Agony"],"picked":"SKIP","floor":1},{"not_picked":["Cloak And Dagger","Skewer","Expertise"],"picked":"SKIP","floor":2},{"not_picked":["Cloak And Dagger","Dodge and Roll","Deadly Poison"],"picked":"SKIP","floor":3},{"not_picked":["Cloak And Dagger","Dodge and Roll","Deadly Poison"],"picked":"SKIP","floor":3},{"not_picked":["Dagger Throw"],"picked":"Singing Bowl","floor":5},{"not_picked":["Eviscerate"],"picked":"Singing Bowl","floor":6},{"not_picked":["Dagger Spray"],"picked":"Singing Bowl","floor":7},{"not_picked":["Acrobatics+1"],"picked":"SKIP","floor":8},{"not_picked":[],"picked":"Discovery","floor":9},{"not_picked":[],"picked":"Discovery","floor":9},{"not_picked":["Flying Knee"],"picked":"SKIP","floor":10},{"not_picked":["Leg Sweep"],"picked":"Singing Bowl","floor":11},{"not_picked":["Flechettes+1"],"picked":"Singing Bowl","floor":12},{"not_picked":["Dagger Throw"],"picked":"Singing Bowl","floor":14},{"not_picked":["Sucker Punch"],"picked":"Singing Bowl","floor":15},{"not_picked":["Slice"],"picked":"Singing Bowl","floor":17},{"not_picked":["Endless Agony+1"],"picked":"Singing Bowl","floor":18},{"not_picked":["PiercingWail+1"],"picked":"Singing Bowl","floor":21},{"not_picked":["Dagger Throw"],"picked":"Singing Bowl","floor":22},{"not_picked":["Sucker Punch+1"],"picked":"Singing Bowl","floor":25},{"not_picked":[],"picked":"Infinite Blades+1","floor":27}],"player_experience":89278,"relics_obtained":[{"floor":6,"key":"Ninja Scroll"},{"floor":7,"key":"Odd Mushroom"},{"floor":12,"key":"Unceasing Top"},{"floor":14,"key":"Dream Catcher"},{"floor":17,"key":"Pantograph"},{"floor":27,"key":"Boot"}],"event_choices":[{"damage_healed":0,"gold_gain":0,"player_choice":"Fought Mushrooms","damage_taken":0,"max_hp_gain":0,"max_hp_loss":0,"event_name":"Mushrooms","floor":7,"gold_loss":0},{"damage_healed":0,"gold_gain":0,"player_choice":"Memory 3","damage_taken":10,"max_hp_gain":0,"max_hp_loss":0,"event_name":"SensoryStone","floor":9,"gold_loss":0},{"damage_healed":0,"gold_gain":0,"player_choice":"Fight","damage_taken":0,"max_hp_gain":0,"max_hp_loss":0,"event_name":"Mysterious Sphere","floor":12,"gold_loss":0}],"is_beta":false,"boss_relics":[],"items_purged_floors":[],"is_endless":false,"potions_floor_spawned":[1,2,7,11,14,21],"ascension_level":2}}