{"host":"l84l8xigz5v5foa2","time":1610277368,"event":{"mods":["2.2 Compatiblity","AchievementEnabler","BaseMod","Better Note","Better Vampires","Card Filter","Colored Map","DeckTracker","Downfall","Gremlin Skip","Highlight Path","Keyboard Shortcuts","Minty Spire (QoL Compilation)","Permanent Neow","Quick Restart","Relic Filter","Relic Stats","StSLib","SuperFastMode","Transform Curses","Unknown Chances"],"gold_per_floor":[99,112,126,146,165,75,75,93,93,127,127,144,29,29,42,116,116,116,131,150,150,167,195,218,218,68,68,68,78,78,88,103,103,103,103],"floor_reached":33,"playtime":1393,"items_purged":["hexamod:Strike","hexamod:Strike"],"score":542,"play_id":"77234f7a-6162-40fb-abd7-79cfb795a86b","local_time":"20210110201608","is_ascension_mode":true,"campfire_choices":[{"data":"hexamod:Float","floor":1.0,"key":"SMITH"},{"data":"hexamod:RainOfEmbers","floor":9.0,"key":"SMITH"},{"data":"hexamod:FastForward","floor":11.0,"key":"SMITH"},{"data":"hexamod:RadiantFlame","floor":18.0,"key":"SMITH"},{"floor":26,"key":"RECALL"},{"data":"hexamod:CatchUp","floor":28,"key":"SMITH"}],"circlet_count":0,"master_deck":["AscendersBane","hexamod:Defend","hexamod:Defend","hexamod:Defend","hexamod:Defend","hexamod:Sear","hexamod:Float+1","expansioncontent:Collect","hexamod:FastForward+1","hexamod:Hexaguard","hexamod:HeatMetal","hexamod:RainOfEmbers+1","hexamod:NightmareStrike","hexamod:HauntingEcho","hexamod:RadiantFlame+1","hexamod:TimeWarp","hexamod:CatchUp+1","hexamod:HauntingEcho+1","hexamod:GhostOfSpirePresent+1","hexamod:ThirdSeal","Bite","hexamod:Rewind","hexamod:InspiringFlames","hexamod:FirstSeal"],"relics":["hexamod:SpiritBrand","Ice Cream","Mummified Hand","Coffee Dripper","downfall:RedIOU","downfall:HeartBlessingGreen","downfall:HeartBlessingBlue"],"acts_visited":["Exordium","TheCity"],"potions_floor_usage":[31],"damage_taken":[{"damage":0.0,"enemies":"Cultist","floor":2.0,"turns":3.0},{"damage":0.0,"enemies":"Jaw Worm","floor":3.0,"turns":4.0},{"damage":0.0,"enemies":"2 Louse","floor":4.0,"turns":3.0},{"damage":0.0,"enemies":"Blue Slaver","floor":5.0,"turns":4.0},{"damage":0.0,"enemies":"downfall:FleeingMerchant","floor":6.0,"turns":4.0},{"damage":3.0,"enemies":"Large Slime","floor":8.0,"turns":7.0},{"damage":12.0,"enemies":"3 Sentries","floor":10.0,"turns":6.0},{"damage":1.0,"enemies":"Exordium Wildlife","floor":12.0,"turns":4.0},{"damage":0.0,"enemies":"downfall:FleeingMerchant","floor":13.0,"turns":4.0},{"damage":0.0,"enemies":"3 Louse","floor":15.0,"turns":3.0},{"damage":19.0,"enemies":"downfall:Silent","floor":16.0,"turns":9.0},{"damage":0.0,"enemies":"Spheric Guardian","floor":19.0,"turns":5.0},{"damage":5.0,"enemies":"Shell Parasite","floor":20.0,"turns":3.0},{"damage":3.0,"enemies":"Chosen and Byrds","floor":22.0,"turns":5.0},{"damage":34.0,"enemies":"Slavers","floor":23.0,"turns":4.0},{"damage":3,"enemies":"Centurion and Healer","floor":29,"turns":5},{"damage":0,"enemies":"Snecko","floor":31,"turns":5},{"damage":6,"enemies":"Snake Plant","floor":32,"turns":3},{"damage":20,"enemies":"downfall:Ironclad","floor":33,"turns":2}],"seed_played":"-2041624396651831179","potions_obtained":[{"floor":2.0,"key":"Energy Potion"},{"floor":8.0,"key":"SkillPotion"},{"floor":10.0,"key":"CultistPotion"},{"floor":20.0,"key":"Strength Potion"},{"floor":22.0,"key":"hexamod:DoubleChargePotion"},{"floor":29,"key":"Slimebound:ThreeZeroPotion"}],"is_trial":false,"path_per_floor":["R","M","M","M","M","$","T","M","R","E","R","M","$","?","M","B",null,"R","M","M","?","M","E","T","?","R","?","R","M","?","M","M","B"],"character_chosen":"THE_SPIRIT","items_purchased":[],"campfire_rested":0,"item_purchase_floors":[],"current_hp_per_floor":[57,57,57,57,57,57,57,54,54,42,42,41,41,41,41,22,53,53,53,48,48,45,11,11,11,21,21,21,18,18,22,16,0,0,0],"gold":103,"neow_bonus":"RANDOM_COLORLESS","is_daily":false,"chose_seed":false,"campfire_upgraded":5,"win_rate":0.0,"timestamp":1610277368,"path_taken":["R","M","M","M","?","?","T","M","R","E","R","M","$","?","M","BOSS","R","M","M","?","M","E","T","?","R","?","R","?","?","M","M","BOSS"],"items_purchased_type":[],"build_version":"2020-12-22","purchased_purges":2,"victory":false,"max_hp_per_floor":[63,63,63,63,63,63,63,63,63,63,63,63,63,63,63,63,63,63,63,63,63,63,63,63,63,73,73,73,73,68,68,68,68,68,68],"relic_stats":{"counters":[19,83],"Mummified Hand":[28],"obtain_stats":[{"Ice Cream":7,"HornCleat":23,"Mummified Hand":10,"downfall:HeartBlessingBlue":26,"downfall:HeartBlessingGreen":26,"downfall:RedIOU":25,"Coffee Dripper":17,"hexamod:SpiritBrand":0},{"Ice Cream":5,"HornCleat":15,"Mummified Hand":7,"downfall:HeartBlessingBlue":15,"downfall:HeartBlessingGreen":15,"downfall:RedIOU":15,"Coffee Dripper":11,"hexamod:SpiritBrand":0},{"Ice Cream":18,"HornCleat":68,"Mummified Hand":31,"downfall:HeartBlessingBlue":68,"downfall:HeartBlessingGreen":68,"downfall:RedIOU":68,"Coffee Dripper":51,"hexamod:SpiritBrand":0}]},"card_choices":[{"not_picked":["expansioncontent:ManipulateTime","Good Instincts"],"picked":"expansioncontent:Collect","floor":0.0},{"not_picked":["hexamod:Firestarter","hexamod:GhostflameBarrier"],"picked":"hexamod:FastForward","floor":2.0},{"not_picked":["hexamod:RadiantFlame","hexamod:ChargedBarrage"],"picked":"hexamod:Hexaguard","floor":3.0},{"not_picked":["hexamod:Haunt","hexamod:FastForward"],"picked":"hexamod:HeatMetal","floor":4.0},{"not_picked":["hexamod:SecondSeal","hexamod:ThermalTransfer"],"picked":"hexamod:RainOfEmbers","floor":5.0},{"not_picked":["hexamod:BacktrackSmack","hexamod:Hexaguard"],"picked":"hexamod:NightmareStrike","floor":6.0},{"not_picked":["hexamod:AdvancingGuard","hexamod:NightmareStrike"],"picked":"hexamod:HauntingEcho","floor":8.0},{"not_picked":["hexamod:ChargedBarrage","hexamod:EtherealExpedition","hexamod:HeatShield"],"picked":"SKIP","floor":10.0},{"not_picked":["hexamod:NightmareGuise","hexamod:CrushingStance","hexamod:SpectralAdrenaline"],"picked":"SKIP","floor":12.0},{"not_picked":["hexamod:FastForward","hexamod:SpectralSpark","hexamod:PhantomCloak"],"picked":"SKIP","floor":13.0},{"not_picked":["hexamod:RetreatToShadows","hexamod:HauntingEcho"],"picked":"hexamod:RadiantFlame","floor":15.0},{"not_picked":["hexamod:Toasty","hexamod:VolcanoVisage"],"picked":"hexamod:TimeWarp","floor":16.0},{"not_picked":["hexamod:ShieldOfDarkness","hexamod:GhostLash"],"picked":"hexamod:CatchUp","floor":19.0},{"not_picked":["hexamod:SkipABeat","hexamod:GhostflameBarrier","hexamod:NightmareStrike"],"picked":"SKIP","floor":20.0},{"not_picked":["hexamod:NightmareStrike","hexamod:FastForward+1"],"picked":"hexamod:HauntingEcho+1","floor":22.0},{"not_picked":["hexamod:BacktrackSmack","hexamod:FastForward"],"picked":"hexamod:GhostOfSpirePresent+1","floor":23.0},{"not_picked":["hexamod:ThermalTransfer","hexamod:HauntingEcho"],"picked":"hexamod:ThirdSeal","floor":29},{"not_picked":["hexamod:BurningTouch+1","hexamod:GhostShield"],"picked":"hexamod:Rewind","floor":31},{"not_picked":["hexamod:BurningTouch","hexamod:InspiringFlames","hexamod:RainOfEmbers"],"picked":"SKIP","floor":31},{"not_picked":["hexamod:BurningTouch","hexamod:RainOfEmbers"],"picked":"hexamod:InspiringFlames","floor":31},{"not_picked":["hexamod:RainOfEmbers","hexamod:Again"],"picked":"hexamod:FirstSeal","floor":32}],"player_experience":3061587,"relics_obtained":[{"floor":7.0,"key":"Ice Cream"},{"floor":10.0,"key":"Mummified Hand"},{"floor":23.0,"key":"HornCleat"}],"event_choices":[{"cards_removed":["hexamod:Strike"],"damage_healed":0.0,"max_hp_gain":0.0,"max_hp_loss":0.0,"gold_gain":0.0,"event_name":"Back to Basics","player_choice":"Elegance","floor":21.0,"gold_loss":0.0,"damage_taken":0.0},{"damage_healed":0,"gold_gain":0,"player_choice":"Became a vampire","damage_taken":0,"max_hp_gain":0,"max_hp_loss":5,"event_name":"Vampires","floor":30,"gold_loss":0,"cards_obtained":["Bite"]}],"is_beta":false,"boss_relics":[{"not_picked":["sneckomod:SneckoTalon","Calling Bell"],"picked":"Coffee Dripper"}],"items_purged_floors":[6,13],"is_endless":false,"potions_floor_spawned":[2,8,10,15,20,22,29],"killed_by":"downfall:Ironclad","ascension_level":20}}