{"host":"zjc1tzo4ovig5lll","time":1610274319,"event":{"mods":["AchievementEnabler","Aspiration","BaseMod","Beaked The Cultist","Better Altar","Better Match","Better Note","Better Sensory Stone","Colored Map","Colored Powertips","Conspire","Energized Spire","Friendly Minions","GifTheSpireLib","Halation","Hermit","Hubris","Minty Spire (QoL Compilation)","Rare Cards Sparkle","Replay The Spire","StSLib","The Blue Laboratory","The Bug Knight","The Construct","The Jungle","everything is the same but u backflip on backflip","vexMod"],"gold_per_floor":[216,216,227,78,89,89,107,107,107],"floor_reached":8,"playtime":270,"items_purged":["Strike_G"],"score":55,"play_id":"a6252cce-042c-4be0-af79-420869c02c60","local_time":"20210110122519","is_ascension_mode":true,"campfire_choices":[{"data":"ReplayTheSpireMod:Scrap Shanks","floor":6,"key":"SMITH"}],"circlet_count":0,"master_deck":["ReplayTheSpireMod:Speed Training+1","Strike_G","Strike_G","Strike_G","Strike_G","Defend_G","Defend_G","Defend_G","Defend_G","Defend_G","Survivor","Neutralize","Noxious Fumes","ReplayTheSpireMod:Scrap Shanks+1","Escape Plan","ReplayTheSpireMod:Speed Training"],"relics":["Ring of the Snake","hubris:Icosahedron"],"acts_visited":["Exordium"],"potions_floor_usage":[],"damage_taken":[{"damage":4,"enemies":"Jaw Worm","floor":1,"turns":5},{"damage":0,"enemies":"2 Louse","floor":3,"turns":4},{"damage":6,"enemies":"Small Slimes","floor":5,"turns":4},{"damage":5,"enemies":"Looter","floor":7,"turns":4},{"damage":65,"enemies":"Gremlin Nob","floor":8,"turns":6}],"seed_played":"-1352033070348968118","potions_obtained":[{"floor":3,"key":"blueLaboratory:Virophage"}],"is_trial":false,"path_per_floor":["M","?","M","$","M","R","M","E"],"character_chosen":"THE_SILENT","items_purchased":["Escape Plan"],"campfire_rested":0,"item_purchase_floors":[4],"current_hp_per_floor":[66,66,66,66,60,60,55,0,0],"gold":107,"neow_bonus":"HUNDRED_GOLD","is_daily":false,"chose_seed":false,"campfire_upgraded":1,"win_rate":0.0,"timestamp":1610274319,"path_taken":["M","?","M","$","M","R","M","E"],"items_purchased_type":["Card"],"build_version":"2020-12-22","purchased_purges":1,"victory":false,"max_hp_per_floor":[70,70,70,70,70,70,70,70,70],"card_choices":[{"not_picked":["Slice","Poisoned Stab"],"picked":"Noxious Fumes","floor":1},{"not_picked":["Dodge and Roll","ReplayTheSpireMod:Exploit Weakness"],"picked":"ReplayTheSpireMod:Scrap Shanks","floor":3},{"not_picked":["Sucker Punch","Sneak Up"],"picked":"ReplayTheSpireMod:Speed Training","floor":5},{"not_picked":["Finisher","Dagger Spray","Bane"],"picked":"SKIP","floor":7}],"player_experience":643945,"relics_obtained":[],"event_choices":[],"is_beta":false,"boss_relics":[],"items_purged_floors":[4],"is_endless":false,"potions_floor_spawned":[3],"killed_by":"Gremlin Nob","ascension_level":3}}