{"host":"c3lc60y5x60jlt1y","time":1610267821,"event":{"mods":["AchievementEnabler","BaseMod","Bestiary","Colored Map","Minty Spire (QoL Compilation)","Quick Restart","StSLib","ojb\u0027s Info Mod"],"gold_per_floor":[110,129,145,31,44,71,71,105,129,129,149,149,159,173,173,275,275,246,161,172,172,205,238,9,36,36,36,51,81,93,127,127,222,222,232,242,257,277,277,302,302,327,327,340,366,389,389,389],"floor_reached":47,"playtime":4470,"items_purged":["Strike_B"],"score":867,"play_id":"c0db94e9-4ce4-4c6e-92ca-a4f4476edc0a","local_time":"20210110103701","is_ascension_mode":true,"campfire_choices":[{"data":"Apotheosis","floor":7,"key":"SMITH"},{"floor":10,"key":"REST"},{"floor":12,"key":"REST"},{"data":"Buffer","floor":15,"key":"SMITH"},{"floor":27,"key":"REST"},{"floor":32,"key":"REST"},{"floor":41,"key":"REST"}],"circlet_count":0,"master_deck":["Strike_B","Strike_B","Defend_B","Defend_B","Defend_B","Zap","Dualcast","Apotheosis+1","Hello World","Coolheaded","Loop","Sunder","Core Surge","Buffer+1","Ball Lightning","Genetic Algorithm","Biased Cognition","Seek","Force Field","Chill","Rebound","Sunder","Doom and Gloom+1","Creative AI","Defragment","Ball Lightning+1","Lockon+1","Chaos","Glacier+1","Electrodynamics","Reboot","Madness","Madness","Capacitor+1","Loop+1"],"relics":["Cracked Core","Bag of Preparation","PreservedInsect","Oddly Smooth Stone","Inserter","Toy Ornithopter","Red Mask","MawBank","Mummified Hand","Regal Pillow","WingedGreaves","Smiling Mask","Ginger","SlaversCollar","Whetstone","Happy Flower","Nunchaku","CeramicFish"],"acts_visited":["Exordium","TheCity","TheBeyond"],"potions_floor_usage":[16,16,18,20,31,40,45],"damage_taken":[{"damage":0,"enemies":"Cultist","floor":1,"turns":3},{"damage":0,"enemies":"2 Louse","floor":2,"turns":3},{"damage":4,"enemies":"Jaw Worm","floor":3,"turns":3},{"damage":0,"enemies":"Blue Slaver","floor":5,"turns":4},{"damage":20,"enemies":"3 Sentries","floor":6,"turns":7},{"damage":34,"enemies":"Gremlin Nob","floor":8,"turns":4},{"damage":13,"enemies":"Gremlin Gang","floor":11,"turns":5},{"damage":0,"enemies":"Exordium Wildlife","floor":13,"turns":3},{"damage":16,"enemies":"Exordium Thugs","floor":14,"turns":4},{"damage":0,"enemies":"Slime Boss","floor":16,"turns":4},{"damage":11,"enemies":"2 Thieves","floor":18,"turns":5},{"damage":24,"enemies":"3 Byrds","floor":20,"turns":6},{"damage":0,"enemies":"Masked Bandits","floor":22,"turns":5},{"damage":14,"enemies":"Book of Stabbing","floor":23,"turns":6},{"damage":0,"enemies":"Slavers","floor":25,"turns":4},{"damage":0,"enemies":"Centurion and Healer","floor":28,"turns":7},{"damage":0,"enemies":"Gremlin Leader","floor":29,"turns":5},{"damage":24,"enemies":"Snake Plant","floor":30,"turns":4},{"damage":11,"enemies":"Slavers","floor":31,"turns":4},{"damage":8,"enemies":"Champ","floor":33,"turns":8},{"damage":24,"enemies":"3 Darklings","floor":35,"turns":6},{"damage":1,"enemies":"Orb Walker","floor":36,"turns":5},{"damage":0,"enemies":"Sphere and 2 Shapes","floor":37,"turns":4},{"damage":0,"enemies":"3 Darklings","floor":38,"turns":5},{"damage":0,"enemies":"Giant Head","floor":40,"turns":4},{"damage":25,"enemies":"Reptomancer","floor":42,"turns":5},{"damage":1,"enemies":"Maw","floor":44,"turns":6},{"damage":22,"enemies":"Nemesis","floor":45,"turns":5},{"damage":27,"enemies":"Spire Growth","floor":47,"turns":2}],"seed_played":"-7498184126890982713","potions_obtained":[{"floor":1,"key":"Explosive Potion"},{"floor":3,"key":"Fire Potion"},{"floor":6,"key":"FocusPotion"},{"floor":11,"key":"FocusPotion"},{"floor":16,"key":"Dexterity Potion"},{"floor":18,"key":"EssenceOfSteel"},{"floor":25,"key":"SmokeBomb"},{"floor":28,"key":"SpeedPotion"},{"floor":30,"key":"AttackPotion"},{"floor":31,"key":"Fire Potion"},{"floor":35,"key":"Strength Potion"},{"floor":37,"key":"FocusPotion"},{"floor":40,"key":"Regen Potion"}],"is_trial":false,"path_per_floor":["M","M","M","$","M","E","R","E","T","R","M","R","M","M","R","B",null,"M","?","M","?","?","E","$","E","T","R","M","E","M","E","R","B",null,"M","M","M","M","?","E","R","E","T","M","E","T","M"],"character_chosen":"DEFECT","items_purchased":["Sunder","Mummified Hand"],"campfire_rested":5,"item_purchase_floors":[4,24],"current_hp_per_floor":[68,68,64,64,64,44,44,10,10,30,17,37,37,21,21,21,68,57,57,38,38,38,24,24,24,24,59,59,59,35,29,64,56,68,44,43,43,43,34,39,68,43,43,42,25,25,0,0],"gold":389,"neow_bonus":"RANDOM_COLORLESS_2","is_daily":false,"chose_seed":false,"campfire_upgraded":2,"win_rate":0.0,"timestamp":1610267821,"path_taken":["M","M","M","$","M","E","R","E","T","R","M","R","M","M","R","BOSS","M","?","M","?","?","E","?","E","T","R","?","E","M","E","R","BOSS","M","M","M","?","?","E","R","E","T","M","E","?","M"],"items_purchased_type":["Card","Relic"],"build_version":"2020-12-22","purchased_purges":1,"victory":false,"max_hp_per_floor":[68,68,68,68,68,68,68,68,68,68,68,68,68,68,68,68,68,68,68,68,68,68,68,68,68,68,68,68,68,68,68,68,68,68,68,68,68,68,68,68,68,68,68,68,68,68,68,68],"card_choices":[{"not_picked":["Sadistic Nature","Mayhem"],"picked":"Apotheosis","floor":0},{"not_picked":["Turbo","Scrape"],"picked":"Hello World","floor":1},{"not_picked":["Aggregate","Stack"],"picked":"Coolheaded","floor":2},{"not_picked":["Ball Lightning","Recycle"],"picked":"Loop","floor":3},{"not_picked":["Reprogram","Leap","Barrage"],"picked":"SKIP","floor":5},{"not_picked":["Chill","Darkness"],"picked":"Core Surge","floor":6},{"not_picked":["Reinforced Body","Steam"],"picked":"Buffer","floor":8},{"not_picked":["Recycle","Beam Cell"],"picked":"Ball Lightning","floor":11},{"not_picked":["Leap","White Noise"],"picked":"Genetic Algorithm","floor":13},{"not_picked":["Compile Driver","Cold Snap"],"picked":"Biased Cognition","floor":14},{"not_picked":["Reboot","Meteor Strike"],"picked":"Seek","floor":16},{"not_picked":["Rebound","Barrage"],"picked":"Force Field","floor":18},{"not_picked":["Go for the Eyes","Beam Cell"],"picked":"Chill","floor":20},{"not_picked":["Coolheaded+1","Streamline+1"],"picked":"Doom and Gloom","floor":22},{"not_picked":["Reboot","FTL"],"picked":"Creative AI","floor":23},{"not_picked":["Leap","Cold Snap"],"picked":"Defragment","floor":25},{"not_picked":["Cold Snap","Turbo+1"],"picked":"Ball Lightning","floor":28},{"not_picked":["Cold Snap","Go for the Eyes+1"],"picked":"Lockon+1","floor":29},{"not_picked":["Sweeping Beam","Ball Lightning"],"picked":"Chaos","floor":30},{"not_picked":["Hologram","Streamline"],"picked":"Glacier+1","floor":31},{"not_picked":["Machine Learning","Meteor Strike"],"picked":"Electrodynamics","floor":33},{"not_picked":["Redo+1","Rebound","Stack+1"],"picked":"SKIP","floor":35},{"not_picked":["Streamline+1","Scrape+1","Conserve Battery+1"],"picked":"SKIP","floor":36},{"not_picked":["Conserve Battery+1","Ball Lightning"],"picked":"Reboot","floor":37},{"not_picked":["Conserve Battery+1","Force Field","Streamline"],"picked":"SKIP","floor":38},{"not_picked":["Compile Driver+1","Recycle"],"picked":"Capacitor+1","floor":40},{"not_picked":["Go for the Eyes+1","Streamline","Hyperbeam"],"picked":"SKIP","floor":42},{"not_picked":["Chaos+1","Go for the Eyes+1","Sweeping Beam+1"],"picked":"SKIP","floor":44},{"not_picked":["Ball Lightning","Lockon"],"picked":"Loop+1","floor":45}],"player_experience":7782960,"relics_obtained":[{"floor":6,"key":"Bag of Preparation"},{"floor":8,"key":"PreservedInsect"},{"floor":9,"key":"Oddly Smooth Stone"},{"floor":22,"key":"Red Mask"},{"floor":23,"key":"MawBank"},{"floor":25,"key":"Regal Pillow"},{"floor":26,"key":"WingedGreaves"},{"floor":29,"key":"Smiling Mask"},{"floor":31,"key":"Ginger"},{"floor":40,"key":"Whetstone"},{"floor":42,"key":"Happy Flower"},{"floor":45,"key":"Nunchaku"},{"floor":46,"key":"CeramicFish"}],"event_choices":[{"damage_healed":0,"gold_gain":0,"player_choice":"Obtained Relic","damage_taken":0,"relics_obtained":["Toy Ornithopter"],"max_hp_gain":0,"max_hp_loss":0,"event_name":"Addict","floor":19,"gold_loss":85},{"damage_healed":0,"gold_gain":0,"cards_transformed":["Strike_B","Defend_B"],"player_choice":"Became Test Subject","damage_taken":0,"max_hp_gain":0,"max_hp_loss":0,"event_name":"Drug Dealer","floor":21,"gold_loss":0,"cards_obtained":["Rebound","Sunder"]},{"damage_healed":0,"gold_gain":0,"player_choice":"Fought Bandits","damage_taken":0,"max_hp_gain":0,"max_hp_loss":0,"event_name":"Masked Bandits","floor":22,"gold_loss":0},{"damage_healed":0,"gold_gain":0,"player_choice":"Embrace Madness","damage_taken":9,"max_hp_gain":0,"max_hp_loss":0,"event_name":"Winding Halls","floor":39,"gold_loss":0,"cards_obtained":["Madness","Madness"]}],"is_beta":false,"boss_relics":[{"not_picked":["Philosopher\u0027s Stone","Nuclear Battery"],"picked":"Inserter"},{"not_picked":["Empty Cage","Calling Bell"],"picked":"SlaversCollar"}],"items_purged_floors":[4],"is_endless":false,"potions_floor_spawned":[1,3,6,11,13,16,18,25,28,30,31,35,37,40,42],"killed_by":"Spire Growth","ascension_level":3}}