{"host":"y8hg8nbtd8qkv7tj","time":1610318555,"event":{"mods":["AchievementEnabler","Aspiration","BaseMod","BetterRewards","CapriCore","Colored Map","Downfall","Friendly Minions","GifTheSpireLib","GungeonMod","Hubris","Lobotomy","LobotomyExtend","Minty Spire (QoL Compilation)","Replay The Spire","StSLib","The Animator","The Bladedancer"],"gold_per_floor":[113,141,160,66,66,66,100,128,151,151,161,161,183,183,183,289,289,308,223,223,223,28,28,28,53,106,137,161,161,179,6,6,113,113,138,138,154,167,167,167],"floor_reached":39,"playtime":3392,"items_purged":[],"score":408,"play_id":"0df8629d-640b-45f6-93d4-40cc4f03fbc6","local_time":"20210110174235","is_ascension_mode":false,"campfire_choices":[{"data":"animator:ElricEdward","floor":6,"key":"SMITH"},{"floor":10,"key":"REST"},{"data":"animator:GazelDwargon","floor":12,"key":"SMITH"},{"data":"animator:YaoHaDucy","floor":15,"key":"SMITH"},{"floor":29,"key":"REST"},{"floor":32,"key":"REST"}],"circlet_count":0,"master_deck":["animator:Strike_FullmetalAlchemist","animator:Defend_FullmetalAlchemist+1","animator:ElricEdward+1","animator:ElricAlphonse","animator:ZankiKiguchi","animator:Witch+1","animator:Strike_Kancolle","animator:Strike_OwariNoSeraph","animator:Strike_Overlord","animator:Defend_OwariNoSeraph","animator:Defend_GATE","animator:Defend_TenSura","animator:ElricAlphonse","animator:WinryRockbell","animator:GazelDwargon+1","animator:YaoHaDucy+1","animator:Biyorigo","animator:Emonzaemon","animator:Emonzaemon","animator:Shichika","animator:Kaijin","animator:Tyuule+1","animator:Shalltear","animator:Bozes","animator:Scar","animator:Nanami","animator:ZankiKiguchi","animator:Shizu","animator:CowGirl+1","animator:UneriGinkaku","animator:Strike","animator:NarberalGamma+1","animator:NarberalGamma"],"relics":["animator:LivingPicture","animator:TheMissingPiece","NeowsBlessing","LetterFromLob","Darkstone Periapt","Bag of Preparation","Honey Jar","Regal Pillow","aspiration:FrozenJewel","Replay:Baseball","aspiration:SecretTechniqueScroll","DemoMod:GlassGuonStoneRelic"],"acts_visited":["Exordium","TheCity","TheBeyond"],"potions_floor_usage":[7,16,18,33,33,33,37,38],"damage_taken":[{"damage":0,"enemies":"Cultist","floor":1,"turns":1},{"damage":0,"enemies":"Small Slimes","floor":2,"turns":1},{"damage":0,"enemies":"Jaw Worm","floor":3,"turns":1},{"damage":30,"enemies":"3 Sentries","floor":7,"turns":8},{"damage":6,"enemies":"Looter","floor":8,"turns":3},{"damage":0,"enemies":"3 Louse","floor":11,"turns":4},{"damage":0,"enemies":"2 Fungi Beasts","floor":13,"turns":5},{"damage":2,"enemies":"Fading Forest","floor":16,"turns":11},{"damage":12,"enemies":"3 Byrds","floor":18,"turns":5},{"damage":17,"enemies":"Shell Parasite","floor":25,"turns":5},{"damage":17,"enemies":"Centurion and Healer","floor":27,"turns":6},{"damage":0,"enemies":"Snecko","floor":28,"turns":9},{"damage":16,"enemies":"Cultist and Chosen","floor":30,"turns":6},{"damage":62,"enemies":"hubris:MusketHawk","floor":33,"turns":8},{"damage":27,"enemies":"3 Darklings","floor":35,"turns":5},{"damage":23,"enemies":"3 Shapes","floor":37,"turns":6},{"damage":9,"enemies":"Sphere and 2 Shapes","floor":38,"turns":5},{"damage":15,"enemies":"Maw","floor":39,"turns":2}],"seed_played":"-359095009296964438","potions_obtained":[{"floor":7,"key":"LiquidBronze"},{"floor":11,"key":"Energy Potion"},{"floor":16,"key":"Strength Potion"},{"floor":27,"key":"Block Potion"},{"floor":30,"key":"BlessingOfTheForge"},{"floor":35,"key":"DistilledChaos"},{"floor":38,"key":"Fruit Juice"}],"is_trial":false,"path_per_floor":["M","M","M","?","?","R","E","M","T","R","M","R","M","?","R_BF","B",null,"M","?","?","?","$","?","?","M","T","M","M","R","M","$","R","B",null,"M","?","M","M","M"],"character_chosen":"THE_ANIMATOR","items_purchased":["animator:Emonzaemon","animator:Shichika","animator:Kaijin","SkillPotion","animator:Nanami","animator:ZankiKiguchi"],"campfire_rested":3,"item_purchase_floors":[22,22,22,31,31,31],"current_hp_per_floor":[66,66,66,66,66,66,36,30,30,49,49,49,49,49,49,57,66,54,54,54,54,54,61,61,44,44,27,27,61,46,46,67,5,67,41,41,19,15,0,0],"gold":167,"neow_bonus":"THREE_ENEMY_KILL","is_daily":false,"chose_seed":false,"campfire_upgraded":3,"win_rate":0.0,"timestamp":1610318555,"path_taken":["M","M","?","?","?","R","E","?","T","R","M","R","M","?","R_BF","BOSS","M","?","?","?","?","?","?","?","T","M","M","R","M","$","R","BOSS","M","?","M","?","?"],"items_purchased_type":["Card","Card","Card","Potion","Card","Card"],"build_version":"2020-12-22","purchased_purges":0,"victory":false,"max_hp_per_floor":[66,66,66,66,66,66,66,66,66,66,66,66,66,66,66,66,66,66,66,66,66,66,66,66,66,66,66,66,66,67,67,67,67,67,68,68,69,74,74,74],"card_choices":[{"not_picked":["animator:Sloth","animator:Entoma"],"picked":"animator:ZankiKiguchi","floor":1},{"not_picked":["animator:ElricAlphonse","animator:Shinoa"],"picked":"animator:Witch","floor":2},{"not_picked":["animator:Nanami","animator:Demiurge","animator:LizardPriest"],"picked":"SKIP","floor":3},{"not_picked":["animator:MaesHughes","animator:Sloth"],"picked":"animator:ElricAlphonse","floor":7},{"not_picked":["animator:Togame","animator:Shion"],"picked":"animator:WinryRockbell","floor":8},{"not_picked":["animator:TukaLunaMarceau","animator:Konayuki"],"picked":"animator:GazelDwargon","floor":11},{"not_picked":["animator:ElricEdward","animator:Cocytus"],"picked":"animator:YaoHaDucy","floor":13},{"not_picked":["animator:SwordMaiden","animator:Rimuru"],"picked":"animator:Biyorigo","floor":16},{"not_picked":["animator:UneriGinkaku","animator:TsurugaMeisai","animator:Azekura"],"picked":"animator:Emonzaemon","floor":18},{"not_picked":["animator:MaesHughes","animator:GoblinSlayer","animator:Gluttony+1"],"picked":"animator:Tyuule+1","floor":25},{"not_picked":["animator:TukaLunaMarceau","animator:Konayuki","animator:DwarfShaman+1"],"picked":"animator:Shalltear","floor":27},{"not_picked":["animator:HiiragiShinya+1","animator:Mitsuba","animator:Emonzaemon"],"picked":"animator:Bozes","floor":28},{"not_picked":["animator:Gluttony","animator:Sloth","animator:ElricAlphonse"],"picked":"animator:Scar","floor":30},{"not_picked":["animator:Biyorigo","animator:Rimuru","animator:GoblinSlayer"],"picked":"animator:Shizu","floor":33},{"not_picked":["animator:Kaijin+1","animator:Shalltear+1","animator:GuildGirl"],"picked":"animator:CowGirl+1","floor":35},{"not_picked":["animator:WinryRockbell","animator:Konayuki","animator:YaoHaDucy"],"picked":"animator:NarberalGamma+1","floor":37},{"not_picked":["animator:Spearman","animator:TukaLunaMarceau+1","animator:MaesHughes+1"],"picked":"animator:NarberalGamma","floor":38}],"player_experience":93244,"relics_obtained":[{"floor":1,"key":"LetterFromLob"},{"floor":7,"key":"Darkstone Periapt"},{"floor":9,"key":"Bag of Preparation"},{"floor":26,"key":"Replay:Baseball"}],"event_choices":[{"damage_healed":0,"gold_gain":0,"player_choice":"Upgraded","damage_taken":0,"max_hp_gain":0,"max_hp_loss":0,"event_name":"Upgrade Shrine","floor":5,"gold_loss":0,"cards_upgraded":["animator:Witch"]},{"damage_healed":0,"gold_gain":0,"player_choice":"Ignored","damage_taken":0,"max_hp_gain":0,"max_hp_loss":0,"event_name":"Liars Game","floor":14,"gold_loss":0},{"damage_healed":0,"gold_gain":0,"player_choice":"Obtained Relic","damage_taken":0,"relics_obtained":["DemoMod:WeirdEgg"],"max_hp_gain":0,"max_hp_loss":0,"event_name":"Addict","floor":19,"gold_loss":85},{"damage_healed":0,"gold_gain":0,"player_choice":"Ignored","damage_taken":0,"max_hp_gain":0,"max_hp_loss":0,"event_name":"Vampires","floor":20,"gold_loss":0},{"damage_healed":0,"gold_gain":0,"player_choice":"Gave Potion","damage_taken":0,"relics_obtained":["aspiration:FrozenJewel"],"max_hp_gain":0,"max_hp_loss":0,"event_name":"WeMeetAgain","floor":24,"gold_loss":0},{"damage_healed":0,"gold_gain":0,"player_choice":"2 cards matched","damage_taken":0,"max_hp_gain":0,"max_hp_loss":0,"event_name":"Match and Keep!","floor":36,"gold_loss":0,"cards_obtained":["animator:UneriGinkaku","animator:Strike"]}],"is_beta":false,"boss_relics":[{"not_picked":["hubris:VirtuousBlindfold","Kintsugi"],"picked":"Honey Jar"},{"not_picked":["Replay:Wanted Poster","animator:RacePiece"],"picked":"aspiration:SecretTechniqueScroll"}],"items_purged_floors":[],"is_endless":false,"potions_floor_spawned":[7,11,13,16,27,30,35,38],"killed_by":"Maw","ascension_level":0}}