{"host":"ci7cmvrwpmzqnw7e","time":1610245132,"event":{"mods":["BaseMod","BetterRewards","Colored Map","Downfall","GungeonMod","Highlight Path","Hubris","Infinite Spire","Minty Spire (QoL Compilation)","Random Character Button","Rare Cards Sparkle","Replay The Spire","Shop Mod","StSLib","The Disciple","The Forsaken","The Necromancer"],"gold_per_floor":[99,99,99,99,99,99,151,151,151,179,13,13,27,39,49,49,49,49],"floor_reached":16,"playtime":693,"items_purged":[],"score":96,"play_id":"b2eb7412-7cd1-4f79-803a-428db6c55b1c","local_time":"20210109191852","is_ascension_mode":false,"campfire_choices":[{"data":"champ:Taunt","floor":1,"key":"SMITH"},{"data":"champ:FanOfKnives","floor":9,"key":"SMITH"},{"data":"champ:DancingMaster","floor":12,"key":"SMITH"}],"circlet_count":0,"master_deck":["champ:Strike","champ:Strike","champ:Strike","champ:Defend","champ:Defend","champ:Defend","champ:Defend","champ:Execute","champ:Taunt+1","champ:HeartStrike","champ:CrookedStrike","champ:FanOfKnives+1","champ:Taunt","champ:MurderStrike","champ:DancingMaster+1","champ:DefensiveShout","champ:AdrenalArmor","champ:GutPunch"],"relics":["champ:ChampionCrown","downfall:HeartsMalice","downfall:BrokenWingStatue","Orichalcum","Dream Catcher","DemoMod:MeatBun"],"acts_visited":["Exordium"],"potions_floor_usage":[16,16],"damage_taken":[{"damage":0,"enemies":"Cultist","floor":2,"turns":1},{"damage":0,"enemies":"2 Louse","floor":3,"turns":1},{"damage":0,"enemies":"Small Slimes","floor":4,"turns":1},{"damage":27,"enemies":"3 Sentries","floor":10,"turns":9},{"damage":8,"enemies":"downfall:FleeingMerchant","floor":11,"turns":4},{"damage":6,"enemies":"3 Louse","floor":13,"turns":6},{"damage":18,"enemies":"Exordium Thugs","floor":14,"turns":5},{"damage":8,"enemies":"Red Slaver","floor":15,"turns":7},{"damage":85,"enemies":"downfall:Defect","floor":16,"turns":8}],"seed_played":"-773177318114359415","potions_obtained":[{"floor":13,"key":"Adrenaline Potion"},{"floor":14,"key":"Adrenaline Potion"}],"is_trial":false,"path_per_floor":["R","M","M","M","?","?","T","?","R","E","$","R","M","M","M","B"],"character_chosen":"THE_CHAMP","items_purchased":["DemoMod:MeatBun"],"campfire_rested":0,"item_purchase_floors":[11],"current_hp_per_floor":[90,90,90,90,90,90,90,90,90,71,85,85,79,71,68,0,0,0],"gold":49,"neow_bonus":"THREE_ENEMY_KILL","is_daily":false,"chose_seed":false,"campfire_upgraded":3,"win_rate":0.0,"timestamp":1610245132,"path_taken":["R","M","M","?","?","?","T","?","R","E","$","R","?","M","M","BOSS"],"items_purchased_type":["Relic"],"build_version":"2020-12-22","purchased_purges":0,"victory":false,"max_hp_per_floor":[90,90,90,90,90,90,90,90,90,90,90,90,90,90,90,90,90,90],"card_choices":[{"not_picked":["champ:FaceSlap","champ:EndlessRage"],"picked":"champ:HeartStrike","floor":2},{"not_picked":["champ:GutPunch","champ:TornadoPunch"],"picked":"champ:CrookedStrike","floor":3},{"not_picked":["champ:PerfectedStrike","champ:StanceDance"],"picked":"champ:FanOfKnives","floor":4},{"not_picked":["champ:ShieldWall","champ:StanceDance"],"picked":"champ:MurderStrike","floor":10},{"not_picked":["champ:Riposte","champ:FocusedBerserking"],"picked":"champ:DancingMaster","floor":11},{"not_picked":["champ:GutPunch","champ:DeathBlow"],"picked":"champ:DefensiveShout","floor":13},{"not_picked":["champ:ArenaPreparation","champ:BerserkerStyle"],"picked":"champ:AdrenalArmor","floor":14},{"not_picked":["champ:Circumvent","champ:FightOn"],"picked":"champ:GutPunch","floor":15}],"player_experience":40471,"relics_obtained":[{"floor":7,"key":"Orichalcum"},{"floor":10,"key":"Dream Catcher"}],"event_choices":[],"is_beta":false,"boss_relics":[],"items_purged_floors":[],"is_endless":false,"potions_floor_spawned":[13,14],"killed_by":"downfall:Defect","ascension_level":0}}