{"host":"mwb0clku6crgv6yl","time":1610282651,"event":{"mods":["AchievementEnabler","Act Like it!","BaseMod","Gensokyo","Highlight Path","Marisa£®ÏF”Í°°ƒß¿Ì…≥£©","Minty Spire (QoL Compilation)","Reimu£®≤©¿ˆ¡È√Œ£©","Remilia£®¿Ÿ√◊¿Ú—«£©","StSLib","Youmu£®ªÍ∆«—˝√Œ£©","Yuyuko"],"gold_per_floor":[119,148,164,175,185,215,215,215,215,215,248,268,268,292,292,389,389,405,457,477,477,159,159,169,169,194,444,469,481,497,507,507,607,607,623,623,637,653,214,248,248,265,290,86,86,26,26,26,26,26,26],"floor_reached":50,"playtime":2605,"items_purged":["Shame","Pride"],"score":565,"play_id":"9e9e8a51-dc49-48f8-8f8a-5c86d2bc1d37","local_time":"20210110204411","is_ascension_mode":false,"campfire_choices":[{"data":"RedMoon","floor":10.0,"key":"SMITH"},{"data":"ScarletShoot","floor":15.0,"key":"SMITH"},{"data":"QueenOfMidnight","floor":23.0,"key":"SMITH"},{"data":"HunterOfTheNight","floor":25.0,"key":"SMITH"},{"data":"HellCatastrophe","floor":32.0,"key":"SMITH"},{"floor":41,"key":"RECALL"},{"floor":49,"key":"REST"}],"circlet_count":0,"master_deck":["Strike_RM+1","Strike_RM","Strike_RM+1","Strike_RM","Defend_RM+1","Defend_RM+1","Defend_RM+1","RedMoon+1","ScarletShoot+1","StarOfDavid+1","VampireKiss","NightLord","NightLord","QueenOfMidnight+1","BloodHunter+1","StarOfDavid","NightDance","HunterOfTheNight+1","BlasphemousPunishment+1","HellCatastrophe+1","NightDance","KillingBlow","UltimateOffering+1","TransientEternity","BloodHunter","ChaoticDestiny","VampireSweep","BloodyTrap+1","BloodyMagicSquare+1","NightDance","Gensokyo:CustomPotion","ScarletCoffin"],"relics":["ScarletHat","NeowsBlessing","Matryoshka","Tiny Chest","Gensokyo:LunaticRedEyes","Whetstone","War Paint","Art of War","Gensokyo:Mercy","Bag of Preparation","PreservedInsect","Empty Cage","Centennial Puzzle","Blood Vial","Bronze Scales","ScarletDevilRocket","Fusion Hammer","Boot","Strawberry","Mastiff:ReiMu","Calipers"],"acts_visited":["Exordium","Gensokyo:Gensokyo","Gensokyo:Gensokyoer"],"potions_floor_usage":[33,33,33],"damage_taken":[{"damage":0.0,"enemies":"Gensokyo:Python","floor":1.0,"turns":1.0},{"damage":0.0,"enemies":"Gensokyo:Cirno","floor":2.0,"turns":2.0},{"damage":0.0,"enemies":"Gensokyo:3_Fairies","floor":3.0,"turns":2.0},{"damage":0.0,"enemies":"Gensokyo:2_Kodama","floor":4.0,"turns":5.0},{"damage":3.0,"enemies":"Gensokyo:5_Fairies","floor":5.0,"turns":6.0},{"damage":2.0,"enemies":"Gensokyo:Aya","floor":6.0,"turns":6.0},{"damage":14.0,"enemies":"Gensokyo:Cirno","floor":11.0,"turns":6.0},{"damage":3.0,"enemies":"Gensokyo:LivingMonolith","floor":12.0,"turns":3.0},{"damage":11.0,"enemies":"Gensokyo:Reimu","floor":16.0,"turns":8.0},{"damage":8.0,"enemies":"Gensokyo:3_Dogs","floor":18.0,"turns":5.0},{"damage":8.0,"enemies":"Gensokyo:AngelMirror","floor":20.0,"turns":3.0},{"damage":0.0,"enemies":"Gensokyo:Monolith_and_Dog","floor":24.0,"turns":3.0},{"damage":6.0,"enemies":"Gensokyo:Mirror_and_Dog","floor":29.0,"turns":2.0},{"damage":10.0,"enemies":"Gensokyo:Slime_Group","floor":30.0,"turns":2.0},{"damage":10.0,"enemies":"Gensokyo:Monolith_and_Dog","floor":31.0,"turns":2.0},{"damage":55,"enemies":"Gensokyo:Eiki","floor":33,"turns":4},{"damage":0,"enemies":"Gensokyo:3_Bats","floor":35,"turns":2},{"damage":15,"enemies":"Gensokyo:AncientGuardian","floor":37,"turns":3},{"damage":29,"enemies":"Gensokyo:Sharpion","floor":38,"turns":3},{"damage":34,"enemies":"Gensokyo:Kasen","floor":40,"turns":3},{"damage":10,"enemies":"Gensokyo:AtlasGolem","floor":42,"turns":3},{"damage":95,"enemies":"Gensokyo:Shinki","floor":50,"turns":3}],"seed_played":"-1329381566994383470","potions_obtained":[{"floor":2.0,"key":"Strength Potion"},{"floor":3.0,"key":"Energy Potion"},{"floor":11.0,"key":"SneckoOil"},{"floor":16.0,"key":"Strength Potion"},{"floor":18.0,"key":"SkillPotion"},{"floor":33,"key":"SteroidPotion"},{"floor":35,"key":"EssenceOfSteel"},{"floor":37,"key":"LiquidMemories"}],"is_trial":false,"path_per_floor":["M","?","M","M","M","E","?","?","T","R","E","M","?","T","R","B",null,"M","T","M","?","$","R","M","R","T","?","T","M","M","M","R","B",null,"M","?","M","M","$","E","R","M","T","$","T","?","$","?","R","B"],"character_chosen":"REMILIA","items_purchased":["NightDance","HunterOfTheNight","Blood Vial","TransientEternity","BloodHunter","ChaoticDestiny","VampireSweep","Mastiff:ReiMu","NightDance"],"campfire_rested":1,"item_purchase_floors":[22,22,22,39,39,39,39,44,44],"current_hp_per_floor":[75,75,75,75,72,71,71,71,71,71,58,59,59,59,59,55,75,69,69,61,61,61,61,66,66,66,66,66,63,69,71,71,40,71,71,71,56,54,54,64,64,71,78,78,78,78,78,78,78,0,0],"gold":26,"neow_bonus":"THREE_ENEMY_KILL","is_daily":false,"chose_seed":false,"campfire_upgraded":5,"win_rate":0.0,"timestamp":1610282651,"path_taken":["M","?","M","?","M","E","?","?","T","R","E","M","?","?","R","BOSS","M","?","M","?","$","R","M","R","T","?","?","M","M","M","R","BOSS","M","?","M","M","?","E","R","M","T","?","?","?","$","?","R","BOSS"],"items_purchased_type":["Card","Card","Relic","Card","Card","Card","Card","Relic","Card"],"build_version":"2020-12-22","purchased_purges":2,"victory":false,"max_hp_per_floor":[75,75,75,75,75,75,75,75,75,75,75,75,75,75,75,75,75,75,75,75,75,75,75,75,75,75,71,71,71,71,71,71,71,71,71,71,71,71,71,71,71,71,78,78,78,78,78,78,78,78,78],"card_choices":[{"not_picked":["UnderTheZenith","FitfulNightmare"],"picked":"StarOfDavid","floor":1.0},{"not_picked":["VampireFantasy","UltimateOffering"],"picked":"VampireKiss","floor":2.0},{"not_picked":["UltimateOffering","VampirishNight"],"picked":"Stigmanizer","floor":3.0},{"not_picked":["ScarletDream","Septette","VampireKiss"],"picked":"SKIP","floor":4.0},{"not_picked":["CharismaGuard","Maim","EndlessAdversity"],"picked":"SKIP","floor":5.0},{"not_picked":["MillenniumVampire","ScarletDream"],"picked":"NightLord","floor":6.0},{"not_picked":["MillenniumVampire","ChainGang","ReincarnationDial"],"picked":"SKIP","floor":11.0},{"not_picked":["MastersStateliness","ScarletNetherworld"],"picked":"NightLord","floor":12.0},{"not_picked":["ChaoticDestiny","TransientEternity"],"picked":"QueenOfMidnight","floor":16.0},{"not_picked":["FavorOfDestiny","StarOfDavid"],"picked":"BloodHunter","floor":18.0},{"not_picked":["EndlessAdversity+1","ScarletDevil"],"picked":"StarOfDavid","floor":20.0},{"not_picked":["DiffusionOfMisfortune","ScarletDevil","FavorOfDestiny"],"picked":"SKIP","floor":24.0},{"not_picked":["ScarletImprint","FavorOfDestiny"],"picked":"BlasphemousPunishment+1","floor":29.0},{"not_picked":["VampireFantasy","GlobalNightmare"],"picked":"HellCatastrophe","floor":30.0},{"not_picked":["ChainGang+1","UnderTheZenith"],"picked":"NightDance","floor":31.0},{"not_picked":["ForecastOfChange","HeartBreak"],"picked":"KillingBlow","floor":33},{"not_picked":["MillenniumVampire","UnderTheZenith","SuperhumanBloodyKnife"],"picked":"SKIP","floor":35},{"not_picked":["MastersStateliness+1","EndlessAdversity+1","ScarletDream"],"picked":"SKIP","floor":37},{"not_picked":["BombardNight+1","NightDance"],"picked":"UltimateOffering+1","floor":38},{"not_picked":["StarOfDavid+1","VampireKiss+1"],"picked":"BloodyTrap+1","floor":40},{"not_picked":["BombardNight","VampireKiss+1"],"picked":"BloodyMagicSquare+1","floor":42}],"player_experience":283859,"relics_obtained":[{"floor":2.0,"key":"Matryoshka"},{"floor":6.0,"key":"Tiny Chest"},{"floor":9.0,"key":"Whetstone"},{"floor":9.0,"key":"War Paint"},{"floor":11.0,"key":"Art of War"},{"floor":14.0,"key":"Bag of Preparation"},{"floor":14.0,"key":"PreservedInsect"},{"floor":19.0,"key":"Centennial Puzzle"},{"floor":26.0,"key":"Bronze Scales"},{"floor":28.0,"key":"ScarletDevilRocket"},{"floor":40,"key":"Boot"},{"floor":43,"key":"Strawberry"},{"floor":45,"key":"Calipers"}],"event_choices":[],"is_beta":false,"boss_relics":[{"not_picked":["Runic Pyramid","SacredBark"],"picked":"Empty Cage"},{"not_picked":["Calling Bell","Pandora\u0027s Box"],"picked":"Fusion Hammer"}],"items_purged_floors":[22,39],"is_endless":false,"potions_floor_spawned":[2,3,11,16,18,30,33,35,37,40],"killed_by":"Gensokyo:Shinki","ascension_level":0}}