{"host":"qy89j0vid1u7yuu4","time":1610236950,"event":{"mods":["Act Like it!","Aspiration","BaseMod","Better Match","Better Third Choice","Card Forge","Colored Powertips","Elementarium","GifTheSpireLib","Hermit","Hubris","Infinite Spire","Menagerie","Minty Spire (QoL Compilation)","Replay The Spire","Spicy Shops","StSLib","Stuff the Spire","The Blue Laboratory"],"gold_per_floor":[132,132,132,186,5,92,92,137,187,275,354,354,452,511,511,809,809,860,860],"floor_reached":18,"playtime":662,"items_purged":[],"score":190,"play_id":"dd93ec0b-5b12-48e4-979a-cff7da537a9c","local_time":"20210109170230","daily_mods":["Heirloom","DeadlyEvents","Elite Swarm","Midas"],"is_ascension_mode":false,"campfire_choices":[{"floor":7,"key":"REST"},{"floor":12,"key":"REST"},{"floor":15,"key":"REST"}],"circlet_count":0,"master_deck":["Strike_B","Strike_B+1","Strike_B","Defend_B+1","Defend_B+2","Defend_B","Defend_B","Zap+1","Dualcast+1","Ball Lightning+1","Leap","StuffTheSpire:Synthwave+1","Electrodynamics+1","Conserve Battery","Biased Cognition"],"relics":["Cracked Core","Hammer of Thor","Seething Fire","Anvil of the Gods","hubris:MedicalManual","hubris:Towel","Replay:Bandana","Bird Faced Urn","War Paint","Shuriken","hubris:MysteriousPyramids","Simple Rune","ReplayTheSpireMod:DimensionalGlitch"],"acts_visited":["Exordium","TheCity"],"potions_floor_usage":[1,6,16],"damage_taken":[{"damage":6,"enemies":"2 Louse","floor":1,"turns":2},{"damage":1,"enemies":"Cultist","floor":4,"turns":3},{"damage":12,"enemies":"3 Sentries","floor":6,"turns":5},{"damage":2,"enemies":"Jaw Worm","floor":8,"turns":2},{"damage":14,"enemies":"Gremlin Nob","floor":10,"turns":3},{"damage":9,"enemies":"3 Sentries","floor":11,"turns":2},{"damage":6,"enemies":"Lagavulin","floor":13,"turns":5},{"damage":0,"enemies":"Lots of Slimes","floor":14,"turns":1},{"damage":13,"enemies":"Hexaghost","floor":16,"turns":6},{"damage":0,"enemies":"Spheric Guardian","floor":18,"turns":4}],"seed_played":"1933003614222985383","potions_obtained":[{"floor":1,"key":"EntropicBrew"},{"floor":8,"key":"blueLaboratory:LouseDecoction"},{"floor":10,"key":"FocusPotion"},{"floor":16,"key":"PowerPotion"}],"is_trial":true,"path_per_floor":["M","?","?","M","$","E","R","M","T","E","E","R","E","M","R","B",null,"M"],"character_chosen":"DEFECT","items_purchased":["Replay:Bandana","StuffTheSpire:Synthwave"],"campfire_rested":3,"item_purchase_floors":[5,5],"current_hp_per_floor":[69,69,69,68,68,56,75,75,75,61,56,75,69,71,75,64,75,75,75],"gold":860,"neow_bonus":"","is_daily":false,"chose_seed":false,"campfire_upgraded":0,"win_rate":0.0,"timestamp":1610236950,"path_taken":["M","?","?","?","$","E","R","M","T","E","?","R","E","M","R","BOSS","M"],"items_purchased_type":["Relic","Card"],"build_version":"2020-12-22","purchased_purges":0,"victory":false,"max_hp_per_floor":[75,75,75,75,75,75,75,75,75,75,75,75,75,75,75,75,75,75,75],"card_choices":[{"not_picked":["Redo","Beam Cell"],"picked":"Ball Lightning","floor":1},{"not_picked":["Gash","hubris:PowerSurge"],"picked":"Leap","floor":4},{"not_picked":["Amplify","Mirror Shield"],"picked":"Electrodynamics","floor":6},{"not_picked":["StuffTheSpire:GlassShard","Chill","Recycle"],"picked":"SKIP","floor":8},{"not_picked":["StuffTheSpire:EventHorizon","Thunder Strike","Rainbow"],"picked":"SKIP","floor":10},{"not_picked":["All For One","StuffTheSpire:EventHorizon","hubris:SpecializedCircuitry"],"picked":"SKIP","floor":11},{"not_picked":["Mirror Shield","Multi-Cast","Thunder Strike"],"picked":"SKIP","floor":13},{"not_picked":["Redo","Beam Cell"],"picked":"Conserve Battery","floor":14},{"not_picked":["Rainbow","ReplayRNGCard"],"picked":"Biased Cognition","floor":16}],"player_experience":105417,"relics_obtained":[{"floor":6,"key":"Bird Faced Urn"},{"floor":9,"key":"War Paint"},{"floor":10,"key":"Shuriken"},{"floor":11,"key":"hubris:MysteriousPyramids"},{"floor":13,"key":"Simple Rune"}],"event_choices":[{"cards_removed":["Strike_B"],"damage_healed":0,"gold_gain":0,"player_choice":"Purged","damage_taken":0,"max_hp_gain":0,"max_hp_loss":0,"event_name":"Purifier","floor":3,"gold_loss":0}],"is_beta":false,"boss_relics":[{"not_picked":["Runic Dome","hubris:HollowSoul"],"picked":"ReplayTheSpireMod:DimensionalGlitch"}],"items_purged_floors":[],"is_endless":false,"potions_floor_spawned":[1,8,10,13,16],"killed_by":"Spheric Guardian","ascension_level":0}}