{"host":"cv77zuuuekizn3ic","time":1610256886,"event":{"mods":["AchievementEnabler","BaseMod","Marisa£®ÏF”Í°°ƒß¿Ì…≥£©","Minty Spire (QoL Compilation)","StSLib","Waifu the Spire","everything is the same but u backflip on backflip","slay the spire mod where everything is the same but ironclad has a cowboy hat"],"gold_per_floor":[12,12,12,30,50,81,81,95,95,118,118,154,174,226,226,226,226],"floor_reached":16,"playtime":745,"items_purged":[],"score":269,"play_id":"bcc79507-09ca-4cf5-bbe1-4f70fee5a076","local_time":"20210110133446","is_ascension_mode":true,"campfire_choices":[{"data":"Corruption","floor":7.0,"key":"SMITH"},{"data":"Feed","floor":11.0,"key":"SMITH"},{"data":"Whirlwind","floor":15,"key":"SMITH"}],"circlet_count":0,"master_deck":["AscendersBane","Strike_R","Strike_R","Strike_R","Defend_R","Defend_R","Defend_R","Defend_R","Bash","Havoc","Fiend Fire","Whirlwind+1","Feed+1","Thunderclap","Corruption+1","Twin Strike","Sentinel","Evolve"],"relics":["Burning Blood","Golden Idol","Red Skull","Kunai","Magic Flower","CeramicFish"],"acts_visited":["Exordium"],"potions_floor_usage":[12,14,14],"damage_taken":[{"damage":2.0,"enemies":"2 Louse","floor":1.0,"turns":3.0},{"damage":3.0,"enemies":"Small Slimes","floor":4.0,"turns":3.0},{"damage":12.0,"enemies":"Cultist","floor":5.0,"turns":4.0},{"damage":50.0,"enemies":"Lagavulin","floor":6.0,"turns":7.0},{"damage":12.0,"enemies":"Exordium Wildlife","floor":8.0,"turns":2.0},{"damage":11.0,"enemies":"Large Slime","floor":10.0,"turns":5.0},{"damage":25,"enemies":"3 Sentries","floor":12,"turns":7},{"damage":2,"enemies":"Lots of Slimes","floor":13,"turns":2},{"damage":6,"enemies":"Lagavulin","floor":14,"turns":6},{"damage":33,"enemies":"Hexaghost","floor":16,"turns":7}],"seed_played":"-490539201782422179","potions_obtained":[{"floor":1.0,"key":"SpeedPotion"},{"floor":4.0,"key":"Fire Potion"},{"floor":6.0,"key":"PowerPotion"},{"floor":13,"key":"ColorlessPotion"}],"is_trial":false,"path_per_floor":["M","?","?","M","M","E","R","M","T","M","R","E","M","E","R","B"],"character_chosen":"IRONCLAD","items_purchased":[],"campfire_rested":0,"item_purchase_floors":[],"current_hp_per_floor":[72,68,68,71,68,27,27,24,24,22,22,7,20,29,29,0,0],"gold":226,"neow_bonus":"TRANSFORM_TWO_CARDS","is_daily":false,"chose_seed":false,"campfire_upgraded":3,"win_rate":0.0,"timestamp":1610256886,"path_taken":["M","?","?","M","M","E","R","?","T","M","R","E","M","E","R","BOSS"],"items_purchased_type":[],"build_version":"2020-12-22","purchased_purges":0,"victory":false,"max_hp_per_floor":[75,68,68,71,74,77,77,80,80,83,83,87,91,95,95,95,95],"card_choices":[{"not_picked":["Armaments","Flex"],"picked":"Whirlwind","floor":1.0},{"not_picked":["Twin Strike","Seeing Red"],"picked":"Thunderclap","floor":4.0},{"not_picked":["Anger","Clothesline","Intimidate"],"picked":"SKIP","floor":5.0},{"not_picked":["Wild Strike","True Grit"],"picked":"Corruption","floor":6.0},{"not_picked":["Wild Strike","Armaments"],"picked":"Twin Strike","floor":8.0},{"not_picked":["Warcry","Perfected Strike"],"picked":"Sentinel","floor":10.0},{"not_picked":["Clash","Feed","Anger"],"picked":"SKIP","floor":12},{"not_picked":["Armaments","Headbutt","Wild Strike"],"picked":"SKIP","floor":13},{"not_picked":["Berserk","Searing Blow"],"picked":"Evolve","floor":14}],"player_experience":817920,"relics_obtained":[{"floor":6.0,"key":"Red Skull"},{"floor":9.0,"key":"Kunai"},{"floor":12,"key":"Magic Flower"},{"floor":14,"key":"CeramicFish"}],"event_choices":[{"damage_healed":0.0,"max_hp_gain":0.0,"max_hp_loss":7.0,"gold_gain":0.0,"event_name":"Golden Idol","player_choice":"Lose Max HP","floor":2.0,"gold_loss":0.0,"damage_taken":0.0,"relics_obtained":["Golden Idol"]},{"damage_healed":0.0,"max_hp_gain":0.0,"max_hp_loss":0.0,"gold_gain":0.0,"event_name":"Match and Keep!","player_choice":"1 cards matched","floor":3.0,"gold_loss":0.0,"damage_taken":0.0,"cards_obtained":["Feed"]}],"is_beta":false,"boss_relics":[],"items_purged_floors":[],"is_endless":false,"potions_floor_spawned":[1,4,6,13],"killed_by":"Hexaghost","ascension_level":20}}