{"host":"u1dfzl6o6mfmauc3","time":1610245433,"event":{"mods":["2.2 Compatiblity","AchievementEnabler","BaseMod","Block Reminder","Dark Map","Hermit","Minty Spire (QoL Compilation)","Relic Stats","StSLib"],"gold_per_floor":[115,115,126,140,140,154,154,187,187,10,38,55,18,33,33,131,131,151,151,41,61,61,61,96,96,165,165,165,185,185,197,197,292,292,309,35,49,49,14,14,46,58,58,87,105,105,133,0,0,0],"floor_reached":51,"playtime":2189,"items_purged":["Writhe"],"score":850,"play_id":"8f050c02-9d1f-4ffc-a418-cc666203b556","local_time":"20210109212353","is_ascension_mode":true,"campfire_choices":[{"data":"Hologram","floor":7,"key":"SMITH"},{"floor":15,"key":"REST"},{"data":"Echo Form","floor":23,"key":"SMITH"},{"data":"Beam Cell","floor":25,"key":"SMITH"},{"data":"Zap","floor":28,"key":"SMITH"},{"data":"Gash","floor":32,"key":"SMITH"},{"data":"Reboot","floor":40,"key":"SMITH"},{"data":"Apotheosis","floor":46,"key":"SMITH"},{"data":"FTL","floor":49,"key":"SMITH"}],"circlet_count":0,"master_deck":["Strike_B","Strike_B","Defend_B","Defend_B","Zap+1","Dualcast","CurseOfTheBell","Hologram+1","Coolheaded+1","Doom and Gloom+1","Chill+1","Reboot+1","Gash+1","Go for the Eyes","Self Repair","All For One","Leap","Ball Lightning","Echo Form+1","Go for the Eyes+1","FTL+1","Beam Cell+1","Glacier","Gash+1","Compile Driver","Capacitor","Amplify","Skim+1","Gash","Apotheosis+1","Loop+1","Scrape","Go for the Eyes+1","Go for the Eyes"],"relics":["Calling Bell","Bag of Marbles","InkBottle","Ginger","Ornamental Fan","Shuriken","HornCleat","Philosopher\u0027s Stone","Lizard Tail","Pear","Bottled Lightning","Pantograph","Empty Cage","Nunchaku","FossilizedHelix","War Paint","Pocketwatch","Red Mask"],"acts_visited":["Exordium","TheCity","TheBeyond"],"potions_floor_usage":[14,16,44,50,50],"damage_taken":[{"damage":6,"enemies":"Jaw Worm","floor":1,"turns":3},{"damage":2,"enemies":"Small Slimes","floor":3,"turns":4},{"damage":2,"enemies":"2 Louse","floor":4,"turns":4},{"damage":3,"enemies":"Blue Slaver","floor":6,"turns":4},{"damage":36,"enemies":"Gremlin Nob","floor":8,"turns":5},{"damage":4,"enemies":"3 Sentries","floor":11,"turns":6},{"damage":0,"enemies":"Looter","floor":12,"turns":4},{"damage":0,"enemies":"Exordium Thugs","floor":14,"turns":1},{"damage":6,"enemies":"The Guardian","floor":16,"turns":10},{"damage":20,"enemies":"Spheric Guardian","floor":18,"turns":6},{"damage":4,"enemies":"Chosen","floor":21,"turns":4},{"damage":1,"enemies":"Book of Stabbing","floor":24,"turns":5},{"damage":8,"enemies":"Snecko","floor":29,"turns":4},{"damage":4,"enemies":"Snake Plant","floor":31,"turns":4},{"damage":10,"enemies":"Collector","floor":33,"turns":7},{"damage":0,"enemies":"3 Darklings","floor":35,"turns":5},{"damage":0,"enemies":"Orb Walker","floor":37,"turns":1},{"damage":0,"enemies":"Nemesis","floor":41,"turns":7},{"damage":0,"enemies":"Transient","floor":42,"turns":5},{"damage":14,"enemies":"Reptomancer","floor":44,"turns":5},{"damage":0,"enemies":"Writhing Mass","floor":45,"turns":4},{"damage":2,"enemies":"Giant Head","floor":47,"turns":5},{"damage":19,"enemies":"Donu and Deca","floor":50,"turns":7}],"seed_played":"8080012938874119083","potions_obtained":[{"floor":4,"key":"Weak Potion"},{"floor":12,"key":"DistilledChaos"},{"floor":14,"key":"CultistPotion"},{"floor":16,"key":"EssenceOfSteel"},{"floor":18,"key":"Swift Potion"},{"floor":42,"key":"FairyPotion"},{"floor":47,"key":"Regen Potion"}],"is_trial":false,"path_per_floor":["M","?","M","M","?","M","R","E","T","$","E","M","?","M","R","B",null,"M","?","$","M","?","R","E","R","T","T","R","M","?","M","R","B",null,"M","$","M","?","$","R","E","M","T","E","M","R","E","?","R","B",null],"character_chosen":"DEFECT","items_purchased":["Gash","Go for the Eyes","Self Repair","FTL","Gash","Apotheosis","Energy Potion","Scrape"],"campfire_rested":1,"item_purchase_floors":[10,10,10,20,36,36,36,39],"current_hp_per_floor":[69,69,67,65,65,62,62,26,26,26,29,36,36,36,58,59,75,69,69,69,75,75,75,85,85,85,85,85,77,77,80,80,82,85,85,85,85,85,85,85,85,85,85,78,78,78,85,85,85,76],"gold":0,"neow_bonus":"BOSS_RELIC","is_daily":false,"chose_seed":false,"campfire_upgraded":8,"win_rate":0.0,"timestamp":1610245433,"path_taken":["M","?","M","M","?","M","R","E","T","$","E","M","?","M","R","BOSS","M","?","$","M","?","R","E","R","T","?","R","?","?","M","R","BOSS","M","$","M","?","$","R","E","M","T","E","M","R","E","?","R","BOSS"],"items_purchased_type":["Card","Card","Card","Card","Card","Card","Potion","Card"],"build_version":"2020-12-22","purchased_purges":1,"victory":true,"max_hp_per_floor":[75,75,75,75,75,75,75,75,75,75,75,75,75,75,75,75,75,75,75,75,75,75,75,85,85,85,85,85,85,85,85,85,85,85,85,85,85,85,85,85,85,85,85,85,85,85,85,85,85,85],"relic_stats":{"Lizard Tail":0,"Nunchaku":[12],"counters":[23,110],"Ornamental Fan":[300],"Shuriken":[75],"Pantograph":5,"Ginger":[14],"War Paint":["Coolheaded","Chill"],"obtain_stats":[{"Pear":24,"Ginger":0,"War Paint":44,"Empty Cage":34,"Calling Bell":0,"Lizard Tail":19,"Nunchaku":41,"HornCleat":11,"Ornamental Fan":8,"Shuriken":9,"Pantograph":27,"Philosopher\u0027s Stone":17,"Bag of Marbles":0,"Red Mask":48,"Bottled Lightning":26,"Cracked Core":0,"InkBottle":0,"FossilizedHelix":43,"Pocketwatch":47},{"Pear":12,"Ginger":0,"War Paint":20,"Empty Cage":15,"Calling Bell":0,"Lizard Tail":10,"Nunchaku":18,"HornCleat":6,"Ornamental Fan":5,"Shuriken":5,"Pantograph":12,"Philosopher\u0027s Stone":9,"Bag of Marbles":0,"Red Mask":22,"Bottled Lightning":12,"Cracked Core":0,"InkBottle":0,"FossilizedHelix":19,"Pocketwatch":22},{"Pear":56,"Ginger":0,"War Paint":94,"Empty Cage":71,"Calling Bell":0,"Lizard Tail":47,"Nunchaku":84,"HornCleat":26,"Ornamental Fan":20,"Shuriken":20,"Pantograph":56,"Philosopher\u0027s Stone":41,"Bag of Marbles":0,"Red Mask":103,"Bottled Lightning":56,"Cracked Core":0,"InkBottle":0,"FossilizedHelix":89,"Pocketwatch":103}],"InkBottle":[57],"Pocketwatch":[0]},"card_choices":[{"not_picked":["Undo","Beam Cell"],"picked":"Hologram","floor":1},{"not_picked":["Storm","Streamline"],"picked":"Coolheaded","floor":3},{"not_picked":["Scrape","Genetic Algorithm"],"picked":"Doom and Gloom","floor":4},{"not_picked":["Redo","Doom and Gloom"],"picked":"Chill","floor":6},{"not_picked":["Coolheaded","Stack"],"picked":"Reboot","floor":8},{"not_picked":["Consume","Aggregate"],"picked":"All For One","floor":11},{"not_picked":["Streamline","Rebound"],"picked":"Leap","floor":12},{"not_picked":["Steam Power","Redo"],"picked":"Ball Lightning","floor":14},{"not_picked":["Multi-Cast","Creative AI"],"picked":"Echo Form","floor":16},{"not_picked":["Redo","Loop"],"picked":"Go for the Eyes+1","floor":18},{"not_picked":["Ball Lightning","Redo"],"picked":"Beam Cell","floor":21},{"not_picked":["Rip and Tear","FTL"],"picked":"Glacier","floor":24},{"not_picked":["Sweeping Beam+1","Leap"],"picked":"Gash+1","floor":29},{"not_picked":["Streamline","Redo","Compile Driver"],"picked":"SKIP","floor":31},{"not_picked":["Rainbow","Reboot"],"picked":"Amplify","floor":33},{"not_picked":["Compile Driver+1","Glacier"],"picked":"Skim+1","floor":35},{"not_picked":["Barrage+1","Hologram+1"],"picked":"Loop+1","floor":37},{"not_picked":["Cold Snap","Hologram"],"picked":"Go for the Eyes+1","floor":41},{"not_picked":["Doom and Gloom","Cold Snap","Redo"],"picked":"SKIP","floor":42},{"not_picked":["Compile Driver","Streamline","Conserve Battery+1"],"picked":"SKIP","floor":44},{"not_picked":["Coolheaded","Storm+1","Compile Driver+1"],"picked":"SKIP","floor":45},{"not_picked":["Ball Lightning","Fission"],"picked":"Go for the Eyes","floor":47}],"player_experience":38028,"relics_obtained":[{"floor":0,"key":"Bag of Marbles"},{"floor":0,"key":"InkBottle"},{"floor":0,"key":"Ginger"},{"floor":8,"key":"Ornamental Fan"},{"floor":9,"key":"Shuriken"},{"floor":11,"key":"HornCleat"},{"floor":24,"key":"Pear"},{"floor":26,"key":"Bottled Lightning"},{"floor":27,"key":"Pantograph"},{"floor":41,"key":"Nunchaku"},{"floor":43,"key":"FossilizedHelix"},{"floor":44,"key":"War Paint"},{"floor":47,"key":"Pocketwatch"}],"event_choices":[{"damage_healed":0,"gold_gain":0,"player_choice":"Leave","damage_taken":0,"max_hp_gain":0,"max_hp_loss":0,"event_name":"The Cleric","floor":2,"gold_loss":0},{"damage_healed":0,"gold_gain":0,"player_choice":"Grow","damage_taken":0,"max_hp_gain":0,"max_hp_loss":0,"event_name":"Living Wall","floor":5,"gold_loss":0,"cards_upgraded":["Doom and Gloom"]},{"damage_healed":0,"gold_gain":0,"player_choice":"Left Gold","damage_taken":0,"max_hp_gain":0,"max_hp_loss":0,"event_name":"World of Goop","floor":13,"gold_loss":37},{"damage_healed":0,"gold_gain":0,"player_choice":"Opened","damage_taken":0,"relics_obtained":["Lizard Tail"],"max_hp_gain":0,"max_hp_loss":0,"event_name":"The Mausoleum","floor":19,"gold_loss":0,"cards_obtained":["Writhe"]},{"damage_healed":0,"gold_gain":0,"player_choice":"Ignored","damage_taken":0,"max_hp_gain":0,"max_hp_loss":0,"event_name":"Ghosts","floor":22,"gold_loss":0},{"damage_healed":0,"gold_gain":0,"cards_transformed":["Strike_B","Defend_B"],"player_choice":"Became Test Subject","damage_taken":0,"max_hp_gain":0,"max_hp_loss":0,"event_name":"Drug Dealer","floor":30,"gold_loss":0,"cards_obtained":["Compile Driver","Capacitor"]},{"damage_healed":0,"gold_gain":0,"player_choice":"Memory 1","damage_taken":0,"max_hp_gain":0,"max_hp_loss":0,"event_name":"SensoryStone","floor":38,"gold_loss":0},{"damage_healed":0,"gold_gain":0,"player_choice":"Paid","damage_taken":0,"relics_obtained":["Red Mask"],"max_hp_gain":0,"max_hp_loss":0,"event_name":"Tomb of Lord Red Mask","floor":48,"gold_loss":133}],"is_beta":false,"boss_relics":[{"not_picked":["Runic Dome","Cursed Key"],"picked":"Philosopher\u0027s Stone"},{"not_picked":["Tiny House","Snecko Eye"],"picked":"Empty Cage"}],"items_purged_floors":[20],"is_endless":false,"potions_floor_spawned":[4,12,14,16,18,24,41,42,47],"ascension_level":1}}