{"host":"19tvufa8xx4wr4o1","time":1610297950,"event":{"mods":["AchievementEnabler","BaseMod","Better Sensory Stone","Better Third Choice","Highlight Path","Minty Spire (QoL Compilation)","Relic Stats","StSLib"],"gold_per_floor":[366,366,384,403,40,67,67,101,101,101,128,147,147,147,147,218,218,235,248,274,189,189,189,220,235,312,312,52,66,66,84,84,162,162,175,175,192,49,49,82,82,32,108,118,165,184,184,195,195,195,195],"floor_reached":50,"playtime":2974,"items_purged":["Strike_G"],"score":889,"play_id":"612455ee-68c2-418d-89e4-e6f1e58e5603","local_time":"20210110105910","is_ascension_mode":true,"campfire_choices":[{"floor":7.0,"key":"REST"},{"data":"Poisoned Stab","floor":10.0,"key":"SMITH"},{"floor":15.0,"key":"REST"},{"floor":23.0,"key":"REST"},{"floor":27.0,"key":"REST"},{"data":"Well Laid Plans","floor":30.0,"key":"SMITH"},{"data":"Choke","floor":32.0,"key":"SMITH"},{"data":"Accuracy","floor":41.0,"key":"SMITH"},{"data":"Footwork","floor":47,"key":"SMITH"},{"data":"Cloak And Dagger","floor":49,"key":"SMITH"}],"circlet_count":0,"master_deck":["AscendersBane","Strike_G","Strike_G","Strike_G","Defend_G","Defend_G","Defend_G","Defend_G","Defend_G","Survivor","Neutralize+1","Choke+1","Glass Knife+1","Cloak And Dagger+1","Poisoned Stab+1","Bane","Blade Dance","Tools of the Trade","Blade Dance","Malaise","Well Laid Plans+1","Accuracy+1","Leg Sweep","Leg Sweep","Bouncing Flask+1","PiercingWail","Footwork+1"],"relics":["Ring of the Snake","Shuriken","Regal Pillow","Blue Candle","Orichalcum","MealTicket","Pear","SacredBark","Red Mask","Letter Opener","Bird Faced Urn","Singing Bowl","Lantern","Coffee Dripper","Chemical X","White Beast Statue","Meat on the Bone","Pen Nib"],"acts_visited":["Exordium","TheCity","TheBeyond"],"potions_floor_usage":[48,50,50],"damage_taken":[{"damage":17.0,"enemies":"Jaw Worm","floor":1.0,"turns":7.0},{"damage":5.0,"enemies":"Cultist","floor":3.0,"turns":5.0},{"damage":2.0,"enemies":"Small Slimes","floor":4.0,"turns":3.0},{"damage":10.0,"enemies":"Gremlin Nob","floor":6.0,"turns":4.0},{"damage":27.0,"enemies":"3 Sentries","floor":8.0,"turns":10.0},{"damage":13.0,"enemies":"Lagavulin","floor":11.0,"turns":5.0},{"damage":0.0,"enemies":"Blue Slaver","floor":12.0,"turns":3.0},{"damage":36.0,"enemies":"The Guardian","floor":16.0,"turns":11.0},{"damage":2.0,"enemies":"Chosen","floor":18.0,"turns":4.0},{"damage":0.0,"enemies":"3 Byrds","floor":19.0,"turns":6.0},{"damage":12.0,"enemies":"Masked Bandits","floor":20.0,"turns":4.0},{"damage":52.0,"enemies":"Book of Stabbing","floor":24.0,"turns":6.0},{"damage":15.0,"enemies":"Centurion and Healer","floor":25.0,"turns":6.0},{"damage":1.0,"enemies":"Snecko","floor":29.0,"turns":3.0},{"damage":14.0,"enemies":"Snake Plant","floor":31.0,"turns":7.0},{"damage":35.0,"enemies":"Champ","floor":33.0,"turns":12.0},{"damage":2.0,"enemies":"Orb Walker","floor":35.0,"turns":4.0},{"damage":23.0,"enemies":"3 Darklings","floor":37.0,"turns":6.0},{"damage":46.0,"enemies":"Giant Head","floor":40.0,"turns":8.0},{"damage":13.0,"enemies":"Spire Growth","floor":44.0,"turns":4.0},{"damage":4,"enemies":"4 Shapes","floor":46,"turns":5},{"damage":10,"enemies":"Writhing Mass","floor":48,"turns":9},{"damage":69,"enemies":"Donu and Deca","floor":50,"turns":11}],"seed_played":"-6058367120116173081","potions_obtained":[{"floor":4.0,"key":"Swift Potion"},{"floor":6.0,"key":"SpeedPotion"},{"floor":8.0,"key":"PowerPotion"},{"floor":16.0,"key":"Strength Potion"},{"floor":25.0,"key":"LiquidMemories"},{"floor":31.0,"key":"Block Potion"},{"floor":33.0,"key":"GamblersBrew"},{"floor":35.0,"key":"Strength Potion"},{"floor":40.0,"key":"DuplicationPotion"},{"floor":44.0,"key":"GamblersBrew"},{"floor":46,"key":"GamblersBrew"},{"floor":48,"key":"SneckoOil"}],"is_trial":false,"path_per_floor":["M","?","M","M","$","E","R","E","T","R","E","M","?","T","R","B",null,"M","M","?","?","?","R","E","M","T","R","$","M","R","M","R","B",null,"M","?","M","$","?","E","R","$","T","M","T","M","R","M","R","B"],"character_chosen":"THE_SILENT","items_purchased":["Glass Knife","Shuriken","Cloak And Dagger","Accuracy","Lantern","Chemical X","PiercingWail"],"campfire_rested":4,"item_purchase_floors":[5,5,5,28,28,38,42],"current_hp_per_floor":[42,42,37,35,35,25,58,31,31,31,18,18,18,28,64,28,60,58,58,46,46,40,70,18,5,5,41,56,57,57,49,49,22,60,60,60,43,58,58,20,20,35,35,40,40,50,50,48,48,0,0],"gold":195,"neow_bonus":"TWO_FIFTY_GOLD","is_daily":false,"chose_seed":false,"campfire_upgraded":6,"win_rate":0.0,"timestamp":1610297950,"path_taken":["M","?","M","?","$","E","R","E","T","R","E","M","?","?","R","BOSS","M","M","?","?","?","R","E","?","T","R","$","M","R","M","R","BOSS","M","?","?","$","?","E","R","$","T","M","?","M","R","M","R","BOSS"],"items_purchased_type":["Card","Relic","Card","Card","Relic","Relic","Card"],"build_version":"2020-12-22","purchased_purges":1,"victory":false,"max_hp_per_floor":[60,60,60,60,60,60,60,60,60,60,60,60,60,70,70,70,70,70,70,70,70,70,70,70,70,70,70,70,70,70,70,70,72,72,72,72,74,74,74,76,76,76,76,78,78,78,78,80,80,80,80],"relic_stats":{"Regal Pillow":54,"Singing Bowl":10,"counters":[23,143],"Blue Candle":[0],"Pen Nib":[5],"Letter Opener":[141],"Orichalcum":[192],"Shuriken":[72],"Bird Faced Urn":[48],"MealTicket":45,"Chemical X":[4],"obtain_stats":[{"Regal Pillow":6,"Lantern":28,"Pear":14,"Singing Bowl":26,"Blue Candle":8,"SacredBark":17,"Pen Nib":45,"Letter Opener":21,"Orichalcum":9,"White Beast Statue":40,"Shuriken":5,"Bird Faced Urn":24,"MealTicket":11,"Red Mask":20,"Coffee Dripper":34,"Chemical X":38,"Ring of the Snake":0,"Meat on the Bone":43},{"Regal Pillow":4,"Lantern":13,"Pear":7,"Singing Bowl":13,"Blue Candle":5,"SacredBark":8,"Pen Nib":20,"Letter Opener":11,"Orichalcum":5,"White Beast Statue":19,"Shuriken":3,"Bird Faced Urn":12,"MealTicket":6,"Red Mask":11,"Coffee Dripper":16,"Chemical X":18,"Ring of the Snake":0,"Meat on the Bone":19},{"Regal Pillow":19,"Lantern":74,"Pear":37,"Singing Bowl":74,"Blue Candle":29,"SacredBark":48,"Pen Nib":118,"Letter Opener":62,"Orichalcum":29,"White Beast Statue":114,"Shuriken":15,"Bird Faced Urn":68,"MealTicket":34,"Red Mask":62,"Coffee Dripper":96,"Chemical X":106,"Ring of the Snake":0,"Meat on the Bone":114}],"Ring of the Snake":[46],"Meat on the Bone":24},"card_choices":[{"not_picked":["Acrobatics","Escape Plan","Prepared"],"picked":"SKIP","floor":1.0},{"not_picked":["Poisoned Stab","Dagger Throw"],"picked":"Choke","floor":3.0},{"not_picked":["PiercingWail","Blur"],"picked":"Flying Knee","floor":4.0},{"not_picked":["Cloak And Dagger","Dagger Throw"],"picked":"Poisoned Stab","floor":6.0},{"not_picked":["Flechettes","Wraith Form v2"],"picked":"Bane","floor":8.0},{"not_picked":["Quick Slash","Bouncing Flask"],"picked":"Blade Dance","floor":11.0},{"not_picked":["Poisoned Stab","Reflex","Flying Knee"],"picked":"SKIP","floor":12.0},{"not_picked":["Doppelganger","Die Die Die"],"picked":"Tools of the Trade","floor":16.0},{"not_picked":["Dagger Spray","Sucker Punch","Bane"],"picked":"SKIP","floor":18.0},{"not_picked":["Dagger Throw","Sucker Punch"],"picked":"Blade Dance","floor":19.0},{"not_picked":["Terror","Dagger Throw"],"picked":"Malaise","floor":24.0},{"not_picked":["Cloak And Dagger","Concentrate"],"picked":"Well Laid Plans","floor":25.0},{"not_picked":["Bane","Flechettes"],"picked":"Leg Sweep","floor":29.0},{"not_picked":["Backflip","Deadly Poison"],"picked":"Leg Sweep","floor":31.0},{"not_picked":["Unload","Tools of the Trade","Storm of Steel"],"picked":"Singing Bowl","floor":33.0},{"not_picked":["Acrobatics","Dagger Throw"],"picked":"Bouncing Flask+1","floor":35.0},{"not_picked":["Bane","Backflip","Dagger Throw"],"picked":"Singing Bowl","floor":37.0},{"not_picked":["Dagger Spray","Outmaneuver+1","Dodge and Roll"],"picked":"Singing Bowl","floor":40.0},{"not_picked":["Cloak And Dagger","Dagger Spray","Backflip"],"picked":"Singing Bowl","floor":44.0},{"not_picked":["Poisoned Stab","Acrobatics"],"picked":"Footwork","floor":46},{"not_picked":["Flechettes","Poisoned Stab","Choke+1"],"picked":"Singing Bowl","floor":48}],"player_experience":566693,"relics_obtained":[{"floor":6.0,"key":"Regal Pillow"},{"floor":8.0,"key":"Blue Candle"},{"floor":9.0,"key":"Orichalcum"},{"floor":11.0,"key":"MealTicket"},{"floor":14.0,"key":"Pear"},{"floor":20.0,"key":"Red Mask"},{"floor":24.0,"key":"Bird Faced Urn"},{"floor":26.0,"key":"Singing Bowl"},{"floor":40.0,"key":"White Beast Statue"},{"floor":43.0,"key":"Meat on the Bone"},{"floor":45.0,"key":"Pen Nib"}],"event_choices":[{"damage_healed":0.0,"max_hp_gain":0.0,"max_hp_loss":0.0,"gold_gain":0.0,"event_name":"Upgrade Shrine","player_choice":"Upgraded","floor":2.0,"gold_loss":0.0,"damage_taken":0.0,"cards_upgraded":["Neutralize"]},{"damage_healed":0.0,"max_hp_gain":0.0,"max_hp_loss":0.0,"gold_gain":0.0,"event_name":"Living Wall","player_choice":"Grow","floor":13.0,"gold_loss":0.0,"damage_taken":0.0,"cards_upgraded":["Glass Knife"]},{"damage_healed":0.0,"max_hp_gain":0.0,"max_hp_loss":0.0,"gold_gain":0.0,"event_name":"Masked Bandits","player_choice":"Fought Bandits","floor":20.0,"gold_loss":0.0,"damage_taken":0.0},{"damage_healed":0.0,"max_hp_gain":0.0,"max_hp_loss":0.0,"gold_gain":0.0,"event_name":"Addict","player_choice":"Obtained Relic","floor":21.0,"gold_loss":85.0,"damage_taken":0.0,"relics_obtained":["Letter Opener"]},{"damage_healed":0.0,"max_hp_gain":0.0,"max_hp_loss":0.0,"gold_gain":0.0,"event_name":"Knowing Skull","player_choice":"","floor":22.0,"potions_obtained":[],"gold_loss":0.0,"damage_taken":6.0,"cards_obtained":[]},{"cards_removed":["Strike_G"],"damage_healed":0.0,"max_hp_gain":0.0,"max_hp_loss":0.0,"gold_gain":0.0,"event_name":"Purifier","player_choice":"Purged","floor":36.0,"gold_loss":0.0,"damage_taken":0.0},{"cards_removed":["Flying Knee"],"damage_healed":0.0,"max_hp_gain":0.0,"max_hp_loss":0.0,"gold_gain":0.0,"event_name":"Falling","player_choice":"Removed Attack","floor":39.0,"gold_loss":0.0,"damage_taken":0.0}],"is_beta":false,"boss_relics":[{"not_picked":["Busted Crown","Ectoplasm"],"picked":"SacredBark"},{"not_picked":["Runic Pyramid","Ring of the Serpent"],"picked":"Coffee Dripper"}],"items_purged_floors":[28],"is_endless":false,"potions_floor_spawned":[4,6,8,16,25,31,33,35,40,44,46,48],"killed_by":"Donu and Deca","ascension_level":15}}