{"host":"Timothy","time":1610278242,"event":{"mods":["AchievementEnabler","BaseMod","Bestiary","Highlight Path","Minty Spire (QoL Compilation)","Quick Restart","Slay-I"],"gold_per_floor":[116,133,152,166,181,181,181,181,181,194,194,119,133,111,111,210,210,230,155,155,55,55,55,74,74,74,86,103,103,115,133,133,133,133],"floor_reached":33,"playtime":646,"items_purged":["Normality","Defend_R"],"score":241,"play_id":"0bafb3cd-e516-4ba2-8f7b-db268f9d4f78","local_time":"20210110033042","is_ascension_mode":false,"campfire_choices":[{"floor":6,"key":"REST"},{"data":"Whirlwind","floor":8,"key":"SMITH"},{"floor":11,"key":"REST"},{"data":"Whirlwind","floor":15,"key":"SMITH"},{"data":"Heavy Blade","floor":23,"key":"SMITH"},{"floor":25,"key":"REST"},{"floor":32,"key":"REST"}],"circlet_count":0,"master_deck":["Strike_R","Strike_R","Strike_R","Strike_R","Bash","Combust","Heavy Blade","Heavy Blade+1","Whirlwind+1","Whirlwind+1"],"relics":["Burning Blood","Thread and Needle","Mark of Pain","MutagenicStrength","Oddly Smooth Stone"],"acts_visited":["Exordium","TheCity"],"potions_floor_usage":[16,16,28,30,33,33],"damage_taken":[{"damage":13,"enemies":"Jaw Worm","floor":1,"turns":3},{"damage":7,"enemies":"Cultist","floor":2,"turns":3},{"damage":7,"enemies":"2 Louse","floor":3,"turns":3},{"damage":15,"enemies":"Exordium Thugs","floor":4,"turns":4},{"damage":14,"enemies":"2 Fungi Beasts","floor":5,"turns":3},{"damage":8,"enemies":"Blue Slaver","floor":10,"turns":2},{"damage":14,"enemies":"Red Slaver","floor":13,"turns":3},{"damage":35,"enemies":"Slime Boss","floor":16,"turns":6},{"damage":24,"enemies":"2 Thieves","floor":18,"turns":3},{"damage":18,"enemies":"Shell Parasite","floor":24,"turns":3},{"damage":17,"enemies":"Snake Plant","floor":27,"turns":3},{"damage":6,"enemies":"Cultist and Chosen","floor":28,"turns":3},{"damage":4,"enemies":"3 Cultists","floor":30,"turns":3},{"damage":6,"enemies":"Sentry and Sphere","floor":31,"turns":3},{"damage":96,"enemies":"Automaton","floor":33,"turns":8}],"seed_played":"-2689958343733141727","potions_obtained":[{"floor":2,"key":"Dexterity Potion"},{"floor":7,"key":"PowerPotion"},{"floor":7,"key":"LiquidBronze"},{"floor":7,"key":"ColorlessPotion"},{"floor":10,"key":"SteroidPotion"},{"floor":24,"key":"BloodPotion"},{"floor":28,"key":"DistilledChaos"},{"floor":30,"key":"BlessingOfTheForge"}],"is_trial":false,"path_per_floor":["M","M","M","M","M","R","?","R","T","M","R","$","M","?","R","B",null,"M","?","?","$","?","R","M","R","T","M","M","?","M","M","R","B"],"character_chosen":"IRONCLAD","items_purchased":[],"campfire_rested":4,"item_purchase_floors":[],"current_hp_per_floor":[73,72,71,62,54,78,78,78,78,76,80,80,72,72,72,43,80,62,62,62,62,62,62,50,74,74,63,63,63,65,65,80,0,0],"gold":133,"neow_bonus":"TRANSFORM_TWO_CARDS","is_daily":false,"chose_seed":false,"campfire_upgraded":3,"win_rate":0.0,"timestamp":1610278242,"path_taken":["M","M","M","M","M","R","?","R","T","M","R","$","?","?","R","BOSS","M","?","?","$","?","R","?","R","T","M","M","?","M","M","R","BOSS"],"items_purchased_type":[],"build_version":"2020-12-18","purchased_purges":2,"victory":false,"max_hp_per_floor":[80,80,80,80,80,80,80,80,80,80,80,80,80,80,80,80,80,80,80,80,80,80,80,80,80,80,80,80,80,80,80,80,80,80],"card_choices":[{"not_picked":["Power Through","Clash"],"picked":"Heavy Blade","floor":1},{"not_picked":["Clash","Armaments"],"picked":"Whirlwind","floor":2},{"not_picked":["Wild Strike","Body Slam","Second Wind"],"picked":"SKIP","floor":3},{"not_picked":["Power Through","Dual Wield","Reaper"],"picked":"SKIP","floor":4},{"not_picked":["Rupture","Anger","Shrug It Off"],"picked":"SKIP","floor":5},{"not_picked":["Sentinel","Hemokinesis"],"picked":"Whirlwind","floor":10},{"not_picked":["Rupture","Cleave","Intimidate"],"picked":"SKIP","floor":13},{"not_picked":["Sentinel","Havoc","Wild Strike"],"picked":"SKIP","floor":18},{"not_picked":["Pommel Strike","Clothesline","Sword Boomerang"],"picked":"SKIP","floor":24},{"not_picked":["Warcry","Bloodletting","Body Slam+1"],"picked":"SKIP","floor":27},{"not_picked":["Sever Soul","Rage","Armaments"],"picked":"SKIP","floor":28},{"not_picked":["Iron Wave","Fire Breathing+1","Twin Strike"],"picked":"SKIP","floor":30},{"not_picked":["Seeing Red","Iron Wave","Ghostly Armor"],"picked":"SKIP","floor":31}],"player_experience":800610,"relics_obtained":[{"floor":9,"key":"Thread and Needle"},{"floor":26,"key":"Oddly Smooth Stone"}],"event_choices":[{"damage_healed":0,"gold_gain":0,"player_choice":"Got Potions","damage_taken":0,"max_hp_gain":0,"max_hp_loss":0,"event_name":"Lab","floor":7,"gold_loss":0},{"damage_healed":0,"gold_gain":0,"player_choice":"Left Gold","damage_taken":0,"max_hp_gain":0,"max_hp_loss":0,"event_name":"World of Goop","floor":14,"gold_loss":22},{"cards_removed":["Defend_R"],"damage_healed":0,"gold_gain":0,"player_choice":"Gave Gold","damage_taken":0,"max_hp_gain":0,"max_hp_loss":0,"event_name":"Beggar","floor":19,"gold_loss":75},{"damage_healed":0,"gold_gain":0,"player_choice":"Inject Mutagens","damage_taken":0,"relics_obtained":["MutagenicStrength"],"max_hp_gain":0,"max_hp_loss":0,"event_name":"Drug Dealer","floor":20,"gold_loss":0},{"cards_removed":["Strike_R"],"damage_healed":0,"gold_gain":0,"player_choice":"Offered Basic","damage_taken":0,"max_hp_gain":0,"max_hp_loss":0,"event_name":"Bonfire Elementals","floor":22,"gold_loss":0},{"damage_healed":0,"gold_gain":0,"player_choice":"Ignored","damage_taken":0,"max_hp_gain":0,"max_hp_loss":0,"event_name":"Vampires","floor":29,"gold_loss":0}],"is_beta":true,"boss_relics":[{"not_picked":["Black Blood","Runic Cube"],"picked":"Mark of Pain"}],"items_purged_floors":[12,21],"is_endless":false,"potions_floor_spawned":[2,10,13,24,28,30],"killed_by":"Automaton","ascension_level":0}}