{"host":"dlskvfecb6rtl9z1","time":1610316607,"event":{"mods":["2.2 Compatiblity","AchievementEnabler","Aspiration","BaseMod","Better Third Choice","Colored Map","Colored Powertips","Downfall","Duelist Mod","Hermit","Hubris","Infinite Spire","KinomotoSakuraMod(????)","Koishi","Marisa????????","Minty Spire (QoL Compilation)","Remilia??????","Replay The Spire","Shop Mod","StSLib","Td1madao Mod","The Administrix","The Bug Knight","The Construct","The Cursed","The Disciple","The Hierophant","The Jungle","The Mystic","The Necromancer","The Runesmith","The Senshi","The Servant 0.9.4"],"gold_per_floor":[116,116,136,136,56,90,104,134,213,229,229,229,229,6,6,102,102,120,120,120,120,137,137,164,179,179,179,179,179,199,234,234,353,353,391,435,435,435,43,43,75,75,75,75,91,91,91,132,132,132,132,132,81,111,111],"floor_reached":56,"playtime":3697,"items_purged":["Strike_R","Strike_R","Defend_R"],"score":1846,"play_id":"3e53aa25-cdcf-40ca-88d4-ca9d9206bbd0","local_time":"20210111001007","is_ascension_mode":true,"campfire_choices":[{"data":"Carnage","floor":13.0,"key":"SMITH"},{"data":"True Grit","floor":15.0,"key":"SMITH"},{"data":"Bludgeon","floor":23.0,"key":"SMITH"},{"data":"Battle Trance","floor":28.0,"key":"SMITH"},{"data":"Warcry","floor":32.0,"key":"SMITH"},{"floor":40,"key":"REST"},{"floor":42,"key":"RECALL"},{"floor":46,"key":"REST"},{"floor":49,"key":"REST"},{"floor":52,"key":"REST"}],"circlet_count":0,"master_deck":["Strike_R","Strike_R","Strike_R","Defend_R","Defend_R+1","Bash","True Grit+1","Carnage+1","Armaments+1","Battle Trance+1","Bludgeon+1","Double Tap+1","Warcry+1","MysteriousBeam+1","infinitespire:Gouge","Evolve+1"],"relics":["Burning Blood","aspiration:Nostalgia","theDuelist:CardPoolBasicRelic","infinitespire:Golems Mask","aspiration:TomeofQuesting","Sundial","Akabeko","Tiny Chest","infinitespire:Burning Sword","hubris:Towel","PrismaticShard","Thread and Needle","HollowMod:LifeEnderRelic","aspiration:RitualDagger","infinitespire:BottledMercury","theSenshi:FeatherClipsRelic","infinitespire:EvilPickle","Fusion Hammer","hubris:MedicalManual","hubris:ChampionShield","infinitespire:Bottled Soul","hubris:ToyBattleship","War Paint"],"acts_visited":["Exordium","TheCity","TheBeyond","TheEnding"],"potions_floor_usage":[50,50,50,55],"damage_taken":[{"damage":2.0,"enemies":"Jaw Worm","floor":1.0,"turns":3.0},{"damage":14.0,"enemies":"2 Louse","floor":3.0,"turns":2.0},{"damage":25.0,"enemies":"3 Sentries","floor":6.0,"turns":6.0},{"damage":0.0,"enemies":"Small Slimes","floor":7.0,"turns":2.0},{"damage":56.0,"enemies":"HollowMod:MossKnight","floor":8.0,"turns":10.0},{"damage":7.0,"enemies":"3 Louse","floor":10.0,"turns":3.0},{"damage":45.0,"enemies":"Fading Forest","floor":16.0,"turns":11.0},{"damage":16.0,"enemies":"Shell Parasite","floor":18.0,"turns":2.0},{"damage":16.0,"enemies":"Cultist and Chosen","floor":22.0,"turns":3.0},{"damage":18.0,"enemies":"Book of Stabbing","floor":24.0,"turns":3.0},{"damage":0.0,"enemies":"Snecko","floor":25.0,"turns":2.0},{"damage":9.0,"enemies":"3 Cultists","floor":30.0,"turns":3.0},{"damage":20.0,"enemies":"theDuelist:KaibaA2","floor":31.0,"turns":2.0},{"damage":90.0,"enemies":"Pondfish","floor":33.0,"turns":7.0},{"damage":29.0,"enemies":"3 Darklings","floor":35.0,"turns":3.0},{"damage":13,"enemies":"3 Shapes","floor":36,"turns":3},{"damage":11,"enemies":"Reptomancer","floor":41,"turns":2},{"damage":9,"enemies":"Maw","floor":45,"turns":3},{"damage":19,"enemies":"Giant Head","floor":48,"turns":4},{"damage":42,"enemies":"hubris:GrandSnecko","floor":50,"turns":6},{"damage":59,"enemies":"Shield and Spear","floor":54,"turns":3},{"damage":79,"enemies":"The Heart","floor":55,"turns":5}],"seed_played":"-554547850995916570","potions_obtained":[{"floor":1.0,"key":"AttackPotion"},{"floor":3.0,"key":"champ:CounterPotion"},{"floor":8.0,"key":"Strength Potion"},{"floor":25.0,"key":"SkillPotion"},{"floor":30.0,"key":"Adrenaline Potion"},{"floor":31.0,"key":"AttackPotion"},{"floor":41,"key":"BlessingOfTheForge"},{"floor":54,"key":"Dexterity Potion"}],"is_trial":false,"path_per_floor":["M","?","M","?","$","E","M","E","T","M","?","?","R","$","R","B",null,"M","?","?","?","M","R","E","M","T","AVR","R","T","M","E","R","B",null,"M","M","?","?","$","R","E","R","T","?","M","R","T","E","R","B",null,"R","$","E","B",null],"character_chosen":"IRONCLAD","items_purchased":["Battle Trance","Tiny Chest","hubris:MedicalManual","Evolve+1"],"campfire_rested":4,"item_purchase_floors":[5,14,39,53],"current_hp_per_floor":[80,85,77,77,77,58,64,14,14,13,10,35,35,35,35,16,68,58,67,67,59,49,49,37,43,43,43,43,43,40,26,26,64,80,85,85,64,64,64,85,85,85,85,81,81,81,81,81,81,81,81,81,81,63,73],"gold":111,"neow_bonus":"NOSTALGIA","is_daily":false,"chose_seed":false,"campfire_upgraded":5,"win_rate":0.0,"timestamp":1610316607,"path_taken":["M","?","M","?","$","E","M","E","T","M","?","?","R","$","R","BOSS","M","?","?","?","M","R","E","M","T","AVR","R","?","M","E","R","BOSS","M","M","?","?","$","R","E","R","T","?","M","R","?","E","R","BOSS","R","$","E","BOSS"],"items_purchased_type":["Card","Relic","Relic","Card"],"build_version":"2020-12-22","purchased_purges":3,"victory":true,"max_hp_per_floor":[80,85,85,85,85,85,85,85,85,85,85,85,85,85,85,85,85,85,85,85,85,85,85,85,85,85,85,85,85,85,85,85,85,85,85,85,85,85,85,85,85,85,85,81,81,81,81,81,81,81,81,81,81,81,81],"card_choices":[{"not_picked":["Run Through","Heavy Blade"],"picked":"True Grit","floor":1.0},{"not_picked":["Havoc","Perfected Strike"],"picked":"Carnage","floor":3.0},{"not_picked":["Dark Embrace","Combust"],"picked":"Bludgeon","floor":6.0},{"not_picked":["Perfected Strike","True Grit","Infernal Blade"],"picked":"SKIP","floor":7.0},{"not_picked":["Clothesline","Warcry","hubris:SharpeningStone"],"picked":"SKIP","floor":8.0},{"not_picked":["Massacre","Clothesline","Clash"],"picked":"SKIP","floor":10.0},{"not_picked":["Barricade","Feed"],"picked":"Double Tap","floor":16.0},{"not_picked":["Clothesline","Flame Barrier"],"picked":"Warcry","floor":18.0},{"not_picked":["theDuelist:PredaplantChlamydosundew+1","theDuelist:ShiranuiSquiresaga","Ragnarok"],"picked":"SKIP","floor":22.0},{"not_picked":["theDuelist:GhostrickMuseum","theDuelist:AquaDolphin","Guardian:WalkerClaw+1"],"picked":"SKIP","floor":24.0},{"not_picked":["theDuelist:DrivenDaredevil","DoubleSpark","theDuelist:ArmoredStarfish"],"picked":"SKIP","floor":25.0},{"not_picked":["DoubleSpark","hierophant:Chorus+1","mysticmod:FloatingDisk"],"picked":"SKIP","floor":30.0},{"not_picked":["ClowCardTheRain","expansioncontent:HyperBeam"],"picked":"MysteriousBeam+1","floor":31.0},{"not_picked":["theDuelist:GateBlocker","hierophant:Determination","Money Cant Rescue"],"picked":"SKIP","floor":35},{"not_picked":["hermit:PistolWhip+1","mysticmod:CorrosiveTouch+1","theDuelist:BusterDrake"],"picked":"SKIP","floor":36},{"not_picked":["infinitespire:Starlight","infinitespire:SevenWalls"],"picked":"infinitespire:Gouge","floor":37},{"not_picked":["CharismaGuard+1","Dagger Throw+1","Fragmentalize"],"picked":"SKIP","floor":41},{"not_picked":["Koishi:UnconsciousUprising+1","sneckomod:UnknownClassHIEROPHANT_GOLD_COLOR","theDuelist:EnmaJudgement+1"],"picked":"SKIP","floor":45},{"not_picked":["TheWorld","EndlessAdversity","construct:PointDefense"],"picked":"SKIP","floor":48},{"not_picked":["Koishi:CatchAndRose","hierophant:MorningPrayer","Runesmith:LithiumIon+1"],"picked":"SKIP","floor":54}],"player_experience":125567,"relics_obtained":[{"floor":6.0,"key":"infinitespire:Golems Mask"},{"floor":8.0,"key":"aspiration:TomeofQuesting"},{"floor":9.0,"key":"Sundial"},{"floor":21.0,"key":"PrismaticShard"},{"floor":24.0,"key":"Thread and Needle"},{"floor":26.0,"key":"HollowMod:LifeEnderRelic"},{"floor":29.0,"key":"infinitespire:BottledMercury"},{"floor":31.0,"key":"theSenshi:FeatherClipsRelic"},{"floor":41,"key":"hubris:ChampionShield"},{"floor":43,"key":"infinitespire:Bottled Soul"},{"floor":48,"key":"hubris:ToyBattleship"},{"floor":54,"key":"War Paint"}],"event_choices":[{"damage_healed":0.0,"max_hp_gain":5.0,"max_hp_loss":0.0,"gold_gain":0.0,"event_name":"Big Fish","player_choice":"Donut","floor":2.0,"gold_loss":0.0,"damage_taken":0.0},{"damage_healed":0.0,"max_hp_gain":0.0,"max_hp_loss":0.0,"gold_gain":0.0,"event_name":"betterThird:BetterScrap","player_choice":"Relic ","floor":11.0,"gold_loss":0.0,"damage_taken":3.0,"cards_obtained":["ReplaySort"]},{"damage_healed":0,"gold_gain":0,"player_choice":"Max HP","damage_taken":0,"max_hp_gain":0,"max_hp_loss":4,"event_name":"Winding Halls","floor":44,"gold_loss":0}],"is_beta":false,"boss_relics":[{"not_picked":["ReplayTheSpireMod:DimensionalGlitch","Pandora\u0027s Box"],"picked":"infinitespire:Burning Sword"},{"not_picked":["Runesmith:UraniumAnvil","Abe\u0027s Treasure"],"picked":"Fusion Hammer"}],"items_purged_floors":[14,27,39],"is_endless":false,"potions_floor_spawned":[1,3,8,25,30,31,41,48,54],"ascension_level":5}}