{"host":"sav7uxregyirlf69","time":1610290521,"event":{"mods":["AchievementEnabler","BaseMod","Colored Map","DeckTracker","Keyboard Shortcuts","Minty Spire (QoL Compilation)","READ ME - Guardian Mod","StSLib","SuperFastMode"],"gold_per_floor":[218,168,168,243,21,21,21,41,94,94,112,138,157,174,174,174,174],"floor_reached":16,"playtime":306,"items_purged":["Defend_G"],"score":150,"play_id":"6c4beb19-34de-4e0b-9c6e-19122364db1b","local_time":"20210110235521","is_ascension_mode":true,"campfire_choices":[{"data":"Neutralize","floor":6,"key":"SMITH"},{"data":"Phantasmal Killer","floor":15,"key":"SMITH"}],"circlet_count":0,"master_deck":["AscendersBane","Strike_G","Strike_G","Strike_G","Defend_G","Defend_G","Defend_G","Defend_G","Survivor","Neutralize+1","Blade Dance","All Out Attack","Well Laid Plans","Quick Slash","Phantasmal Killer+1","PiercingWail"],"relics":["Ring of the Snake","ClockworkSouvenir","Blood Vial","Nunchaku","Tiny Chest"],"acts_visited":["Exordium"],"potions_floor_usage":[16],"damage_taken":[{"damage":0,"enemies":"2 Louse","floor":1,"turns":4},{"damage":2,"enemies":"Small Slimes","floor":8,"turns":4},{"damage":1,"enemies":"Jaw Worm","floor":11,"turns":3},{"damage":24,"enemies":"Lagavulin","floor":12,"turns":8},{"damage":0,"enemies":"Exordium Wildlife","floor":13,"turns":4},{"damage":3,"enemies":"Red Slaver","floor":14,"turns":3},{"damage":20,"enemies":"Hexaghost","floor":16,"turns":11}],"seed_played":"7254109996732453827","potions_obtained":[{"floor":12,"key":"ColorlessPotion"},{"floor":13,"key":"SpeedPotion"},{"floor":14,"key":"ColorlessPotion"}],"is_trial":false,"path_per_floor":["M","?","?","?","$","R","?","M","T","?","M","E","M","M","R","B"],"character_chosen":"THE_SILENT","items_purchased":["ClockworkSouvenir"],"campfire_rested":0,"item_purchase_floors":[5],"current_hp_per_floor":[63,63,68,57,57,57,57,55,55,37,38,16,18,17,17,0,0],"gold":174,"neow_bonus":"HUNDRED_GOLD","is_daily":false,"chose_seed":false,"campfire_upgraded":2,"win_rate":0.0,"timestamp":1610290521,"path_taken":["M","?","?","?","$","R","?","M","T","?","M","E","M","?","R","BOSS"],"items_purchased_type":["Relic"],"build_version":"2020-12-22","purchased_purges":1,"victory":false,"max_hp_per_floor":[70,70,75,75,75,75,75,75,75,75,75,75,75,75,75,75,75],"card_choices":[{"not_picked":["Acrobatics","Distraction"],"picked":"Blade Dance","floor":1},{"not_picked":["Heel Hook","Backstab"],"picked":"Well Laid Plans","floor":8},{"not_picked":["Outmaneuver","Dodge and Roll"],"picked":"Quick Slash","floor":11},{"not_picked":["Choke","Burst"],"picked":"Phantasmal Killer","floor":12},{"not_picked":["Sucker Punch","Skewer"],"picked":"PiercingWail","floor":13},{"not_picked":["Underhanded Strike","Endless Agony","Quick Slash"],"picked":"SKIP","floor":14}],"player_experience":1232598,"relics_obtained":[{"floor":9,"key":"Blood Vial"},{"floor":12,"key":"Tiny Chest"}],"event_choices":[{"cards_removed":["Strike_G"],"damage_healed":0,"gold_gain":0,"player_choice":"Card Removal","damage_taken":0,"max_hp_gain":0,"max_hp_loss":0,"event_name":"The Cleric","floor":2,"gold_loss":50},{"damage_healed":0,"gold_gain":0,"player_choice":"Donut","damage_taken":0,"max_hp_gain":5,"max_hp_loss":0,"event_name":"Big Fish","floor":3,"gold_loss":0},{"damage_healed":0,"gold_gain":75,"player_choice":"Gather Gold","damage_taken":11,"max_hp_gain":0,"max_hp_loss":0,"event_name":"World of Goop","floor":4,"gold_loss":0},{"damage_healed":0,"gold_gain":0,"cards_transformed":["Strike_G"],"player_choice":"Change","damage_taken":0,"max_hp_gain":0,"max_hp_loss":0,"event_name":"Living Wall","floor":7,"gold_loss":0,"cards_obtained":["All Out Attack"]},{"damage_healed":0,"gold_gain":0,"player_choice":"Success","damage_taken":18,"relics_obtained":["Nunchaku"],"max_hp_gain":0,"max_hp_loss":0,"event_name":"Scrap Ooze","floor":10,"gold_loss":0}],"is_beta":false,"boss_relics":[],"items_purged_floors":[5],"is_endless":false,"potions_floor_spawned":[12,13,14],"killed_by":"Hexaghost","ascension_level":10}}