{"host":"dw8ij7emqco3quom","time":1610291926,"event":{"mods":["BaseMod","Minty Spire (QoL Compilation)"],"gold_per_floor":[114,189,189,202,107,140,140,140,140,155,169,24,68,81,81,201,201,215,229,229,229,250,250,250,250],"floor_reached":24,"playtime":1481,"items_purged":["Strike_B"],"score":277,"play_id":"c80c747a-7c56-4307-92d7-4ff8f69109c1","local_time":"20210110161846","is_ascension_mode":true,"campfire_choices":[{"data":"Zap","floor":8,"key":"SMITH"},{"data":"Defragment","floor":15,"key":"SMITH"},{"floor":23,"key":"RECALL"}],"circlet_count":0,"master_deck":["Strike_B","Strike_B","Strike_B","Defend_B","Defend_B","Defend_B","Defend_B","Zap+1","Dualcast","Melter","Injury","Darkness","Self Repair","Ball Lightning","Conserve Battery","Rebound","Defragment+1","BootSequence","Glacier","Multi-Cast+1","Redo+1","Undo+1"],"relics":["Cracked Core","NeowsBlessing","Golden Idol","Bottled Flame","FossilizedHelix","Du-Vu Doll","Cursed Key"],"acts_visited":["Exordium","TheCity"],"potions_floor_usage":[16,18,22,22,24],"damage_taken":[{"damage":0,"enemies":"2 Louse","floor":1,"turns":1},{"damage":0,"enemies":"Jaw Worm","floor":4,"turns":1},{"damage":0,"enemies":"Gremlin Nob","floor":6,"turns":1},{"damage":0,"enemies":"Small Slimes","floor":10,"turns":3},{"damage":0,"enemies":"Exordium Wildlife","floor":11,"turns":2},{"damage":23,"enemies":"3 Sentries","floor":13,"turns":7},{"damage":3,"enemies":"Red Slaver","floor":14,"turns":4},{"damage":12,"enemies":"Slime Boss","floor":16,"turns":8},{"damage":30,"enemies":"3 Byrds","floor":18,"turns":4},{"damage":0,"enemies":"Spheric Guardian","floor":19,"turns":2},{"damage":0,"enemies":"Centurion and Healer","floor":22,"turns":4},{"damage":62,"enemies":"Gremlin Leader","floor":24,"turns":5}],"seed_played":"5955726972950221426","potions_obtained":[{"floor":1,"key":"SneckoOil"},{"floor":10,"key":"LiquidMemories"},{"floor":14,"key":"SteroidPotion"},{"floor":18,"key":"Fire Potion"},{"floor":19,"key":"AttackPotion"}],"is_trial":false,"path_per_floor":["M","?","?","M","$","E","?","R","T","M","M","$","E","M","R","B",null,"M","M","?","$","M","R","E"],"character_chosen":"DEFECT","items_purchased":["Self Repair","Ball Lightning","Defragment"],"campfire_rested":0,"item_purchase_floors":[5,5,12],"current_hp_per_floor":[75,64,64,64,64,64,64,64,64,71,75,75,59,63,63,58,75,52,52,52,52,52,52,0,0],"gold":250,"neow_bonus":"THREE_ENEMY_KILL","is_daily":false,"chose_seed":false,"campfire_upgraded":2,"win_rate":0.0,"timestamp":1610291926,"path_taken":["M","?","?","M","$","E","?","R","T","M","?","$","E","M","R","BOSS","M","M","?","$","M","R","E"],"items_purchased_type":["Card","Card","Card"],"build_version":"2020-12-22","purchased_purges":1,"victory":false,"max_hp_per_floor":[75,75,75,75,75,75,75,75,75,75,75,75,75,75,75,75,75,75,75,75,75,75,75,75,75],"card_choices":[{"not_picked":["Recycle","Leap"],"picked":"Melter","floor":1},{"not_picked":["Loop","Rip and Tear"],"picked":"Darkness","floor":4},{"not_picked":["Hyperbeam","Gash"],"picked":"Conserve Battery","floor":6},{"not_picked":["Ball Lightning","Leap"],"picked":"Rebound","floor":10},{"not_picked":["Turbo","Compile Driver","Aggregate"],"picked":"SKIP","floor":11},{"not_picked":["All For One","Force Field"],"picked":"BootSequence","floor":13},{"not_picked":["Rebound","Steam"],"picked":"Glacier","floor":14},{"not_picked":["Biased Cognition","Core Surge"],"picked":"Multi-Cast","floor":16},{"not_picked":["Compile Driver","Cold Snap"],"picked":"Redo+1","floor":18},{"not_picked":["Compile Driver","Go for the Eyes","Hologram"],"picked":"SKIP","floor":19},{"not_picked":["Leap","Compile Driver"],"picked":"Undo+1","floor":22}],"player_experience":641021,"relics_obtained":[{"floor":6,"key":"Bottled Flame"},{"floor":9,"key":"FossilizedHelix"},{"floor":13,"key":"Du-Vu Doll"}],"event_choices":[{"damage_healed":0,"gold_gain":75,"player_choice":"Gather Gold","damage_taken":11,"max_hp_gain":0,"max_hp_loss":0,"event_name":"World of Goop","floor":2,"gold_loss":0},{"damage_healed":0,"gold_gain":0,"player_choice":"Take Wound","damage_taken":0,"relics_obtained":["Golden Idol"],"max_hp_gain":0,"max_hp_loss":0,"event_name":"Golden Idol","floor":3,"gold_loss":0,"cards_obtained":["Injury"]},{"damage_healed":0,"gold_gain":0,"player_choice":"Ignored","damage_taken":0,"max_hp_gain":0,"max_hp_loss":0,"event_name":"Liars Game","floor":7,"gold_loss":0},{"damage_healed":0,"gold_gain":0,"player_choice":"Upgraded","damage_taken":0,"max_hp_gain":0,"max_hp_loss":0,"event_name":"Upgrade Shrine","floor":20,"gold_loss":0,"cards_upgraded":["Multi-Cast"]}],"is_beta":false,"boss_relics":[{"not_picked":["Sozu","Black Star"],"picked":"Cursed Key"}],"items_purged_floors":[12],"is_endless":false,"potions_floor_spawned":[1,10,14,18,19],"killed_by":"Gremlin Leader","ascension_level":4}}