{"host":"2sr8q4b3ioepghas","time":1610251971,"event":{"mods":["BaseMod","Bestiary","Colored Map","Curses Come First","FTL Soundtrack","Minty Spire (QoL Compilation)","Permanent Neow","Quick Restart","Rare Cards Sparkle","StSLib","UnlockEverythingMod"],"gold_per_floor":[116,116,191,341,28,63,63,78,78,3,3,72,91,126,126,202,202,212,223,223,242,255,255,284,304,349,349,349,349],"floor_reached":28,"playtime":1065,"items_purged":["Doubt"],"score":542,"play_id":"ce689c8e-f605-42f5-b994-71035f89431a","local_time":"20210110141251","is_ascension_mode":true,"campfire_choices":[{"data":"Zap","floor":7,"key":"SMITH"},{"data":"Sunder","floor":11,"key":"SMITH"},{"data":"Hologram","floor":15,"key":"SMITH"},{"data":"Defragment","floor":23,"key":"SMITH"},{"data":"Genetic Algorithm","floor":27,"key":"SMITH"}],"circlet_count":0,"master_deck":["AscendersBane","Strike_B","Strike_B","Strike_B","Strike_B","Defend_B","Defend_B","Defend_B","Defend_B","Zap+1","Dualcast","All For One","FTL","Sunder+1","Beam Cell","Hologram+1","Genetic Algorithm+1","Echo Form","Go for the Eyes+1","Ghostly","Ghostly","Ghostly","Self Repair","Defragment+1","Capacitor"],"relics":["Cracked Core","Cables","Incense Burner","Akabeko","Molten Egg 2","Centennial Puzzle","Snecko Eye","Pear","CeramicFish"],"acts_visited":["TheCity"],"potions_floor_usage":[16,24,28],"damage_taken":[{"damage":9,"enemies":"Jaw Worm","floor":1,"turns":4},{"damage":32,"enemies":"Gremlin Nob","floor":6,"turns":4},{"damage":0,"enemies":"2 Louse","floor":8,"turns":2},{"damage":0,"enemies":"Cultist","floor":13,"turns":1},{"damage":0,"enemies":"3 Sentries","floor":14,"turns":5},{"damage":21,"enemies":"Hexaghost","floor":16,"turns":9},{"damage":0,"enemies":"Spheric Guardian","floor":18,"turns":3},{"damage":16,"enemies":"Shell Parasite","floor":19,"turns":2},{"damage":26,"enemies":"3 Cultists","floor":21,"turns":5},{"damage":2,"enemies":"Centurion and Healer","floor":22,"turns":4},{"damage":3,"enemies":"Book of Stabbing","floor":24,"turns":6},{"damage":5,"enemies":"Snecko","floor":25,"turns":5},{"damage":12,"enemies":"Cultist and Chosen","floor":28,"turns":5}],"seed_played":"4005978651721623545","potions_obtained":[{"floor":1,"key":"LiquidMemories"},{"floor":8,"key":"Fruit Juice"},{"floor":22,"key":"DistilledChaos"},{"floor":24,"key":"SpeedPotion"}],"is_trial":false,"path_per_floor":["M","?","?","?","$","E","R","M","T","$","R","T","M","E","R","B",null,"M","M","?","M","M","R","E","M","T","R","M"],"character_chosen":"DEFECT","items_purchased":["Cables","FTL"],"campfire_rested":0,"item_purchase_floors":[5,5],"current_hp_per_floor":[55,60,49,49,49,17,17,17,17,17,17,17,17,17,17,1,56,56,40,37,11,9,9,16,11,11,11,0,0],"gold":349,"neow_bonus":"THREE_RARE_CARDS","is_daily":false,"chose_seed":false,"campfire_upgraded":5,"win_rate":0.0,"timestamp":1610251971,"path_taken":["M","?","?","?","$","E","R","M","T","$","R","?","M","E","R","BOSS","M","?","?","M","M","R","E","M","T","R","M"],"items_purchased_type":["Relic","Card"],"build_version":"2020-12-22","purchased_purges":1,"victory":false,"max_hp_per_floor":[64,69,69,69,69,69,69,69,69,69,69,69,69,69,69,74,74,74,74,37,37,37,37,47,47,47,47,47,47],"card_choices":[{"not_picked":["Machine Learning","Core Surge"],"picked":"All For One","floor":0},{"not_picked":["Double Energy","Leap","Redo"],"picked":"SKIP","floor":1},{"not_picked":["Conserve Battery","Fusion"],"picked":"Sunder","floor":6},{"not_picked":["Consume","Stack"],"picked":"Beam Cell","floor":8},{"not_picked":["Compile Driver+1","Darkness"],"picked":"Hologram","floor":13},{"not_picked":["Amplify","Rebound+1"],"picked":"Genetic Algorithm","floor":14},{"not_picked":["Hyperbeam+1","Seek"],"picked":"Echo Form","floor":16},{"not_picked":["Steam","BootSequence"],"picked":"Go for the Eyes+1","floor":18},{"not_picked":["Go for the Eyes+1","Conserve Battery","Streamline+1"],"picked":"SKIP","floor":19},{"not_picked":["Cold Snap+1","Sweeping Beam+1"],"picked":"Self Repair","floor":21},{"not_picked":["Hologram","Undo"],"picked":"Defragment","floor":22},{"not_picked":["Amplify","Stack+1"],"picked":"Capacitor","floor":24},{"not_picked":["Rebound+1","Hello World","Leap"],"picked":"SKIP","floor":25}],"player_experience":42005,"relics_obtained":[{"floor":6,"key":"Incense Burner"},{"floor":9,"key":"Akabeko"},{"floor":12,"key":"Molten Egg 2"},{"floor":14,"key":"Centennial Puzzle"},{"floor":24,"key":"Pear"},{"floor":26,"key":"CeramicFish"}],"event_choices":[{"damage_healed":0,"gold_gain":0,"player_choice":"Donut","damage_taken":0,"max_hp_gain":5,"max_hp_loss":0,"event_name":"Big Fish","floor":2,"gold_loss":0},{"damage_healed":0,"gold_gain":75,"player_choice":"Gather Gold","damage_taken":11,"max_hp_gain":0,"max_hp_loss":0,"event_name":"World of Goop","floor":3,"gold_loss":0},{"damage_healed":0,"gold_gain":150,"player_choice":"AGREE","damage_taken":0,"max_hp_gain":0,"max_hp_loss":0,"event_name":"Liars Game","floor":4,"gold_loss":0,"cards_obtained":["Doubt"]},{"damage_healed":0,"gold_gain":0,"player_choice":"Became a Ghost","damage_taken":0,"max_hp_gain":0,"max_hp_loss":37,"event_name":"Ghosts","floor":20,"gold_loss":0,"cards_obtained":["Ghostly","Ghostly","Ghostly"]}],"is_beta":false,"boss_relics":[{"not_picked":["Black Star","Busted Crown"],"picked":"Snecko Eye"}],"items_purged_floors":[10],"is_endless":false,"potions_floor_spawned":[1,8,22,24],"killed_by":"Cultist and Chosen","ascension_level":20}}