{"host":"vjza61176pkzgzt7","time":1610253010,"event":{"mods":["BaseMod","Better Third Choice","Minty Spire (QoL Compilation)","StSLib","The Forsaken","The Senshi"],"gold_per_floor":[113,130,9,24,42,67,67,95,95,95,0,0,0,0],"floor_reached":13,"playtime":1605,"items_purged":[],"score":93,"play_id":"94808bff-262c-4356-8004-3784cb2534b0","local_time":"20210109223010","is_ascension_mode":false,"campfire_choices":[{"floor":7,"key":"REST"},{"floor":10,"key":"RECALL"}],"circlet_count":0,"master_deck":["Strike_R","Strike_R","Strike_R","Strike_R","Strike_R","Defend_R","Defend_R","Defend_R","Defend_R","Bash","Rupture","Armaments","Shrug It Off","Bloodletting","Enlightenment"],"relics":["Burning Blood","Potion Belt","Blood Vial","theForsaken:Gavel"],"acts_visited":["Exordium"],"potions_floor_usage":[5,6,6,6,8,8,8],"damage_taken":[{"damage":6,"enemies":"Cultist","floor":1,"turns":4},{"damage":20,"enemies":"Jaw Worm","floor":2,"turns":4},{"damage":0,"enemies":"Small Slimes","floor":4,"turns":5},{"damage":12,"enemies":"Blue Slaver","floor":5,"turns":2},{"damage":30,"enemies":"Lagavulin","floor":6,"turns":7},{"damage":17,"enemies":"Gremlin Nob","floor":8,"turns":3},{"damage":70,"enemies":"3 Sentries","floor":13,"turns":12}],"seed_played":"2928941654179838429","potions_obtained":[{"floor":2,"key":"Explosive Potion"}],"is_trial":false,"path_per_floor":["M","M","$","M","M","E","R","E","T","R","?","$","E"],"character_chosen":"IRONCLAD","items_purchased":["Shrug It Off","EntropicBrew"],"campfire_rested":1,"item_purchase_floors":[3,3],"current_hp_per_floor":[80,66,66,72,66,47,71,62,62,62,68,68,0,0],"gold":0,"neow_bonus":"RANDOM_COMMON_RELIC","is_daily":false,"chose_seed":false,"campfire_upgraded":0,"win_rate":0.0,"timestamp":1610253010,"path_taken":["M","M","$","M","?","E","R","E","T","R","?","?","E"],"items_purchased_type":["Card","Potion"],"build_version":"2020-12-22","purchased_purges":0,"victory":false,"max_hp_per_floor":[80,80,80,80,80,80,80,80,80,80,86,86,86,86],"card_choices":[{"not_picked":["Sword Boomerang","Hemokinesis"],"picked":"Rupture","floor":1},{"not_picked":["Twin Strike","Whirlwind"],"picked":"Armaments","floor":2},{"not_picked":["Body Slam","Shrug It Off","Metallicize"],"picked":"SKIP","floor":4},{"not_picked":["Metallicize","Blood for Blood"],"picked":"Bloodletting","floor":5},{"not_picked":["Body Slam","Reckless Charge","Clash"],"picked":"SKIP","floor":6},{"not_picked":["Armaments","Battle Trance","Sword Boomerang"],"picked":"SKIP","floor":8}],"player_experience":207023,"relics_obtained":[{"floor":6,"key":"Blood Vial"},{"floor":8,"key":"theForsaken:Gavel"}],"event_choices":[{"damage_healed":0,"gold_gain":0,"player_choice":"RENOUNCE","damage_taken":95,"max_hp_gain":0,"max_hp_loss":0,"event_name":"betterThird:BetterSerpent","floor":11,"gold_loss":95,"cards_obtained":["Enlightenment"]}],"is_beta":false,"boss_relics":[],"items_purged_floors":[],"is_endless":false,"potions_floor_spawned":[2],"killed_by":"3 Sentries","ascension_level":0}}