{"host":"9cyo9hnjhojz9htx","time":1610294350,"event":{"mods":["BaseMod","Colored Powertips","Downfall","Hermit","Lobotomy","LobotomyExtend","Minty Spire (QoL Compilation)","Replay The Spire","Spicy Shops","StSLib","The Bug Knight","The Cursed"],"gold_per_floor":[113,113,113,129,149,183,226,226,226,238,293,305,317,360,372,509,521,557,48,48,68,68,68],"floor_reached":22,"playtime":1801,"items_purged":["HollowMod:SharpenedShadows"],"score":210,"play_id":"32e1d37b-a456-4eb8-bb46-74e379fbc390","local_time":"20210110235910","daily_mods":["Heirloom","Time Dilation","Flight","DeadlyEvents","Elite Swarm"],"is_ascension_mode":false,"campfire_choices":[{"data":"HollowMod:SlysStrikes","floor":10,"key":"SMITH"},{"data":"HollowMod:CycloneSlash","floor":12,"key":"SMITH"},{"floor":15,"key":"REST"}],"circlet_count":0,"master_deck":["HollowMod:NailStrikeStart","HollowMod:NailStrikeStart","HollowMod:NailStrikeStart","HollowMod:NailStrikeStart","HollowMod:QuickDashStart","HollowMod:QuickDashStart","HollowMod:QuickDashStart","HollowMod:QuickDashStart","HollowMod:FocusHealStart","HollowMod:PogoStrike","HollowMod:DoubleDash","HollowMod:CornifersMapStart","HollowMod:CycloneSlash+1","HollowMod:SlysStrikes+1","HollowMod:Weaversong","HollowMod:ZotesMagnificence","HollowMod:theNailsmith","HollowMod:VoidDash","HollowMod:FallenFury","HollowMod:CloakDash","Specialist","HollowMod:SharpenedShadows","Writhe","HollowMod:Grubsong"],"relics":["HollowMod:VesselMask","HollowMod:QueensCombRelic","LetterFromLob","Golden Idol","Orichalcum","Bottled Flame","MawBank","Ginger","LaetitiaHeart","Regal Pillow","Philosopher\u0027s Stone","Vajra","BargainBundle","HollowMod:KingsBrand","CaptainsWheel"],"acts_visited":["Exordium","TheCity"],"potions_floor_usage":[6,8,22,22],"damage_taken":[{"damage":0.0,"enemies":"Cultist","floor":1.0,"turns":4.0},{"damage":0.0,"enemies":"2 Louse","floor":4.0,"turns":3.0},{"damage":1.0,"enemies":"Jaw Worm","floor":5.0,"turns":4.0},{"damage":11,"enemies":"Gremlin Nob","floor":6,"turns":3},{"damage":21,"enemies":"3 Sentries","floor":7,"turns":8},{"damage":20,"enemies":"Gremlin Nob","floor":11,"turns":4},{"damage":4,"enemies":"3 Louse","floor":13,"turns":2},{"damage":8,"enemies":"3 Louse","floor":13,"turns":3},{"damage":12,"enemies":"3 Sentries","floor":14,"turns":5},{"damage":42,"enemies":"The Guardian","floor":16,"turns":8},{"damage":35,"enemies":"2 Thieves","floor":18,"turns":5},{"damage":7,"enemies":"Spheric Guardian","floor":21,"turns":5},{"damage":35,"enemies":"Slavers","floor":22,"turns":2}],"seed_played":"3443853735215754177","potions_obtained":[{"floor":1.0,"key":"PowerPotion"},{"floor":7,"key":"Fruit Juice"}],"is_trial":true,"path_per_floor":["M","?","?","M","M","E","E","?","T","R","E","R","M","E","R","B",null,"M","$","?","M","E"],"character_chosen":"THE_BUGKNIGHT","items_purchased":["Vajra","BargainBundle","HollowMod:KingsBrand","HollowMod:CloakDash","Strength Potion","Weak Potion","AttackPotion","Specialist","HollowMod:SharpenedShadows"],"campfire_rested":1,"item_purchase_floors":[19,19,19,19,19,19,19,19,19],"current_hp_per_floor":[50,38,50,50,49,39,32,37,37,37,31,31,47,39,55,13,55,26,26,26,27,0,0],"gold":68,"neow_bonus":"","is_daily":false,"chose_seed":false,"campfire_upgraded":2,"win_rate":0.0,"timestamp":1610294350,"path_taken":["M","?","?","?","?","E","?","?","T","R","?","R","?","E","R","BOSS","M","$","?","?","?"],"items_purchased_type":["Relic","Relic","Relic","Card","Potion","Potion","Potion","Card","Card"],"build_version":"2020-12-22","purchased_purges":1,"victory":false,"max_hp_per_floor":[50,50,50,50,50,50,50,55,55,55,55,55,55,55,55,55,55,55,55,55,55,55,55],"card_choices":[{"not_picked":["HollowMod:DashSlash","HollowMod:GoodIntentions"],"picked":"HollowMod:DoubleDash","floor":1.0},{"not_picked":["HollowMod:HeavyBlow","HollowMod:DreamGate"],"picked":"HollowMod:CornifersMapStart","floor":4.0},{"not_picked":["HollowMod:NewJinnsSoul","HollowMod:DescendingDark"],"picked":"HollowMod:CycloneSlash","floor":5.0},{"not_picked":["HollowMod:theNailsmith","HollowMod:SoulMaster"],"picked":"HollowMod:SlysStrikes","floor":6},{"not_picked":["HollowMod:VoidDash","HollowMod:Hiveblood"],"picked":"HollowMod:Weaversong","floor":7},{"not_picked":["HollowMod:SoulMaster","HollowMod:VoidDash"],"picked":"HollowMod:ZotesMagnificence","floor":11},{"not_picked":["HollowMod:Hiveblood","HollowMod:Weaversong"],"picked":"HollowMod:theNailsmith","floor":14},{"not_picked":["HollowMod:ZotesMagnificence","HollowMod:LifebloodCore"],"picked":"HollowMod:VoidDash","floor":16},{"not_picked":["HollowMod:AbyssShriek","HollowMod:MonarchWings"],"picked":"HollowMod:FallenFury","floor":18},{"not_picked":["HollowMod:GoodIntentions","HollowMod:MothsMistake"],"picked":"HollowMod:Grubsong","floor":21}],"player_experience":128301,"relics_obtained":[{"floor":1.0,"key":"LetterFromLob"},{"floor":6,"key":"Orichalcum"},{"floor":7,"key":"Bottled Flame"},{"floor":9,"key":"MawBank"},{"floor":11,"key":"Ginger"},{"floor":14,"key":"Regal Pillow"}],"event_choices":[{"damage_healed":0.0,"max_hp_gain":0.0,"max_hp_loss":0.0,"gold_gain":0.0,"event_name":"Golden Idol","player_choice":"Take Damage","floor":2.0,"gold_loss":0.0,"damage_taken":12.0,"relics_obtained":["Golden Idol"]},{"damage_healed":12.0,"max_hp_gain":0.0,"max_hp_loss":0.0,"gold_gain":0.0,"event_name":"Wheel of Change","player_choice":"Full Heal","floor":3.0,"gold_loss":0.0,"damage_taken":0.0},{"damage_healed":0,"gold_gain":0,"player_choice":"Ignored","damage_taken":0,"max_hp_gain":0,"max_hp_loss":0,"event_name":"Purifier","floor":8,"gold_loss":0},{"damage_healed":0,"gold_gain":0,"player_choice":"Opened","damage_taken":0,"relics_obtained":["CaptainsWheel"],"max_hp_gain":0,"max_hp_loss":0,"event_name":"The Mausoleum","floor":20,"gold_loss":0,"cards_obtained":["Writhe"]}],"is_beta":false,"boss_relics":[{"not_picked":["ReplayTheSpireMod:DimensionalGlitch","Runic Pyramid"],"picked":"Philosopher\u0027s Stone"}],"items_purged_floors":[19],"is_endless":true,"potions_floor_spawned":[1,7,13,13],"killed_by":"Slavers","ascension_level":0}}