{"host":"3po7ngt2j61s4rmj","time":1610307806,"event":{"mods":["Act Like it!","BaseMod","Hermit","JesterMod","Minty Spire (QoL Compilation)","Relic Stats","Shade Mod","StSLib"],"gold_per_floor":[116,136,153,5,20,48,65,90,90,119,132,132,132,145,145,246,246,263,236,251,251,251],"floor_reached":21,"playtime":2618,"items_purged":[],"score":256,"play_id":"691ab22c-ce1c-4663-a06d-f773f6d261be","local_time":"20210110124326","is_ascension_mode":true,"campfire_choices":[{"floor":12,"key":"REST"},{"data":"jesterMod:Swiftness","floor":15,"key":"SMITH"}],"circlet_count":0,"master_deck":["jesterMod:Strike","jesterMod:Strike","jesterMod:Strike","jesterMod:Strike","jesterMod:Sickle","jesterMod:Defend","jesterMod:Defend","jesterMod:Defend","jesterMod:Defend","jesterMod:Dodge","jesterMod:Swiftness","jesterMod:Swiftness+1","jesterMod:QuickStrike","jesterMod:RecklessStrike","jesterMod:Squander","jesterMod:BouncingKnife","jesterMod:DesperateStrike","jesterMod:Encore","jesterMod:HitAndRun","jesterMod:Procrastination","jesterMod:HedgehogForm","jesterMod:Prankster","jesterMod:Precipitation+1","jesterMod:BouncingKnife"],"relics":["jesterMod:LoadedDice","Sling","HornCleat","Tiny Chest","Potion Belt","MealTicket","Runic Pyramid"],"acts_visited":["Exordium","TheCity"],"potions_floor_usage":[7,8,16,16,18,18,20,21],"damage_taken":[{"damage":2,"enemies":"Jaw Worm","floor":1,"turns":5},{"damage":0,"enemies":"Cultist","floor":2,"turns":4},{"damage":8,"enemies":"Small Slimes","floor":3,"turns":5},{"damage":5,"enemies":"3 Louse","floor":5,"turns":5},{"damage":7,"enemies":"3 Sentries","floor":6,"turns":7},{"damage":0,"enemies":"Exordium Wildlife","floor":7,"turns":6},{"damage":16,"enemies":"Lagavulin","floor":8,"turns":5},{"damage":2,"enemies":"3 Sentries","floor":10,"turns":7},{"damage":4,"enemies":"Large Slime","floor":11,"turns":5},{"damage":0,"enemies":"Looter","floor":14,"turns":3},{"damage":1,"enemies":"Hexaghost","floor":16,"turns":9},{"damage":10,"enemies":"3 Byrds","floor":18,"turns":5},{"damage":27,"enemies":"2 Thieves","floor":19,"turns":5},{"damage":26,"enemies":"3 Cultists","floor":20,"turns":6},{"damage":1,"enemies":"Snecko","floor":21,"turns":3}],"seed_played":"-3589347211315477773","potions_obtained":[{"floor":2,"key":"PowerPotion"},{"floor":3,"key":"Block Potion"},{"floor":6,"key":"SteroidPotion"},{"floor":13,"key":"SpeedPotion"},{"floor":13,"key":"SkillPotion"},{"floor":13,"key":"Weak Potion"},{"floor":14,"key":"EssenceOfSteel"},{"floor":16,"key":"AttackPotion"},{"floor":19,"key":"LiquidBronze"},{"floor":20,"key":"EssenceOfSteel"}],"is_trial":false,"path_per_floor":["M","M","M","$","M","E","M","E","T","E","M","R","?","M","R","B",null,"M","M","M","M"],"character_chosen":"THE_JESTER","items_purchased":["Sling"],"campfire_rested":1,"item_purchase_floors":[4],"current_hp_per_floor":[68,68,60,60,55,48,48,32,32,30,26,47,47,47,47,46,64,54,27,1,0,0],"gold":251,"neow_bonus":"BOSS_RELIC","is_daily":false,"chose_seed":false,"campfire_upgraded":1,"win_rate":0.0,"timestamp":1610307806,"path_taken":["M","M","M","$","M","E","M","E","T","E","M","R","?","M","R","BOSS","M","?","M","M"],"items_purchased_type":["Relic"],"build_version":"2020-12-22","purchased_purges":0,"victory":false,"max_hp_per_floor":[70,70,70,70,70,70,70,70,70,70,70,70,70,70,70,70,70,70,70,70,70,70],"relic_stats":{"counters":[15,80],"Tiny Chest":0,"MealTicket":0,"obtain_stats":[{"Potion Belt":9,"jesterMod:LoadedDice":0,"HornCleat":6,"Tiny Chest":8,"MealTicket":10,"jesterMod:JesterCap":0,"Sling":4,"Runic Pyramid":17},{"Potion Belt":7,"jesterMod:LoadedDice":0,"HornCleat":5,"Tiny Chest":7,"MealTicket":8,"jesterMod:JesterCap":0,"Sling":3,"Runic Pyramid":11},{"Potion Belt":37,"jesterMod:LoadedDice":0,"HornCleat":26,"Tiny Chest":37,"MealTicket":44,"jesterMod:JesterCap":0,"Sling":14,"Runic Pyramid":61}]},"card_choices":[{"not_picked":["jesterMod:JackInTheBox","jesterMod:DanceOfChaos"],"picked":"jesterMod:Swiftness","floor":1},{"not_picked":["jesterMod:Disposophobia","jesterMod:Frenzy"],"picked":"jesterMod:Swiftness","floor":2},{"not_picked":["jesterMod:Disposophobia","jesterMod:Tinker"],"picked":"jesterMod:QuickStrike","floor":3},{"not_picked":["jesterMod:Disposophobia","jesterMod:MudBall"],"picked":"jesterMod:RecklessStrike","floor":5},{"not_picked":["jesterMod:Patience","jesterMod:DancingMad"],"picked":"jesterMod:Squander","floor":6},{"not_picked":["jesterMod:Arrythmia","jesterMod:Tinker"],"picked":"jesterMod:BouncingKnife","floor":7},{"not_picked":["jesterMod:TrickyDodge","jesterMod:DancingMad"],"picked":"jesterMod:DesperateStrike","floor":8},{"not_picked":["jesterMod:Rebuff","jesterMod:Twirl"],"picked":"jesterMod:Encore","floor":10},{"not_picked":["jesterMod:Haste","jesterMod:Anticipation"],"picked":"jesterMod:HitAndRun","floor":11},{"not_picked":["jesterMod:Feint","jesterMod:TrickyDodge"],"picked":"jesterMod:Procrastination","floor":14},{"not_picked":["jesterMod:Encore","jesterMod:Leeches"],"picked":"jesterMod:HedgehogForm","floor":16},{"not_picked":["jesterMod:OblivionStrike+1","jesterMod:DanceOfChaos"],"picked":"jesterMod:Prankster","floor":18},{"not_picked":["jesterMod:Hide","jesterMod:SwiftDodge"],"picked":"jesterMod:Precipitation+1","floor":19},{"not_picked":["jesterMod:Precipitation","jesterMod:JackInTheBox"],"picked":"jesterMod:BouncingKnife","floor":20}],"player_experience":1110666,"relics_obtained":[{"floor":6,"key":"HornCleat"},{"floor":8,"key":"Tiny Chest"},{"floor":9,"key":"Potion Belt"},{"floor":10,"key":"MealTicket"}],"event_choices":[{"damage_healed":0,"gold_gain":0,"player_choice":"Got Potions","damage_taken":0,"max_hp_gain":0,"max_hp_loss":0,"event_name":"Lab","floor":13,"gold_loss":0}],"is_beta":false,"boss_relics":[{"not_picked":["jesterMod:JokerCard","Ectoplasm"],"picked":"Runic Pyramid"}],"items_purged_floors":[],"is_endless":false,"potions_floor_spawned":[2,3,6,14,16,19,20],"killed_by":"Snecko","ascension_level":5}}