{"host":"3lu18h28pc0a6dwf","time":1610314707,"event":{"mods":["2.2 Compatiblity","Act Like it!","BaseMod","Colored Map","Downfall","Jorbs\u0027s Wanderer Trilogy","Melee Mod","Minty Spire (QoL Compilation)","Rare Cards Sparkle","Replay The Spire","StSLib","The Cursed","Treasure Hunter"],"gold_per_floor":[0,18,3,22,22,37,88,103,28,62,75,125,50,63,83,83,83],"floor_reached":16,"playtime":6801,"items_purged":[],"score":129,"play_id":"388dcac7-90e1-4018-9762-35dbe9516d68","local_time":"20210110163827","is_ascension_mode":false,"campfire_choices":[{"floor":1,"key":"RECALL"},{"data":"Transmutation","floor":9,"key":"SMITH"},{"floor":13,"key":"REST"}],"circlet_count":0,"master_deck":["sneckomod:Strike","sneckomod:Strike","sneckomod:Strike","sneckomod:Defend","sneckomod:Defend","sneckomod:Defend","sneckomod:TailWhip","sneckomod:SnekBite","sneckomod:Unknown","sneckomod:Unknown","Transmutation+1","sneckomod:SoulCleanse","sneckomod:MorePower","Pain","sneckomod:UnknownClassCULL_RED_COLOR+1","sneckomod:UnknownX","sneckomod:UnknownStrength+1","sneckomod:UnknownRarePower","sneckomod:UnknownColorless+1"],"relics":["sneckomod:SneckoSoul","WarpedTongs","downfall:HeartBlessingBlue","CaptainsWheel","PreservedInsect","downfall:HeartBlessingRed"],"acts_visited":["Exordium"],"potions_floor_usage":[11,15,16],"damage_taken":[{"damage":7,"enemies":"Cultist","floor":2,"turns":4},{"damage":0,"enemies":"downfall:FleeingMerchant","floor":3,"turns":4},{"damage":6,"enemies":"2 Louse","floor":4,"turns":4},{"damage":11,"enemies":"Jaw Worm","floor":6,"turns":2},{"damage":20,"enemies":"3 Louse","floor":8,"turns":5},{"damage":24,"enemies":"3 Sentries","floor":10,"turns":4},{"damage":9,"enemies":"Exordium Wildlife","floor":11,"turns":4},{"damage":13,"enemies":"Red Slaver","floor":14,"turns":2},{"damage":23,"enemies":"Exordium Thugs","floor":15,"turns":5},{"damage":23,"enemies":"downfall:Defect","floor":16,"turns":4}],"seed_played":"-4410082743121582981","potions_obtained":[{"floor":8,"key":"Milkshake"},{"floor":10,"key":"Energy Potion"},{"floor":14,"key":"Energy Potion"}],"is_trial":false,"path_per_floor":["R","M","$","M","?","M","T","M","R","E","M","T","R","M","M","B"],"character_chosen":"THE_SNECKO","items_purchased":[],"campfire_rested":1,"item_purchase_floors":[],"current_hp_per_floor":[90,83,83,77,77,68,68,49,59,37,28,28,59,46,23,0,0],"gold":83,"neow_bonus":"RANDOM_COLORLESS_2","is_daily":false,"chose_seed":false,"campfire_upgraded":1,"win_rate":0.0,"timestamp":1610314707,"path_taken":["R","M","$","?","?","?","T","M","R","E","M","?","R","M","M","BOSS"],"items_purchased_type":[],"build_version":"2020-12-22","purchased_purges":0,"victory":false,"max_hp_per_floor":[90,90,90,90,90,92,92,93,103,105,105,105,105,105,105,105,105],"card_choices":[{"not_picked":["TH:CopperCoins","Panache"],"picked":"Transmutation","floor":0},{"not_picked":["sneckomod:UnknownVulnerable","sneckomod:UnknownCommonSkill","sneckomod:SoulRoll"],"picked":"SKIP","floor":2},{"not_picked":["sneckomod:DiceCrush","sneckomod:RainOfDice"],"picked":"sneckomod:SoulCleanse","floor":3},{"not_picked":["sneckomod:UnknownClassRED","sneckomod:Nope"],"picked":"sneckomod:MorePower","floor":4},{"not_picked":["sneckomod:UnknownClassWANDERER_GRAY_COLOR+1","sneckomod:Unknown2Cost+1"],"picked":"sneckomod:UnknownClassCULL_RED_COLOR+1","floor":6},{"not_picked":["sneckomod:RainOfDice","sneckomod:UnknownClassFALCON_BLUE"],"picked":"sneckomod:UnknownX","floor":6},{"not_picked":["TH:TreasureMap","TH:ElvenBoots"],"picked":"SKIP","floor":7},{"not_picked":["sneckomod:UnknownClassHEXA_GHOST_PURPLE+1","sneckomod:UnknownClassCULL_RED_COLOR+1"],"picked":"sneckomod:UnknownStrength+1","floor":8},{"not_picked":["sneckomod:SoulRoll","sneckomod:SoulDraw","sneckomod:UnknownBlock"],"picked":"SKIP","floor":8},{"not_picked":["sneckomod:QuickBite","sneckomod:CheapStock"],"picked":"sneckomod:UnknownRarePower","floor":10},{"not_picked":["sneckomod:UnknownUncommonAttack+1","sneckomod:UnknownRareAttack+1"],"picked":"sneckomod:UnknownColorless+1","floor":10},{"not_picked":["TH:CursedSword","TH:PixieDust"],"picked":"SKIP","floor":10},{"not_picked":["sneckomod:UnknownClassCULL_RED_COLOR+1","Replay:UnknownCurse","sneckomod:UnknownClassBLUE+1"],"picked":"SKIP","floor":11},{"not_picked":["sneckomod:UnknownEthereal","sneckomod:QuickBite","sneckomod:DiceBlock"],"picked":"SKIP","floor":11},{"not_picked":["TH:EnergyPotion","TH:PixieDust"],"picked":"SKIP","floor":12},{"not_picked":["sneckomod:UnknownClassTHE_CURSED_PURPLE+1","sneckomod:UnknownClassBLUE+1","sneckomod:UnknownVulnerable+1"],"picked":"SKIP","floor":14},{"not_picked":["sneckomod:QuickMove","sneckomod:QuickBite","sneckomod:UnknownVulnerable"],"picked":"SKIP","floor":14},{"not_picked":["sneckomod:UnknownClassTHE_CHAMP_GRAY","sneckomod:QuickBite","sneckomod:IronFang"],"picked":"SKIP","floor":15}],"player_experience":235103,"relics_obtained":[{"floor":10,"key":"CaptainsWheel"},{"floor":12,"key":"PreservedInsect"}],"event_choices":[{"damage_healed":0,"gold_gain":0,"player_choice":"Rummage","damage_taken":0,"relics_obtained":["WarpedTongs"],"max_hp_gain":0,"max_hp_loss":0,"event_name":"Accursed Blacksmith","floor":5,"gold_loss":0,"cards_obtained":["Pain"]}],"is_beta":false,"boss_relics":[],"items_purged_floors":[],"is_endless":false,"potions_floor_spawned":[8,10,14],"killed_by":"downfall:Defect","ascension_level":0}}