{"host":"3498uni0c31c9bdm","time":1610321508,"event":{"mods":["BaseMod","Better Third Choice","Minty Spire (QoL Compilation)","Replay The Spire","StSLib"],"gold_per_floor":[118,118,135,135,147,147,178,192,192,217,231,243,21,0,0,95,95,105,124,39,51,51,84,110,125,125,140,140,140],"floor_reached":28,"playtime":1705,"items_purged":[],"score":353,"play_id":"f99c16df-4709-4bf1-90fd-082ce88ed06f","local_time":"20210111103148","is_ascension_mode":true,"campfire_choices":[{"floor":6,"key":"RECALL"},{"floor":15,"key":"REST"}],"circlet_count":0,"master_deck":["Strike_R","Strike_R","Strike_R","Strike_R","Defend_R+1","Defend_R","Defend_R","Defend_R","Bash+1","ReplayTheSpireMod:Limb From Limb","Iron Wave","Perfected Strike","Flex","Armaments+1","Iron Wave","Defy Death","Twin Strike","Fire Breathing","Feed","Rage","Sword Boomerang","Dual Wield","Clash","ReplayTheSpireMod:LeadingStrike","Body Slam"],"relics":["Burning Blood","MealTicket","Orichalcum","HornCleat","Gremlin Food","betterThird:SlimedRelic","Shuriken","Enchiridion","Blood Vial","Matryoshka"],"acts_visited":["Exordium","TheCity"],"potions_floor_usage":[10,19,23,25,27],"damage_taken":[{"damage":4,"enemies":"Small Slimes","floor":1,"turns":4},{"damage":10,"enemies":"2 Louse","floor":3,"turns":3},{"damage":0,"enemies":"Cultist","floor":5,"turns":3},{"damage":15,"enemies":"Gremlin Nob","floor":7,"turns":4},{"damage":11,"enemies":"Looter","floor":8,"turns":2},{"damage":32,"enemies":"Replay:BlueRogue","floor":10,"turns":8},{"damage":0,"enemies":"Large Slime","floor":11,"turns":6},{"damage":7,"enemies":"Blue Slaver","floor":12,"turns":3},{"damage":16,"enemies":"Hexaghost","floor":16,"turns":10},{"damage":14,"enemies":"Shell Parasite","floor":18,"turns":6},{"damage":6,"enemies":"Chosen","floor":19,"turns":3},{"damage":17,"enemies":"Centurion and Healer","floor":21,"turns":7},{"damage":12,"enemies":"Replay:Snechameleon","floor":23,"turns":7},{"damage":16,"enemies":"Snake Plant","floor":25,"turns":5},{"damage":26,"enemies":"Snecko","floor":27,"turns":6},{"damage":25,"enemies":"Colosseum Slavers","floor":28,"turns":3}],"seed_played":"-5942619993192763549","potions_obtained":[{"floor":5,"key":"LiquidMemories"},{"floor":7,"key":"Adrenaline Potion"},{"floor":10,"key":"LiquidMemories"},{"floor":11,"key":"Swift Potion"},{"floor":19,"key":"Fruit Juice"},{"floor":23,"key":"GamblersBrew"}],"is_trial":false,"path_per_floor":["M","?","M","?","M","R","E","M","T","E","M","M","$","?","R","B",null,"M","M","?","M","?","E","T","M","T","M","?"],"character_chosen":"IRONCLAD","items_purchased":["Gremlin Food","Fire Breathing"],"campfire_rested":1,"item_purchase_floors":[13,13],"current_hp_per_floor":[74,74,70,70,76,76,67,62,62,36,42,41,56,45,69,59,75,67,72,72,61,45,42,42,34,34,19,0,0],"gold":140,"neow_bonus":"RANDOM_EVENT","is_daily":false,"chose_seed":false,"campfire_upgraded":0,"win_rate":0.0,"timestamp":1610321508,"path_taken":["M","?","M","?","M","R","E","M","T","E","?","M","$","?","R","BOSS","M","M","?","M","?","E","?","?","T","M","?"],"items_purchased_type":["Relic","Card"],"build_version":"2020-12-22","purchased_purges":0,"victory":false,"max_hp_per_floor":[80,80,80,80,80,80,80,80,80,80,80,80,80,80,80,80,80,80,85,85,85,85,88,88,88,88,91,94,94],"card_choices":[{"not_picked":["Iron Wave","Thunderclap"],"picked":"ReplayTheSpireMod:Limb From Limb","floor":1},{"not_picked":["Blood for Blood","Twin Strike"],"picked":"Iron Wave","floor":3},{"not_picked":["Abandon","Twin Strike"],"picked":"Perfected Strike","floor":5},{"not_picked":["Pummel","Headbutt"],"picked":"Flex","floor":7},{"not_picked":["Replay:Undeath\u0027s Touch","Clash"],"picked":"Armaments","floor":8},{"not_picked":["Shrug It Off","Clash"],"picked":"Iron Wave","floor":10},{"not_picked":["True Grit","ReplayTheSpireMod:Strike From Hell"],"picked":"Defy Death","floor":11},{"not_picked":["Flex","Entrench"],"picked":"Twin Strike","floor":12},{"not_picked":["Double Tap","Reaper"],"picked":"Feed","floor":16},{"not_picked":["Havoc","Anger"],"picked":"Rage","floor":18},{"not_picked":["Havoc","Second Wind"],"picked":"Sword Boomerang","floor":19},{"not_picked":["Hemokinesis+1","Headbutt+1"],"picked":"Dual Wield","floor":21},{"not_picked":["Brutality","Warcry"],"picked":"Clash","floor":23},{"not_picked":["True Grit","Combust"],"picked":"ReplayTheSpireMod:LeadingStrike","floor":25},{"not_picked":["Twin Strike","Replay:Undeath\u0027s Touch"],"picked":"Body Slam","floor":27}],"player_experience":676136,"relics_obtained":[{"floor":7,"key":"MealTicket"},{"floor":9,"key":"Orichalcum"},{"floor":10,"key":"HornCleat"},{"floor":22,"key":"Enchiridion"},{"floor":23,"key":"Blood Vial"},{"floor":26,"key":"Matryoshka"}],"event_choices":[{"damage_healed":0,"gold_gain":0,"player_choice":"Grow","damage_taken":0,"max_hp_gain":0,"max_hp_loss":0,"event_name":"Living Wall","floor":2,"gold_loss":0,"cards_upgraded":["Bash"]},{"cards_removed":["Strike_R"],"damage_healed":0,"gold_gain":0,"player_choice":"Card Removal","damage_taken":0,"max_hp_gain":0,"max_hp_loss":0,"event_name":"Wheel of Change","floor":4,"gold_loss":0},{"damage_healed":0,"gold_gain":0,"player_choice":"Slimed","damage_taken":11,"max_hp_gain":0,"max_hp_loss":0,"event_name":"betterThird:BetterGoop","floor":14,"gold_loss":21},{"damage_healed":0,"gold_gain":0,"player_choice":"Obtained Relic","damage_taken":0,"relics_obtained":["Shuriken"],"max_hp_gain":0,"max_hp_loss":0,"event_name":"Addict","floor":20,"gold_loss":85},{"damage_healed":0,"gold_gain":0,"player_choice":"Obtained Book","damage_taken":16,"max_hp_gain":0,"max_hp_loss":0,"event_name":"Cursed Tome","floor":22,"gold_loss":0},{"damage_healed":0,"gold_gain":0,"player_choice":"Fight","damage_taken":0,"max_hp_gain":0,"max_hp_loss":0,"event_name":"Colosseum","floor":28,"gold_loss":0}],"is_beta":false,"boss_relics":[{"not_picked":["Coffee Dripper","Pandora\u0027s Box","Velvet Choker"]}],"items_purged_floors":[],"is_endless":false,"potions_floor_spawned":[5,7,10,11,19,23],"killed_by":"Colosseum Slavers","ascension_level":8}}