{"host":"3ikutf0nfngyhvfs","time":1610259748,"event":{"mods":["AchievementEnabler","BaseMod","Downfall","Duelist Mod","Hermit","Minty Spire (QoL Compilation)","Shop Mod","StSLib","The Bug Knight","The Construct","The Cursed","The Disciple","The Hierophant","The Necromancer","The Poker Player","The Runesmith"],"gold_per_floor":[110,178,191,37,37,37,68,68,68,101,118,193,207,222,222,324,324,342,362,362,374,393,393,393,393],"floor_reached":24,"playtime":2685,"items_purged":[],"score":233,"play_id":"b67dad03-9ef9-4c97-b99c-0584490317f4","local_time":"20210110002228","is_ascension_mode":false,"metric_token":1042,"campfire_choices":[{"data":"PokerPlayerMod:Spade3","floor":6,"key":"SMITH"},{"data":"PokerPlayerMod:Spade2","floor":8,"key":"SMITH"},{"data":"PokerPlayerMod:Spade1","floor":15,"key":"SMITH"},{"data":"PokerPlayerMod:Mulligan","floor":23,"key":"SMITH"}],"circlet_count":0,"master_deck":["PokerPlayerMod:Diamond2","PokerPlayerMod:Diamond3","PokerPlayerMod:Diamond4","PokerPlayerMod:Diamond5","PokerPlayerMod:Spade2","PokerPlayerMod:Spade3","PokerPlayerMod:Spade4","PokerPlayerMod:Spade5","PokerPlayerMod:Club2","PokerPlayerMod:Heart2","PokerPlayerMod:TrumpStrike+1","PokerPlayerMod:BadJoker","PokerPlayerMod:Mulligan+1","PokerPlayerMod:Heart4","PokerPlayerMod:RiskyBet","PokerPlayerMod:FillThePot","PokerPlayerMod:HiddenCard","PokerPlayerMod:Club9","PokerPlayerMod:DiamondStrike+1","PokerPlayerMod:Overdeal+1","PokerPlayerMod:Heart3"],"relics":["PokerPlayerMod:DeckCase","Omamori","Toy Ornithopter","Meat on the Bone","Empty Cage"],"acts_visited":["Exordium","TheCity"],"potions_floor_usage":[7,16,18,22],"damage_taken":[{"damage":12,"enemies":"Jaw Worm","floor":1,"turns":4},{"damage":0,"enemies":"Small Slimes","floor":3,"turns":2},{"damage":0,"enemies":"Gremlin Nob","floor":7,"turns":2},{"damage":20,"enemies":"Lagavulin","floor":10,"turns":5},{"damage":0,"enemies":"2 Louse","floor":11,"turns":1},{"damage":0,"enemies":"Exordium Wildlife","floor":13,"turns":3},{"damage":16,"enemies":"Lots of Slimes","floor":14,"turns":2},{"damage":13,"enemies":"Hexaghost","floor":16,"turns":10},{"damage":3,"enemies":"2 Thieves","floor":18,"turns":2},{"damage":11,"enemies":"Shell Parasite","floor":19,"turns":4},{"damage":12,"enemies":"Cultist and Chosen","floor":21,"turns":5},{"damage":21,"enemies":"Snake Plant","floor":22,"turns":4},{"damage":56,"enemies":"theDuelist:KaibaA2","floor":24,"turns":5}],"seed_played":"-4850437793151450925","potions_obtained":[{"floor":1,"key":"DuplicationPotion"},{"floor":11,"key":"LiquidBronze"},{"floor":13,"key":"BlessingOfTheForge"},{"floor":14,"key":"sneckomod:MuddlingPotion"},{"floor":21,"key":"SpeedPotion"}],"is_trial":false,"path_per_floor":["M","?","M","$","?","R","E","R","T","E","M","?","M","M","R","B",null,"M","M","?","M","M","R","E"],"character_chosen":"THE_POKER_PLAYER","items_purchased":["Omamori"],"campfire_rested":0,"item_purchase_floors":[4],"current_hp_per_floor":[49,49,57,57,46,46,52,52,52,37,37,26,38,34,34,37,57,54,50,50,45,36,36,0,0],"gold":393,"neow_bonus":"TEN_PERCENT_HP_BONUS","is_daily":false,"chose_seed":false,"campfire_upgraded":4,"win_rate":0.0,"timestamp":1610259748,"path_taken":["M","?","M","$","?","R","E","R","T","E","M","?","M","M","R","BOSS","M","M","?","M","M","R","E"],"items_purchased_type":["Relic"],"build_version":"2020-12-22","purchased_purges":0,"victory":false,"max_hp_per_floor":[57,57,57,57,57,57,57,57,57,57,57,57,57,57,57,57,57,57,57,57,57,57,57,57,57],"card_choices":[{"not_picked":["PokerPlayerMod:JackOfSpades","PokerPlayerMod:Club3"],"picked":"PokerPlayerMod:Heart4","floor":1},{"not_picked":["PokerPlayerMod:JackOfSpades","PokerPlayerMod:DartThrow"],"picked":"PokerPlayerMod:RiskyBet","floor":3},{"not_picked":["PokerPlayerMod:Spade2","PokerPlayerMod:Diamond8","PokerPlayerMod:SpadeStrike"],"picked":"SKIP","floor":7},{"not_picked":["PokerPlayerMod:Heart10+","PokerPlayerMod:DartThrow"],"picked":"PokerPlayerMod:FillThePot","floor":10},{"not_picked":["PokerPlayerMod:SpadeStrike","PokerPlayerMod:Spade3","PokerPlayerMod:Diamond7"],"picked":"SKIP","floor":11},{"not_picked":["PokerPlayerMod:Diamond10+","PokerPlayerMod:Club2","PokerPlayerMod:Spade8"],"picked":"SKIP","floor":13},{"not_picked":["PokerPlayerMod:ClubsClub","PokerPlayerMod:CardPrinter"],"picked":"PokerPlayerMod:HiddenCard","floor":14},{"not_picked":["PokerPlayerMod:RoyalStrike","PokerPlayerMod:Duplicate"],"picked":"PokerPlayerMod:Club9","floor":16},{"not_picked":["PokerPlayerMod:Trickery","PokerPlayerMod:CardPrinter"],"picked":"PokerPlayerMod:DiamondStrike+1","floor":18},{"not_picked":["PokerPlayerMod:Spade3","PokerPlayerMod:Fold+1","PokerPlayerMod:Diamond3"],"picked":"SKIP","floor":19},{"not_picked":["PokerPlayerMod:Fold","PokerPlayerMod:MagicTrick"],"picked":"PokerPlayerMod:Overdeal+1","floor":21},{"not_picked":["PokerPlayerMod:Fold","PokerPlayerMod:Diamond1"],"picked":"PokerPlayerMod:Heart3","floor":22}],"player_experience":456132,"relics_obtained":[{"floor":7,"key":"Toy Ornithopter"},{"floor":10,"key":"Meat on the Bone"}],"event_choices":[{"damage_healed":0,"gold_gain":68,"player_choice":"Gained Gold","damage_taken":0,"max_hp_gain":0,"max_hp_loss":0,"event_name":"Golden Wing","floor":2,"gold_loss":0},{"damage_healed":0,"gold_gain":0,"player_choice":"Entered Light","damage_taken":11,"max_hp_gain":0,"max_hp_loss":0,"event_name":"Shining Light","floor":5,"gold_loss":0,"cards_upgraded":["PokerPlayerMod:TrumpStrike","PokerPlayerMod:Spade5"]},{"damage_healed":0,"gold_gain":75,"player_choice":"Gather Gold","damage_taken":11,"max_hp_gain":0,"max_hp_loss":0,"event_name":"World of Goop","floor":12,"gold_loss":0},{"damage_healed":0,"gold_gain":0,"player_choice":"Ignored","damage_taken":0,"max_hp_gain":0,"max_hp_loss":0,"event_name":"Ghosts","floor":20,"gold_loss":0}],"is_beta":false,"boss_relics":[{"not_picked":["SacredBark","Runesmith:UraniumAnvil"],"picked":"Empty Cage"}],"items_purged_floors":[],"is_endless":false,"potions_floor_spawned":[1,11,13,14,21],"killed_by":"theDuelist:KaibaA2","ascension_level":0}}