{"host":"oehe2dxjvdgux73m","time":1610296833,"event":{"mods":["AchievementEnabler","BaseMod","Colored Map","Colored Powertips","DeckTracker","Keyboard Shortcuts","Minty Spire (QoL Compilation)","Permanent Neow","Quick Restart","StSLib","SuperFastMode"],"gold_per_floor":[117,117,117,129,129,157,157,168,168,93,93,93],"floor_reached":11,"playtime":295,"items_purged":["Strike_G"],"score":92,"play_id":"c472ca0e-7576-4452-b45a-336507952949","local_time":"20210111014033","is_ascension_mode":true,"campfire_choices":[{"data":"Prepared","floor":7,"key":"SMITH"}],"circlet_count":0,"master_deck":["Strike_G","Strike_G","Strike_G","Defend_G+1","Defend_G","Defend_G","Defend_G","Defend_G+1","Survivor","Neutralize","Prepared+1","Malaise","Tactician"],"relics":["Ring of the Snake","HornCleat","Gremlin Horn"],"acts_visited":["Exordium"],"potions_floor_usage":[6,6,11],"damage_taken":[{"damage":0.0,"enemies":"2 Louse","floor":1.0,"turns":2.0},{"damage":2.0,"enemies":"Jaw Worm","floor":4.0,"turns":6.0},{"damage":23,"enemies":"Lagavulin","floor":6,"turns":6},{"damage":0,"enemies":"Small Slimes","floor":8,"turns":5},{"damage":58,"enemies":"Gremlin Nob","floor":11,"turns":7}],"seed_played":"4840968314927409302","potions_obtained":[{"floor":0.0,"key":"Regen Potion"},{"floor":0.0,"key":"SkillPotion"},{"floor":0.0,"key":"PowerPotion"},{"floor":6,"key":"EssenceOfSteel"},{"floor":8,"key":"LiquidMemories"}],"is_trial":false,"path_per_floor":["M","?","?","M","?","E","R","M","T","$","E"],"character_chosen":"THE_SILENT","items_purchased":[],"campfire_rested":0,"item_purchase_floors":[],"current_hp_per_floor":[63,49,49,47,52,44,44,44,44,44,0,0],"gold":93,"neow_bonus":"THREE_SMALL_POTIONS","is_daily":false,"chose_seed":false,"campfire_upgraded":1,"win_rate":0.0,"timestamp":1610296833,"path_taken":["M","?","?","M","?","E","R","M","T","?","E"],"items_purchased_type":[],"build_version":"2020-12-22","purchased_purges":1,"victory":false,"max_hp_per_floor":[70,70,70,70,75,75,75,75,75,75,75,75],"card_choices":[{"not_picked":["Dagger Throw","Eviscerate"],"picked":"Prepared","floor":1.0},{"not_picked":["Underhanded Strike","Prepared","Deflect"],"picked":"SKIP","floor":4.0},{"not_picked":["Glass Knife","Leg Sweep","Deflect"],"picked":"SKIP","floor":6},{"not_picked":["Bane","Reflex"],"picked":"Tactician","floor":8}],"player_experience":86645,"relics_obtained":[{"floor":6,"key":"HornCleat"},{"floor":9,"key":"Gremlin Horn"}],"event_choices":[{"damage_healed":0.0,"max_hp_gain":0.0,"max_hp_loss":0.0,"gold_gain":0.0,"event_name":"Shining Light","player_choice":"Entered Light","floor":2.0,"gold_loss":0.0,"damage_taken":14.0,"cards_upgraded":["Defend_G","Defend_G"]},{"damage_healed":0.0,"max_hp_gain":0.0,"max_hp_loss":0.0,"gold_gain":0.0,"cards_transformed":["Strike_G"],"event_name":"Living Wall","player_choice":"Change","floor":3.0,"gold_loss":0.0,"damage_taken":0.0,"cards_obtained":["Malaise"]},{"damage_healed":0.0,"max_hp_gain":5.0,"max_hp_loss":0.0,"gold_gain":0.0,"event_name":"Big Fish","player_choice":"Donut","floor":5.0,"gold_loss":0.0,"damage_taken":0.0}],"is_beta":false,"boss_relics":[],"items_purged_floors":[10],"is_endless":false,"potions_floor_spawned":[6,8],"killed_by":"Gremlin Nob","ascension_level":6}}