{"host":"j4g6ia6asvpyu2b0","time":1610238082,"event":{"mods":["BaseMod","Colored Map","Minty Spire (QoL Compilation)","Permanent Neow","Quick Restart","Relic Stats","StSLib","Unceasing Turn Reminder"],"gold_per_floor":[365,384,117,117,134,134,159,159,159,171,171,190,217,235,235,340,340,360,57,68,81,13,13,13],"floor_reached":23,"playtime":725,"items_purged":["Normality","Strike_R"],"score":342,"play_id":"0b510278-72a3-4281-891b-b6b3d9fc3534","local_time":"20210109172122","is_ascension_mode":true,"campfire_choices":[{"data":"Apotheosis","floor":6.0,"key":"SMITH"},{"floor":8.0,"key":"RECALL"},{"data":"Barricade","floor":15.0,"key":"SMITH"}],"circlet_count":0,"master_deck":["AscendersBane","Strike_R","Strike_R","Strike_R","Strike_R","Defend_R","Defend_R","Defend_R","Defend_R","Bash","Thunderclap","Shockwave","Apotheosis+1","Bash","Corruption","Impervious","Whirlwind","Clothesline","Disarm","Barricade+1","Uppercut","Iron Wave","Dual Wield","Pommel Strike","Berserk","Flex+1","Body Slam","Entrench","Impervious","Inflame","Infernal Blade+1","Feel No Pain"],"relics":["Burning Blood","Prayer Wheel","Incense Burner","Blood Vial","Black Star","Vajra"],"acts_visited":["Exordium","TheCity"],"potions_floor_usage":[23],"damage_taken":[{"damage":6.0,"enemies":"Jaw Worm","floor":1.0,"turns":5.0},{"damage":1.0,"enemies":"Cultist","floor":2.0,"turns":3.0},{"damage":7.0,"enemies":"2 Louse","floor":5.0,"turns":3.0},{"damage":24.0,"enemies":"3 Sentries","floor":7.0,"turns":7.0},{"damage":10.0,"enemies":"Blue Slaver","floor":10.0,"turns":4.0},{"damage":0.0,"enemies":"3 Louse","floor":12.0,"turns":1.0},{"damage":0.0,"enemies":"Lagavulin","floor":13.0,"turns":8.0},{"damage":4.0,"enemies":"Exordium Thugs","floor":14.0,"turns":4.0},{"damage":48.0,"enemies":"The Guardian","floor":16.0,"turns":17.0},{"damage":23.0,"enemies":"2 Thieves","floor":18.0,"turns":5.0},{"damage":2.0,"enemies":"3 Byrds","floor":20.0,"turns":6.0},{"damage":27,"enemies":"Snecko","floor":21,"turns":5},{"damage":43,"enemies":"Book of Stabbing","floor":23,"turns":7}],"seed_played":"1388933052121917935","potions_obtained":[{"floor":5.0,"key":"DistilledChaos"},{"floor":7.0,"key":"Dexterity Potion"},{"floor":10.0,"key":"Energy Potion"},{"floor":13.0,"key":"BlessingOfTheForge"},{"floor":18.0,"key":"FearPotion"}],"is_trial":false,"path_per_floor":["M","M","$","?","M","R","E","R","T","M","$","M","E","M","R","B",null,"M","$","M","M","$","E"],"character_chosen":"IRONCLAD","items_purchased":["Apotheosis","Vajra","Body Slam","Feel No Pain"],"campfire_rested":0,"item_purchase_floors":[3,19,19,22],"current_hp_per_floor":[72,77,77,77,76,76,58,58,58,54,54,60,66,70,70,30,68,53,53,59,40,40,0,0],"gold":13,"neow_bonus":"TWO_FIFTY_GOLD","is_daily":false,"chose_seed":false,"campfire_upgraded":2,"win_rate":0.0,"timestamp":1610238082,"path_taken":["M","M","$","?","M","R","E","R","T","M","$","M","E","M","R","BOSS","M","?","M","M","?","E"],"items_purchased_type":["Card","Relic","Card","Card"],"build_version":"2020-12-22","purchased_purges":2,"victory":false,"max_hp_per_floor":[80,80,80,80,80,80,80,80,80,80,80,80,80,80,80,80,80,80,80,80,80,80,80,80],"relic_stats":{"Blood Vial":12,"counters":[13,75],"Prayer Wheel":6,"Black Star":0,"obtain_stats":[{"Blood Vial":13,"Vajra":19,"Prayer Wheel":7,"Incense Burner":9,"Black Star":17,"Burning Blood":0},{"Blood Vial":7,"Vajra":10,"Prayer Wheel":4,"Incense Burner":4,"Black Star":9,"Burning Blood":0},{"Blood Vial":31,"Vajra":57,"Prayer Wheel":18,"Incense Burner":18,"Black Star":52,"Burning Blood":0}],"Burning Blood":72},"card_choices":[{"not_picked":["Perfected Strike","Clash"],"picked":"Thunderclap","floor":1.0},{"not_picked":["Armaments","Burning Pact"],"picked":"Shockwave","floor":2.0},{"not_picked":["Flex","Intimidate"],"picked":"Impervious","floor":5.0},{"not_picked":["Reckless Charge","True Grit"],"picked":"Whirlwind","floor":7.0},{"not_picked":["Fire Breathing","Iron Wave"],"picked":"Clothesline","floor":10.0},{"not_picked":["Thunderclap","Heavy Blade"],"picked":"Disarm","floor":10.0},{"not_picked":["Flex","Twin Strike"],"picked":"Barricade","floor":12.0},{"not_picked":["Thunderclap","Entrench"],"picked":"Uppercut","floor":12.0},{"not_picked":["Warcry","Heavy Blade"],"picked":"Iron Wave","floor":13.0},{"not_picked":["Flex","Burning Pact"],"picked":"Dual Wield","floor":14.0},{"not_picked":["Iron Wave","Thunderclap"],"picked":"Pommel Strike","floor":14.0},{"not_picked":["Barricade","Exhume"],"picked":"Berserk","floor":16.0},{"not_picked":["Twin Strike","Wild Strike"],"picked":"Flex+1","floor":18.0},{"not_picked":["Whirlwind","True Grit","Bloodletting"],"picked":"SKIP","floor":18.0},{"not_picked":["Dark Embrace","Armaments"],"picked":"Entrench","floor":20.0},{"not_picked":["Warcry","Twin Strike"],"picked":"Impervious","floor":20.0},{"not_picked":["Wild Strike","True Grit"],"picked":"Inflame","floor":21},{"not_picked":["Headbutt","Dual Wield"],"picked":"Infernal Blade+1","floor":21}],"player_experience":781080,"relics_obtained":[{"floor":7.0,"key":"Prayer Wheel"},{"floor":9.0,"key":"Incense Burner"},{"floor":13.0,"key":"Blood Vial"}],"event_choices":[{"damage_healed":0.0,"max_hp_gain":0.0,"max_hp_loss":0.0,"gold_gain":0.0,"event_name":"Match and Keep!","player_choice":"2 cards matched","floor":4.0,"gold_loss":0.0,"damage_taken":0.0,"cards_obtained":["Bash","Corruption"]}],"is_beta":false,"boss_relics":[{"not_picked":["Velvet Choker","Pandora\u0027s Box"],"picked":"Black Star"}],"items_purged_floors":[3,19],"is_endless":false,"potions_floor_spawned":[5,7,10,13,18],"killed_by":"Book of Stabbing","ascension_level":10}}