{"host":"abdxwahegzejqccj","time":1610260175,"event":{"mods":["BaseMod","Better Note","BetterRewards","Colored Powertips","Downfall","Hermit","Minty Spire (QoL Compilation)","Replay The Spire","StSLib","The Cursed","The Hierophant"],"gold_per_floor":[109,122,136,136,136,162,175,175,175],"floor_reached":8,"playtime":363,"items_purged":["Strike_R"],"score":70,"play_id":"f392b750-f2ec-48e5-9a24-29b27e4b1605","local_time":"20210110172935","is_ascension_mode":true,"campfire_choices":[],"circlet_count":0,"master_deck":["Strike_R","Strike_R","Strike_R","Defend_R","Defend_R","Defend_R","Defend_R","Bash","Armaments","Evolve","Cleave","expansioncontent:Flail","Thunderclap","Wild Strike","Looming Evil","Bash","Shockwave","Shrug It Off"],"relics":["Burning Blood","BargainBundle","Red Skull","Matryoshka"],"acts_visited":["Exordium"],"potions_floor_usage":[],"damage_taken":[{"damage":5,"enemies":"Small Slimes","floor":1,"turns":3},{"damage":6,"enemies":"Cultist","floor":2,"turns":4},{"damage":9,"enemies":"Jaw Worm","floor":3,"turns":3},{"damage":50,"enemies":"Lagavulin","floor":6,"turns":6},{"damage":5,"enemies":"3 Louse","floor":7,"turns":2},{"damage":30,"enemies":"Replay:BlueRogue","floor":8,"turns":3}],"seed_played":"-864385070615786988","potions_obtained":[{"floor":6,"key":"Explosive Potion"}],"is_trial":false,"path_per_floor":["M","M","M","?","?","E","M","E"],"character_chosen":"IRONCLAD","items_purchased":["BargainBundle","Armaments","Evolve","Cleave","expansioncontent:Flail","Red Skull"],"campfire_rested":0,"item_purchase_floors":[0,0,0,0,0,0],"current_hp_per_floor":[69,69,66,59,59,15,16,0,0],"gold":175,"neow_bonus":"","is_daily":false,"chose_seed":false,"campfire_upgraded":0,"win_rate":0.0,"timestamp":1610260175,"path_taken":["M","M","M","?","?","E","M","E"],"items_purchased_type":["Relic","Card","Card","Card","Card","Relic"],"build_version":"2020-12-22","purchased_purges":1,"victory":false,"max_hp_per_floor":[80,80,80,80,80,80,80,80,80],"card_choices":[{"not_picked":["Second Wind","Replay:Undeath\u0027s Touch","ReplayTheSpireMod:Strike From Hell"],"picked":"SKIP","floor":1},{"not_picked":["Sentinel","Hemokinesis"],"picked":"Thunderclap","floor":2},{"not_picked":["Headbutt","Twin Strike","Thunderclap"],"picked":"SKIP","floor":3},{"not_picked":["Flex","Headbutt"],"picked":"Shockwave","floor":6},{"not_picked":["Thunderclap","Headbutt"],"picked":"Shrug It Off","floor":7}],"player_experience":390960,"relics_obtained":[{"floor":6,"key":"Matryoshka"}],"event_choices":[{"cards_removed":["Strike_R"],"damage_healed":0,"gold_gain":0,"player_choice":"Card Removal","damage_taken":7,"max_hp_gain":0,"max_hp_loss":0,"event_name":"Golden Wing","floor":4,"gold_loss":0},{"damage_healed":0,"gold_gain":0,"player_choice":"3 cards matched","damage_taken":0,"max_hp_gain":0,"max_hp_loss":0,"event_name":"Match and Keep!","floor":5,"gold_loss":0,"cards_obtained":["Wild Strike","Looming Evil","Bash"]}],"is_beta":false,"boss_relics":[],"items_purged_floors":[0],"is_endless":false,"potions_floor_spawned":[6],"killed_by":"Replay:BlueRogue","ascension_level":4}}