{"host":"vrsxkkch9ccrec7k","time":1610297267,"event":{"mods":["Act Like it!","BaseMod","Bestiary","Better Third Choice","Better Vampires","Downfall","Minty Spire (QoL Compilation)","Permanent Neow","Relic Stats","Spicy Shops","StSLib"],"gold_per_floor":[99,115,115,115,128,128,181,181,193,217,217,217,244,257,277,380,380,380,400,426,0,11,31,31,59,72,100,100,120,147,164,175,277,277,277,294,64,75,75,109,158,192,210,210,226,245,277,288,303,303],"floor_reached":51,"playtime":5594,"items_purged":["champ:Strike","champ:TornadoPunch"],"score":1207,"play_id":"09fe6ed3-d427-442c-a4de-e891497c30ed","local_time":"20210110114747","is_ascension_mode":true,"campfire_choices":[{"data":"champ:Execute","floor":1,"key":"SMITH"},{"data":"champ:Taunt","floor":6,"key":"SMITH"},{"floor":8,"key":"RECALL"},{"data":"champ:Devastate","floor":12,"key":"SMITH"},{"data":"champ:StrikeOfGenius","floor":18,"key":"SMITH"},{"data":"champ:IronFortress","floor":28,"key":"SMITH"},{"data":"champ:FocusedDefense","floor":35,"key":"SMITH"},{"data":"champ:CalledShot","floor":44,"key":"SMITH"}],"circlet_count":0,"master_deck":["champ:Defend","champ:Defend","champ:Defend","champ:Execute+1","champ:Taunt+1","champ:Circumvent","champ:Devastate+1","champ:ShieldSlam+1","champ:ArenaPreparation","champ:StrikeOfGenius+1","champ:IronFortress+1","champ:FocusedDefense+1","champ:ArenaPreparation+1","champ:ViciousMockery","champ:Circumvent+1","champ:ShieldSigil+1","champ:SwordSigil+1","champ:EnchantCrown","champ:Backstep","champ:StrikeOfGenius","champ:CalledShot+1","champ:Lariat+1","champ:IronFortress"],"relics":["champ:ChampionCrown","Calipers","Centennial Puzzle","Odd Mushroom","Incense Burner","SlaversCollar","Lantern","Mummified Hand","Letter Opener","champ:FightingForDummies","champ:DefensiveTrainingManual","Snecko Eye","Ancient Tea Set","Dead Branch","Turnip","Bag of Marbles","Whetstone"],"acts_visited":["Exordium","TheCity","TheBeyond"],"potions_floor_usage":[13,25,31,38],"damage_taken":[{"damage":5,"enemies":"Small Slimes","floor":2,"turns":3},{"damage":5,"enemies":"2 Louse","floor":5,"turns":4},{"damage":5,"enemies":"Cultist","floor":9,"turns":4},{"damage":4,"enemies":"The Mushroom Lair","floor":10,"turns":3},{"damage":0,"enemies":"3 Sentries","floor":13,"turns":4},{"damage":17,"enemies":"Large Slime","floor":14,"turns":10},{"damage":9,"enemies":"3 Louse","floor":15,"turns":7},{"damage":53,"enemies":"downfall:Watcher","floor":16,"turns":18},{"damage":10,"enemies":"Spheric Guardian","floor":19,"turns":5},{"damage":28,"enemies":"downfall:FleeingMerchant","floor":21,"turns":4},{"damage":30,"enemies":"Snake Plant","floor":22,"turns":4},{"damage":15,"enemies":"Shelled Parasite and Fungi","floor":23,"turns":5},{"damage":48,"enemies":"Gremlin Leader","floor":25,"turns":6},{"damage":53,"enemies":"Cultist and Chosen","floor":26,"turns":6},{"damage":10,"enemies":"Slavers","floor":27,"turns":5},{"damage":6,"enemies":"Centurion and Healer","floor":29,"turns":3},{"damage":92,"enemies":"Gremlin Leader","floor":30,"turns":7},{"damage":5,"enemies":"Snake Plant","floor":31,"turns":3},{"damage":2,"enemies":"Shelled Parasite and Fungi","floor":32,"turns":1},{"damage":33,"enemies":"downfall:Silent","floor":33,"turns":5},{"damage":54,"enemies":"3 Darklings","floor":36,"turns":6},{"damage":69,"enemies":"downfall:FleeingMerchant","floor":37,"turns":3},{"damage":26,"enemies":"Orb Walker","floor":38,"turns":3},{"damage":57,"enemies":"Reptomancer","floor":40,"turns":4},{"damage":40,"enemies":"Nemesis","floor":42,"turns":3},{"damage":28,"enemies":"Sphere and 2 Shapes","floor":43,"turns":6},{"damage":35,"enemies":"4 Shapes","floor":45,"turns":4},{"damage":17,"enemies":"3 Darklings","floor":46,"turns":3},{"damage":45,"enemies":"Reptomancer","floor":47,"turns":4},{"damage":1,"enemies":"Sphere and 2 Shapes","floor":48,"turns":5},{"damage":0,"enemies":"Writhing Mass","floor":49,"turns":1},{"damage":38,"enemies":"downfall:Defect","floor":50,"turns":2}],"seed_played":"-4453337305900839312","potions_obtained":[{"floor":2,"key":"LiquidBronze"},{"floor":5,"key":"Guardian:BlockOnCardUsePotion"},{"floor":10,"key":"LiquidMemories"},{"floor":25,"key":"DuplicationPotion"},{"floor":26,"key":"ColorlessPotion"},{"floor":31,"key":"Energy Potion"},{"floor":32,"key":"EssenceOfSteel"},{"floor":33,"key":"hexamod:EctoCoolerPotion"},{"floor":38,"key":"champ:OpenerPotion"},{"floor":43,"key":"ColorlessPotion"},{"floor":45,"key":"Dexterity Potion"}],"is_trial":false,"path_per_floor":["R","M","?","?","M","R","T","R","M","?","?","R","E","M","M","B",null,"R","M","T","$","M","M","T","E","M","E","R","M","E","M","M","B",null,"R","M","$","M","?","E","T","E","M","R","M","M","E","M","M","B",null],"character_chosen":"THE_CHAMP","items_purchased":["Mummified Hand","champ:IronFortress","Strength Potion","Ancient Tea Set","Dead Branch"],"campfire_rested":0,"item_purchase_floors":[21,21,21,37,37],"current_hp_per_floor":[81,81,81,81,81,81,81,81,81,77,77,77,77,70,71,64,81,81,81,81,81,81,76,76,81,81,81,81,81,81,81,81,81,81,81,81,81,77,77,65,65,65,65,65,65,79,79,81,81,81],"gold":303,"neow_bonus":"ONE_RARE_RELIC","is_daily":false,"chose_seed":false,"campfire_upgraded":7,"win_rate":0.0,"timestamp":1610297267,"path_taken":["R","M","?","?","?","R","T","R","M","?","?","R","E","M","M","BOSS","R","M","?","$","M","M","T","E","M","E","R","?","E","M","M","BOSS","R","M","$","M","?","E","T","E","M","R","M","M","E","M","M","BOSS"],"items_purchased_type":["Relic","Card","Potion","Relic","Relic"],"build_version":"2020-12-22","purchased_purges":2,"victory":true,"max_hp_per_floor":[81,81,81,81,81,81,81,81,81,81,81,81,81,81,81,81,81,81,81,81,81,81,81,81,81,81,81,81,81,81,81,81,81,81,81,81,81,81,81,81,81,81,81,81,81,81,81,81,81,81],"relic_stats":{"Centennial Puzzle":[84],"counters":[32,151],"Mummified Hand":[102],"Dead Branch":[73],"Snecko Eye":[87,93,73,75],"Turnip":[5],"Letter Opener":[503],"Whetstone":["champ:ShieldSlam"],"obtain_stats":[{"Lantern":20,"Calipers":0,"Dead Branch":37,"champ:ChampionCrown":0,"Incense Burner":13,"Letter Opener":24,"Whetstone":47,"Odd Mushroom":10,"Ancient Tea Set":37,"SlaversCollar":17,"Centennial Puzzle":7,"Mummified Hand":21,"champ:DefensiveTrainingManual":27,"Snecko Eye":34,"Turnip":40,"Bag of Marbles":42,"champ:FightingForDummies":25},{"Lantern":9,"Calipers":0,"Dead Branch":22,"champ:ChampionCrown":0,"Incense Burner":5,"Letter Opener":12,"Whetstone":29,"Odd Mushroom":4,"Ancient Tea Set":22,"SlaversCollar":8,"Centennial Puzzle":2,"Mummified Hand":10,"champ:DefensiveTrainingManual":15,"Snecko Eye":20,"Turnip":24,"Bag of Marbles":25,"champ:FightingForDummies":13},{"Lantern":58,"Calipers":0,"Dead Branch":116,"champ:ChampionCrown":0,"Incense Burner":18,"Letter Opener":71,"Whetstone":143,"Odd Mushroom":14,"Ancient Tea Set":116,"SlaversCollar":53,"Centennial Puzzle":7,"Mummified Hand":62,"champ:DefensiveTrainingManual":88,"Snecko Eye":107,"Turnip":123,"Bag of Marbles":126,"champ:FightingForDummies":77}]},"card_choices":[{"not_picked":["champ:ShieldSigil","champ:IronFortress"],"picked":"champ:TornadoPunch","floor":2},{"not_picked":["champ:BringItOn","champ:FlashCut"],"picked":"champ:Circumvent","floor":5},{"not_picked":["champ:FaceSlap","champ:PerfectedStrike","champ:GladiatorsShout"],"picked":"SKIP","floor":9},{"not_picked":["champ:Control","champ:PreciseThrust"],"picked":"champ:ShieldSlam","floor":13},{"not_picked":["champ:BerserkersShout","champ:EnragedBash"],"picked":"champ:ArenaPreparation","floor":14},{"not_picked":["champ:FanOfKnives","champ:RageSigil","champ:BerserkersShout"],"picked":"SKIP","floor":15},{"not_picked":["champ:CrownThrow","champ:ShieldSlam"],"picked":"champ:StrikeOfGenius","floor":16},{"not_picked":["champ:BladeFlurry+1","champ:HeartStrike","champ:Haymaker"],"picked":"SKIP","floor":19},{"not_picked":["champ:LastStand","champ:GladiatorsShout","champ:BladeFlurry"],"picked":"SKIP","floor":21},{"not_picked":["champ:FlashCut","champ:AdrenalArmor"],"picked":"champ:FocusedDefense","floor":22},{"not_picked":["champ:FocusedBerserking+1","champ:Aggression+1"],"picked":"champ:ArenaPreparation+1","floor":23},{"not_picked":["champ:CalledShot","champ:ShieldThrow"],"picked":"champ:ViciousMockery","floor":25},{"not_picked":["champ:SkillfulDodge","champ:TornadoPunch"],"picked":"champ:Circumvent+1","floor":26},{"not_picked":["champ:TornadoPunch","champ:SwordSigil"],"picked":"champ:ShieldSigil+1","floor":27},{"not_picked":["champ:StanceDance","champ:Circumvent"],"picked":"champ:SwordSigil+1","floor":29},{"not_picked":["champ:GutPunch","champ:DefensiveShout","champ:Circumvent"],"picked":"SKIP","floor":30},{"not_picked":["champ:Shatter+1","champ:GladiatorStyle","champ:FightOn"],"picked":"SKIP","floor":31},{"not_picked":["champ:RageSigil","champ:FaceSlap","champ:VampiricStrike"],"picked":"SKIP","floor":32},{"not_picked":["champ:StrikeOfGenius","champ:EnchantShield"],"picked":"champ:EnchantCrown","floor":33},{"not_picked":["champ:RisingSlash","champ:BladeFlurry+1"],"picked":"champ:Backstep","floor":36},{"not_picked":["champ:CrookedStrike+1","champ:FlashCut+1","champ:GutPunch"],"picked":"SKIP","floor":37},{"not_picked":["champ:BerserkersShout+1","champ:Balance","champ:FanOfKnives"],"picked":"SKIP","floor":38},{"not_picked":["champ:RapidStrikes+1","champ:Aggression"],"picked":"champ:StrikeOfGenius","floor":40},{"not_picked":["champ:DefensiveShout+1","champ:RecklessLeap"],"picked":"champ:CalledShot","floor":42},{"not_picked":["champ:FightOn","champ:TornadoPunch+1","champ:HeartStrike"],"picked":"SKIP","floor":43},{"not_picked":["champ:ShieldSigil+1","champ:Haymaker+1"],"picked":"champ:Lariat+1","floor":45},{"not_picked":["champ:SkillfulDodge","champ:AdrenalArmor","champ:DefensiveShout+1"],"picked":"SKIP","floor":46},{"not_picked":["champ:GladiatorsShout","champ:AdrenalArmor+1","champ:GladiatorStyle+1"],"picked":"SKIP","floor":47},{"not_picked":["champ:GutPunch+1","champ:DeathBlow"],"picked":"champ:IronFortress","floor":48},{"not_picked":["champ:FocusedDefense","champ:BringItOn","champ:AdrenalArmor"],"picked":"SKIP","floor":49}],"player_experience":1440948,"relics_obtained":[{"floor":7,"key":"Centennial Puzzle"},{"floor":10,"key":"Odd Mushroom"},{"floor":13,"key":"Incense Burner"},{"floor":20,"key":"Lantern"},{"floor":24,"key":"Letter Opener"},{"floor":25,"key":"champ:FightingForDummies"},{"floor":27,"key":"champ:DefensiveTrainingManual"},{"floor":40,"key":"Turnip"},{"floor":42,"key":"Bag of Marbles"},{"floor":47,"key":"Whetstone"}],"event_choices":[{"cards_removed":["champ:Strike"],"damage_healed":0,"gold_gain":0,"player_choice":"Card Removal","damage_taken":0,"max_hp_gain":0,"max_hp_loss":0,"event_name":"The Cleric","floor":3,"gold_loss":0},{"cards_removed":["champ:Strike"],"damage_healed":0,"gold_gain":0,"player_choice":"Purged","damage_taken":0,"max_hp_gain":0,"max_hp_loss":0,"event_name":"Purifier","floor":4,"gold_loss":0},{"damage_healed":0,"gold_gain":0,"player_choice":"Fought Mushrooms","damage_taken":0,"max_hp_gain":0,"max_hp_loss":0,"event_name":"Mushrooms","floor":10,"gold_loss":0},{"damage_healed":0,"gold_gain":0,"cards_transformed":["champ:Strike"],"player_choice":"Transformed","damage_taken":0,"max_hp_gain":0,"max_hp_loss":0,"event_name":"Transmorgrifier","floor":11,"gold_loss":0,"cards_obtained":["champ:Devastate"]},{"cards_removed":["champ:Defend"],"damage_healed":0,"gold_gain":0,"player_choice":"Removed Skill","damage_taken":0,"max_hp_gain":0,"max_hp_loss":0,"event_name":"Falling","floor":39,"gold_loss":0}],"is_beta":false,"boss_relics":[{"not_picked":["Coffee Dripper","downfall:Hecktoplasm"],"picked":"SlaversCollar"},{"not_picked":["Fusion Hammer","Runic Pyramid"],"picked":"Snecko Eye"}],"items_purged_floors":[21,37],"is_endless":false,"potions_floor_spawned":[2,5,10,25,26,29,31,32,33,38,42,43,45,47,49],"ascension_level":3}}