{"host":"3qkmyeoym75lj4wn","time":1610283206,"event":{"mods":["2.2 Compatiblity","BaseMod","Block Reminder","Colored Powertips","Highlight Path","Minty Spire (QoL Compilation)","Permanent Neow","Potion Indicator Mod","Rare Cards Sparkle","Relic Stats","StSLib","Unceasing Turn Reminder"],"gold_per_floor":[113,14,28,178,178,208,220,267,305,331,399,445,32,43,43,118,118,131,131,141,141,141,141,158,185,185,200,200,125,159,172,172,243,243,262,65,2,20,38,38,71,89,114,114,0,0,0,0,0,0,0,0],"floor_reached":51,"playtime":2223,"items_purged":["Strike_R"],"score":1462,"play_id":"205f04fa-7176-46be-abf1-9a912f089984","local_time":"20210110125326","is_ascension_mode":true,"campfire_choices":[{"data":"Bash","floor":7,"key":"SMITH"},{"floor":15,"key":"REST"},{"floor":23,"key":"RECALL"},{"floor":28,"key":"REST"},{"floor":32,"key":"REST"},{"floor":40,"key":"REST"},{"floor":44,"key":"REST"},{"floor":46,"key":"REST"},{"floor":49,"key":"REST"}],"circlet_count":0,"master_deck":["AscendersBane","Strike_R+1","Strike_R+1","Strike_R+1","Defend_R+1","Defend_R+1","Defend_R+1","Defend_R+1","Bash+1","Clothesline","Thunderclap","Spot Weakness","Dropkick","Intimidate","Armaments","Sword Boomerang","Uppercut","Reaper","Demon Form","Armaments","Shockwave","Offering","Shrug It Off","Metallicize+1","Metallicize","Normality","Feel No Pain+1"],"relics":["Burning Blood","NeowsBlessing","MawBank","Thread and Needle","Regal Pillow","Mercury Hourglass","Dream Catcher","PreservedInsect","Fusion Hammer","Molten Egg 2","HornCleat","Strawberry","Cursed Key","Blood Vial","Toy Ornithopter","Prayer Wheel","Red Mask"],"acts_visited":["Exordium","TheCity","TheBeyond"],"potions_floor_usage":[10,11,12,16,16,25,27,31,33,41],"damage_taken":[{"damage":0,"enemies":"Cultist","floor":1,"turns":1},{"damage":0,"enemies":"2 Louse","floor":3,"turns":1},{"damage":0,"enemies":"3 Sentries","floor":6,"turns":2},{"damage":40,"enemies":"Lagavulin","floor":8,"turns":6},{"damage":0,"enemies":"Small Slimes","floor":10,"turns":3},{"damage":18,"enemies":"Gremlin Nob","floor":11,"turns":4},{"damage":25,"enemies":"3 Sentries","floor":12,"turns":6},{"damage":0,"enemies":"Exordium Thugs","floor":14,"turns":3},{"damage":20,"enemies":"Hexaghost","floor":16,"turns":9},{"damage":17,"enemies":"3 Byrds","floor":18,"turns":5},{"damage":15,"enemies":"2 Thieves","floor":20,"turns":4},{"damage":34,"enemies":"Snake Plant","floor":24,"turns":5},{"damage":12,"enemies":"Book of Stabbing","floor":25,"turns":4},{"damage":11,"enemies":"Shelled Parasite and Fungi","floor":27,"turns":4},{"damage":0,"enemies":"Gremlin Leader","floor":30,"turns":5},{"damage":6,"enemies":"Sentry and Sphere","floor":31,"turns":4},{"damage":99,"enemies":"Collector","floor":33,"turns":9},{"damage":8,"enemies":"3 Shapes","floor":35,"turns":13},{"damage":6,"enemies":"Orb Walker","floor":38,"turns":4},{"damage":18,"enemies":"Sphere and 2 Shapes","floor":39,"turns":7},{"damage":51,"enemies":"Reptomancer","floor":41,"turns":6},{"damage":12,"enemies":"Maw","floor":42,"turns":7},{"damage":78,"enemies":"Donu and Deca","floor":50,"turns":11},{"damage":59,"enemies":"Time Eater","floor":51,"turns":9}],"seed_played":"-7617035235371180848","potions_obtained":[{"floor":3,"key":"SpeedPotion"},{"floor":8,"key":"Ancient Potion"},{"floor":10,"key":"Strength Potion"},{"floor":11,"key":"DuplicationPotion"},{"floor":20,"key":"PowerPotion"},{"floor":24,"key":"AttackPotion"},{"floor":27,"key":"GamblersBrew"},{"floor":30,"key":"FearPotion"},{"floor":31,"key":"SkillPotion"},{"floor":35,"key":"BlessingOfTheForge"}],"is_trial":false,"path_per_floor":["M","$","M","?","?","E","R","E","T","M","?","E","$","M","R","B",null,"M","?","M","$","?","R","M","E","T","M","R","?","E","M","R","B",null,"M","$","?","M","M","R","E","M","T","R","?","R","$","?","R","B","B"],"character_chosen":"IRONCLAD","items_purchased":["Thunderclap","PreservedInsect","BlessingOfTheForge","Intimidate","Armaments","Sword Boomerang","Metallicize","Blood Vial"],"campfire_rested":7,"item_purchase_floors":[2,13,13,13,13,13,36,36],"current_hp_per_floor":[74,74,75,75,75,75,75,41,41,47,35,16,16,22,59,58,71,60,60,67,67,67,67,39,39,39,34,71,71,82,82,82,27,68,82,82,82,82,82,82,44,62,62,82,82,82,82,78,78,40,0,0],"gold":0,"neow_bonus":"THREE_ENEMY_KILL","is_daily":false,"chose_seed":false,"campfire_upgraded":1,"win_rate":0.0,"timestamp":1610283206,"path_taken":["M","$","?","?","?","E","R","E","T","?","?","E","$","M","R","BOSS","M","?","M","$","?","R","M","E","T","M","R","?","E","M","R","BOSS","M","$","?","M","?","R","E","M","T","R","?","R","$","?","R","BOSS","BOSS"],"items_purchased_type":["Card","Relic","Potion","Card","Card","Card","Card","Relic"],"build_version":"2020-12-22","purchased_purges":1,"victory":false,"max_hp_per_floor":[75,75,75,75,75,75,75,75,75,75,75,75,75,75,75,75,75,75,75,75,75,75,75,75,75,75,75,75,75,82,82,82,82,82,82,82,82,82,82,82,82,82,82,82,82,82,82,78,78,78,78,78],"relic_stats":{"Blood Vial":4,"Regal Pillow":30,"Dream Catcher":7,"counters":[24,130],"Prayer Wheel":1,"PreservedInsect":157,"MawBank":84,"Cursed Key":1,"obtain_stats":[{"Regal Pillow":9,"NeowsBlessing":0,"Thread and Needle":8,"PreservedInsect":13,"MawBank":6,"Cursed Key":34,"Burning Blood":0,"Mercury Hourglass":11,"Blood Vial":36,"Dream Catcher":12,"HornCleat":26,"Strawberry":30,"Molten Egg 2":25,"Prayer Wheel":41,"Fusion Hammer":17,"Red Mask":45,"Toy Ornithopter":37},{"Regal Pillow":4,"NeowsBlessing":0,"Thread and Needle":4,"PreservedInsect":7,"MawBank":3,"Cursed Key":17,"Burning Blood":0,"Mercury Hourglass":6,"Blood Vial":18,"Dream Catcher":7,"HornCleat":13,"Strawberry":15,"Molten Egg 2":13,"Prayer Wheel":21,"Fusion Hammer":9,"Red Mask":22,"Toy Ornithopter":18},{"Regal Pillow":10,"NeowsBlessing":0,"Thread and Needle":10,"PreservedInsect":23,"MawBank":4,"Cursed Key":75,"Burning Blood":0,"Mercury Hourglass":17,"Blood Vial":87,"Dream Catcher":23,"HornCleat":53,"Strawberry":62,"Molten Egg 2":53,"Prayer Wheel":103,"Fusion Hammer":35,"Red Mask":110,"Toy Ornithopter":87}],"Burning Blood":115,"Toy Ornithopter":0,"Mercury Hourglass":[452]},"card_choices":[{"not_picked":["Flex","Wild Strike"],"picked":"Clothesline","floor":1},{"not_picked":["True Grit","Power Through"],"picked":"Spot Weakness","floor":3},{"not_picked":["Infernal Blade","Brutality","Searing Blow"],"picked":"SKIP","floor":6},{"not_picked":["Anger","Headbutt","Sword Boomerang"],"picked":"SKIP","floor":8},{"not_picked":["Sentinel","Wild Strike","Heavy Blade"],"picked":"SKIP","floor":10},{"not_picked":["True Grit","Dual Wield"],"picked":"Dropkick","floor":11},{"not_picked":["Fiend Fire","Heavy Blade","Flex"],"picked":"SKIP","floor":12},{"not_picked":["Shrug It Off","Body Slam"],"picked":"Uppercut","floor":14},{"not_picked":["Warcry","Flex"],"picked":"Reaper","floor":15},{"not_picked":["Feed","Double Tap"],"picked":"Demon Form","floor":16},{"not_picked":["Havoc","Reckless Charge+1"],"picked":"Armaments","floor":18},{"not_picked":["Body Slam","Cleave"],"picked":"Shockwave","floor":20},{"not_picked":["Infernal Blade","Flex","Twin Strike"],"picked":"SKIP","floor":24},{"not_picked":["Headbutt+1","Thunderclap+1"],"picked":"Offering","floor":25},{"not_picked":["True Grit","Uppercut+1","Flex"],"picked":"SKIP","floor":27},{"not_picked":["Pommel Strike+1","Rampage+1","Flex"],"picked":"SKIP","floor":30},{"not_picked":["Perfected Strike+1","Infernal Blade","Twin Strike+1"],"picked":"SKIP","floor":31},{"not_picked":["Blood for Blood+1","Inflame"],"picked":"Shrug It Off","floor":32},{"not_picked":["Burning Pact","Havoc"],"picked":"Metallicize+1","floor":35},{"not_picked":["Rampage+1","Headbutt+1","Iron Wave+1"],"picked":"SKIP","floor":38},{"not_picked":["Double Tap","Ghostly Armor","Rage+1"],"picked":"SKIP","floor":39},{"not_picked":["Power Through","Flex","Dual Wield"],"picked":"SKIP","floor":41},{"not_picked":["Hemokinesis+1","Body Slam+1","Barricade"],"picked":"SKIP","floor":42},{"not_picked":["Dual Wield","Infernal Blade","Cleave+1"],"picked":"SKIP","floor":42},{"not_picked":["Clash+1","Flame Barrier"],"picked":"Feel No Pain+1","floor":46}],"player_experience":1659692,"relics_obtained":[{"floor":6,"key":"MawBank"},{"floor":8,"key":"Thread and Needle"},{"floor":9,"key":"Regal Pillow"},{"floor":11,"key":"Mercury Hourglass"},{"floor":12,"key":"Dream Catcher"},{"floor":25,"key":"Molten Egg 2"},{"floor":26,"key":"HornCleat"},{"floor":30,"key":"Strawberry"},{"floor":41,"key":"Prayer Wheel"}],"event_choices":[{"damage_healed":0,"gold_gain":150,"player_choice":"AGREE","damage_taken":0,"max_hp_gain":0,"max_hp_loss":0,"event_name":"Liars Game","floor":4,"gold_loss":0,"cards_obtained":["Doubt"]},{"cards_removed":["Doubt"],"damage_healed":0,"gold_gain":0,"player_choice":"Forget","damage_taken":0,"max_hp_gain":0,"max_hp_loss":0,"event_name":"Living Wall","floor":5,"gold_loss":0},{"damage_healed":0,"gold_gain":0,"player_choice":"Searched \u00271\u0027 times","damage_taken":0,"max_hp_gain":0,"max_hp_loss":0,"event_name":"Dead Adventurer","floor":11,"gold_loss":0},{"damage_healed":0,"gold_gain":0,"player_choice":"Simplicity","damage_taken":0,"max_hp_gain":0,"max_hp_loss":0,"event_name":"Back to Basics","floor":19,"gold_loss":0,"cards_upgraded":["Strike_R","Strike_R","Strike_R","Strike_R","Defend_R","Defend_R","Defend_R","Defend_R"]},{"damage_healed":0,"gold_gain":0,"player_choice":"Ignored","damage_taken":0,"max_hp_gain":0,"max_hp_loss":0,"event_name":"The Mausoleum","floor":22,"gold_loss":0},{"cards_removed":["Strike_R"],"damage_healed":0,"gold_gain":0,"player_choice":"Gave Gold","damage_taken":0,"max_hp_gain":0,"max_hp_loss":0,"event_name":"Beggar","floor":29,"gold_loss":75},{"damage_healed":0,"gold_gain":0,"player_choice":"Paid Gold","damage_taken":0,"relics_obtained":["Toy Ornithopter"],"max_hp_gain":0,"max_hp_loss":0,"event_name":"WeMeetAgain","floor":37,"gold_loss":63},{"damage_healed":0,"gold_gain":0,"player_choice":"Paid","damage_taken":0,"relics_obtained":["Red Mask"],"max_hp_gain":0,"max_hp_loss":0,"event_name":"Tomb of Lord Red Mask","floor":45,"gold_loss":114},{"damage_healed":0,"gold_gain":0,"player_choice":"Max HP","damage_taken":0,"max_hp_gain":0,"max_hp_loss":4,"event_name":"Winding Halls","floor":48,"gold_loss":0}],"is_beta":false,"boss_relics":[{"not_picked":["Ectoplasm","Pandora\u0027s Box"],"picked":"Fusion Hammer"},{"not_picked":["Coffee Dripper","Snecko Eye"],"picked":"Cursed Key"}],"items_purged_floors":[2],"is_endless":false,"potions_floor_spawned":[3,8,10,11,20,24,27,30,31,35,38],"killed_by":"Time Eater","ascension_level":20}}