{"host":"7cp3z5w0tcrrm8ys","time":1610274063,"event":{"mods":["AchievementEnabler","BaseMod","Colored Map","Colored Powertips","DeckTracker","Minty Spire (QoL Compilation)","StSLib","SuperFastMode"],"gold_per_floor":[119,138,157,170,183,183,198,198,198],"floor_reached":8,"playtime":280,"items_purged":[],"score":104,"play_id":"1217e0f6-7d7a-4fdf-a89a-18b0fdee7453","local_time":"20210110192103","is_ascension_mode":true,"campfire_choices":[{"data":"Thunderclap","floor":6,"key":"SMITH"}],"circlet_count":0,"master_deck":["AscendersBane","Strike_R","Strike_R","Strike_R","Strike_R","Strike_R","Defend_R","Defend_R","Defend_R","Defend_R","Bash","Double Tap","Uppercut","Flex","Ghostly Armor","Shrug It Off","Thunderclap+1","Combust"],"relics":["Burning Blood"],"acts_visited":["Exordium"],"potions_floor_usage":[7,8],"damage_taken":[{"damage":2,"enemies":"Cultist","floor":1,"turns":4},{"damage":7,"enemies":"Small Slimes","floor":2,"turns":3},{"damage":9,"enemies":"Jaw Worm","floor":3,"turns":2},{"damage":17,"enemies":"3 Louse","floor":4,"turns":4},{"damage":12,"enemies":"2 Fungi Beasts","floor":5,"turns":4},{"damage":19,"enemies":"Large Slime","floor":7,"turns":5},{"damage":21,"enemies":"Lagavulin","floor":8,"turns":5}],"seed_played":"8802874346002801205","potions_obtained":[{"floor":2,"key":"PowerPotion"},{"floor":5,"key":"Block Potion"}],"is_trial":false,"path_per_floor":["M","M","M","M","M","R","M","E"],"character_chosen":"IRONCLAD","items_purchased":[],"campfire_rested":0,"item_purchase_floors":[],"current_hp_per_floor":[54,53,50,39,33,33,20,0,0],"gold":198,"neow_bonus":"THREE_RARE_CARDS","is_daily":false,"chose_seed":false,"campfire_upgraded":1,"win_rate":0.0,"timestamp":1610274063,"path_taken":["M","M","M","M","M","R","M","E"],"items_purchased_type":[],"build_version":"2020-12-22","purchased_purges":0,"victory":false,"max_hp_per_floor":[75,75,75,75,75,75,75,75,75],"card_choices":[{"not_picked":["Barricade","Exhume"],"picked":"Double Tap","floor":0},{"not_picked":["Clothesline","Heavy Blade"],"picked":"Uppercut","floor":1},{"not_picked":["Pummel","Feel No Pain"],"picked":"Flex","floor":2},{"not_picked":["Heavy Blade","Dark Embrace"],"picked":"Ghostly Armor","floor":3},{"not_picked":["Searing Blow","Clash"],"picked":"Shrug It Off","floor":4},{"not_picked":["Flex","Twin Strike"],"picked":"Thunderclap","floor":5},{"not_picked":["Perfected Strike","Twin Strike"],"picked":"Combust","floor":7}],"player_experience":797171,"relics_obtained":[],"event_choices":[],"is_beta":false,"boss_relics":[],"items_purged_floors":[],"is_endless":false,"potions_floor_spawned":[2,5],"killed_by":"Lagavulin","ascension_level":20}}