{"host":"w9yruvs4bqht6bhw","time":1610237014,"event":{"mods":["BaseMod","Colored Powertips","Minty Spire (QoL Compilation)"],"gold_per_floor":[117,192,258,102,102,102,102,129,141,153,175,187,199,224,236,348,360,391,403,432,50,50,76,1,1,27,47,62,72,72,88,88,88,88],"floor_reached":33,"playtime":736,"items_purged":["Bludgeon+1"],"score":357,"play_id":"8bc8c528-f9b6-45ea-b2a7-56cca9b4f87f","local_time":"20210109190334","is_ascension_mode":true,"campfire_choices":[{"data":"Bludgeon","floor":6,"key":"SMITH"},{"data":"Strike_R","floor":10,"key":"SMITH"},{"data":"Perfected Strike","floor":13,"key":"SMITH"},{"data":"Strike_R","floor":15,"key":"SMITH"},{"floor":30,"key":"REST"},{"data":"Twin Strike","floor":32,"key":"SMITH"}],"circlet_count":0,"master_deck":["Strike_R+1","Strike_R+1","Strike_R+1","Strike_R+1","Strike_R+1","Defend_R+1","Defend_R+1","Defend_R+1","Defend_R+1","Bash","Perfected Strike+1","Exhume","Twin Strike+1","Flame Barrier","Spot Weakness+1","Uppercut","Twin Strike+1","Ghostly Armor+1"],"relics":["Burning Blood","Akabeko","MawBank","StrikeDummy","Oddly Smooth Stone","Velvet Choker","Ginger","Bottled Lightning","Juzu Bracelet"],"acts_visited":["Exordium","TheCity"],"potions_floor_usage":[14,16,21,23,23,28,33],"damage_taken":[{"damage":0.0,"enemies":"2 Louse","floor":1.0,"turns":3.0},{"damage":2,"enemies":"Jaw Worm","floor":8,"turns":2},{"damage":0,"enemies":"Cultist","floor":11,"turns":2},{"damage":9,"enemies":"2 Fungi Beasts","floor":14,"turns":3},{"damage":56,"enemies":"The Guardian","floor":16,"turns":8},{"damage":16,"enemies":"2 Thieves","floor":18,"turns":3},{"damage":23,"enemies":"Shell Parasite","floor":20,"turns":5},{"damage":28,"enemies":"Slavers","floor":23,"turns":7},{"damage":6,"enemies":"Snake Plant","floor":27,"turns":3},{"damage":0,"enemies":"Chosen and Byrds","floor":28,"turns":4},{"damage":11,"enemies":"Shelled Parasite and Fungi","floor":29,"turns":3},{"damage":2,"enemies":"Snake Plant","floor":31,"turns":2},{"damage":54,"enemies":"Champ","floor":33,"turns":8}],"seed_played":"-139178794051892112","potions_obtained":[{"floor":1,"key":"BloodPotion"},{"floor":14,"key":"BlessingOfTheForge"},{"floor":20,"key":"Dexterity Potion"},{"floor":23,"key":"HeartOfIron"},{"floor":31,"key":"Dexterity Potion"}],"is_trial":false,"path_per_floor":["M","?","?","$","?","R","?","M","T","R","M","T","R","M","R","B",null,"M","?","M","$","?","E","$","?","T","M","M","M","R","M","R","B"],"character_chosen":"IRONCLAD","items_purchased":["Akabeko","Ginger","Block Potion","BloodPotion"],"campfire_rested":1,"item_purchase_floors":[4,21,21,21],"current_hp_per_floor":[72,61,61,61,61,61,58,62,62,62,68,68,68,72,72,22,60,50,50,33,47,47,25,25,25,25,25,31,26,47,51,51,0,0],"gold":88,"neow_bonus":"THREE_RARE_CARDS","is_daily":false,"chose_seed":false,"campfire_upgraded":5,"win_rate":0.0,"timestamp":1610237014,"path_taken":["M","?","?","$","?","R","?","M","T","R","M","?","R","?","R","BOSS","M","?","M","?","?","E","$","?","T","M","M","M","R","M","R","BOSS"],"items_purchased_type":["Relic","Relic","Potion","Potion"],"build_version":"2020-12-22","purchased_purges":1,"victory":false,"max_hp_per_floor":[72,72,72,72,72,72,72,72,72,72,72,72,72,72,72,72,72,72,72,72,72,72,72,72,72,72,72,72,72,72,72,72,72,72],"card_choices":[{"not_picked":["Impervious","Brutality"],"picked":"Bludgeon","floor":0.0},{"not_picked":["Reckless Charge","Sever Soul","Carnage"],"picked":"SKIP","floor":1},{"not_picked":["Wild Strike","Sentinel","Feel No Pain"],"picked":"SKIP","floor":8},{"not_picked":["Havoc","Heavy Blade"],"picked":"Perfected Strike","floor":11},{"not_picked":["Sword Boomerang","Disarm","Headbutt"],"picked":"SKIP","floor":14},{"not_picked":["Bludgeon","Feed"],"picked":"Exhume","floor":16},{"not_picked":["Bloodletting","Body Slam+1"],"picked":"Twin Strike","floor":18},{"not_picked":["Perfected Strike","Heavy Blade"],"picked":"Flame Barrier","floor":20},{"not_picked":["Fire Breathing","Disarm"],"picked":"Spot Weakness+1","floor":23},{"not_picked":["Whirlwind","Pommel Strike"],"picked":"Uppercut","floor":27},{"not_picked":["Armaments+1","Body Slam","Warcry"],"picked":"SKIP","floor":28},{"not_picked":["Havoc","Armaments"],"picked":"Twin Strike","floor":29},{"not_picked":["Searing Blow+1","Burning Pact"],"picked":"Ghostly Armor+1","floor":31}],"player_experience":359453,"relics_obtained":[{"floor":9,"key":"StrikeDummy"},{"floor":12,"key":"Oddly Smooth Stone"},{"floor":23,"key":"Bottled Lightning"},{"floor":26,"key":"Juzu Bracelet"}],"event_choices":[{"damage_healed":0,"gold_gain":75,"player_choice":"Gather Gold","damage_taken":11,"max_hp_gain":0,"max_hp_loss":0,"event_name":"World of Goop","floor":2,"gold_loss":0},{"damage_healed":0,"gold_gain":66,"player_choice":"Gained Gold","damage_taken":0,"max_hp_gain":0,"max_hp_loss":0,"event_name":"Golden Wing","floor":3,"gold_loss":0},{"damage_healed":0,"gold_gain":0,"player_choice":"Ignored","damage_taken":0,"max_hp_gain":0,"max_hp_loss":0,"event_name":"Liars Game","floor":5,"gold_loss":0},{"damage_healed":0,"gold_gain":0,"player_choice":"Success","damage_taken":3,"relics_obtained":["MawBank"],"max_hp_gain":0,"max_hp_loss":0,"event_name":"Scrap Ooze","floor":7,"gold_loss":0},{"damage_healed":0,"gold_gain":0,"player_choice":"Forge","damage_taken":0,"max_hp_gain":0,"max_hp_loss":0,"event_name":"Accursed Blacksmith","floor":19,"gold_loss":0,"cards_upgraded":["Twin Strike"]},{"damage_healed":0,"gold_gain":0,"player_choice":"Simplicity","damage_taken":0,"max_hp_gain":0,"max_hp_loss":0,"event_name":"Back to Basics","floor":22,"gold_loss":0,"cards_upgraded":["Strike_R","Strike_R","Strike_R","Defend_R","Defend_R","Defend_R","Defend_R"]},{"damage_healed":0,"gold_gain":0,"player_choice":"Ignored","damage_taken":0,"max_hp_gain":0,"max_hp_loss":0,"event_name":"Ghosts","floor":25,"gold_loss":0}],"is_beta":false,"boss_relics":[{"not_picked":["Runic Dome","Ectoplasm"],"picked":"Velvet Choker"}],"items_purged_floors":[24],"is_endless":false,"potions_floor_spawned":[1,14,20,23,31],"killed_by":"Champ","ascension_level":8}}