{"host":"ig7tc0uedzltt2sr","time":1610241768,"event":{"mods":["BaseMod","Better Twitch Integration","Block Reminder","Colored Map","Colored Powertips","Communication Mod","Current Relic Mod","GifTheSpireLib","HexUI Lib","Minty Spire (QoL Compilation)","Quick Restart","Random Character Button","Rare Cards Sparkle","Relic Sorter","Relic Stats","Slay the Relics Exporter","StSLib","SuperFastMode","Synergy Search","Twitch Decklist","Twitch Utils","everything is the same but u backflip on backflip","slay the spire mod where everything is the same but ironclad has a cowboy hat"],"gold_per_floor":[112,44,44,58,72,72,72,72],"floor_reached":7,"playtime":37,"items_purged":[],"score":41,"play_id":"508b3688-434b-486f-8193-5ab145ceaa82","local_time":"20210109172248","is_ascension_mode":false,"campfire_choices":[{"data":"Strike_R","floor":6,"key":"SMITH"}],"circlet_count":0,"master_deck":["Strike_R+1","Strike_R","Strike_R","Strike_R","Strike_R","Defend_R","Defend_R","Defend_R","Defend_R","Bash","Feed","Metallicize"],"relics":["Burning Blood"],"acts_visited":["Exordium"],"potions_floor_usage":[],"damage_taken":[{"damage":18,"enemies":"Jaw Worm","floor":1,"turns":4},{"damage":15,"enemies":"Cultist","floor":4,"turns":4},{"damage":21,"enemies":"Small Slimes","floor":5,"turns":6},{"damage":62,"enemies":"Gremlin Nob","floor":7,"turns":5}],"seed_played":"-1160420008888810187","potions_obtained":[{"floor":4,"key":"BlessingOfTheForge"}],"is_trial":false,"path_per_floor":["M","$","?","M","M","R","E"],"character_chosen":"IRONCLAD","items_purchased":["Feed"],"campfire_rested":0,"item_purchase_floors":[2],"current_hp_per_floor":[76,76,76,67,52,52,0,0],"gold":72,"neow_bonus":"TEN_PERCENT_HP_BONUS","is_daily":false,"chose_seed":false,"campfire_upgraded":1,"win_rate":0.0,"timestamp":1610241768,"path_taken":["M","$","?","M","?","R","E"],"items_purchased_type":["Card"],"build_version":"2020-12-22","purchased_purges":0,"victory":false,"max_hp_per_floor":[88,88,88,88,88,88,88,88],"relic_stats":{"counters":[4,19],"obtain_stats":[{"Burning Blood":0},{"Burning Blood":0},{"Burning Blood":0}],"Burning Blood":18},"card_choices":[{"not_picked":["Twin Strike","Dual Wield","Thunderclap"],"picked":"SKIP","floor":1},{"not_picked":["Shockwave","Bloodletting","Whirlwind"],"picked":"SKIP","floor":4},{"not_picked":["Anger","Perfected Strike"],"picked":"Metallicize","floor":5}],"player_experience":1479054,"relics_obtained":[],"event_choices":[{"damage_healed":0,"gold_gain":0,"player_choice":"Ignored","damage_taken":0,"max_hp_gain":0,"max_hp_loss":0,"event_name":"Accursed Blacksmith","floor":3,"gold_loss":0}],"is_beta":false,"boss_relics":[],"items_purged_floors":[],"is_endless":false,"potions_floor_spawned":[4],"killed_by":"Gremlin Nob","ascension_level":0}}