{"host":"9hmnsypyq1c5u7i3","time":1610320617,"event":{"mods":["BaseMod","Bestiary","Hermit","Marisa????????","Minty Spire (QoL Compilation)","Quick Restart","Relic Stats","StSLib","The Cursed","The Hierophant"],"gold_per_floor":[112,126,201,211,229,229,257,257,257,257,292,292,304,329,329,350,350,357,367,367,21,22,22,50,50,73,92,107,107,117,152,152,229,229,288,288,356,391,143,143,80,145,145,215,215,215,272,344,344,324,324,324,127,156,116],"floor_reached":56,"playtime":10126,"items_purged":["hierophant:Strike_Hierophant","hierophant:Strike_Hierophant","hierophant:Defend_Hierophant","hierophant:BulkyChest"],"score":2241,"play_id":"f53d4bc6-897e-4705-9f19-9444f4ccc65d","local_time":"20210110171657","is_ascension_mode":true,"campfire_choices":[{"floor":6.0,"key":"REST"},{"data":"hierophant:Punish","floor":8.0,"key":"SMITH"},{"floor":10.0,"key":"REST"},{"data":"hierophant:PassingBell","floor":15.0,"key":"SMITH"},{"data":"hierophant:DeathKnell","floor":23.0,"key":"SMITH"},{"data":"hierophant:RepressedViolence","floor":25.0,"key":"SMITH"},{"floor":29.0,"key":"REST"},{"data":"hierophant:Prophecy","floor":32.0,"key":"SMITH"},{"floor":40.0,"key":"REST"},{"floor":45.0,"key":"RECALL"},{"data":"hierophant:Levitation","floor":49.0,"key":"SMITH"},{"data":"PanicButton","floor":52.0,"key":"SMITH"}],"circlet_count":0,"master_deck":["AscendersBane","hierophant:Strike_Hierophant","hierophant:Punish+1","hierophant:Defend_Hierophant","hierophant:Defend_Hierophant","hierophant:ChurchCoffers","hierophant:Prophecy+1","hierophant:RepressedViolence+1","hierophant:PassingBell+1","hierophant:Levitation+1","hierophant:DeathKnell+1","hierophant:Exaltation","hierophant:Chorus+1","hierophant:Shelter+1","PanicButton+1","hierophant:FlamingChariot"],"relics":["Runic Pyramid","Pantograph","Singing Bowl","Regal Pillow","Cursed Key","Membership Card","Torii","Pen Nib","Anchor","Gremlin Horn","Kunai","Empty Cage","Spirit Poop","OrangePellets","PreservedInsect","Art of War","Omamori","Sundial","Strange Spoon","Bag of Preparation"],"acts_visited":["Exordium","TheCity","TheBeyond","TheEnding"],"potions_floor_usage":[55],"damage_taken":[{"damage":1.0,"enemies":"Cultist","floor":1.0,"turns":4.0},{"damage":7.0,"enemies":"Small Slimes","floor":2.0,"turns":3.0},{"damage":4.0,"enemies":"Jaw Worm","floor":4.0,"turns":6.0},{"damage":22.0,"enemies":"Lots of Slimes","floor":5.0,"turns":4.0},{"damage":20.0,"enemies":"3 Sentries","floor":7.0,"turns":7.0},{"damage":10.0,"enemies":"Gremlin Nob","floor":11.0,"turns":3.0},{"damage":3.0,"enemies":"Exordium Thugs","floor":13.0,"turns":4.0},{"damage":20.0,"enemies":"3 Sentries","floor":14.0,"turns":6.0},{"damage":37.0,"enemies":"The Guardian","floor":16.0,"turns":16.0},{"damage":20.0,"enemies":"3 Byrds","floor":18.0,"turns":5.0},{"damage":3.0,"enemies":"Spheric Guardian","floor":19.0,"turns":4.0},{"damage":3.0,"enemies":"Snake Plant","floor":22.0,"turns":5.0},{"damage":4.0,"enemies":"Gremlin Leader","floor":24.0,"turns":3.0},{"damage":1.0,"enemies":"Cultist and Chosen","floor":27.0,"turns":4.0},{"damage":23.0,"enemies":"Book of Stabbing","floor":28.0,"turns":5.0},{"damage":13.0,"enemies":"Shelled Parasite and Fungi","floor":30.0,"turns":5.0},{"damage":2.0,"enemies":"Slavers","floor":31.0,"turns":5.0},{"damage":11.0,"enemies":"Collector","floor":33.0,"turns":3.0},{"damage":15.0,"enemies":"3 Darklings","floor":35.0,"turns":6.0},{"damage":1.0,"enemies":"3 Shapes","floor":37.0,"turns":3.0},{"damage":29.0,"enemies":"3 Darklings","floor":38.0,"turns":4.0},{"damage":10.0,"enemies":"Giant Head","floor":42.0,"turns":6.0},{"damage":0.0,"enemies":"Reptomancer","floor":44.0,"turns":4.0},{"damage":1.0,"enemies":"Sphere and 2 Shapes","floor":47.0,"turns":4.0},{"damage":3.0,"enemies":"Nemesis","floor":48.0,"turns":5.0},{"damage":13.0,"enemies":"Awakened One","floor":50.0,"turns":5.0},{"damage":4.0,"enemies":"Shield and Spear","floor":54.0,"turns":3.0},{"damage":54,"enemies":"The Heart","floor":55,"turns":7}],"seed_played":"-8708699968699201289","potions_obtained":[{"floor":2.0,"key":"Strength Potion"},{"floor":7.0,"key":"ColorlessPotion"},{"floor":11.0,"key":"Energy Potion"},{"floor":14.0,"key":"Energy Potion"},{"floor":20.0,"key":"Regen Potion"},{"floor":20.0,"key":"SkillPotion"},{"floor":24.0,"key":"SpeedPotion"},{"floor":27.0,"key":"LiquidMemories"},{"floor":30.0,"key":"SpeedPotion"},{"floor":31.0,"key":"Dexterity Potion"},{"floor":37.0,"key":"SteroidPotion"},{"floor":38.0,"key":"Ancient Potion"}],"is_trial":false,"path_per_floor":["M","M","?","M","M","R","E","R","T","R","E","?","M","E","R","B",null,"M","M","?","$","M","R","E","R","T","M","E","R","M","E","R","B",null,"M","?","M","M","$","R","$","E","T","E","R","?","M","E","R","B",null,"R","$","E","B",null],"character_chosen":"HIEROPHANT","items_purchased":["Membership Card","Torii","OrangePellets","PreservedInsect","PanicButton","Strange Spoon","FairyPotion"],"campfire_rested":4,"item_purchase_floors":[21,21,39,39,39,53,53],"current_hp_per_floor":[67,60,49,45,23,45,25,25,25,47,39,39,38,20,20,8,63,45,42,42,42,41,41,51,51,51,50,29,70,59,59,59,73,88,75,75,76,47,47,91,91,83,83,85,85,85,84,83,83,90,100,100,100,98,51],"gold":116,"neow_bonus":"BOSS_RELIC","is_daily":false,"chose_seed":false,"campfire_upgraded":7,"win_rate":0.0,"timestamp":1610320617,"path_taken":["M","?","?","M","M","R","E","R","T","R","E","?","M","E","R","BOSS","M","M","?","$","M","R","E","R","T","?","E","R","M","E","R","BOSS","M","?","M","?","$","R","$","E","T","E","R","?","M","E","R","BOSS","R","$","E","BOSS"],"items_purchased_type":["Relic","Relic","Relic","Relic","Card","Relic","Potion"],"build_version":"2020-12-22","purchased_purges":4,"victory":true,"max_hp_per_floor":[75,75,75,75,75,75,75,75,75,75,77,77,79,81,81,81,81,83,83,83,83,85,85,87,87,87,87,89,89,91,93,93,93,93,95,95,97,97,97,97,97,99,99,101,101,101,101,103,103,103,103,103,103,105,105],"relic_stats":{"Regal Pillow":30,"Singing Bowl":30,"Torii":38,"Gremlin Horn":[15,15],"counters":[28,139],"Pen Nib":[6],"PreservedInsect":319,"Bag of Preparation":[2],"Cursed Key":1,"OrangePellets":[0],"Strange Spoon":[2],"Sundial":[2],"Pantograph":77,"Art of War":[7],"Kunai":[5],"obtain_stats":[{"Regal Pillow":14,"Singing Bowl":11,"Torii":21,"Gremlin Horn":28,"hierophant:PropheticMaskRelic":0,"Spirit Poop":36,"Pen Nib":24,"PreservedInsect":39,"Omamori":44,"Bag of Preparation":54,"Cursed Key":17,"Empty Cage":34,"OrangePellets":39,"Strange Spoon":53,"Anchor":26,"Sundial":48,"Pantograph":7,"Art of War":42,"Membership Card":21,"Kunai":31,"Runic Pyramid":0},{"Regal Pillow":8,"Singing Bowl":6,"Torii":11,"Gremlin Horn":15,"hierophant:PropheticMaskRelic":0,"Spirit Poop":19,"Pen Nib":13,"PreservedInsect":21,"Omamori":23,"Bag of Preparation":27,"Cursed Key":9,"Empty Cage":18,"OrangePellets":21,"Strange Spoon":26,"Anchor":13,"Sundial":25,"Pantograph":5,"Art of War":22,"Membership Card":11,"Kunai":17,"Runic Pyramid":0},{"Regal Pillow":37,"Singing Bowl":27,"Torii":62,"Gremlin Horn":79,"hierophant:PropheticMaskRelic":0,"Spirit Poop":98,"Pen Nib":70,"PreservedInsect":105,"Omamori":115,"Bag of Preparation":132,"Cursed Key":53,"Empty Cage":92,"OrangePellets":105,"Strange Spoon":129,"Anchor":70,"Sundial":124,"Pantograph":24,"Art of War":111,"Membership Card":62,"Kunai":89,"Runic Pyramid":0}]},"card_choices":[{"not_picked":["hierophant:Purify","hierophant:HolyVerse"],"picked":"hierophant:Prophecy","floor":1.0},{"not_picked":["hierophant:ThreeLashes","hierophant:Repentance"],"picked":"hierophant:RepressedViolence","floor":2.0},{"not_picked":["hierophant:DisplayOfPower","hierophant:MorningPrayer"],"picked":"hierophant:PassingBell","floor":4.0},{"not_picked":["hierophant:DisplayOfPower","hierophant:Exaltation","hierophant:MorningPrayer"],"picked":"SKIP","floor":5.0},{"not_picked":["hierophant:Racketeering","hierophant:HammerAndAnvil"],"picked":"hierophant:Levitation","floor":7.0},{"not_picked":["hierophant:Purify","hierophant:FlamingChariot","hierophant:EyeForCoin"],"picked":"Singing Bowl","floor":11.0},{"not_picked":["hierophant:Sermon","hierophant:Zeal","hierophant:HammerAndAnvil"],"picked":"Singing Bowl","floor":13.0},{"not_picked":["hierophant:Dazzle","hierophant:Upheaval","hierophant:FlamingChariot"],"picked":"Singing Bowl","floor":14.0},{"not_picked":["hierophant:Generosity","hierophant:BulkyChest"],"picked":"hierophant:DeathKnell","floor":16.0},{"not_picked":["hierophant:Zeal","hierophant:AuricBeam","hierophant:Purify"],"picked":"Singing Bowl","floor":18.0},{"not_picked":["hierophant:Endure","hierophant:AuricShield"],"picked":"hierophant:Exaltation","floor":19.0},{"not_picked":["hierophant:Zeal","hierophant:Upheaval","hierophant:HammerAndAnvil"],"picked":"Singing Bowl","floor":22.0},{"not_picked":["hierophant:HolyVerse","hierophant:ArchangelShield","hierophant:Purify"],"picked":"Singing Bowl","floor":24.0},{"not_picked":["hierophant:PristineSoul","hierophant:FieryStrike"],"picked":"hierophant:Chorus+1","floor":27.0},{"not_picked":["hierophant:HammerAndAnvil","hierophant:DisplayOfPower","hierophant:Remorse"],"picked":"Singing Bowl","floor":28.0},{"not_picked":["hierophant:Refuge+1","hierophant:CoinFling","hierophant:FieryStrike"],"picked":"Singing Bowl","floor":30.0},{"not_picked":["hierophant:Charity","hierophant:TollTheBells","hierophant:Encroach"],"picked":"Singing Bowl","floor":31.0},{"not_picked":["hierophant:DivineIntervention","hierophant:Determination"],"picked":"hierophant:BulkyChest","floor":33.0},{"not_picked":["hierophant:Prophecy","hierophant:OrnateBuckler","hierophant:Remorse"],"picked":"Singing Bowl","floor":35.0},{"not_picked":["hierophant:HammerAndAnvil","hierophant:Remorse","hierophant:AuricBeam"],"picked":"Singing Bowl","floor":37.0},{"not_picked":["hierophant:Smite","hierophant:Encroach"],"picked":"hierophant:Shelter+1","floor":38.0},{"not_picked":["hierophant:Upheaval","hierophant:Doomsaying","hierophant:Cornucopia"],"picked":"Singing Bowl","floor":42.0},{"not_picked":["hierophant:Invocation","hierophant:FlamingChariot","hierophant:EyeForCoin+1"],"picked":"Singing Bowl","floor":44.0},{"not_picked":["hierophant:SealAway","hierophant:HolyVerse"],"picked":"hierophant:FlamingChariot","floor":47.0},{"not_picked":["hierophant:SecretStash","hierophant:FlamingChariot","hierophant:Invocation"],"picked":"Singing Bowl","floor":48.0},{"not_picked":["hierophant:Endure","hierophant:MintersHammer","hierophant:SealAway+1"],"picked":"Singing Bowl","floor":54.0}],"player_experience":824325,"relics_obtained":[{"floor":7.0,"key":"Pantograph"},{"floor":11.0,"key":"Singing Bowl"},{"floor":14.0,"key":"Regal Pillow"},{"floor":24.0,"key":"Pen Nib"},{"floor":26.0,"key":"Anchor"},{"floor":28.0,"key":"Gremlin Horn"},{"floor":31.0,"key":"Kunai"},{"floor":42.0,"key":"Art of War"},{"floor":44.0,"key":"Omamori"},{"floor":48.0,"key":"Sundial"},{"floor":54.0,"key":"Bag of Preparation"}],"event_choices":[{"damage_healed":0.0,"max_hp_gain":0.0,"max_hp_loss":0.0,"gold_gain":75.0,"event_name":"World of Goop","player_choice":"Gather Gold","floor":3.0,"gold_loss":0.0,"damage_taken":11.0},{"damage_healed":0.0,"max_hp_gain":0.0,"max_hp_loss":0.0,"gold_gain":0.0,"event_name":"Liars Game","player_choice":"Ignored","floor":12.0,"gold_loss":0.0,"damage_taken":0.0},{"damage_healed":0.0,"max_hp_gain":0.0,"max_hp_loss":0.0,"gold_gain":0.0,"event_name":"Lab","player_choice":"Got Potions","floor":20.0,"gold_loss":0.0,"damage_taken":0.0},{"cards_removed":["Doubt"],"damage_healed":0.0,"max_hp_gain":0.0,"max_hp_loss":0.0,"gold_gain":0.0,"event_name":"Bonfire Elementals","player_choice":"Offered Curse","floor":36.0,"gold_loss":0.0,"damage_taken":0.0,"relics_obtained":["Spirit Poop"]},{"damage_healed":0.0,"max_hp_gain":0.0,"max_hp_loss":0.0,"gold_gain":0.0,"event_name":"Tomb of Lord Red Mask","player_choice":"Ignored","floor":46.0,"gold_loss":0.0,"damage_taken":0.0}],"is_beta":false,"boss_relics":[{"not_picked":["Tiny House","Snecko Eye"],"picked":"Cursed Key"},{"not_picked":["SlaversCollar","Astrolabe"],"picked":"Empty Cage"}],"items_purged_floors":[21,39,41,53],"is_endless":false,"potions_floor_spawned":[2,7,11,14,24,27,30,31,37,38,42,54],"ascension_level":15}}