{"host":"84q6nsjicadedzut","time":1610312593,"event":{"mods":["AchievementEnabler","BaseMod","Downfall","Hermit","Infinite Spire","Minty Spire (QoL Compilation)","Spicy Shops","StSLib"],"gold_per_floor":[99,113,288,298,298,223,223,148,161,187,29,49,49,69,81,176,176,101,111,111,211,211,211,211,211,221,249,249,266,266,283,294,399,399,399,399,420,439,105,131,131,156,171,171,171,171,171,171],"floor_reached":46,"playtime":3651,"items_purged":["Doubt","hexamod:Sear","hexamod:SoulSteal"],"score":392,"play_id":"af221b1b-6d7a-4cf0-89e6-ae08dfdb8e27","local_time":"20210110140313","is_ascension_mode":false,"campfire_choices":[{"floor":1,"key":"RECALL"},{"data":"hexamod:FastForward","floor":6,"key":"SMITH"},{"data":"hexamod:HauntingEcho","floor":8,"key":"SMITH"},{"data":"hexamod:EmpoweringStance","floor":13,"key":"SMITH"},{"data":"hexamod:EmpoweringStance","floor":18,"key":"SMITH"},{"floor":23,"key":"REST"},{"data":"hexamod:SkipABeat","floor":25,"key":"SMITH"},{"floor":30,"key":"REST"},{"data":"1","floor":35,"key":"LIFT"}],"circlet_count":0,"master_deck":["hexamod:Strike","hexamod:Strike","hexamod:Defend","hexamod:Defend+1","hexamod:Float+1","hexamod:HauntingEcho+1","hexamod:FastForward+1","hexamod:EmpoweringStance+1","hexamod:HeatMetal","hexamod:SpectralAdrenaline+1","hexamod:EmpoweredFlame","hexamod:EmpoweringStance+1","hexamod:GhostOfSpireFuture","hexamod:SkipABeat+1","hexamod:HexaLevel","hexamod:Hexaguard","hexamod:RadiantFlame+1","hexamod:SuperheatedStrike","hexamod:FastForward","hexamod:SixthSeal","hexamod:FastForward+1","hexamod:SpectersWail+1","hexamod:FirstSeal"],"relics":["hexamod:SpiritBrand","downfall:HeartBlessingRed","downfall:HeartBlessingBlue","Akabeko","Empty Cage","downfall:HeartBlessingGreen","MutagenicStrength","Nunchaku","Dream Catcher","Girya","hexamod:IceCube","Bronze Scales","Lee\u0027s Waffle","Toxic Egg 2","hexamod:TheBrokenSeal"],"acts_visited":["Exordium","TheCity","TheBeyond"],"potions_floor_usage":[16,16,21,27,31,32,33,38,39,40,40,46,46],"damage_taken":[{"damage":0,"enemies":"Jaw Worm","floor":2,"turns":3},{"damage":0,"enemies":"2 Louse","floor":4,"turns":2},{"damage":0,"enemies":"Cultist","floor":9,"turns":3},{"damage":8,"enemies":"Gremlin Nob","floor":10,"turns":4},{"damage":0,"enemies":"downfall:FleeingMerchant","floor":11,"turns":4},{"damage":5,"enemies":"Large Slime","floor":12,"turns":5},{"damage":0,"enemies":"2 Fungi Beasts","floor":14,"turns":3},{"damage":0,"enemies":"3 Louse","floor":15,"turns":4},{"damage":25,"enemies":"downfall:Silent","floor":16,"turns":8},{"damage":4,"enemies":"Spheric Guardian","floor":19,"turns":3},{"damage":33,"enemies":"downfall:Augmenter","floor":21,"turns":6},{"damage":14,"enemies":"Centurion and Healer","floor":26,"turns":5},{"damage":6,"enemies":"Nightmare","floor":27,"turns":9},{"damage":20,"enemies":"3 Cultists","floor":29,"turns":5},{"damage":1,"enemies":"Snake Plant","floor":31,"turns":4},{"damage":19,"enemies":"Snecko","floor":32,"turns":7},{"damage":15,"enemies":"downfall:Watcher","floor":33,"turns":4},{"damage":16,"enemies":"3 Darklings","floor":37,"turns":5},{"damage":7,"enemies":"Orb Walker","floor":38,"turns":6},{"damage":0,"enemies":"downfall:FleeingMerchant","floor":39,"turns":4},{"damage":23,"enemies":"4 Shapes","floor":40,"turns":6},{"damage":51,"enemies":"Spire Growth","floor":42,"turns":7},{"damage":0,"enemies":"Maw","floor":43,"turns":5},{"damage":75,"enemies":"Nightmare","floor":46,"turns":6}],"seed_played":"-4532995872823760725","potions_obtained":[{"floor":2,"key":"champ:CounterPotion"},{"floor":10,"key":"SpeedPotion"},{"floor":15,"key":"Weak Potion"},{"floor":16,"key":"Explosive Potion"},{"floor":19,"key":"AttackPotion"},{"floor":29,"key":"Swift Potion"},{"floor":29,"key":"DistilledChaos"},{"floor":31,"key":"Swift Potion"},{"floor":32,"key":"Ancient Potion"},{"floor":33,"key":"Dexterity Potion"},{"floor":37,"key":"SkillPotion"},{"floor":38,"key":"AttackPotion"},{"floor":38,"key":"champ:CounterPotion"},{"floor":39,"key":"Swift Potion"},{"floor":40,"key":"hexamod:DoubleChargePotion"},{"floor":43,"key":"hexamod:EctoCoolerPotion"}],"is_trial":false,"path_per_floor":["R","M","?","M","?","R","T","R","M","E","$","M","R","M","M","B",null,"R","M","?","?","?","R","T","R","M","NM","AVR","M","R","M","M","B",null,"R","AVR","M","M","$","M","T","M","M","?","?","NM"],"character_chosen":"THE_SPIRIT","items_purchased":["hexamod:SpectralAdrenaline","hexamod:SuperheatedStrike","Lee\u0027s Waffle"],"campfire_rested":2,"item_purchase_floors":[11,39,39],"current_hp_per_floor":[70,70,70,70,70,70,70,80,80,72,72,67,67,67,67,42,80,80,76,76,43,43,67,67,67,53,47,47,27,51,50,31,16,80,80,80,64,57,87,71,71,77,77,77,70,0,0,0],"gold":171,"neow_bonus":"UPGRADE_CARD","is_daily":false,"chose_seed":false,"campfire_upgraded":5,"win_rate":0.0,"timestamp":1610312593,"path_taken":["R","M","?","M","?","R","T","R","M","E","$","M","R","M","M","BOSS","R","M","?","?","?","R","T","R","M","NM","AVR","M","R","M","M","BOSS","R","AVR","M","M","$","M","T","M","M","?","?","NM"],"items_purchased_type":["Card","Card","Relic"],"build_version":"2020-12-22","purchased_purges":3,"victory":false,"max_hp_per_floor":[70,70,70,70,70,70,70,80,80,80,80,80,80,80,80,80,80,80,80,80,80,80,80,80,80,80,80,80,80,80,80,80,80,80,80,80,80,80,87,87,87,97,97,97,97,97,97,97],"card_choices":[{"not_picked":["hexamod:Hexaguard","hexamod:NightmareGuise"],"picked":"hexamod:HauntingEcho","floor":2},{"not_picked":["hexamod:ThermalTransfer","hexamod:AdvancingGuard"],"picked":"hexamod:FastForward","floor":4},{"not_picked":["hexamod:SoulSteal","hexamod:RainOfEmbers","hexamod:Incineration"],"picked":"SKIP","floor":9},{"not_picked":["hexamod:CatchUp","hexamod:Firestarter"],"picked":"hexamod:EmpoweringStance","floor":10},{"not_picked":["hexamod:ShieldOfDarkness","hexamod:GiftsFromTheDead"],"picked":"hexamod:HeatMetal","floor":11},{"not_picked":["hexamod:ThermalTransfer","hexamod:GhostShield","hexamod:GhostflameBarrier"],"picked":"SKIP","floor":12},{"not_picked":["hexamod:ThermalTransfer","hexamod:NecessarySacrifice","hexamod:InspiringFlames"],"picked":"SKIP","floor":14},{"not_picked":["hexamod:EtherealExpedition","hexamod:SpectralAdrenaline"],"picked":"hexamod:EmpoweredFlame","floor":15},{"not_picked":["hexamod:UnleashSpirits","hexamod:ApocalypticArmor"],"picked":"hexamod:EmpoweringStance","floor":16},{"not_picked":["hexamod:GhostShield+1","hexamod:FastForward+1"],"picked":"hexamod:GhostOfSpireFuture","floor":19},{"not_picked":["hexamod:GhostShield","hexamod:GhostflameBarrier","hexamod:HauntingEcho"],"picked":"SKIP","floor":26},{"not_picked":["hexamod:NightmareStrike","hexamod:Incineration"],"picked":"hexamod:FourthSeal","floor":27},{"not_picked":["hexamod:GhostShield","hexamod:RetreatToShadows","hexamod:ThermalTransfer"],"picked":"SKIP","floor":29},{"not_picked":["hexamod:NightmareGuise","hexamod:GhostLash"],"picked":"hexamod:SecondSeal","floor":31},{"not_picked":["hexamod:GhostShield","hexamod:HeatMetal"],"picked":"hexamod:FifthSeal","floor":32},{"not_picked":["hexamod:ParanormalForm","hexamod:ApocalypticArmor"],"picked":"hexamod:HexaLevel","floor":33},{"not_picked":["hexamod:ThirdSeal","hexamod:SecondSeal"],"picked":"hexamod:SixthSeal","floor":37},{"not_picked":["hexamod:SwordOfDarkness","hexamod:ParanormalForm"],"picked":"hexamod:Hexaguard","floor":37},{"not_picked":["hexamod:FourthSeal","hexamod:ThirdSeal"],"picked":"hexamod:FirstSeal","floor":38},{"not_picked":["hexamod:SwordOfDarkness+1","hexamod:HauntingEcho+1"],"picked":"hexamod:RadiantFlame+1","floor":38},{"not_picked":["hexamod:NightmareGuise+1","hexamod:ShieldOfDarkness","hexamod:SoulSteal+1"],"picked":"SKIP","floor":39},{"not_picked":["hexamod:FirstSeal","hexamod:SecondSeal"],"picked":"hexamod:ThirdSeal","floor":40},{"not_picked":["hexamod:RecurringNightmare","hexamod:GhostflameBarrier"],"picked":"hexamod:FastForward","floor":40},{"not_picked":["hexamod:SecondSeal","hexamod:ThirdSeal"],"picked":"hexamod:SixthSeal","floor":42},{"not_picked":["hexamod:RecurringNightmare+1","hexamod:PhantomCloak+1"],"picked":"hexamod:FastForward+1","floor":42},{"not_picked":["hexamod:GhostLash","hexamod:BurningTouch+1"],"picked":"hexamod:SpectersWail+1","floor":43}],"player_experience":249464,"relics_obtained":[{"floor":10,"key":"Akabeko"},{"floor":21,"key":"MutagenicStrength"},{"floor":24,"key":"Nunchaku"},{"floor":27,"key":"Dream Catcher"},{"floor":41,"key":"Toxic Egg 2"}],"event_choices":[],"is_beta":false,"boss_relics":[{"not_picked":["Busted Crown","Snecko Eye"],"picked":"Empty Cage"},{"not_picked":["Sozu","Velvet Choker"],"picked":"hexamod:IceCube"}],"items_purged_floors":[11,28,39],"is_endless":true,"potions_floor_spawned":[2,10,15,16,19,29,32,37,38,43],"killed_by":"Nightmare","ascension_level":0}}