{"host":"konjmgczbcns2r3g","time":1610259846,"event":{"mods":["AchievementEnabler","BaseMod","Colored Powertips","Hermit","Infinite Spire","Koishi","Marisa????????","Minty Spire (QoL Compilation)","Replay The Spire","StSLib","The Cursed","The Necromancer","The Servant 0.9.4"],"gold_per_floor":[113,124,154,71,104,135,135,135,135,100,139,196,196,240,240,370,370,370,33,71,71,106,106,106,124,124,124,124,159,198,243,243,389,439,485,527,579,165,165,210,222,234,294,380,392,490,502,563,575,587,587],"floor_reached":50,"playtime":4425,"items_purged":[],"score":819,"play_id":"d1e91a9b-53fa-467a-9b2f-511a972945f8","local_time":"20210110012406","is_ascension_mode":false,"campfire_choices":[{"data":"WitchOfGreed","floor":7,"key":"SMITH"},{"floor":15,"key":"REST"},{"data":"NonDirectionalLaser","floor":15,"key":"SMITH"},{"data":"NonDirectionalLaser","floor":23,"key":"SMITH"},{"floor":28,"key":"REST"},{"data":"FairyDestructionRay","floor":28,"key":"SMITH"},{"floor":32,"key":"REST"},{"data":"FinalSpark","floor":32,"key":"SMITH"},{"floor":41,"key":"REST"},{"data":"DoubleSpark","floor":41,"key":"SMITH"},{"floor":47,"key":"REST"},{"data":"infinitespire:Gouge","floor":47,"key":"SMITH"},{"floor":49,"key":"REST"},{"data":"LuminesStrike","floor":49,"key":"SMITH"}],"circlet_count":0,"master_deck":["Strike_MRS","Strike_MRS","Strike_MRS","Strike_MRS","Defend_MRS","Defend_MRS","Defend_MRS","Defend_MRS","MasterSpark","UpSweep+1","NonDirectionalLaser+1","WitchOfGreed+1","PowerUp","AlicesGift","IllusionStar","DoubleSpark+1","ChargeUpSpray","Replay:Fractal Strike","NonDirectionalLaser+1","FairyDestructionRay+1","LuminesStrike+1","FinalSpark+1","Sickly","Replay:Light Bash","AbsoluteMagnitude","Finesse","infinitespire:Gouge+1","PulseMagic","MagicAbsorber+1","Singularity","infinitespire:FutureSight","OrrerysSun+1","Necronomicurse","PulseMagic+1","DoubleSpark","EnergyFlow","GalacticHalo","PropBag","UltimateShortwave","MilkyWay+1","DC","AsteroidBelt+1","FairyDestructionRay+1","Parasite","Parasite","OortCloud","6A","6A","PowerUp+1","Acceleration+1","PowerUp+1","GrandCross+1"],"relics":["MiniHakkero","infinitespire:Magic Flask","Ginger","Bag of Preparation","ReplayTheSpireMod:SealedPack","Vajra","Black Star","SproutingBranch","Necronomicon","Bottled Lightning","infinitespire:EvilPickle","Tiny House","ShroomBag","Oddly Smooth Stone","MawBank","PreservedInsect","Gremlin Food","Golden Egg","Iron Hammer","infinitespire:BottledMercury","Meat on the Bone","Blue Candle"],"acts_visited":["Exordium","TheCity","TheBeyond"],"potions_floor_usage":[6,12,12,14,14,16,16,18,18,22,25,25,31,33,33,33,35,36,36,37,50,50],"damage_taken":[{"damage":2.0,"enemies":"Jaw Worm","floor":1.0,"turns":3.0},{"damage":0.0,"enemies":"2 Louse","floor":2.0,"turns":2.0},{"damage":12,"enemies":"Small Slimes","floor":3,"turns":3},{"damage":18,"enemies":"Red Slaver","floor":5,"turns":4},{"damage":0,"enemies":"Gremlin Nob","floor":6,"turns":2},{"damage":8,"enemies":"Lots of Slimes","floor":11,"turns":2},{"damage":8,"enemies":"3 Sentries","floor":12,"turns":4},{"damage":0,"enemies":"Blue Slaver","floor":14,"turns":2},{"damage":32,"enemies":"Fading Forest","floor":16,"turns":11},{"damage":0,"enemies":"3 Byrds","floor":18,"turns":1},{"damage":10,"enemies":"Spheric Guardian","floor":20,"turns":3},{"damage":14,"enemies":"Centurion and Healer","floor":22,"turns":4},{"damage":6,"enemies":"Snecko","floor":25,"turns":3},{"damage":15,"enemies":"Chosen and Byrds","floor":29,"turns":4},{"damage":22,"enemies":"Cultist and Chosen","floor":30,"turns":5},{"damage":10,"enemies":"Shelled Parasite and Fungi","floor":31,"turns":3},{"damage":63,"enemies":"Pondfish","floor":33,"turns":10},{"damage":3,"enemies":"3 Shapes","floor":35,"turns":3},{"damage":26,"enemies":"3 Darklings","floor":36,"turns":4},{"damage":5,"enemies":"Sphere and 2 Shapes","floor":37,"turns":5},{"damage":33,"enemies":"Nemesis","floor":40,"turns":7},{"damage":26,"enemies":"Nightmare","floor":44,"turns":7},{"damage":45,"enemies":"Giant Head","floor":46,"turns":9},{"damage":28,"enemies":"4 Shapes","floor":48,"turns":3},{"damage":116,"enemies":"Donu and Deca","floor":50,"turns":8}],"seed_played":"-5288737971744102483","potions_obtained":[{"floor":2,"key":"Milkshake"},{"floor":3,"key":"Fire Potion"},{"floor":5,"key":"SpeedPotion"},{"floor":6,"key":"Fire Potion"},{"floor":11,"key":"Flashbang"},{"floor":12,"key":"Fire Potion"},{"floor":12,"key":"SkillPotion"},{"floor":14,"key":"Explosive Potion"},{"floor":14,"key":"ShroomBrew"},{"floor":16,"key":"Explosive Potion"},{"floor":20,"key":"Fire Potion"},{"floor":20,"key":"DuplicationPotion"},{"floor":22,"key":"Toxic Potion"},{"floor":25,"key":"Weak Potion"},{"floor":29,"key":"SpeedPotion"},{"floor":30,"key":"Energy Potion"},{"floor":30,"key":"BlessingOfTheForge"},{"floor":31,"key":"AttackPotion"},{"floor":33,"key":"Energy Potion"},{"floor":34,"key":"Milkshake"},{"floor":35,"key":"PowerPotion"},{"floor":36,"key":"SkillPotion"},{"floor":46,"key":"BlessingOfTheForge"},{"floor":48,"key":"Fire Potion"}],"is_trial":false,"path_per_floor":["M","M","M","$","M","E","R","?","T","?","M","E","?","M","R","B",null,"M","$","M","AVR","M","R","?","M","T","?","R","M","M","M","R","B",null,"M","M","M","$","?","E","R","?","T","NM","?","E","R","M","R","B"],"character_chosen":"MARISA","items_purchased":["AlicesGift","IllusionStar","PulseMagic","Vajra","MagicAbsorber+1","Singularity","ShroomBag","Oddly Smooth Stone","OortCloud","6A"],"campfire_rested":6,"item_purchase_floors":[4,4,19,19,19,19,38,38,38,38],"current_hp_per_floor":[80,80,68,68,50,50,50,31,31,51,43,35,35,35,59,37,82,82,82,72,72,70,70,54,57,57,57,81,74,66,65,82,27,87,84,66,75,75,75,59,85,85,85,71,71,43,69,52,78,0,0],"gold":587,"neow_bonus":"TEN_PERCENT_HP_BONUS","is_daily":false,"chose_seed":false,"campfire_upgraded":8,"win_rate":0.0,"timestamp":1610259846,"path_taken":["M","M","M","$","M","E","R","?","T","?","M","E","?","M","R","BOSS","M","$","M","AVR","M","R","?","M","T","?","R","M","?","M","R","BOSS","M","?","M","$","?","E","R","?","T","NM","?","E","R","M","R","BOSS"],"items_purchased_type":["Card","Card","Card","Relic","Card","Card","Relic","Relic","Card","Card"],"build_version":"2020-12-22","purchased_purges":0,"victory":false,"max_hp_per_floor":[82,82,82,82,82,82,82,82,82,82,82,82,82,82,82,82,82,82,82,82,82,82,82,82,82,82,82,82,82,82,82,82,82,87,87,87,87,87,87,87,87,87,87,87,87,87,87,87,87,87,87],"card_choices":[{"not_picked":["FairyDestructionRay","ChargingUp"],"picked":"NonDirectionalLaser","floor":1.0},{"not_picked":["Robbery","NonDirectionalLaser"],"picked":"WitchOfGreed","floor":2},{"not_picked":["FairyDestructionRay","WitchLeyline"],"picked":"PowerUp","floor":3},{"not_picked":["DC","EnergyRecoil"],"picked":"DoubleSpark","floor":5},{"not_picked":["Acceleration","SuperNova"],"picked":"ChargeUpSpray","floor":6},{"not_picked":["infinitespire:DeathsTouch","infinitespire:NeuralNetwork"],"picked":"Replay:Fractal Strike","floor":8},{"not_picked":["DragonMeteor","AlicesGift"],"picked":"NonDirectionalLaser","floor":11},{"not_picked":["AlicesGift","JA"],"picked":"FairyDestructionRay","floor":12},{"not_picked":["DarkSpark","GasGiant"],"picked":"LuminesStrike","floor":14},{"not_picked":["JA","BlazingStar"],"picked":"FinalSpark","floor":16},{"not_picked":["Eruption","Vigilance"],"picked":"Replay:Light Bash","floor":17},{"not_picked":["MaximisePower","SatelliteIllusion"],"picked":"AbsoluteMagnitude","floor":17},{"not_picked":["Forethought","Panacea"],"picked":"Finesse","floor":17},{"not_picked":["infinitespire:Menacing","infinitespire:Oblivion"],"picked":"infinitespire:Gouge","floor":17},{"not_picked":["6A","ShootingEcho"],"picked":"WitchLeyline","floor":20},{"not_picked":["DoubleSpark","DC"],"picked":"OrrerysSun+1","floor":22},{"not_picked":["MaximisePower","MysteriousBeam"],"picked":"PulseMagic+1","floor":25},{"not_picked":["SprinkleStarSeal","Acceleration"],"picked":"EnergyFlow","floor":29},{"not_picked":["ShootTheMoon","RefractionSpark"],"picked":"GalacticHalo","floor":30},{"not_picked":["MagicAbsorber+1","IllusionStar"],"picked":"PropBag","floor":31},{"not_picked":["MaximisePower","CollectingQuirk"],"picked":"UltimateShortwave","floor":33},{"not_picked":["WitchLeyline+1","DoubleSpark"],"picked":"MilkyWay+1","floor":34},{"not_picked":["GasGiant+1","RefractionSpark"],"picked":"DC","floor":35},{"not_picked":["GravityBeat","DarkSpark+1"],"picked":"AsteroidBelt+1","floor":36},{"not_picked":["WitchLeyline+1","UnstableBomb"],"picked":"FairyDestructionRay+1","floor":37},{"not_picked":["ManaRampage","MagicAbsorber+1"],"picked":"PowerUp+1","floor":40},{"not_picked":["DarkSpark+1","6A"],"picked":"Acceleration+1","floor":44},{"not_picked":["Orbital","CollectingQuirk"],"picked":"PowerUp+1","floor":46},{"not_picked":["IllusionStar","6A"],"picked":"GrandCross+1","floor":48}],"player_experience":296660,"relics_obtained":[{"floor":6,"key":"infinitespire:Magic Flask"},{"floor":9,"key":"Ginger"},{"floor":12,"key":"Bag of Preparation"},{"floor":24,"key":"Necronomicon"},{"floor":26,"key":"Bottled Lightning"},{"floor":40,"key":"MawBank"},{"floor":40,"key":"PreservedInsect"},{"floor":43,"key":"Gremlin Food"},{"floor":44,"key":"Golden Egg"},{"floor":44,"key":"Iron Hammer"},{"floor":46,"key":"infinitespire:BottledMercury"},{"floor":46,"key":"Meat on the Bone"}],"event_choices":[{"damage_healed":20,"gold_gain":0,"player_choice":"Healed","damage_taken":0,"max_hp_gain":0,"max_hp_loss":0,"event_name":"The Cleric","floor":10,"gold_loss":35},{"damage_healed":0,"gold_gain":0,"player_choice":"Ignored","damage_taken":0,"max_hp_gain":0,"max_hp_loss":0,"event_name":"Golden Wing","floor":13,"gold_loss":0},{"damage_healed":0,"gold_gain":0,"player_choice":"Obtained Book","damage_taken":16,"max_hp_gain":0,"max_hp_loss":0,"event_name":"Cursed Tome","floor":24,"gold_loss":0},{"damage_healed":0,"gold_gain":0,"player_choice":"Copied","damage_taken":0,"max_hp_gain":0,"max_hp_loss":0,"event_name":"Duplicator","floor":27,"gold_loss":0,"cards_obtained":["DoubleSpark"]},{"cards_removed":["WitchLeyline"],"damage_healed":0,"gold_gain":0,"player_choice":"Removed Attack","damage_taken":0,"max_hp_gain":0,"max_hp_loss":0,"event_name":"Falling","floor":39,"gold_loss":0}],"is_beta":false,"boss_relics":[{"not_picked":["Kintsugi","Pandora\u0027s Box"],"picked":"ReplayTheSpireMod:SealedPack"},{"not_picked":["SlaversCollar","Runic Dome"],"picked":"Tiny House"}],"items_purged_floors":[],"is_endless":true,"potions_floor_spawned":[2,5,6,12,14,20,25,30,35,36,48],"killed_by":"Donu and Deca","ascension_level":0}}