{"host":"bplbr8uekuotory4","time":1610286376,"event":{"mods":["Act Like it!","BaseMod","Custom Start","Gensokyo","GungeonMod","Hermit","KinomotoSakuraMod(木之本樱)","Koishi","Marisa（F雨　魔理沙）","Minty Spire (QoL Compilation)","Prisma Mod","Quick Restart","Reimu（博丽灵梦）","SOS（斯巴达之子）","Spicy Shops","StSLib","TestMod","The Alterego","The Blackbeard","The Cursed","The Marked","The Mystic","The Runesmith","The Saiyan","The Servant 0.9.4","Yuri Mod","[IsaacMod]以撒尖塔","vexMod"],"gold_per_floor":[113,130,55,0,14,14,29,29,52,68,4,4,4,4,4],"floor_reached":13,"playtime":173,"items_purged":["blackbeard:BlackbeardStrike"],"score":75,"play_id":"a105cc02-a060-4130-8514-0237b7c0e391","local_time":"20210110214616","is_ascension_mode":false,"campfire_choices":[{"data":"blackbeard:Cutlass","floor":6,"key":"SMITH"}],"circlet_count":0,"master_deck":["blackbeard:BlackbeardStrike","blackbeard:BlackbeardStrike","blackbeard:BlackbeardStrike","blackbeard:IntimidatingStrike","blackbeard:BlackbeardDefend","blackbeard:BlackbeardDefend","blackbeard:BlackbeardDefend","blackbeard:BlackbeardDefend","blackbeard:Cutlass+1","Bomb","blackbeard:TacticalRetreat","blackbeard:Shrapnel","blackbeard:BlindAttacks","blackbeard:PiratesWill","blackbeard:CloakAndCannonball","blackbeard:RearmingStrike"],"relics":["blackbeard:LoadTheCannons","testmod-TestBox","HushsDoor","MaYiHuaBei","testmod-Charity","NeowsBlessing","SteamSale","Shuriken","Bronze Scales","Darkstone Periapt"],"acts_visited":["Exordium"],"potions_floor_usage":[13,13],"damage_taken":[{"damage":0,"enemies":"Cultist","floor":1,"turns":1},{"damage":0,"enemies":"2 Louse","floor":2,"turns":1},{"damage":0,"enemies":"Small Slimes","floor":5,"turns":1},{"damage":5,"enemies":"Exordium Wildlife","floor":7,"turns":4},{"damage":2,"enemies":"Looter","floor":10,"turns":3},{"damage":0,"enemies":"3 Sentries","floor":13,"turns":1}],"seed_played":"-8158549530002599061","potions_obtained":[{"floor":2,"key":"testmod-TestPotion"},{"floor":5,"key":"FearPotion"},{"floor":7,"key":"EntropicBrew"}],"is_trial":false,"path_per_floor":["M","M","$","$","M","R","M","?","T","M","$","?","E"],"character_chosen":"BLACKBEARD_CLASS","items_purchased":["SteamSale","Darkstone Periapt"],"campfire_rested":0,"item_purchase_floors":[4,11],"current_hp_per_floor":[76,77,77,78,79,79,75,75,76,76,76,76,76,76,76],"gold":4,"neow_bonus":"THREE_ENEMY_KILL","is_daily":false,"chose_seed":false,"campfire_upgraded":1,"win_rate":0.0,"timestamp":1610286376,"path_taken":["M","M","?","$","?","R","M","?","T","?","?","?","E"],"items_purchased_type":["Relic","Relic"],"build_version":"2020-12-22","purchased_purges":1,"victory":false,"max_hp_per_floor":[76,77,77,78,79,79,80,80,81,83,83,83,83,83,83],"card_choices":[{"not_picked":[],"picked":"ChaosCard","floor":0},{"not_picked":["blackbeard:Fencing","blackbeard:FishingNets","blackbeard:ArmorUp"],"picked":"SKIP","floor":1},{"not_picked":["blackbeard:Sword","blackbeard:DeadlyArsenal","blackbeard:Fencing"],"picked":"SKIP","floor":2},{"not_picked":["blackbeard:SwordDance","blackbeard:TheDrunkenSailor"],"picked":"Bomb","floor":5},{"not_picked":["blackbeard:Shrapnel","blackbeard:FieryDefense"],"picked":"blackbeard:TacticalRetreat","floor":7},{"not_picked":["blackbeard:AgileStrike","blackbeard:VengefulSpirit","blackbeard:RearmingStrike"],"picked":"SKIP","floor":10},{"not_picked":["blackbeard:AgileStrike","blackbeard:VengefulSpirit","blackbeard:RearmingStrike"],"picked":"SKIP","floor":10}],"player_experience":1181769,"relics_obtained":[{"floor":9,"key":"Bronze Scales"}],"event_choices":[{"damage_healed":0,"gold_gain":0,"player_choice":"Gave Potion","damage_taken":0,"relics_obtained":["Shuriken"],"max_hp_gain":0,"max_hp_loss":0,"event_name":"WeMeetAgain","floor":8,"gold_loss":0}],"is_beta":false,"boss_relics":[],"items_purged_floors":[3],"is_endless":false,"potions_floor_spawned":[2,5,7],"killed_by":"3 Sentries","ascension_level":0}}