{"host":"lxgv1wbl12oya7hr","time":1610305025,"event":{"mods":["BaseMod","Minty Spire (QoL Compilation)","Permanent Neow","StSLib"],"gold_per_floor":[20,34,34,60,70,105,105,105,105,122,122,122,141,66,66,66,66],"floor_reached":16,"playtime":633,"items_purged":["Defend_R"],"score":105,"play_id":"4126ca36-0a8e-4282-b32a-3f94b690f3be","local_time":"20210110105705","is_ascension_mode":true,"campfire_choices":[{"data":"Searing Blow","floor":7.0,"key":"SMITH"},{"data":"Searing Blow+2","floor":15.0,"key":"SMITH"}],"circlet_count":0,"master_deck":["Strike_R","Strike_R","Strike_R","Strike_R","Defend_R","Defend_R","Defend_R","Bash","Searing Blow+3","Cleave","Thunderclap","Thunderclap"],"relics":["Burning Blood","Champion Belt","Lantern","Letter Opener"],"acts_visited":["Exordium"],"potions_floor_usage":[16],"damage_taken":[{"damage":4.0,"enemies":"Cultist","floor":1.0,"turns":4.0},{"damage":8.0,"enemies":"Small Slimes","floor":2.0,"turns":3.0},{"damage":0.0,"enemies":"2 Louse","floor":5.0,"turns":3.0},{"damage":28.0,"enemies":"3 Sentries","floor":6.0,"turns":6.0},{"damage":12.0,"enemies":"Large Slime","floor":10.0,"turns":5.0},{"damage":0.0,"enemies":"Exordium Wildlife","floor":13.0,"turns":4.0},{"damage":60,"enemies":"The Guardian","floor":16,"turns":11}],"seed_played":"-5108237486442161030","potions_obtained":[{"floor":1.0,"key":"Strength Potion"},{"floor":5.0,"key":"SteroidPotion"},{"floor":10.0,"key":"ColorlessPotion"}],"is_trial":false,"path_per_floor":["M","M","$","T","M","E","R","?","T","M","?","?","M","$","R","B"],"character_chosen":"IRONCLAD","items_purchased":[],"campfire_rested":0,"item_purchase_floors":[],"current_hp_per_floor":[80,78,78,78,80,58,58,58,58,52,57,50,56,56,56,0,0],"gold":66,"neow_bonus":"ONE_RARE_RELIC","is_daily":false,"chose_seed":false,"campfire_upgraded":2,"win_rate":0.0,"timestamp":1610305025,"path_taken":["M","M","$","?","M","E","R","?","T","?","?","?","M","?","R","BOSS"],"items_purchased_type":[],"build_version":"2020-12-22","purchased_purges":1,"victory":false,"max_hp_per_floor":[80,80,80,80,80,80,80,80,80,80,85,85,85,85,85,85,85],"card_choices":[{"not_picked":["Dual Wield","Twin Strike"],"picked":"Searing Blow","floor":1.0},{"not_picked":["Whirlwind","Battle Trance"],"picked":"Cleave","floor":2.0},{"not_picked":["Fire Breathing","Wild Strike"],"picked":"Thunderclap","floor":5.0},{"not_picked":["True Grit","Carnage","Dual Wield"],"picked":"SKIP","floor":6.0},{"not_picked":["Heavy Blade","Perfected Strike"],"picked":"Thunderclap","floor":10.0},{"not_picked":["Bloodletting","Pommel Strike","Burning Pact"],"picked":"SKIP","floor":13.0}],"player_experience":2274979,"relics_obtained":[{"floor":6.0,"key":"Lantern"},{"floor":9.0,"key":"Letter Opener"}],"event_choices":[{"damage_healed":0.0,"max_hp_gain":0.0,"max_hp_loss":0.0,"gold_gain":0.0,"event_name":"Upgrade Shrine","player_choice":"Upgraded","floor":8.0,"gold_loss":0.0,"damage_taken":0.0,"cards_upgraded":["Searing Blow"]},{"damage_healed":0.0,"max_hp_gain":5.0,"max_hp_loss":0.0,"gold_gain":0.0,"event_name":"Big Fish","player_choice":"Donut","floor":11.0,"gold_loss":0.0,"damage_taken":0.0},{"cards_removed":["Strike_R"],"damage_healed":0.0,"max_hp_gain":0.0,"max_hp_loss":0.0,"gold_gain":0.0,"event_name":"Golden Wing","player_choice":"Card Removal","floor":12.0,"gold_loss":0.0,"damage_taken":7.0}],"is_beta":false,"boss_relics":[],"items_purged_floors":[14],"is_endless":false,"potions_floor_spawned":[1,5,10],"killed_by":"The Guardian","ascension_level":1}}