{"host":"7gewg82ormp6yt4e","time":1610301324,"event":{"mods":["BaseMod","Block Reminder","Colored Map","Colored Powertips","DeckTracker","Highlight Path","Minty Spire (QoL Compilation)","Relic Stats","StSLib","ojb\u0027s Info Mod"],"gold_per_floor":[365,375,385,42,53,82,82,108,108,108,11,11,11,11,11,89,89,103,114,114,114,130,130,130,130],"floor_reached":24,"playtime":966,"items_purged":["Writhe"],"score":412,"play_id":"eea58a93-dacc-4985-8650-f4ccbb1fd2bc","local_time":"20210111025524","is_ascension_mode":true,"campfire_choices":[{"floor":7,"key":"REST"},{"data":"Enlightenment","floor":10,"key":"SMITH"},{"floor":12,"key":"REST"},{"data":"Defragment","floor":15,"key":"SMITH"},{"floor":23,"key":"REST"}],"circlet_count":0,"master_deck":["AscendersBane","Strike_B","Strike_B","Defend_B","Defend_B","Defend_B","Defend_B","Zap","Dualcast","Leap","Streamline","Defragment+1","Enlightenment+1","White Noise","Consume","Skim","Blind","Electrodynamics","Beam Cell+1","Echo Form","Self Repair","Glacier","Genetic Algorithm"],"relics":["Cracked Core","Chemical X","Cables","StrikeDummy","Ornamental Fan","Runic Pyramid"],"acts_visited":["Exordium","TheCity"],"potions_floor_usage":[6,8,14,24],"damage_taken":[{"damage":7,"enemies":"2 Louse","floor":1,"turns":4},{"damage":7,"enemies":"Small Slimes","floor":2,"turns":3},{"damage":7,"enemies":"Cultist","floor":3,"turns":4},{"damage":12,"enemies":"Large Slime","floor":5,"turns":4},{"damage":25,"enemies":"Lagavulin","floor":6,"turns":6},{"damage":15,"enemies":"3 Sentries","floor":8,"turns":3},{"damage":0,"enemies":"Exordium Wildlife","floor":14,"turns":2},{"damage":44,"enemies":"Slime Boss","floor":16,"turns":9},{"damage":0,"enemies":"3 Byrds","floor":18,"turns":1},{"damage":19,"enemies":"2 Thieves","floor":19,"turns":2},{"damage":21,"enemies":"Centurion and Healer","floor":22,"turns":8},{"damage":60,"enemies":"Slavers","floor":24,"turns":3}],"seed_played":"5315882479835303449","potions_obtained":[{"floor":1,"key":"LiquidMemories"},{"floor":3,"key":"SpeedPotion"},{"floor":6,"key":"SmokeBomb"},{"floor":18,"key":"Fruit Juice"}],"is_trial":false,"path_per_floor":["M","M","M","$","M","E","R","E","T","R","$","R","?","M","R","B",null,"M","M","?","?","M","R","E"],"character_chosen":"DEFECT","items_purchased":["Chemical X","Enlightenment","Blind"],"campfire_rested":3,"item_purchase_floors":[4,4,11],"current_hp_per_floor":[57,50,43,43,31,6,27,12,12,12,12,33,56,56,56,12,56,56,37,37,37,30,51,0,0],"gold":130,"neow_bonus":"TWO_FIFTY_GOLD","is_daily":false,"chose_seed":false,"campfire_upgraded":2,"win_rate":0.0,"timestamp":1610301324,"path_taken":["M","M","M","$","M","E","R","E","T","R","$","R","?","M","R","BOSS","M","M","?","?","M","R","E"],"items_purchased_type":["Relic","Card","Card"],"build_version":"2020-12-22","purchased_purges":1,"victory":false,"max_hp_per_floor":[71,71,71,71,71,71,71,71,71,71,71,71,71,71,71,71,71,71,71,71,71,71,71,76,76],"relic_stats":{"counters":[12,49],"Ornamental Fan":[12],"Chemical X":[1],"obtain_stats":[{"Ornamental Fan":9,"Chemical X":4,"Cracked Core":0,"StrikeDummy":8,"Cables":6,"Runic Pyramid":17},{"Ornamental Fan":6,"Chemical X":3,"Cracked Core":0,"StrikeDummy":6,"Cables":5,"Runic Pyramid":8},{"Ornamental Fan":24,"Chemical X":11,"Cracked Core":0,"StrikeDummy":24,"Cables":21,"Runic Pyramid":35}],"Cables":[22,17,5,0,0]},"card_choices":[{"not_picked":["Go for the Eyes","Gash"],"picked":"Leap","floor":1},{"not_picked":["Gash","Hologram"],"picked":"Streamline","floor":2},{"not_picked":["Skim","Compile Driver"],"picked":"Defragment","floor":3},{"not_picked":["Storm","Turbo"],"picked":"White Noise","floor":5},{"not_picked":["Reprogram","Steam Power"],"picked":"Consume","floor":6},{"not_picked":["Barrage","Sweeping Beam"],"picked":"Skim","floor":8},{"not_picked":["Rainbow","Core Surge"],"picked":"Electrodynamics","floor":16},{"not_picked":["Auto Shields","Steam"],"picked":"Beam Cell+1","floor":18},{"not_picked":["Compile Driver","Steam","Heatsinks"],"picked":"SKIP","floor":19},{"not_picked":["White Noise","Stack"],"picked":"Genetic Algorithm","floor":22}],"player_experience":2534046,"relics_obtained":[{"floor":6,"key":"Cables"},{"floor":8,"key":"StrikeDummy"},{"floor":9,"key":"Ornamental Fan"}],"event_choices":[{"damage_healed":23,"gold_gain":0,"player_choice":"Banana","damage_taken":0,"max_hp_gain":0,"max_hp_loss":0,"event_name":"Big Fish","floor":13,"gold_loss":0},{"damage_healed":0,"gold_gain":0,"player_choice":"Read","damage_taken":0,"max_hp_gain":0,"max_hp_loss":0,"event_name":"The Library","floor":20,"gold_loss":0,"cards_obtained":["Echo Form"]},{"damage_healed":0,"gold_gain":0,"cards_transformed":["Strike_B","Strike_B"],"player_choice":"Became Test Subject","damage_taken":0,"max_hp_gain":0,"max_hp_loss":0,"event_name":"Drug Dealer","floor":21,"gold_loss":0,"cards_obtained":["Self Repair","Glacier"]}],"is_beta":false,"boss_relics":[{"not_picked":["Cursed Key","Fusion Hammer"],"picked":"Runic Pyramid"}],"items_purged_floors":[4],"is_endless":false,"potions_floor_spawned":[1,3,6,18],"killed_by":"Slavers","ascension_level":20}}