{"host":"ig7tc0uedzltt2sr","time":1610259561,"event":{"mods":["BaseMod","Better Twitch Integration","Block Reminder","Colored Map","Colored Powertips","Communication Mod","Current Relic Mod","GifTheSpireLib","HexUI Lib","Minty Spire (QoL Compilation)","Quick Restart","Random Character Button","Rare Cards Sparkle","Relic Sorter","Relic Stats","Slay the Relics Exporter","StSLib","SuperFastMode","Synergy Search","Twitch Decklist","Twitch Utils","everything is the same but u backflip on backflip","slay the spire mod where everything is the same but ironclad has a cowboy hat"],"gold_per_floor":[109,125,92,92,92,106,106,106],"floor_reached":7,"playtime":24,"items_purged":[],"score":41,"play_id":"6cfaa860-2f38-4052-8f47-207887ecef5f","local_time":"20210109221921","is_ascension_mode":false,"campfire_choices":[],"circlet_count":0,"master_deck":["Strike_R","Strike_R","Strike_R","Strike_R","Strike_R","Defend_R","Defend_R","Defend_R","Defend_R","Bash","Seeing Red"],"relics":["Burning Blood","NeowsBlessing","Mummified Hand"],"acts_visited":["Exordium"],"potions_floor_usage":[],"damage_taken":[{"damage":0,"enemies":"Cultist","floor":1,"turns":1},{"damage":0,"enemies":"Small Slimes","floor":2,"turns":1},{"damage":0,"enemies":"Jaw Worm","floor":6,"turns":1},{"damage":81,"enemies":"3 Sentries","floor":7,"turns":6}],"seed_played":"8206281606084343028","potions_obtained":[{"floor":2,"key":"FearPotion"}],"is_trial":false,"path_per_floor":["M","M","?","?","?","M","E"],"character_chosen":"IRONCLAD","items_purchased":[],"campfire_rested":0,"item_purchase_floors":[],"current_hp_per_floor":[80,80,80,80,80,80,0,0],"gold":106,"neow_bonus":"THREE_ENEMY_KILL","is_daily":false,"chose_seed":false,"campfire_upgraded":0,"win_rate":0.0,"timestamp":1610259561,"path_taken":["M","?","?","?","?","M","E"],"items_purchased_type":[],"build_version":"2020-12-22","purchased_purges":0,"victory":false,"max_hp_per_floor":[80,80,80,80,80,80,80,80],"relic_stats":{"counters":[4,9],"Mummified Hand":[0],"obtain_stats":[{"NeowsBlessing":0,"Mummified Hand":5,"Burning Blood":0},{"NeowsBlessing":0,"Mummified Hand":2,"Burning Blood":0},{"NeowsBlessing":0,"Mummified Hand":2,"Burning Blood":0}],"Burning Blood":0},"card_choices":[{"not_picked":["Twin Strike","Headbutt","Bloodletting"],"picked":"SKIP","floor":1},{"not_picked":["Rage","Iron Wave","Headbutt"],"picked":"SKIP","floor":2},{"not_picked":["Sentinel","Hemokinesis"],"picked":"Seeing Red","floor":6}],"player_experience":1496192,"relics_obtained":[],"event_choices":[{"damage_healed":0,"gold_gain":0,"player_choice":"Left Gold","damage_taken":0,"max_hp_gain":0,"max_hp_loss":0,"event_name":"World of Goop","floor":3,"gold_loss":33},{"damage_healed":0,"gold_gain":0,"player_choice":"Fled","damage_taken":0,"max_hp_gain":0,"max_hp_loss":0,"event_name":"Scrap Ooze","floor":4,"gold_loss":0},{"damage_healed":0,"gold_gain":0,"player_choice":"Gave Potion","damage_taken":0,"relics_obtained":["Mummified Hand"],"max_hp_gain":0,"max_hp_loss":0,"event_name":"WeMeetAgain","floor":5,"gold_loss":0}],"is_beta":false,"boss_relics":[],"items_purged_floors":[],"is_endless":false,"potions_floor_spawned":[2],"killed_by":"3 Sentries","ascension_level":0}}