{"host":"dn6kke80v5f7isus","time":1610296565,"event":{"mods":["AchievementEnabler","Act Like it!","BaseMod","Colored Powertips","Custom Start","Defuse TimeMaze Blight","Downfall","Duelist Mod","Gremlin Skip","Highlight Path","Hubris","Infinite Spire","Minty Spire (QoL Compilation)","Rare Cards Sparkle","Replay The Spire","StSLib","Uncapped"],"gold_per_floor":[141,184,184,184,194,229,79,79,79,106,106,106,118,42,42,147,147,164,164,189,201,201,201,201,232,232,260,280,294,328,340,340,440,440,458,458,60,74,84,84,118,132,132,165,214,228,228,246,246,343,343,342,80579,80588,80588,80592,80605,80605,80604,80604,80606,79722,79717,79722,79722,79722,79722,79722,79766,79766,79760,79760,79057,79057,78450,78634,78634,78632,78632],"floor_reached":78,"playtime":3188,"items_purged":["theDuelist:Sparks","theDuelist:CastleWalls","theDuelist:SummoningCurse","theDuelist:NeoMagic","theDuelist:CurseDarkness","theDuelist:NeoMagic"],"score":2524,"play_id":"3dfd113c-abda-4da3-be36-dc1965202425","local_time":"20210110113605","is_ascension_mode":true,"campfire_choices":[{"data":"theDuelist:InjectionFairy","floor":8.0,"key":"SMITH"},{"data":"theDuelist:InjectionFairy","floor":11.0,"key":"SMITH"},{"data":"theDuelist:WitchBlackRose","floor":15.0,"key":"SMITH"},{"data":"theDuelist:InvitationDarkSleep","floor":23.0,"key":"SMITH"},{"data":"ReplayTheSpireMod:Haul","floor":32.0,"key":"SMITH"},{"data":"theDuelist:PotGreed","floor":40.0,"key":"SMITH"},{"data":"theDuelist:InjectionFairy","floor":49.0,"key":"SMITH"},{"data":"theDuelist:PowerKaishin","floor":58,"key":"SMITH"},{"data":"theDuelist:MysticalElf","floor":68,"key":"SMITH"},{"floor":77,"key":"DIG"}],"circlet_count":0,"master_deck":["theDuelist:DarkMagician+1","theDuelist:MysticalElf+1","theDuelist:MysticalElf","theDuelist:BlizzardPrincess+1","theDuelist:InjectionFairy+1","theDuelist:InjectionFairy+1","theDuelist:BadReaction+1","theDuelist:InjectionFairy+1","theDuelist:WitchBlackRose+1","theDuelist:InvitationDarkSleep+1","theDuelist:BadReaction+1","ReplayTheSpireMod:Haul+1","theDuelist:PowerGiant+1","theDuelist:PotGreed+1","theDuelist:PowerKaishin+1","theDuelist:BadReaction+1","theDuelist:BadReaction+1","theDuelist:PotGreed+1"],"relics":["theDuelist:MillenniumPuzzle","theDuelist:CardPoolRelic","theDuelist:CardPoolBasicRelic","theDuelist:BoosterPackPoolRelic","theDuelist:CardPoolAddRelic","theDuelist:CardPoolMinusRelic","theDuelist:CardPoolSaveRelic","theDuelist:CardPoolOptionsRelic","Quantum Egg","Replay:Baseball","Golden Egg","infinitespire:ShieldingShard","theDuelist:BlessingAnubis","Black Star","infinitespire:Midas Blood","Toy Ornithopter","infinitespire:Joker Card","Bottled Lightning","theDuelist:ZoneToken","Ornamental Fan","Replay:Bottled Flurry","Letter Opener","theDuelist:StoneExxod","hubris:Backtick","Chameleon Ring","theDuelist:MillenniumPrayerbook","hubris:SlimyHat","Tiny Chest","theDuelist:BoosterExtraAllRaresRelic","hubris:Metronome","Omamori","Nunchaku","King of Hearts","Thread and Needle","hubris:ScarierMask","Chemical X","ReplayTheSpireMod:Ninjato","infinitespire:Bottled Soul","Singing Bowl","Tough Bandages","Whetstone","Dream Catcher","Oddly Smooth Stone","theDuelist:KaibaToken","hubris:AncientText","Bag of Marbles","theDuelist:DuelistOrichalcum","hubris:MedicalManual","theDuelist:MerchantRugbox","Kunai","hubris:TerracottaHorce","Shovel","Toxic Egg 2","TwistedFunnel","Replay:Rubber Ducky","hexamod:BolsterEngine","hubris:HerbalPaste","Magic Flower","Strawberry","theDuelist:MillenniumCoin","Red Skull","Replay:Byrd Feeder"],"acts_visited":["Exordium","TheCity","TheBeyond","Exordium","TheCity"],"potions_floor_usage":[],"damage_taken":[{"damage":0.0,"enemies":"Jaw Worm","floor":1.0,"turns":3.0},{"damage":0.0,"enemies":"2 Louse","floor":5.0,"turns":2.0},{"damage":16.0,"enemies":"Gremlin Nob","floor":6.0,"turns":5.0},{"damage":0.0,"enemies":"3 Sentries","floor":10.0,"turns":5.0},{"damage":0.0,"enemies":"Small Slimes","floor":13.0,"turns":1.0},{"damage":0.0,"enemies":"Slime Boss","floor":16.0,"turns":5.0},{"damage":0.0,"enemies":"Shell Parasite","floor":18.0,"turns":3.0},{"damage":0.0,"enemies":"Spheric Guardian","floor":21.0,"turns":3.0},{"damage":0.0,"enemies":"Replay:Snechameleon","floor":25.0,"turns":3.0},{"damage":0.0,"enemies":"Nightmare","floor":27.0,"turns":1.0},{"damage":0.0,"enemies":"Snake Plant","floor":28.0,"turns":1.0},{"damage":0.0,"enemies":"Centurion and Healer","floor":29.0,"turns":1.0},{"damage":0.0,"enemies":"Slavers","floor":30.0,"turns":2.0},{"damage":0.0,"enemies":"Sentry and Sphere","floor":31.0,"turns":1.0},{"damage":0.0,"enemies":"hubris:MusketHawk","floor":33.0,"turns":2.0},{"damage":0.0,"enemies":"Orb Walker","floor":35.0,"turns":2.0},{"damage":0.0,"enemies":"3 Darklings","floor":38.0,"turns":1.0},{"damage":0.0,"enemies":"Sphere and 2 Shapes","floor":39.0,"turns":1.0},{"damage":0.0,"enemies":"Nightmare","floor":41.0,"turns":1.0},{"damage":0.0,"enemies":"Maw","floor":42.0,"turns":1.0},{"damage":0.0,"enemies":"Giant Head","floor":44.0,"turns":1.0},{"damage":0.0,"enemies":"2 Orb Walkers","floor":45.0,"turns":1.0},{"damage":0.0,"enemies":"3 Darklings","floor":46.0,"turns":1.0},{"damage":0.0,"enemies":"Jaw Worm Horde","floor":48.0,"turns":1.0},{"damage":0.0,"enemies":"Donu and Deca","floor":50.0,"turns":1.0},{"damage":0.0,"enemies":"Small Slimes","floor":52.0,"turns":1.0},{"damage":0,"enemies":"Cultist","floor":54,"turns":1},{"damage":0,"enemies":"Jaw Worm","floor":56,"turns":1},{"damage":0,"enemies":"3 Sentries","floor":57,"turns":1},{"damage":0,"enemies":"Gremlin Nob","floor":59,"turns":2},{"damage":0,"enemies":"Lagavulin","floor":61,"turns":1},{"damage":0,"enemies":"Blue Slaver","floor":63,"turns":1},{"damage":0,"enemies":"2 Fungi Beasts","floor":64,"turns":1},{"damage":0,"enemies":"Hexaghost","floor":69,"turns":1},{"damage":0,"enemies":"3 Byrds","floor":71,"turns":1},{"damage":0,"enemies":"theDuelist:KaibaA2","floor":76,"turns":1},{"damage":0,"enemies":"Spheric Guardian","floor":78,"turns":1}],"seed_played":"-8578024393773196627","potions_obtained":[{"floor":5.0,"key":"theDuelist:WhiteBottle"},{"floor":13.0,"key":"Block Potion"},{"floor":18.0,"key":"BlessingOfTheForge"},{"floor":29.0,"key":"Milkshake"},{"floor":30.0,"key":"theDuelist:BottledKuriboh"},{"floor":31.0,"key":"SpeedPotion"},{"floor":56,"key":"Death Potion"}],"is_trial":false,"path_per_floor":["M","?","?","T","M","E","$","R","T","E","R","?","M","$","R","B",null,"M","?","T","M","AVR","R","?","E","T","NM","M","M","E","M","R","B",null,"M","?","$","M","M","R","NM","M","T","E","?","M","?","M","R","B",null,"M","$","M","T","M","E","R","E","T","E","$","M","M","PTL","PTL","?","R","B",null,"M","?","$","T","$","E","R","M"],"character_chosen":"THE_DUELIST","items_purchased":["theDuelist:BadReaction","theDuelist:BadReaction","hubris:SlimyHat","Tiny Chest","Chemical X","ReplayTheSpireMod:Ninjato","infinitespire:Bottled Soul","theDuelist:DuelistOrichalcum","hubris:MedicalManual","theDuelist:MerchantRugbox","Toxic Egg 2","TwistedFunnel","Replay:Rubber Ducky","hubris:HerbalPaste","Magic Flower","Strawberry"],"campfire_rested":0,"item_purchase_floors":[7,14,37,37,53,53,53,62,62,62,73,73,73,75,75,75],"current_hp_per_floor":[80,45,45,45,45,41,41,41,41,59,59,59,68,68,68,82,87,88,88,88,88,88,88,88,88,88,88,88,88,88,88,88,88,88,88,88,88,88,88,88,88,88,88,88,88,88,88,88,88,88,88,88,188,188,188,188,190,190,192,192,194,194,196,198,198,198,198,198,200,200,200,200,200,200,207,209,209,209,209],"gold":78632,"neow_bonus":"TEN_PERCENT_HP_BONUS","is_daily":false,"chose_seed":false,"campfire_upgraded":9,"win_rate":0.0,"timestamp":1610296565,"path_taken":["M","?","?","?","M","E","?","R","T","E","R","?","M","$","R","BOSS","M","?","?","M","AVR","R","?","E","T","NM","M","M","E","M","R","BOSS","M","?","$","M","M","R","NM","M","T","E","?","?","?","M","R","BOSS","M","$","M","?","?","E","R","E","T","E","$","M","M","PTL","PTL","?","R","BOSS","M","?","$","?","$","E","R","?"],"items_purchased_type":["Card","Card","Relic","Relic","Relic","Relic","Relic","Relic","Relic","Relic","Relic","Relic","Relic","Relic","Relic","Relic"],"build_version":"2020-12-22","purchased_purges":6,"victory":false,"max_hp_per_floor":[88,88,88,88,88,88,88,88,88,88,88,88,88,88,88,88,88,88,88,88,88,88,88,88,88,88,88,88,88,88,88,88,88,88,88,88,88,88,88,88,88,88,88,88,88,88,88,88,88,88,88,88,188,188,188,188,190,190,192,192,194,194,196,198,198,198,198,198,200,200,200,200,200,200,207,209,209,209,209],"card_choices":[{"not_picked":["theDuelist:DummyGolem","theDuelist:EarthEffigy","theDuelist:GiantSoldierSteel","theDuelist:MagicHoleGolem","theDuelist:PowerGiant"],"picked":"SKIP","floor":1.0},{"not_picked":["theDuelist:SpellShatteringArrow","theDuelist:NeoMagic","theDuelist:ExodiaLA","theDuelist:BlizzardWarrior"],"picked":"theDuelist:BlizzardPrincess","floor":2.0},{"not_picked":["theDuelist:SpellShatteringArrow","theDuelist:BlizzardWarrior","theDuelist:DarkMagician","theDuelist:MagicalBlast"],"picked":"theDuelist:InjectionFairy","floor":5.0},{"not_picked":["theDuelist:BlizzardWarrior","theDuelist:PowerKaishin","theDuelist:Illusionist","theDuelist:TimeWizard"],"picked":"theDuelist:InjectionFairy","floor":6.0},{"not_picked":["theDuelist:SpellShatteringArrow","theDuelist:LordD","theDuelist:Mudballman","theDuelist:GuardianAngel"],"picked":"theDuelist:InjectionFairy","floor":10.0},{"not_picked":["theDuelist:BlizzardWarrior","theDuelist:BlueDragonSummoner","theDuelist:Mudballman","theDuelist:SangaThunder"],"picked":"theDuelist:InvitationDarkSleep","floor":13.0},{"not_picked":["theDuelist:DarkMagician+1","theDuelist:GeminiElf","theDuelist:InjectionFairy+1","theDuelist:DarkMagicianGirl","theDuelist:DarkHorizon"],"picked":"SKIP","floor":18.0},{"not_picked":["theDuelist:NeoMagic","theDuelist:InjectionFairy","theDuelist:Mudballman","theDuelist:MysticalElf","theDuelist:ThousandEyesIdol"],"picked":"SKIP","floor":21.0},{"not_picked":["theDuelist:GoblinSecret","theDuelist:TimeWizard","theDuelist:BadReaction","theDuelist:WonderWand","theDuelist:WhiteHowling+1"],"picked":"SKIP","floor":25.0},{"not_picked":["ReplayTheSpireMod:??????????????????????","infinitespire:Execution"],"picked":"ReplayTheSpireMod:Haul","floor":27.0},{"not_picked":["theDuelist:CrystalWingDragon","theDuelist:RainbowDarkDragon","theDuelist:IrisEarthMother","theDuelist:QueenDragunDjinn+1","theDuelist:RainbowMagician"],"picked":"SKIP","floor":27.0},{"not_picked":["theDuelist:BlueBloodedOni","theDuelist:GreenGraveOni","theDuelist:GreyGreedOni+1","theDuelist:RainbowOverdragon+1","theDuelist:RedHeadedOni"],"picked":"SKIP","floor":28.0},{"not_picked":["theDuelist:CrystalWingDragon","theDuelist:IrisEarthMother","theDuelist:RainbowMagician","theDuelist:QueenDragunDjinn","theDuelist:RainbowDarkDragon"],"picked":"SKIP","floor":29.0},{"not_picked":["theDuelist:WormWarlord+1","theDuelist:RainbowLife","theDuelist:RedHeadedOni","theDuelist:ChangeHeart+1","theDuelist:DarkHole"],"picked":"SKIP","floor":30.0},{"not_picked":["theDuelist:WormKing+1","theDuelist:PotGreed+1","theDuelist:Kuriboh","theDuelist:MagicalStone"],"picked":"theDuelist:PowerGiant+1","floor":31.0},{"not_picked":["theDuelist:NeoMagic+1","theDuelist:FairyBox","theDuelist:SangaEarth+1","theDuelist:ExodiaRA+1","theDuelist:MagicalBlast+1"],"picked":"SKIP","floor":35.0},{"not_picked":["theDuelist:ApprenticeIllusionMagician+2","theDuelist:Hinotama+3","theDuelist:OneForOne+2","theDuelist:SphereKuriboh","theDuelist:RedMedicine+1"],"picked":"SKIP","floor":38.0},{"not_picked":["theDuelist:GauntletWarrior","theDuelist:RainbowKuriboh+1","theDuelist:PotAvarice","theDuelist:Jinzo"],"picked":"theDuelist:PotGreed","floor":39.0},{"not_picked":["theDuelist:BlizzardWarrior+1","theDuelist:InjectionFairy+1","theDuelist:ExodiaRL","theDuelist:MagiciansRod+1"],"picked":"theDuelist:PowerKaishin","floor":41.0},{"not_picked":["theDuelist:SangaThunder+1","theDuelist:ExodiaLL+1","theDuelist:LordD","theDuelist:CallAtlanteans","theDuelist:GeminiElf+1"],"picked":"SKIP","floor":42.0},{"not_picked":["theDuelist:NeoMagic+1","theDuelist:ExodiaRA+1","theDuelist:MagicalBlast","theDuelist:BlizzardPrincess+1","theDuelist:RainbowMagician+1"],"picked":"SKIP","floor":44.0},{"not_picked":["theDuelist:ApprenticeIllusionMagician","theDuelist:MythicalBeast+1","theDuelist:AlienTelepath","theDuelist:WhiteMagicalHat+1","theDuelist:DiffusionWaveMotion+1"],"picked":"SKIP","floor":46.0},{"not_picked":["theDuelist:FuryFire+4","theDuelist:RainbowBridge","theDuelist:MagicCylinder+1","theDuelist:Solidarity+1","theDuelist:YamiForm"],"picked":"SKIP","floor":48.0},{"not_picked":["theDuelist:RainbowDarkDragon+1","theDuelist:IrisEarthMother+1","theDuelist:RainbowMagician+1","theDuelist:RainbowKuriboh+1","theDuelist:RainbowOverdragon+1"],"picked":"SKIP","floor":52.0},{"not_picked":["theDuelist:Hinotama+5","theDuelist:DarkMirrorForce+1","theDuelist:WormApocalypse+1","theDuelist:FutureFusion+1"],"picked":"theDuelist:Wiseman+1","floor":54},{"not_picked":["theDuelist:SpellShatteringArrow+1","theDuelist:BlizzardWarrior+1","theDuelist:NeoMagic+1","theDuelist:DarkMagician+1","theDuelist:MagicalBlast+1"],"picked":"Singing Bowl","floor":56},{"not_picked":["theDuelist:ExodiaRA+1","theDuelist:ExodiaLA+1","theDuelist:LegendaryFlameLord+1"],"picked":"Singing Bowl","floor":57},{"not_picked":["theDuelist:IrisEarthMother+1","theDuelist:VoidVanishment+1","theDuelist:GrandSpellbookTower+1"],"picked":"Singing Bowl","floor":59},{"not_picked":["theDuelist:BlizzardWarrior+1","theDuelist:InjectionFairy+1","theDuelist:FlyingSaucer+1","theDuelist:Mudballman+1","theDuelist:AlienTelepath+1"],"picked":"Singing Bowl","floor":61},{"not_picked":["theDuelist:ExodiaLA+1","theDuelist:GuardianAngel+1","theDuelist:CosmoBrain+1","theDuelist:BookSecret+1","theDuelist:LegendaryExodia+1"],"picked":"Singing Bowl","floor":63},{"not_picked":["theDuelist:CharcoalInpachi+2","theDuelist:DoomShaman+1","theDuelist:LordD+1","theDuelist:FairyBox+1","theDuelist:CallAtlanteans+1"],"picked":"Singing Bowl","floor":64},{"not_picked":["theDuelist:RainbowDarkDragon+1","theDuelist:IrisEarthMother+1","theDuelist:RainbowMagician+1","theDuelist:RainbowKuriboh+1","theDuelist:RainbowOverdragon+1"],"picked":"Singing Bowl","floor":69},{"not_picked":["theDuelist:BadReaction+1","theDuelist:PowerKaishin+1","theDuelist:Wiseman+1"],"picked":"theDuelist:PotGreed+1","floor":71},{"not_picked":["theDuelist:WhiteHowling+1","theDuelist:DarkHorizon+1","theDuelist:AltarTribute+1","theDuelist:Graverobber+1","theDuelist:BadReaction+1"],"picked":"Singing Bowl","floor":76}],"player_experience":581642,"relics_obtained":[{"floor":2.0,"key":"Quantum Egg"},{"floor":4.0,"key":"Replay:Baseball"},{"floor":6.0,"key":"Golden Egg"},{"floor":9.0,"key":"infinitespire:ShieldingShard"},{"floor":10.0,"key":"theDuelist:BlessingAnubis"},{"floor":20.0,"key":"Toy Ornithopter"},{"floor":25.0,"key":"Bottled Lightning"},{"floor":26.0,"key":"theDuelist:ZoneToken"},{"floor":27.0,"key":"Ornamental Fan"},{"floor":27.0,"key":"Replay:Bottled Flurry"},{"floor":30.0,"key":"Letter Opener"},{"floor":30.0,"key":"theDuelist:StoneExxod"},{"floor":41.0,"key":"theDuelist:BoosterExtraAllRaresRelic"},{"floor":41.0,"key":"hubris:Metronome"},{"floor":43.0,"key":"Omamori"},{"floor":44.0,"key":"Nunchaku"},{"floor":44.0,"key":"King of Hearts"},{"floor":45.0,"key":"Thread and Needle"},{"floor":55,"key":"Singing Bowl"},{"floor":57,"key":"Tough Bandages"},{"floor":57,"key":"Whetstone"},{"floor":59,"key":"Dream Catcher"},{"floor":59,"key":"Oddly Smooth Stone"},{"floor":60,"key":"theDuelist:KaibaToken"},{"floor":61,"key":"hubris:AncientText"},{"floor":61,"key":"Bag of Marbles"},{"floor":74,"key":"hexamod:BolsterEngine"},{"floor":76,"key":"theDuelist:MillenniumCoin"},{"floor":76,"key":"Red Skull"},{"floor":77,"key":"Replay:Byrd Feeder"}],"event_choices":[{"damage_healed":0.0,"max_hp_gain":0.0,"max_hp_loss":0.0,"gold_gain":0.0,"cards_transformed":["theDuelist:Sparks"],"event_name":"Transmorgrifier","player_choice":"Transformed","floor":12.0,"gold_loss":0.0,"damage_taken":0.0,"cards_obtained":["theDuelist:WitchBlackRose"]},{"cards_removed":["theDuelist:CastleWalls"],"damage_healed":0.0,"max_hp_gain":0.0,"max_hp_loss":0.0,"gold_gain":0.0,"event_name":"Back to Basics","player_choice":"Elegance","floor":24.0,"gold_loss":0.0,"damage_taken":0.0},{"damage_healed":0.0,"max_hp_gain":0.0,"max_hp_loss":0.0,"gold_gain":0.0,"event_name":"Millennium Items","player_choice":"Took item - Received: Millennium Prayerbook","duelist":true,"floor":36.0,"gold_loss":0.0,"damage_taken":0.0},{"damage_healed":0.0,"max_hp_gain":0.0,"max_hp_loss":0.0,"gold_gain":0.0,"event_name":"Mysterious Sphere","player_choice":"Fight","floor":45.0,"gold_loss":0.0,"damage_taken":0.0},{"damage_healed":0,"gold_gain":0,"player_choice":"Searched \u00271\u0027 times","damage_taken":0,"relics_obtained":["Kunai"],"max_hp_gain":0,"max_hp_loss":0,"event_name":"Dead Adventurer","floor":67,"gold_loss":0}],"is_beta":false,"boss_relics":[{"not_picked":["Ring of Chaos","Tiny House"],"picked":"Black Star"},{"not_picked":["Electric Blood","SlaversCollar"],"picked":"hubris:Backtick"},{"not_picked":["Runic Dome","theDuelist:GamblerChip"],"picked":"hubris:ScarierMask"},{"not_picked":["Replay:Drink Me","SlaversCollar"],"picked":"hubris:TerracottaHorce"}],"items_purged_floors":[7,22,37,53,62,73],"is_endless":true,"potions_floor_spawned":[5,13,18,29,30,31,35,38,44,45,46,48,56,57,59,61,63],"killed_by":"Spheric Guardian","ascension_level":9}}