{"host":"3xls0xm49ftugio7","time":1610286990,"event":{"mods":["2.2 Compatiblity","AchievementEnabler","Act Like it!","BaseMod","Colored Powertips","Downfall","GifTheSpireLib","Minty Spire (QoL Compilation)","Quick Restart","Relic Stats","StSLib","Waifu the Spire"],"gold_per_floor":[99,109,124,141,241,57,80,113,288,288,322,334,334,352,372,472,472,472,486,504,504,504,504],"floor_reached":21,"playtime":1497,"items_purged":["hexamod:Strike"],"score":239,"play_id":"08dc790b-70f4-4f61-8c68-adb05a8c091a","local_time":"20210110155630","is_ascension_mode":true,"campfire_choices":[{"data":"hexamod:EmpoweringStance","floor":1,"key":"SMITH"},{"data":"hexamod:FastForward","floor":10,"key":"SMITH"},{"data":"1","floor":18,"key":"LIFT"}],"circlet_count":0,"master_deck":["hexamod:Strike","hexamod:Defend","hexamod:Defend","hexamod:Defend","hexamod:Defend","hexamod:Sear","hexamod:Float","hexamod:EmpoweringStance+1","hexamod:ThermalTransfer","hexamod:PowerFromBeyond","hexamod:Hexaguard","hexamod:Toasty+1","hexamod:Firestarter","hexamod:CatchUp","hexamod:FastForward+1","hexamod:PhantomFireball","Doubt","hexamod:BurningTouch","hexamod:NightmareGuise","hexamod:Hexaguard","hexamod:PowerFromBeyond","hexamod:WildfireWeapon","CurseOfTheBell","hexamod:NecessarySacrifice"],"relics":["hexamod:SpiritBrand","sneckomod:BlankCard","Bag of Preparation","InkBottle","Calling Bell","hexamod:BolsterEngine","Kunai","Girya"],"acts_visited":["Exordium","TheCity"],"potions_floor_usage":[14,16,16],"damage_taken":[{"damage":0,"enemies":"2 Louse","floor":2,"turns":3},{"damage":0,"enemies":"Small Slimes","floor":3,"turns":3},{"damage":0,"enemies":"Cultist","floor":4,"turns":3},{"damage":13,"enemies":"downfall:Heads","floor":5,"turns":6},{"damage":0,"enemies":"downfall:FleeingMerchant","floor":6,"turns":4},{"damage":6,"enemies":"Gremlin Nob","floor":8,"turns":3},{"damage":21,"enemies":"3 Sentries","floor":11,"turns":7},{"damage":0,"enemies":"Exordium Wildlife","floor":12,"turns":3},{"damage":0,"enemies":"Lots of Slimes","floor":14,"turns":2},{"damage":0,"enemies":"2 Fungi Beasts","floor":15,"turns":4},{"damage":28,"enemies":"downfall:Silent","floor":16,"turns":12},{"damage":0,"enemies":"Chosen","floor":19,"turns":4},{"damage":6,"enemies":"Snake Plant","floor":20,"turns":2},{"damage":51,"enemies":"Cultist and Chosen","floor":21,"turns":4}],"seed_played":"-8630116518515830182","potions_obtained":[{"floor":5,"key":"Explosive Potion"},{"floor":11,"key":"hexamod:DoubleChargePotion"},{"floor":13,"key":"downfall:CursedFountainPotion"},{"floor":14,"key":"hexamod:DoubleChargePotion"},{"floor":16,"key":"Guardian:BlockOnCardUsePotion"}],"is_trial":false,"path_per_floor":["R","M","M","M","?","$","T","E","?","R","E","M","?","M","M","B",null,"R","M","M","M"],"character_chosen":"THE_SPIRIT","items_purchased":["hexamod:FastForward","hexamod:PhantomFireball"],"campfire_rested":0,"item_purchase_floors":[6,6],"current_hp_per_floor":[70,70,70,70,57,57,57,51,51,51,30,30,30,30,30,2,53,53,53,47,0,0,0],"gold":504,"neow_bonus":"ONE_RANDOM_RARE_CARD","is_daily":false,"chose_seed":false,"campfire_upgraded":2,"win_rate":0.0,"timestamp":1610286990,"path_taken":["R","M","M","M","?","$","T","E","?","R","E","M","?","M","M","BOSS","R","M","M","M"],"items_purchased_type":["Card","Card"],"build_version":"2020-12-22","purchased_purges":1,"victory":false,"max_hp_per_floor":[70,70,70,70,70,70,70,70,70,70,70,70,70,70,70,70,70,70,70,70,70,70,70],"relic_stats":{"counters":[14,60],"Bag of Preparation":[16],"Kunai":[1],"obtain_stats":[{"Calling Bell":17,"Girya":17,"sneckomod:BlankCard":7,"Bag of Preparation":8,"Kunai":17,"hexamod:BolsterEngine":17,"hexamod:SpiritBrand":0,"InkBottle":11},{"Calling Bell":11,"Girya":11,"sneckomod:BlankCard":5,"Bag of Preparation":6,"Kunai":11,"hexamod:BolsterEngine":11,"hexamod:SpiritBrand":0,"InkBottle":7},{"Calling Bell":50,"Girya":50,"sneckomod:BlankCard":19,"Bag of Preparation":22,"Kunai":50,"hexamod:BolsterEngine":50,"hexamod:SpiritBrand":0,"InkBottle":29}],"InkBottle":[9]},"card_choices":[{"not_picked":["hexamod:GhostShield","hexamod:Rewind"],"picked":"hexamod:ThermalTransfer","floor":2},{"not_picked":["hexamod:AdvancingGuard","hexamod:NightmareStrike"],"picked":"hexamod:PowerFromBeyond","floor":3},{"not_picked":["hexamod:ChargedBarrage","hexamod:BurningTouch"],"picked":"hexamod:Hexaguard","floor":4},{"not_picked":["hexamod:NightmareGuise","hexamod:ApocalypseNow"],"picked":"hexamod:Firestarter","floor":5},{"not_picked":["hexamod:Hexaguard","hexamod:RainOfEmbers"],"picked":"hexamod:CatchUp","floor":6},{"not_picked":["hexamod:ThermalTransfer","hexamod:SwordOfDarkness","hexamod:GhostLash"],"picked":"SKIP","floor":8},{"not_picked":["hexamod:Firestarter","hexamod:SwordOfDarkness"],"picked":"hexamod:BurningTouch","floor":11},{"not_picked":["hexamod:GhostLash","hexamod:ShieldOfDarkness"],"picked":"hexamod:NightmareGuise","floor":12},{"not_picked":["hexamod:SkipABeat","hexamod:PhantomFireball"],"picked":"hexamod:Hexaguard","floor":14},{"not_picked":["hexamod:NightmareGuise","hexamod:Hexaguard"],"picked":"hexamod:PowerFromBeyond","floor":15},{"not_picked":["hexamod:UnlimitedPower","hexamod:Toasty"],"picked":"hexamod:WildfireWeapon","floor":16},{"not_picked":["hexamod:HauntingEcho","hexamod:BacktrackSmack"],"picked":"hexamod:NecessarySacrifice","floor":19},{"not_picked":["hexamod:BurningTouch","hexamod:AdvancingGuard","hexamod:BacktrackSmack"],"picked":"SKIP","floor":20}],"player_experience":879223,"relics_obtained":[{"floor":7,"key":"sneckomod:BlankCard"},{"floor":8,"key":"Bag of Preparation"},{"floor":11,"key":"InkBottle"},{"floor":17,"key":"hexamod:BolsterEngine"},{"floor":17,"key":"Kunai"},{"floor":17,"key":"Girya"}],"event_choices":[],"is_beta":false,"boss_relics":[{"not_picked":["Runic Pyramid","Sozu"],"picked":"Calling Bell"}],"items_purged_floors":[6],"is_endless":false,"potions_floor_spawned":[5,11,14,15,16],"killed_by":"Cultist and Chosen","ascension_level":5}}