{"host":"tex07afuu0haibi3","time":1610318774,"event":{"mods":["AchievementEnabler","BaseMod","Colored Powertips","Downfall","Hubris","Hunter ??","Infinite Spire","Marisa????????","Minty Spire (QoL Compilation)","Quick Restart","READ ME - Guardian Mod","Replay The Spire","StSLib","The Construct","The Cursed","The Disciple","The Elementalist","The Mystic","The Necromancer","The Runesmith","The Servant 0.9.4"],"gold_per_floor":[99,109,160,160,174,174,246,256,53,68,68,80,97,97,114,114,114,114],"floor_reached":16,"playtime":983,"items_purged":[],"score":92,"play_id":"01d680da-b663-4569-adf6-9d1153e5e6e2","local_time":"20210110224614","is_ascension_mode":false,"campfire_choices":[{"floor":1,"key":"RECALL"},{"data":"Slimebound:Split","floor":6,"key":"SMITH"}],"circlet_count":0,"master_deck":["Slimebound:Strike_Slimebound","Slimebound:Strike_Slimebound","Slimebound:Strike_Slimebound","Slimebound:Tackle","Slimebound:Defend_Slimebound","Slimebound:Defend_Slimebound","Slimebound:Defend_Slimebound","Slimebound:Split+1","Slimebound:CorrosiveSpit","Slimebound:SplitBruiser","Slimebound:PressTheAttack","Slimebound:RainOfGoop","Slimebound:SamplingLick","Slimebound:LivingWall","expansioncontent:DashGenerateEvil","Slimebound:GoopSpray","Slimebound:ProtectTheBoss","Slimebound:SplitMire"],"relics":["Shuriken","Slimebound:ScrapOozeRelic","m_BurningSludge"],"acts_visited":["Exordium"],"potions_floor_usage":[],"damage_taken":[{"damage":8,"enemies":"Cultist","floor":2,"turns":4},{"damage":18,"enemies":"Small Slimes","floor":5,"turns":3},{"damage":28,"enemies":"infinitespire:Voidling","floor":8,"turns":3},{"damage":12,"enemies":"downfall:FleeingMerchant","floor":9,"turns":4},{"damage":21,"enemies":"Exordium Wildlife","floor":10,"turns":4},{"damage":16,"enemies":"Blue Slaver","floor":13,"turns":3},{"damage":4,"enemies":"3 Louse","floor":15,"turns":2},{"damage":48,"enemies":"downfall:Ironclad","floor":16,"turns":7}],"seed_played":"-5347284378513692815","potions_obtained":[{"floor":3,"key":"Adrenaline Potion"},{"floor":8,"key":"Toxic Potion"},{"floor":10,"key":"PowerPotion"},{"floor":13,"key":"Energy Potion"}],"is_trial":false,"path_per_floor":["R","M","?","?","M","R","T","M","$","M","T","?","M","?","M","B"],"character_chosen":"SLIMEBOUND","items_purchased":["expansioncontent:DashGenerateEvil"],"campfire_rested":0,"item_purchase_floors":[9],"current_hp_per_floor":[66,66,50,50,44,44,44,32,44,43,43,43,39,39,43,0,0,0],"gold":114,"neow_bonus":"TEN_PERCENT_HP_BONUS","is_daily":false,"chose_seed":false,"campfire_upgraded":1,"win_rate":0.0,"timestamp":1610318774,"path_taken":["R","M","?","?","M","R","T","?","$","M","?","?","M","?","M","BOSS"],"items_purchased_type":["Card"],"build_version":"2020-12-22","purchased_purges":0,"victory":false,"max_hp_per_floor":[66,66,66,66,66,66,66,66,66,66,66,66,66,66,66,66,66,66],"card_choices":[{"not_picked":["Slimebound:SpikyOuterGoop","Slimebound:GoopSpray"],"picked":"Slimebound:SplitBruiser","floor":2},{"not_picked":["Slimebound:GrowthPunch","Slimebound:RollThrough"],"picked":"Slimebound:PressTheAttack","floor":3},{"not_picked":["Slimebound:AcidTongue","Slimebound:ViciousTackle"],"picked":"Slimebound:RainOfGoop","floor":5},{"not_picked":["Slimebound:FinishingTackle","Slimebound:ViciousTackle"],"picked":"Slimebound:SamplingLick","floor":8},{"not_picked":["Slimebound:GrowthPunch","Slimebound:SlimeTap"],"picked":"Slimebound:LivingWall","floor":9},{"not_picked":["Slimebound:Replication","Slimebound:Teamwork"],"picked":"Slimebound:GoopSpray","floor":10},{"not_picked":["Slimebound:FinishingTackle","Slimebound:ViciousTackle"],"picked":"Slimebound:ProtectTheBoss","floor":13},{"not_picked":["Twin Strike","Slimebound:HauntingLick"],"picked":"Slimebound:SplitMire","floor":15}],"player_experience":72856,"relics_obtained":[{"floor":3,"key":"Shuriken"},{"floor":11,"key":"MawBank"}],"event_choices":[{"cards_removed":["Slimebound:Defend_Slimebound"],"damage_healed":0,"gold_gain":0,"player_choice":"Offered Basic","damage_taken":0,"max_hp_gain":0,"max_hp_loss":0,"event_name":"Bonfire Elementals","floor":4,"gold_loss":0}],"is_beta":false,"boss_relics":[],"items_purged_floors":[],"is_endless":false,"potions_floor_spawned":[8,10,13],"killed_by":"downfall:Ironclad","ascension_level":0}}