{"host":"kw4o7b3ro2ktmmbe","time":1610259055,"event":{"mods":["BaseMod","Evolution","Minty Spire (QoL Compilation)","StSLib","The Death Knight"],"gold_per_floor":[111,131,149,167,245,256,256,281,281,281,297,297,8,19,19,114,114,131,131,160,176,176,176,187,200,277,237,249,249,264,280,280,384,384,402,416,416,427,427,427,443,443,467,494,545,565,565,565,565,565,565],"floor_reached":50,"playtime":5388,"items_purged":[],"score":704,"play_id":"0759abea-4854-49e4-b79c-3cfdb5ab4183","local_time":"20210110191055","is_ascension_mode":true,"campfire_choices":[{"data":"DeathKnight:FoulBulwark","floor":7.0,"key":"SMITH"},{"data":"DeathKnight:Hysteria","floor":10.0,"key":"SMITH"},{"floor":12.0,"key":"REST"},{"data":"DeathKnight:DeathStrike","floor":15.0,"key":"SMITH"},{"floor":23.0,"key":"REST"},{"data":"DeathKnight:Outbreak","floor":29.0,"key":"SMITH"},{"floor":32.0,"key":"REST"},{"data":"DeathKnight:UnholyExperiment","floor":40.0,"key":"SMITH"},{"data":"DeathKnight:UnholyPresence","floor":42.0,"key":"SMITH"},{"data":"Doubt","floor":49,"key":"PURGE"}],"circlet_count":0,"master_deck":["DeathKnight:HartStrike","DeathKnight:HartStrike","DeathKnight:HartStrike","DeathKnight:HartStrike","DeathKnight:Defend_DeathKnight","DeathKnight:Defend_DeathKnight","DeathKnight:Defend_DeathKnight","DeathKnight:Defend_DeathKnight","DeathKnight:Defend_DeathKnight","DeathKnight:RuneTap","DeathKnight:RuneStrike","DeathKnight:FoulBulwark+1","DeathKnight:Hysteria+1","DeathKnight:ReapingStrike","DeathKnight:Razorice","DeathKnight:DeathStrike+1","DeathKnight:Outbreak+1","DeathKnight:PlagueStrike","DeathKnight:UnholyPresence+1","DeathKnight:MutagenicPlague+1","DeathKnight:BoneShield","DeathKnight:Pestilence+1","DeathKnight:UnholyExperiment+1","Swift Strike","DeathKnight:BladedArmor+1"],"relics":["DeathKnight:BrokenRuneblade","EVO:Axolotl","Anchor","Pantograph","Toy Ornithopter","Ginger","Philosopher\u0027s Stone","Nilry\u0027s Codex","Red Mask","Sundial","Busted Crown","Potion Belt","DeathKnight:ScourgePlagueSample","Peace Pipe"],"acts_visited":["Exordium","TheCity","TheBeyond"],"potions_floor_usage":[45,45,45,46,46,50,50],"damage_taken":[{"damage":0.0,"enemies":"Cultist","floor":1.0,"turns":4.0},{"damage":0.0,"enemies":"2 Louse","floor":2.0,"turns":2.0},{"damage":0.0,"enemies":"Jaw Worm","floor":3.0,"turns":3.0},{"damage":3.0,"enemies":"Looter","floor":4.0,"turns":4.0},{"damage":10.0,"enemies":"Exordium Thugs","floor":6.0,"turns":6.0},{"damage":18.0,"enemies":"Lagavulin","floor":8.0,"turns":8.0},{"damage":4.0,"enemies":"3 Louse","floor":11.0,"turns":3.0},{"damage":9.0,"enemies":"2 Fungi Beasts","floor":14.0,"turns":4.0},{"damage":43.0,"enemies":"Slime Boss","floor":16.0,"turns":9.0},{"damage":10.0,"enemies":"Spheric Guardian","floor":18.0,"turns":5.0},{"damage":30.0,"enemies":"Masked Bandits","floor":20.0,"turns":5.0},{"damage":26.0,"enemies":"2 Thieves","floor":21.0,"turns":4.0},{"damage":6.0,"enemies":"Snecko","floor":24.0,"turns":4.0},{"damage":36.0,"enemies":"Shelled Parasite and Fungi","floor":25.0,"turns":5.0},{"damage":6.0,"enemies":"Chosen and Byrds","floor":28.0,"turns":4.0},{"damage":22.0,"enemies":"Cultist and Chosen","floor":30.0,"turns":5.0},{"damage":21.0,"enemies":"Centurion and Healer","floor":31.0,"turns":5.0},{"damage":51.0,"enemies":"Collector","floor":33.0,"turns":7.0},{"damage":14.0,"enemies":"3 Shapes","floor":35.0,"turns":3.0},{"damage":19.0,"enemies":"3 Darklings","floor":36.0,"turns":4.0},{"damage":16.0,"enemies":"Maw","floor":38.0,"turns":6.0},{"damage":10.0,"enemies":"Transient","floor":41.0,"turns":5.0},{"damage":69.0,"enemies":"Reptomancer","floor":44.0,"turns":6.0},{"damage":29,"enemies":"2 Orb Walkers","floor":45,"turns":4},{"damage":16,"enemies":"Spire Growth","floor":46,"turns":5},{"damage":116,"enemies":"Time Eater","floor":50,"turns":6}],"seed_played":"-5191669962776486634","potions_obtained":[{"floor":3.0,"key":"Weak Potion"},{"floor":6.0,"key":"EssenceOfSteel"},{"floor":8.0,"key":"EssenceOfSteel"},{"floor":16.0,"key":"Fire Potion"},{"floor":21.0,"key":"SkillPotion"},{"floor":22.0,"key":"FairyPotion"},{"floor":22.0,"key":"SkillPotion"},{"floor":24.0,"key":"BlessingOfTheForge"},{"floor":27.0,"key":"SneckoOil"},{"floor":27.0,"key":"Ancient Potion"},{"floor":27.0,"key":"SteroidPotion"},{"floor":28.0,"key":"CultistPotion"},{"floor":30.0,"key":"Swift Potion"},{"floor":31.0,"key":"SteroidPotion"},{"floor":33.0,"key":"Dexterity Potion"},{"floor":36.0,"key":"Dexterity Potion"},{"floor":41.0,"key":"FearPotion"},{"floor":44.0,"key":"GamblersBrew"},{"floor":46,"key":"SkillPotion"}],"is_trial":false,"path_per_floor":["M","M","M","M","?","M","R","E","T","R","M","R","$","M","R","B",null,"M","?","?","M","?","R","M","M","T","?","M","R","M","M","R","B",null,"M","M","?","M","?","R","M","R","T","E","?","M","?","?","R","B"],"character_chosen":"DEATH_KNIGHT","items_purchased":["Ginger"],"campfire_rested":3,"item_purchase_floors":[13],"current_hp_per_floor":[68,68,68,65,65,55,55,37,37,37,33,55,55,53,53,53,70,60,44,19,4,4,26,25,22,22,22,37,37,15,4,26,15,60,57,54,54,59,59,59,69,69,69,21,7,12,12,75,75,0,0],"gold":565,"neow_bonus":"RANDOM_COMMON_RELIC","is_daily":false,"chose_seed":false,"campfire_upgraded":6,"win_rate":0.0,"timestamp":1610259055,"path_taken":["M","M","?","M","?","M","R","E","T","R","M","R","$","M","R","BOSS","M","?","?","M","?","R","?","M","T","?","M","R","M","M","R","BOSS","M","M","?","M","?","R","?","R","T","E","?","M","?","?","R","BOSS"],"items_purchased_type":["Relic"],"build_version":"2020-12-22","purchased_purges":0,"victory":false,"max_hp_per_floor":[75,75,75,75,75,75,75,75,75,75,75,75,75,75,75,75,75,75,75,75,75,75,75,75,75,75,75,75,75,75,75,75,75,75,75,75,75,75,75,75,75,75,75,75,75,75,75,75,75,75,75],"card_choices":[{"not_picked":["DeathKnight:Parry","DeathKnight:Rot","DeathKnight:DreadStrike"],"picked":"SKIP","floor":1.0},{"not_picked":["DeathKnight:Hysteria","DeathKnight:DeathGrip"],"picked":"DeathKnight:FoulBulwark","floor":2.0},{"not_picked":["DeathKnight:Ossuary","DeathKnight:UnholyFrenzy"],"picked":"DeathKnight:Hysteria","floor":3.0},{"not_picked":["DeathKnight:MindFreeze","DeathKnight:BladedArmor"],"picked":"DeathKnight:ReapingStrike","floor":4.0},{"not_picked":["DeathKnight:RuneShock","DeathKnight:Ossuary","DeathKnight:ShatteringStrikes"],"picked":"SKIP","floor":6.0},{"not_picked":["DeathKnight:BloodBoil","DeathKnight:IceboundArmor"],"picked":"DeathKnight:Razorice","floor":8.0},{"not_picked":["DeathKnight:Ossuary","DeathKnight:FrostStrike"],"picked":"DeathKnight:DeathStrike","floor":11.0},{"not_picked":["DeathKnight:RuneShock","DeathKnight:Parry","DeathKnight:BloodStrike"],"picked":"SKIP","floor":14.0},{"not_picked":["DeathKnight:Razorice","DeathKnight:Simulacrum"],"picked":"DeathKnight:Outbreak","floor":16.0},{"not_picked":["DeathKnight:MutagenicPlague","DeathKnight:DeathGrip","DeathKnight:RaiseAlly"],"picked":"SKIP","floor":18.0},{"not_picked":["DeathKnight:Culling+1","DeathKnight:BloodStrike"],"picked":"DeathKnight:PlagueStrike","floor":20.0},{"not_picked":["DeathKnight:UnholyFrenzy+1","DeathKnight:BludPresence","DeathKnight:IcyTouch"],"picked":"SKIP","floor":21.0},{"not_picked":["DeathKnight:BoneSpear+1","DeathKnight:DeathGrip","DeathKnight:FrostStrike"],"picked":"SKIP","floor":24.0},{"not_picked":["DeathKnight:DeathGrip","DeathKnight:DeathsAdvance"],"picked":"DeathKnight:UnholyPresence","floor":25.0},{"not_picked":["DeathKnight:BloodEchoes","DeathKnight:DreadStrike+1"],"picked":"DeathKnight:MutagenicPlague+1","floor":28.0},{"not_picked":["DeathKnight:DeathStrike","DeathKnight:FrosPresence"],"picked":"DeathKnight:BoneShield","floor":30.0},{"not_picked":["DeathKnight:DeathCoil","DeathKnight:DeathRune"],"picked":"DeathKnight:Pestilence+1","floor":31.0},{"not_picked":["DeathKnight:RunicDetonation","DeathKnight:SindragosasBreath"],"picked":"DeathKnight:UnholyExperiment","floor":33.0},{"not_picked":["DeathKnight:ScourgeStrike"],"picked":"SKIP","floor":35.0},{"not_picked":["DeathKnight:ShatteringStrikes+1"],"picked":"SKIP","floor":36.0},{"not_picked":[],"picked":"Swift Strike","floor":37.0},{"not_picked":["DeathKnight:ChainsOfIce"],"picked":"SKIP","floor":38.0},{"not_picked":["DeathKnight:ChainsOfIce+1"],"picked":"SKIP","floor":41.0},{"not_picked":["DeathKnight:BloodBoil"],"picked":"SKIP","floor":44.0},{"not_picked":[],"picked":"DeathKnight:BladedArmor+1","floor":45},{"not_picked":["DeathKnight:Runeguard+1"],"picked":"SKIP","floor":46}],"player_experience":1918128,"relics_obtained":[{"floor":8.0,"key":"Pantograph"},{"floor":9.0,"key":"Toy Ornithopter"},{"floor":19.0,"key":"Nilry\u0027s Codex"},{"floor":20.0,"key":"Red Mask"},{"floor":26.0,"key":"Sundial"},{"floor":43.0,"key":"Potion Belt"},{"floor":44.0,"key":"DeathKnight:ScourgePlagueSample"},{"floor":45,"key":"Peace Pipe"}],"event_choices":[{"damage_healed":0.0,"max_hp_gain":0.0,"max_hp_loss":0.0,"gold_gain":78.0,"event_name":"Golden Wing","player_choice":"Gained Gold","floor":5.0,"gold_loss":0.0,"damage_taken":0.0},{"damage_healed":0.0,"max_hp_gain":0.0,"max_hp_loss":0.0,"gold_gain":0.0,"event_name":"Cursed Tome","player_choice":"Obtained Book","floor":19.0,"gold_loss":0.0,"damage_taken":16.0},{"damage_healed":0.0,"max_hp_gain":0.0,"max_hp_loss":0.0,"gold_gain":0.0,"event_name":"Masked Bandits","player_choice":"Fought Bandits","floor":20.0,"gold_loss":0.0,"damage_taken":0.0},{"damage_healed":0.0,"max_hp_gain":0.0,"max_hp_loss":0.0,"gold_gain":0.0,"event_name":"Lab","player_choice":"Got Potions","floor":22.0,"gold_loss":0.0,"damage_taken":0.0},{"damage_healed":0.0,"max_hp_gain":0.0,"max_hp_loss":0.0,"gold_gain":0.0,"event_name":"The Woman in Blue","player_choice":"Bought 3 Potions","floor":27.0,"gold_loss":0.0,"damage_taken":0.0},{"damage_healed":0.0,"max_hp_gain":0.0,"max_hp_loss":0.0,"gold_gain":0.0,"event_name":"SensoryStone","player_choice":"Memory 1","floor":37.0,"gold_loss":0.0,"damage_taken":0.0},{"cards_removed":["DeathKnight:Strike_DeathKnight"],"damage_healed":0.0,"max_hp_gain":0.0,"max_hp_loss":0.0,"gold_gain":0.0,"event_name":"Wheel of Change","player_choice":"Card Removal","floor":39.0,"gold_loss":0.0,"damage_taken":0.0},{"damage_healed":0,"gold_gain":0,"player_choice":"Fight","damage_taken":0,"max_hp_gain":0,"max_hp_loss":0,"event_name":"Mysterious Sphere","floor":45,"gold_loss":0},{"damage_healed":0,"gold_gain":0,"player_choice":"Ignored","damage_taken":0,"max_hp_gain":0,"max_hp_loss":0,"event_name":"The Moai Head","floor":47,"gold_loss":0},{"damage_healed":63,"gold_gain":0,"player_choice":"Heal","damage_taken":0,"max_hp_gain":0,"max_hp_loss":0,"event_name":"MindBloom","floor":48,"gold_loss":0,"cards_obtained":["Doubt"]}],"is_beta":false,"boss_relics":[{"not_picked":["Ectoplasm","Velvet Choker"],"picked":"Philosopher\u0027s Stone"},{"not_picked":["Tiny House","Calling Bell"],"picked":"Busted Crown"}],"items_purged_floors":[],"is_endless":false,"potions_floor_spawned":[3,6,8,16,21,24,28,30,31,33,36,41,44,46],"killed_by":"Time Eater","ascension_level":7}}