{"host":"drrjwv4o5ms3zsrm","time":1610307174,"event":{"mods":["100% Spire Juice","ATMod(阿瑾Mod)","Act Like it!","Aspiration","BaseMod","CapriCore","Colored Powertips","Conspire","Friendly Minions","Gensokyo","Jedi Mod","Lobotomy","LobotomyExtend","Minty Spire (QoL Compilation)","MostiFishMod","Reimu（博丽灵梦）","Replay The Spire","RumiaBox-露米娅的神秘盒子","StSLib","TestMod","The Alterego","The Immortal","The Jungle","Waifu the Spire","WarShipGirlsR/战舰少女R mod","[IsaacMod]以撒尖塔","vexMod","【遗物卡牌】REMEMod","残留之物","篝火指南"],"gold_per_floor":[112,112,127,127,147,190,210,246,246,246,267,291,328,341,341,444,444,451,451],"floor_reached":18,"playtime":1152,"items_purged":["SpecialBullet"],"score":240,"play_id":"3b454a63-0301-4008-9192-ea92b3aa85db","local_time":"20210111033254","is_ascension_mode":true,"campfire_choices":[],"circlet_count":0,"master_deck":["SpecialBullet","SpecialBullet","SpecialBullet","SpecialBullet","SpecialBullet","SpecialBullet","SpecialBullet","ControlCode","InformationCode","SecurityCode","AT_FamilyPortrait","AT_FamilyPortrait","Pain","CENSORED_ego","Regret_ego","Spore","OldLady","Diffraction","ShyLook","BearPaw","MHz","ExtractionCode","PunishingBird","Spore","TheSmile","Twilight","OSAHOGD","Twilight","CENSORED_ego","Ecstasy"],"relics":["CogitoBucket","testmod-TestBox","DaveBox","HushsDoor","AT_ATBox","REME_ComplimentaryCards","testmod-Acrobat","Sling","AnarchistCookbook","NeowsBlessing","SynthV:TestCard","Gensokyo:LunaticRedEyes","Mango","Bag of Preparation","Pantograph","Tiny Chest","AspirationHeart","AT_GuinsooRageblade","ChiXiaoBlade","BelialBook"],"acts_visited":["Gensokyo:Gensokyo","TheCity"],"potions_floor_usage":[8,8,16],"damage_taken":[{"damage":0,"enemies":"Gensokyo:3_Fairies","floor":1,"turns":2},{"damage":0,"enemies":"Gensokyo:2_Kodama","floor":3,"turns":1},{"damage":1,"enemies":"Gensokyo:Gryphon","floor":5,"turns":1},{"damage":24,"enemies":"Gensokyo:Cirno","floor":6,"turns":7},{"damage":6,"enemies":"Gensokyo:3_Kodama","floor":7,"turns":3},{"damage":39,"enemies":"Gensokyo:Aya","floor":8,"turns":6},{"damage":7,"enemies":"Gensokyo:Kitsune","floor":11,"turns":9},{"damage":10,"enemies":"Gensokyo:Gryphon_and_Rabbit","floor":12,"turns":4},{"damage":4,"enemies":"Gensokyo:Cirno","floor":13,"turns":9},{"damage":3,"enemies":"Gensokyo:5_Fairies","floor":14,"turns":3},{"damage":37,"enemies":"Gensokyo:Kokoro","floor":16,"turns":9},{"damage":87,"enemies":"Chosen","floor":18,"turns":4}],"seed_played":"-8397949426669167528","potions_obtained":[{"floor":3,"key":"DuplicationPotion"},{"floor":6,"key":"jedi:StrikingPotion"},{"floor":8,"key":"jedi:wingpotion"},{"floor":13,"key":"SteroidPotion"},{"floor":14,"key":"Strength Potion"}],"is_trial":false,"path_per_floor":["M","?","M","?","M","E","M","E","T","R","M","M","E","M","R","B",null,"M"],"character_chosen":"Angela","items_purchased":["BelialBook","Twilight","CENSORED_ego","Ecstasy"],"campfire_rested":0,"item_purchase_floors":[17,17,17,17],"current_hp_per_floor":[70,70,70,63,70,55,57,26,26,26,41,43,51,60,60,62,89,2,2],"gold":451,"neow_bonus":"THREE_ENEMY_KILL","is_daily":false,"chose_seed":false,"campfire_upgraded":0,"win_rate":0.0,"timestamp":1610307174,"path_taken":["M","?","M","?","M","E","M","E","T","R","M","M","E","M","R","BOSS","M"],"items_purchased_type":["Relic","Card","Card","Card"],"build_version":"2020-12-22","purchased_purges":1,"victory":false,"max_hp_per_floor":[70,70,70,84,84,85,85,85,85,85,99,103,107,111,111,115,89,89,89],"card_choices":[{"not_picked":[],"picked":"Bomb","floor":0},{"not_picked":["WristCuter","Tough"],"picked":"SKIP","floor":1},{"not_picked":["Wingbeat","FourthMatchFlame","Soda","ParadiseLost"],"picked":"SKIP","floor":3},{"not_picked":["Christmas","FrostShard","Soda"],"picked":"CENSORED_ego","floor":5},{"not_picked":["Galaxy","CUTE","Lantern"],"picked":"Regret_ego","floor":6},{"not_picked":["Beak","Lantern","Reverberation","FourthMatchFlame"],"picked":"SKIP","floor":7},{"not_picked":["RapturousDream","Noise","BlackSwan_ego"],"picked":"Spore","floor":8},{"not_picked":["VoidDream","Murderer"],"picked":"OldLady","floor":11},{"not_picked":["MagicBullet","RapturousDream","Discord"],"picked":"Diffraction","floor":11},{"not_picked":["Mercenary","HeroicMonk"],"picked":"ShyLook","floor":12},{"not_picked":["Beak","WristCuter","SomewhereSpear"],"picked":"BearPaw","floor":12},{"not_picked":["Scorched","NakedNest"],"picked":"MHz","floor":13},{"not_picked":["Moonlight","Loneliness","Laetitia_ego","Harvest"],"picked":"SKIP","floor":13},{"not_picked":["BeautyBeast","Scorched"],"picked":"PunishingBird","floor":14},{"not_picked":["FourthMatchFlame","BloodyDesire","Soda"],"picked":"Spore","floor":14},{"not_picked":["Mimicry","Pinks","SoundOfStar","ParadiseLost"],"picked":"TheSmile","floor":16},{"not_picked":["Adoration","ParadiseLost","Mimicry","Justitia"],"picked":"Twilight","floor":16},{"not_picked":["GalaxyChild","Murderer"],"picked":"OSAHOGD","floor":16}],"player_experience":310261,"relics_obtained":[{"floor":1,"key":"SynthV:TestCard"},{"floor":6,"key":"Bag of Preparation"},{"floor":8,"key":"Pantograph"},{"floor":9,"key":"Tiny Chest"},{"floor":13,"key":"AT_GuinsooRageblade"}],"event_choices":[],"is_beta":false,"boss_relics":[{"not_picked":["vexMod:MegatonBomb","Transparent"],"picked":"ChiXiaoBlade"},{"not_picked":[]}],"items_purged_floors":[17],"is_endless":false,"potions_floor_spawned":[3,6,8,13,14],"killed_by":"Chosen","ascension_level":4}}