{"host":"J","time":1610257301,"event":{"mods":["AchievementEnabler","BaseMod","Block Reminder","Highlight Path","Minty Spire (QoL Compilation)","Permanent Neow","Quick Restart","Relic Stats","UnlockEverythingMod"],"gold_per_floor":[113,126,143,108,126,158,158,183,183,183,183,196,227,250,250,327,327,347,347,347,360,119,119,119,149,149,164,195,214,214,214,214,290,290,300,300,351,351,365,390,390,415,439,19,45,63,94,94,94,94,94,94,94,11,43,43],"floor_reached":57,"playtime":9206,"items_purged":["Strike_B","Strike_B"],"score":3073,"play_id":"3d4ac8a2-8fc4-4e8b-9e22-8c4d9f9f3243","local_time":"20210110064141","is_ascension_mode":true,"campfire_choices":[{"data":"Zap","floor":7.0,"key":"SMITH"},{"data":"Defragment","floor":15.0,"key":"SMITH"},{"data":"Loop","floor":23.0,"key":"SMITH"},{"floor":30.0,"key":"RECALL"},{"data":"Dualcast","floor":32.0,"key":"SMITH"},{"data":"Compile Driver","floor":41.0,"key":"SMITH"},{"data":"Compile Driver","floor":49.0,"key":"SMITH"},{"data":"Cold Snap","floor":53.0,"key":"SMITH"}],"circlet_count":0,"master_deck":["AscendersBane","Defend_B","Defend_B","Defend_B","Zap+1","Dualcast+1","Chill","Self Repair","Loop+1","Melter+1","Cold Snap+1","Defragment+1","Chaos+1","Machine Learning","Ghostly+1","Ghostly+1","Ghostly+1","Compile Driver+1","Compile Driver+1","Buffer+1","Compile Driver+1","Cold Snap+1","Creative AI+1","Storm+1","Fusion+1","Coolheaded+1","Force Field+1"],"relics":["Cracked Core","Incense Burner","Toxic Egg 2","Eternal Feather","Pear","Whetstone","Coffee Dripper","Letter Opener","Anchor","Nilry\u0027s Codex","Unceasing Top","Frozen Egg 2","Molten Egg 2","MutagenicStrength","Nuclear Battery","Emotion Chip","Dream Catcher","Art of War","Gambling Chip","Bottled Flame","Omamori","Nunchaku"],"acts_visited":["Exordium","TheCity","TheBeyond","TheEnding"],"potions_floor_usage":[56,56],"damage_taken":[{"damage":0.0,"enemies":"2 Louse","floor":1.0,"turns":3.0},{"damage":2.0,"enemies":"Jaw Worm","floor":2.0,"turns":4.0},{"damage":1.0,"enemies":"Cultist","floor":3.0,"turns":4.0},{"damage":32.0,"enemies":"Exordium Thugs","floor":5.0,"turns":6.0},{"damage":37.0,"enemies":"Lagavulin","floor":6.0,"turns":8.0},{"damage":23.0,"enemies":"3 Sentries","floor":8.0,"turns":12.0},{"damage":9.0,"enemies":"Looter","floor":12.0,"turns":4.0},{"damage":23.0,"enemies":"Gremlin Nob","floor":13.0,"turns":4.0},{"damage":0.0,"enemies":"The Guardian","floor":16.0,"turns":8.0},{"damage":0.0,"enemies":"Spheric Guardian","floor":18.0,"turns":3.0},{"damage":3.0,"enemies":"Shell Parasite","floor":21.0,"turns":6.0},{"damage":4.0,"enemies":"Slavers","floor":25.0,"turns":7.0},{"damage":2.0,"enemies":"Centurion and Healer","floor":27.0,"turns":8.0},{"damage":18.0,"enemies":"Gremlin Leader","floor":28.0,"turns":6.0},{"damage":0.0,"enemies":"3 Cultists","floor":29.0,"turns":5.0},{"damage":1.0,"enemies":"Automaton","floor":33.0,"turns":12.0},{"damage":0.0,"enemies":"3 Darklings","floor":35.0,"turns":6.0},{"damage":15.0,"enemies":"2 Orb Walkers","floor":37.0,"turns":7.0},{"damage":0.0,"enemies":"Orb Walker","floor":39.0,"turns":3.0},{"damage":2.0,"enemies":"Reptomancer","floor":40.0,"turns":7.0},{"damage":15.0,"enemies":"Giant Head","floor":42.0,"turns":8.0},{"damage":0.0,"enemies":"Reptomancer","floor":45.0,"turns":6.0},{"damage":0.0,"enemies":"Jaw Worm Horde","floor":46.0,"turns":4.0},{"damage":0.0,"enemies":"Nemesis","floor":47.0,"turns":8.0},{"damage":45.0,"enemies":"Awakened One","floor":50.0,"turns":12.0},{"damage":5.0,"enemies":"Donu and Deca","floor":51.0,"turns":7.0},{"damage":0.0,"enemies":"Shield and Spear","floor":55.0,"turns":7.0},{"damage":39,"enemies":"The Heart","floor":56,"turns":11}],"seed_played":"4152717689041962909","potions_obtained":[{"floor":2.0,"key":"Regen Potion"},{"floor":3.0,"key":"FocusPotion"},{"floor":13.0,"key":"Explosive Potion"},{"floor":21.0,"key":"EssenceOfSteel"},{"floor":27.0,"key":"PowerPotion"},{"floor":29.0,"key":"Swift Potion"},{"floor":37.0,"key":"Ancient Potion"},{"floor":42.0,"key":"SkillPotion"},{"floor":45.0,"key":"Swift Potion"}],"is_trial":false,"path_per_floor":["M","M","M","?","M","E","R","E","T","?","?","M","E","T","R","B",null,"M","?","T","M","$","R","?","E","T","M","E","M","R","?","R","B",null,"M","?","?","?","M","E","R","E","T","$","E","M","E","?","R","B","B",null,"R","$","E","B",null],"character_chosen":"DEFECT","items_purchased":["Anchor","Gambling Chip","DuplicationPotion"],"campfire_rested":0,"item_purchase_floors":[22,44,54],"current_hp_per_floor":[60,58,64,85,60,30,30,14,14,19,19,29,23,23,32,39,85,92,50,50,50,50,50,29,32,32,37,26,33,48,48,50,50,50,50,50,42,42,49,50,50,42,42,42,49,49,50,50,50,12,14,41,50,50,50,18],"gold":43,"neow_bonus":"TWENTY_PERCENT_HP_BONUS","is_daily":false,"chose_seed":false,"campfire_upgraded":7,"win_rate":0.0,"timestamp":1610257301,"path_taken":["M","M","M","?","M","E","R","E","T","?","?","M","E","?","R","BOSS","M","?","?","M","$","R","?","E","T","M","E","?","R","?","R","BOSS","M","?","?","?","?","E","R","E","T","?","E","M","E","?","R","BOSS","BOSS","R","$","E","BOSS"],"items_purchased_type":["Relic","Relic","Potion"],"build_version":"2020-12-18","purchased_purges":2,"victory":true,"max_hp_per_floor":[85,85,85,85,85,85,85,85,85,90,90,90,100,100,100,100,100,100,50,50,50,50,50,50,50,50,50,50,50,50,50,50,50,50,50,50,50,50,50,50,50,50,50,50,50,50,50,50,50,50,50,50,50,50,50,50],"relic_stats":{"Emotion Chip":[39,16,12,2,9],"Dream Catcher":0,"Nunchaku":[3],"counters":[28,185],"Gambling Chip":[20],"Eternal Feather":35,"Art of War":[11],"Whetstone":["Strike_B","Melter"],"Letter Opener":[342],"obtain_stats":[{"Pear":13,"Nilry\u0027s Codex":24,"Eternal Feather":9,"Incense Burner":6,"Omamori":47,"Whetstone":14,"Letter Opener":20,"Frozen Egg 2":26,"Nuclear Battery":34,"Anchor":22,"Emotion Chip":37,"Dream Catcher":40,"Bottled Flame":45,"Nunchaku":55,"MutagenicStrength":31,"Gambling Chip":44,"Molten Egg 2":28,"Coffee Dripper":17,"Art of War":42,"Toxic Egg 2":8,"Cracked Core":0,"Unceasing Top":25},{"Pear":8,"Nilry\u0027s Codex":11,"Eternal Feather":6,"Incense Burner":5,"Omamori":24,"Whetstone":8,"Letter Opener":10,"Frozen Egg 2":12,"Nuclear Battery":16,"Anchor":11,"Emotion Chip":18,"Dream Catcher":20,"Bottled Flame":22,"Nunchaku":27,"MutagenicStrength":15,"Gambling Chip":21,"Molten Egg 2":14,"Coffee Dripper":9,"Art of War":21,"Toxic Egg 2":6,"Cracked Core":0,"Unceasing Top":12},{"Pear":45,"Nilry\u0027s Codex":62,"Eternal Feather":37,"Incense Burner":25,"Omamori":148,"Whetstone":45,"Letter Opener":56,"Frozen Egg 2":69,"Nuclear Battery":100,"Anchor":62,"Emotion Chip":113,"Dream Catcher":123,"Bottled Flame":137,"Nunchaku":174,"MutagenicStrength":88,"Gambling Chip":131,"Molten Egg 2":83,"Coffee Dripper":53,"Art of War":131,"Toxic Egg 2":37,"Cracked Core":0,"Unceasing Top":69}],"Unceasing Top":[39]},"card_choices":[{"not_picked":["Redo","Streamline"],"picked":"Chill","floor":1.0},{"not_picked":["Rebound","Sunder"],"picked":"Self Repair","floor":2.0},{"not_picked":["Steam Power","Tempest"],"picked":"Loop","floor":3.0},{"not_picked":["Steam","Double Energy"],"picked":"Melter","floor":5.0},{"not_picked":["Sweeping Beam","Auto Shields"],"picked":"Cold Snap","floor":6.0},{"not_picked":["Coolheaded+1","Buffer"],"picked":"Defragment","floor":8.0},{"not_picked":["Skim+1","Hologram+1"],"picked":"Chaos+1","floor":12.0},{"not_picked":["Melter","Steam+1","Barrage"],"picked":"SKIP","floor":13.0},{"not_picked":["Meteor Strike","Buffer"],"picked":"Machine Learning","floor":16.0},{"not_picked":["Streamline","Scrape","Steam+1"],"picked":"SKIP","floor":18.0},{"not_picked":["Hello World","Gash+1"],"picked":"Compile Driver","floor":21.0},{"not_picked":["Barrage","Force Field+1"],"picked":"Compile Driver","floor":25.0},{"not_picked":["Cold Snap","Steam+1"],"picked":"Buffer+1","floor":27.0},{"not_picked":["Blizzard+1","Barrage+1"],"picked":"Compile Driver+1","floor":28.0},{"not_picked":["Recycle+1","Redo+1"],"picked":"Cold Snap+1","floor":29.0},{"not_picked":["Reboot+1","Machine Learning+1"],"picked":"Creative AI+1","floor":33.0},{"not_picked":["Conserve Battery+1","Lockon+1","Beam Cell+1"],"picked":"SKIP","floor":35.0},{"not_picked":["Leap+1","Turbo+1"],"picked":"Storm+1","floor":37.0},{"not_picked":["Recycle+1","Gash+1","Melter+1"],"picked":"SKIP","floor":39.0},{"not_picked":["Ball Lightning+1","Doom and Gloom+1"],"picked":"Fusion+1","floor":40.0},{"not_picked":["Turbo+1","Cold Snap+1","Sweeping Beam+1"],"picked":"SKIP","floor":42.0},{"not_picked":["Recycle+1","Sweeping Beam+1","Go for the Eyes+1"],"picked":"SKIP","floor":45.0},{"not_picked":["Ball Lightning+1","Redo+1","All For One+1"],"picked":"SKIP","floor":46.0},{"not_picked":["Beam Cell+1","Leap+1"],"picked":"Coolheaded+1","floor":47.0},{"not_picked":["Leap+1","Redo+1"],"picked":"Force Field+1","floor":55.0}],"player_experience":225266,"relics_obtained":[{"floor":6.0,"key":"Incense Burner"},{"floor":8.0,"key":"Toxic Egg 2"},{"floor":9.0,"key":"Eternal Feather"},{"floor":13.0,"key":"Pear"},{"floor":14.0,"key":"Whetstone"},{"floor":20.0,"key":"Letter Opener"},{"floor":24.0,"key":"Nilry\u0027s Codex"},{"floor":25.0,"key":"Unceasing Top"},{"floor":26.0,"key":"Frozen Egg 2"},{"floor":28.0,"key":"Molten Egg 2"},{"floor":37.0,"key":"Emotion Chip"},{"floor":40.0,"key":"Dream Catcher"},{"floor":42.0,"key":"Art of War"},{"floor":45.0,"key":"Bottled Flame"},{"floor":47.0,"key":"Omamori"},{"floor":55.0,"key":"Nunchaku"}],"event_choices":[{"damage_healed":21.0,"max_hp_gain":0.0,"max_hp_loss":0.0,"gold_gain":0.0,"event_name":"The Cleric","player_choice":"Healed","floor":4.0,"gold_loss":35.0,"damage_taken":0.0},{"damage_healed":0.0,"max_hp_gain":5.0,"max_hp_loss":0.0,"gold_gain":0.0,"event_name":"Big Fish","player_choice":"Donut","floor":10.0,"gold_loss":0.0,"damage_taken":0.0},{"damage_healed":0.0,"max_hp_gain":0.0,"max_hp_loss":0.0,"gold_gain":0.0,"event_name":"Liars Game","player_choice":"Ignored","floor":11.0,"gold_loss":0.0,"damage_taken":0.0},{"damage_healed":0.0,"max_hp_gain":0.0,"max_hp_loss":50.0,"gold_gain":0.0,"event_name":"Ghosts","player_choice":"Became a Ghost","floor":19.0,"gold_loss":0.0,"damage_taken":0.0,"cards_obtained":["Ghostly","Ghostly","Ghostly"]},{"damage_healed":0.0,"max_hp_gain":0.0,"max_hp_loss":0.0,"gold_gain":0.0,"event_name":"Cursed Tome","player_choice":"Obtained Book","floor":24.0,"gold_loss":0.0,"damage_taken":21.0},{"damage_healed":0.0,"max_hp_gain":0.0,"max_hp_loss":0.0,"gold_gain":0.0,"event_name":"Drug Dealer","player_choice":"Inject Mutagens","floor":31.0,"gold_loss":0.0,"damage_taken":0.0,"relics_obtained":["MutagenicStrength"]},{"cards_removed":["Defend_B"],"damage_healed":0.0,"max_hp_gain":0.0,"max_hp_loss":0.0,"gold_gain":0.0,"event_name":"Falling","player_choice":"Removed Skill","floor":36.0,"gold_loss":0.0,"damage_taken":0.0},{"damage_healed":0.0,"max_hp_gain":0.0,"max_hp_loss":0.0,"gold_gain":0.0,"event_name":"Mysterious Sphere","player_choice":"Fight","floor":37.0,"gold_loss":0.0,"damage_taken":0.0},{"cards_removed":["Strike_B"],"damage_healed":0.0,"max_hp_gain":0.0,"max_hp_loss":0.0,"gold_gain":0.0,"event_name":"Purifier","player_choice":"Purged","floor":38.0,"gold_loss":0.0,"damage_taken":0.0},{"cards_removed":["Strike_B"],"damage_healed":0.0,"max_hp_gain":0.0,"max_hp_loss":0.0,"gold_gain":0.0,"event_name":"Purifier","player_choice":"Purged","floor":48.0,"gold_loss":0.0,"damage_taken":0.0}],"is_beta":true,"boss_relics":[{"not_picked":["Cursed Key","SacredBark"],"picked":"Coffee Dripper"},{"not_picked":["Astrolabe","Black Star"],"picked":"Nuclear Battery"}],"items_purged_floors":[22,44],"is_endless":false,"potions_floor_spawned":[2,3,8,13,21,27,29,37,42,45],"ascension_level":20}}