{"host":"eeuhgv8goqdjv4ip","time":1610239469,"event":{"mods":["2.2 Compatiblity","AchievementEnabler","BaseMod","Challenge The Spire","Colored Map","Colored Powertips","Conspire","Dark Map","Hubris","Infinite Spire","Marisa????????","Minty Spire (QoL Compilation)","Replay The Spire","SIMod","StSLib","The Animator","The Saiyan","The Servant 0.9.4","The Wild Card"],"gold_per_floor":[116,128,128,128,28,28,48,48,99,1,33,47,62,88,88,185,185,200,200,200,219,235,268,29,48,48,81,12,42,42],"floor_reached":29,"playtime":2025,"items_purged":[],"score":439,"play_id":"52123cf8-3304-41b2-9d54-7d014f6c41ac","local_time":"20210109204429","is_ascension_mode":true,"campfire_choices":[{"data":"Ghostly","floor":6,"key":"SMITH"},{"data":"ForeignInfluence","floor":8,"key":"SMITH"},{"data":"ConjureBlade","floor":15,"key":"SMITH"}],"circlet_count":0,"master_deck":["Strike_P","Strike_P","Strike_P","Defend_P","Defend_P","Defend_P","Defend_P","Eruption","Vigilance","Dark Shackles","Perseverance","MentalFortress","theWildCard:Odin","infinitespire:Punishment+1","Ghostly+1","ForeignInfluence+1","Evaluate","FollowUp","EmptyFist","Wireheading","ForeignInfluence","ConjureBlade+1","Blasphemy","EmptyMind","TalkToTheHand+1","EmptyBody","LessonLearned","CrushJoints+1","Amnesia","Replay:Hum"],"relics":["PureWater","Smiling Mask","hubris:Teleporter","hubris:TenFootPole","Cursed Key","hubris:BottledRain","Black Star","conspire:Boomerang","Oddly Smooth Stone","Onion Ring","Replay:Rubber Ducky","infinitespire:Magic Flask","infinitespire:PuzzleCube","Pen Nib"],"acts_visited":["Exordium","TheCity"],"potions_floor_usage":[11,23,29],"damage_taken":[{"damage":0,"enemies":"Small Slimes","floor":1,"turns":3},{"damage":3,"enemies":"conspire:RoseBush","floor":2,"turns":3},{"damage":0,"enemies":"Jaw Worm","floor":7,"turns":2},{"damage":0,"enemies":"Replay:BlueRogue","floor":11,"turns":2},{"damage":0,"enemies":"Exordium Thugs","floor":12,"turns":3},{"damage":0,"enemies":"Looter","floor":13,"turns":1},{"damage":0,"enemies":"Gremlin Nob","floor":14,"turns":3},{"damage":24,"enemies":"Hexaghost","floor":16,"turns":7},{"damage":32,"enemies":"2 Thieves","floor":18,"turns":4},{"damage":0,"enemies":"3 Byrds","floor":21,"turns":6},{"damage":0,"enemies":"Shelled Parasite and Fungi","floor":22,"turns":5},{"damage":3,"enemies":"conspire:SneckoGhost","floor":23,"turns":2},{"damage":0,"enemies":"Centurion and Healer","floor":25,"turns":4},{"damage":0,"enemies":"Book of Stabbing","floor":27,"turns":2},{"damage":0,"enemies":"Gremlin Leader","floor":29,"turns":1}],"seed_played":"-2068774231971741354","potions_obtained":[{"floor":1,"key":"infinitespire:BlackPotion"},{"floor":2,"key":"Dexterity Potion"},{"floor":11,"key":"Elixir"},{"floor":13,"key":"SpeedPotion"},{"floor":18,"key":"Fire Potion"},{"floor":23,"key":"Adrenaline Potion"},{"floor":29,"key":"SkillPotion"}],"is_trial":false,"path_per_floor":["M","M","?","?","?","R","M","R","T","$","E","M","M","E","R","B",null,"M","AVR","?","M","M","E","$","M","T","E","$","E"],"character_chosen":"WATCHER","items_purchased":["Evaluate","FollowUp","Onion Ring","Replay:Hum"],"campfire_rested":0,"item_purchase_floors":[10,10,24,28],"current_hp_per_floor":[72,69,69,51,51,51,51,51,51,51,51,51,51,51,51,27,72,40,40,40,40,40,37,37,37,37,37,37,37,37],"gold":42,"neow_bonus":"RANDOM_COLORLESS","is_daily":false,"chose_seed":false,"campfire_upgraded":3,"win_rate":0.0,"timestamp":1610239469,"path_taken":["M","M","?","?","?","R","?","R","T","?","E","?","M","E","R","BOSS","M","AVR","?","M","?","E","?","M","T","E","?","E"],"items_purchased_type":["Card","Card","Relic","Card"],"build_version":"2020-12-22","purchased_purges":0,"victory":false,"max_hp_per_floor":[72,72,72,72,72,72,72,72,72,72,72,72,72,72,72,72,72,72,72,72,72,72,72,72,72,72,72,72,72,72],"card_choices":[{"not_picked":["Replay:Sssssssssshield","Enlightenment"],"picked":"Dark Shackles","floor":0},{"not_picked":["FlurryOfBlows","JustLucky"],"picked":"Perseverance","floor":1},{"not_picked":["Protect","ThirdEye"],"picked":"MentalFortress","floor":2},{"not_picked":["infinitespire:Fortify","infinitespire:SevenWalls"],"picked":"infinitespire:Punishment","floor":4},{"not_picked":["Consecrate","Vengeance"],"picked":"ForeignInfluence","floor":7},{"not_picked":["MentalFortress","SpiritShield"],"picked":"EmptyFist","floor":11},{"not_picked":["Consecrate","Replay:AtTheReady"],"picked":"Wireheading","floor":12},{"not_picked":["Replay:BluntJabs","TalkToTheHand"],"picked":"ForeignInfluence","floor":13},{"not_picked":["FollowUp","Vengeance"],"picked":"ConjureBlade","floor":14},{"not_picked":["Alpha","Replay:LoomingThreat"],"picked":"Blasphemy","floor":16},{"not_picked":["Indignation","ClearTheMind"],"picked":"EmptyMind","floor":18},{"not_picked":["EmptyMind","Replay:BluntJabs+1"],"picked":"TalkToTheHand+1","floor":21},{"not_picked":["Replay:Cycle","JustLucky"],"picked":"EmptyBody","floor":22},{"not_picked":["Meditate","Halt+1"],"picked":"LessonLearned","floor":23},{"not_picked":["FollowUp+1","LikeWater"],"picked":"CrushJoints+1","floor":25},{"not_picked":["JustLucky","FearNoEvil+1","LikeWater"],"picked":"SKIP","floor":27}],"player_experience":441772,"relics_obtained":[{"floor":9,"key":"Smiling Mask"},{"floor":11,"key":"hubris:Teleporter"},{"floor":14,"key":"hubris:TenFootPole"},{"floor":23,"key":"conspire:Boomerang"},{"floor":23,"key":"Oddly Smooth Stone"},{"floor":26,"key":"Replay:Rubber Ducky"},{"floor":27,"key":"infinitespire:Magic Flask"},{"floor":27,"key":"infinitespire:PuzzleCube"},{"floor":29,"key":"Pen Nib"}],"event_choices":[{"damage_healed":0,"gold_gain":0,"player_choice":"Argue","damage_taken":0,"max_hp_gain":0,"max_hp_loss":0,"event_name":"conspire:LoneGhost","floor":5,"gold_loss":0},{"cards_removed":["Strike_P"],"damage_healed":0,"gold_gain":0,"player_choice":"Purged","damage_taken":0,"max_hp_gain":0,"max_hp_loss":0,"event_name":"Purifier","floor":20,"gold_loss":0}],"is_beta":false,"boss_relics":[{"not_picked":["Snecko Eye","Replay:Wanted Poster"],"picked":"Cursed Key"}],"items_purged_floors":[],"is_endless":false,"potions_floor_spawned":[1,2,11,13,18,23,29],"killed_by":"Gremlin Leader","ascension_level":1}}