{"host":"qheym18ww6mhskxf","time":1610314480,"event":{"mods":["BaseMod","CapriCore","Friendly Minions","GungeonMod","KOR Keyword Fix","Kiyohime£¨?ýï£©","Minty Spire (QoL Compilation)","Prisma Mod","Quick Restart","RRrroohrrRGHHhhh!!","Rare Cards Sparkle","Shop Mod","Spicy Shops","StSLib","Td1madao Mod","Username Fix"],"gold_per_floor":[114,39,114,94,114,114,124,124,124,135,135,89,89,104,104,208,208,226,259,229,229],"floor_reached":20,"playtime":650,"items_purged":["Strike_R"],"score":380,"play_id":"90e2cda4-c39f-4eff-b7ba-2de17302740a","local_time":"20210111063440","daily_mods":["Time Dilation","DeadlyEvents","Elite Swarm"],"is_ascension_mode":true,"campfire_choices":[{"data":"PrismaMod:IllyaUncommonAOEAttack","floor":6.0,"key":"SMITH"},{"data":"Bash","floor":8.0,"key":"SMITH"},{"data":"Limit Break","floor":11.0,"key":"SMITH"},{"data":"Cleave","floor":15.0,"key":"SMITH"}],"circlet_count":0,"master_deck":["Strike_R","Strike_R","Strike_R","Strike_R","Defend_R","Defend_R","Defend_R","Defend_R","Bash+1","PrismaMod:IllyaUncommonAOEAttack+1","Limit Break+1","Cleave+1","Anger","Headbutt+1"],"relics":["Burning Blood","Blood Vial","Black Star","Red Mask"],"acts_visited":["Exordium","TheCity"],"potions_floor_usage":[19,19],"damage_taken":[{"damage":0.0,"enemies":"Small Slimes","floor":1.0,"turns":3.0},{"damage":2.0,"enemies":"Jaw Worm","floor":5.0,"turns":5.0},{"damage":0.0,"enemies":"Cultist","floor":7.0,"turns":3.0},{"damage":0.0,"enemies":"3 Louse","floor":10.0,"turns":4.0},{"damage":1.0,"enemies":"Looter","floor":14.0,"turns":4.0},{"damage":65,"enemies":"The Guardian","floor":16,"turns":16},{"damage":28,"enemies":"Spheric Guardian","floor":18,"turns":5},{"damage":43,"enemies":"Masked Bandits","floor":19,"turns":5},{"damage":11,"enemies":"2 Thieves","floor":20,"turns":2}],"seed_played":"-5721303491108330031","potions_obtained":[{"floor":1.0,"key":"Ancient Potion"},{"floor":4.0,"key":"ColorlessPotion"},{"floor":16,"key":"Ancient Potion"},{"floor":19,"key":"DemoMod:BlankPotion"}],"is_trial":true,"path_per_floor":["M","$","?","?","M","R","M","R","T","M","R","$","?","M","R","B",null,"M","?","M"],"character_chosen":"IRONCLAD","items_purchased":["Cleave"],"campfire_rested":0,"item_purchase_floors":[12],"current_hp_per_floor":[78,78,67,67,71,71,77,77,77,80,80,80,85,85,85,26,70,50,15,6,6],"gold":229,"neow_bonus":"","is_daily":false,"chose_seed":false,"campfire_upgraded":4,"win_rate":0.0,"timestamp":1610314480,"path_taken":["M","$","?","?","?","R","M","R","T","M","R","$","?","M","R","BOSS","M","?","?"],"items_purchased_type":["Card"],"build_version":"2020-12-22","purchased_purges":1,"victory":false,"max_hp_per_floor":[80,80,80,80,80,80,80,80,80,80,80,80,85,85,85,85,85,85,85,85,85],"card_choices":[{"not_picked":["PrismaMod:IllyaPoisoningPhantasm","PrismaMod:IllyaUpgradeOrbs","PrismaMod:IllyaCommonEvoke"],"picked":"SKIP","floor":1.0},{"not_picked":["PrismaMod:IllyaAssassinRevenge","PrismaMod:IllyaStunPoison"],"picked":"PrismaMod:IllyaUncommonAOEAttack","floor":5.0},{"not_picked":["PrismaMod:IllyaMaid","Heavy Blade"],"picked":"Limit Break","floor":7.0},{"not_picked":["Spot Weakness","Hemokinesis","PrismaMod:IllyaFeed"],"picked":"SKIP","floor":10.0},{"not_picked":["Sword Boomerang","Headbutt","PrismaMod:IllyaUpgradeOrbs"],"picked":"SKIP","floor":14.0},{"not_picked":["Iron Wave","Flame Barrier"],"picked":"Anger","floor":18},{"not_picked":["Wild Strike","Thunderclap"],"picked":"Headbutt+1","floor":19}],"player_experience":570784,"relics_obtained":[{"floor":9.0,"key":"Blood Vial"},{"floor":19,"key":"Red Mask"}],"event_choices":[{"damage_healed":0.0,"max_hp_gain":0.0,"max_hp_loss":0.0,"gold_gain":75.0,"event_name":"World of Goop","player_choice":"Gather Gold","floor":3.0,"gold_loss":0.0,"damage_taken":11.0},{"damage_healed":0.0,"max_hp_gain":0.0,"max_hp_loss":0.0,"gold_gain":0.0,"event_name":"The Woman in Blue","player_choice":"Bought 1 Potion","floor":4.0,"gold_loss":0.0,"damage_taken":0.0},{"damage_healed":0.0,"max_hp_gain":5.0,"max_hp_loss":0.0,"gold_gain":0.0,"event_name":"Big Fish","player_choice":"Donut","floor":13.0,"gold_loss":0.0,"damage_taken":0.0},{"damage_healed":0,"gold_gain":0,"player_choice":"Fought Bandits","damage_taken":0,"max_hp_gain":0,"max_hp_loss":0,"event_name":"Masked Bandits","floor":19,"gold_loss":0}],"is_beta":false,"boss_relics":[{"not_picked":["Astrolabe","Calling Bell"],"picked":"Black Star"}],"items_purged_floors":[2],"is_endless":true,"potions_floor_spawned":[1,16,19],"killed_by":"2 Thieves","ascension_level":9}}