{"host":"08t08ld674si40tv","time":1610264180,"event":{"mods":["AchievementEnabler","BaseMod","Colored Map","Minty Spire (QoL Compilation)","StSLib","SuperFastMode"],"gold_per_floor":[410,423,423,6,20,38,38,53,53,53,53],"floor_reached":10,"playtime":184,"items_purged":["Strike_B"],"score":105,"play_id":"df87b957-5557-4bd9-8dbb-906b81414f31","local_time":"20210110163620","is_ascension_mode":true,"campfire_choices":[],"circlet_count":0,"master_deck":["AscendersBane","Strike_B","Strike_B+1","Strike_B","Defend_B","Defend_B","Defend_B","Defend_B+1","Zap","Dualcast+1","Reprogram","Beam Cell+1","Turbo","Hologram","Go for the Eyes","Gash","Sunder","Sweeping Beam","Self Repair"],"relics":["Cracked Core","Old Coin","Chemical X","Prayer Wheel","Question Card","Membership Card","HornCleat","Whetstone","NlothsMask"],"acts_visited":["Exordium"],"potions_floor_usage":[6],"damage_taken":[{"damage":5,"enemies":"Cultist","floor":1,"turns":4},{"damage":8,"enemies":"Jaw Worm","floor":2,"turns":4},{"damage":0,"enemies":"Small Slimes","floor":5,"turns":3},{"damage":2,"enemies":"Red Slaver","floor":6,"turns":2},{"damage":6,"enemies":"3 Louse","floor":8,"turns":2},{"damage":5,"enemies":"3 Sentries","floor":10,"turns":1}],"seed_played":"-3035660536296343434","potions_obtained":[{"floor":1,"key":"Block Potion"}],"is_trial":false,"path_per_floor":["M","M","?","$","M","M","?","M","T","E"],"character_chosen":"DEFECT","items_purchased":["Membership Card","Go for the Eyes","HornCleat","Whetstone"],"campfire_rested":0,"item_purchase_floors":[4,4,4,4],"current_hp_per_floor":[41,33,12,12,12,10,10,4,4,0,0],"gold":53,"neow_bonus":"ONE_RARE_RELIC","is_daily":false,"chose_seed":false,"campfire_upgraded":0,"win_rate":0.0,"timestamp":1610264180,"path_taken":["M","M","?","$","M","M","?","M","T","E"],"items_purchased_type":["Relic","Card","Relic","Relic"],"build_version":"2020-12-22","purchased_purges":1,"victory":false,"max_hp_per_floor":[71,71,71,71,71,71,71,71,71,71,71],"card_choices":[{"not_picked":["Static Discharge","Sweeping Beam","Stack"],"picked":"Reprogram","floor":1},{"not_picked":["Chill","Cold Snap","Rebound"],"picked":"Beam Cell","floor":1},{"not_picked":["Leap","Conserve Battery","Coolheaded"],"picked":"Turbo","floor":2},{"not_picked":["Leap","Turbo","Redo"],"picked":"Hologram","floor":2},{"not_picked":["Blizzard","Streamline","Go for the Eyes"],"picked":"Gash","floor":5},{"not_picked":["Tempest","Coolheaded","Beam Cell"],"picked":"Sunder","floor":5},{"not_picked":["Skim","Rip and Tear","Fusion"],"picked":"Sweeping Beam","floor":6},{"not_picked":["Sweeping Beam","Rip and Tear","Aggregate","Electrodynamics"],"picked":"SKIP","floor":6},{"not_picked":["Aggregate","Gash","Sunder"],"picked":"Self Repair","floor":8},{"not_picked":["Hologram","Barrage","Ball Lightning","Rebound"],"picked":"SKIP","floor":8}],"player_experience":221353,"relics_obtained":[],"event_choices":[{"damage_healed":0,"gold_gain":0,"player_choice":"Entered Light","damage_taken":21,"max_hp_gain":0,"max_hp_loss":0,"event_name":"Shining Light","floor":3,"gold_loss":0,"cards_upgraded":["Defend_B","Dualcast"]},{"damage_healed":0,"gold_gain":0,"player_choice":"Trade","damage_taken":0,"relics_obtained":["NlothsMask"],"max_hp_gain":0,"max_hp_loss":0,"event_name":"FaceTrader","floor":7,"gold_loss":0}],"is_beta":false,"boss_relics":[],"items_purged_floors":[4],"is_endless":false,"potions_floor_spawned":[1],"killed_by":"3 Sentries","ascension_level":15}}