{"host":"tb138zs7vhci6g1j","time":1610242621,"event":{"mods":["2.2 Compatiblity","Aspiration","BaseMod","Better Note","Friendly Minions","Minty Spire (QoL Compilation)","RNG Fix","Rare Cards Sparkle","StSLib","The Marked"],"gold_per_floor":[114,114,128,143,243,272,287,287,310,340,40,40,115,127,127,127,127],"floor_reached":16,"playtime":541,"items_purged":[],"score":149,"play_id":"66e1eae7-8ec7-40a3-9f34-227e754bf83e","local_time":"20210110033701","is_ascension_mode":true,"campfire_choices":[{"floor":8,"key":"REST"},{"data":"theMarked:EternalStudent","floor":12,"key":"SMITH"},{"data":"theMarked:MagicAdept","floor":15,"key":"SMITH"}],"circlet_count":0,"master_deck":["theMarked:Strike","theMarked:Strike+1","theMarked:Strike","theMarked:Strike","theMarked:Strike","theMarked:Defend","theMarked:Defend","theMarked:Defend","theMarked:Defend","theMarked:SoldierOfQuellstein+1","theMarked:SwordAndMagic+1","theMarked:SwordAndMagic","theMarked:SelfDefenseTraining","theMarked:MagicAdept+1","theMarked:EmpowerWeapon","theMarked:EternalStudent+1","theMarked:AttractMetal","theMarked:RepellingDischarge"],"relics":["theMarked:ArtifactOfAir","Peace Pipe","Anchor","Bag of Marbles","Prayer Wheel","Whetstone"],"acts_visited":["Exordium"],"potions_floor_usage":[10,10,16],"damage_taken":[{"damage":1,"enemies":"Cultist","floor":1,"turns":3},{"damage":7,"enemies":"Jaw Worm","floor":3,"turns":2},{"damage":1,"enemies":"2 Louse","floor":4,"turns":2},{"damage":24,"enemies":"Gremlin Nob","floor":6,"turns":4},{"damage":10,"enemies":"2 Fungi Beasts","floor":7,"turns":4},{"damage":15,"enemies":"Lagavulin","floor":10,"turns":5},{"damage":1,"enemies":"3 Louse","floor":14,"turns":3},{"damage":20,"enemies":"Hexaghost","floor":16,"turns":7}],"seed_played":"-6259423534747377606","potions_obtained":[{"floor":4,"key":"Energy Potion"},{"floor":6,"key":"Energy Potion"},{"floor":10,"key":"Regen Potion"}],"is_trial":false,"path_per_floor":["M","?","M","M","?","E","M","R","T","E","$","R","?","M","R","B"],"character_chosen":"THE_DEFAULT","items_purchased":["theMarked:EternalStudent","Whetstone"],"campfire_rested":1,"item_purchase_floors":[11,11],"current_hp_per_floor":[62,50,43,42,42,18,8,29,29,14,14,14,3,2,2,0,0],"gold":127,"neow_bonus":"UPGRADE_CARD","is_daily":false,"chose_seed":false,"campfire_upgraded":2,"win_rate":0.0,"timestamp":1610242621,"path_taken":["M","?","M","?","?","E","M","R","T","E","$","R","?","M","R","BOSS"],"items_purchased_type":["Card","Relic"],"build_version":"2020-12-22","purchased_purges":0,"victory":false,"max_hp_per_floor":[70,70,70,70,70,70,70,70,70,70,70,70,70,70,70,70,70],"card_choices":[{"not_picked":["theMarked:Frustration","theMarked:Aftermath"],"picked":"theMarked:SwordAndMagic","floor":1},{"not_picked":["theMarked:DeterminationOfTheMarked","theMarked:Improvise"],"picked":"theMarked:SwordAndMagic","floor":3},{"not_picked":["theMarked:ContemptForTheProud","theMarked:ResourceFulStrike"],"picked":"theMarked:SelfDefenseTraining","floor":4},{"not_picked":["theMarked:BindingBlade","theMarked:Improvise"],"picked":"theMarked:MagicAdept","floor":6},{"not_picked":["theMarked:WastefulAttack","theMarked:TwofoldDefense"],"picked":"theMarked:EmpowerWeapon","floor":7},{"not_picked":["theMarked:Seal","theMarked:PowerFlow","theMarked:WastefulAttack"],"picked":"SKIP","floor":10},{"not_picked":["theMarked:Parkour","theMarked:EmpowerWeapon"],"picked":"theMarked:AttractMetal","floor":14},{"not_picked":["theMarked:SuspiciousRaven","theMarked:WastefulAttack"],"picked":"theMarked:RepellingDischarge","floor":14}],"player_experience":1723455,"relics_obtained":[{"floor":6,"key":"Anchor"},{"floor":9,"key":"Bag of Marbles"},{"floor":10,"key":"Prayer Wheel"}],"event_choices":[{"damage_healed":0,"gold_gain":0,"player_choice":"Success","damage_taken":12,"relics_obtained":["Peace Pipe"],"max_hp_gain":0,"max_hp_loss":0,"event_name":"Scrap Ooze","floor":2,"gold_loss":0},{"damage_healed":0,"gold_gain":100,"player_choice":"Pray","damage_taken":0,"max_hp_gain":0,"max_hp_loss":0,"event_name":"Golden Shrine","floor":5,"gold_loss":0},{"damage_healed":0,"gold_gain":75,"player_choice":"Gather Gold","damage_taken":11,"max_hp_gain":0,"max_hp_loss":0,"event_name":"World of Goop","floor":13,"gold_loss":0}],"is_beta":false,"boss_relics":[],"items_purged_floors":[],"is_endless":false,"potions_floor_spawned":[4,6,10],"killed_by":"Hexaghost","ascension_level":7}}