{"host":"Connor","time":1610273485,"event":{"mods":["Aspiration","BaseMod","Downfall","Hubris","Marisa????????","Minty Spire (QoL Compilation)","Replay The Spire","StSLib","The Cursed","The Jungle","The Servant 0.9.4"],"gold_per_floor":[112,37,37,48,68,68,159,189,189,189,5,24,41,61,61,140,140,156,156,173,188,188,188,205,38,62,62,77,77,77],"floor_reached":29,"playtime":1101,"items_purged":["Strike_R"],"score":420,"play_id":"47fed90e-01ae-4a9f-a5f1-66ca714f9ba0","local_time":"20210110021125","is_ascension_mode":true,"campfire_choices":[{"floor":6,"key":"RECALL"},{"floor":10,"key":"REST"},{"data":"expansioncontent:QuickStudy","floor":15,"key":"SMITH"},{"floor":23,"key":"REST"},{"floor":27,"key":"REST"}],"circlet_count":0,"master_deck":["AscendersBane","Strike_R","Strike_R","Strike_R","Strike_R","Defend_R","Defend_R","Defend_R","Defend_R","Bash","Reaper","Run Through","Iron Wave","Flame Barrier+1","Battle Trance","Rage","Seeing Red","expansioncontent:QuickStudy+1","Iron Wave","Evolve","Reaper","Dark Embrace","Backflip","Ghostly Armor+1","Battle Trance","True Grit+1"],"relics":["Burning Blood","Tiny Chest","Ooze Armor","Nloth\u0027s Gift","War Paint","ReplayTheSpireMod:Lightbulb"],"acts_visited":["Exordium","TheCity"],"potions_floor_usage":[8,16,20,24,24],"damage_taken":[{"damage":21,"enemies":"Jaw Worm","floor":1,"turns":4},{"damage":7,"enemies":"Small Slimes","floor":4,"turns":3},{"damage":7,"enemies":"Cultist","floor":5,"turns":5},{"damage":36,"enemies":"Lagavulin","floor":8,"turns":8},{"damage":16,"enemies":"3 Louse","floor":12,"turns":5},{"damage":9,"enemies":"Red Slaver","floor":13,"turns":4},{"damage":6,"enemies":"Exordium Thugs","floor":14,"turns":3},{"damage":33,"enemies":"Slime Boss","floor":16,"turns":8},{"damage":45,"enemies":"Chosen","floor":18,"turns":6},{"damage":27,"enemies":"2 Thieves","floor":20,"turns":4},{"damage":44,"enemies":"Sentry and Sphere","floor":21,"turns":8},{"damage":29,"enemies":"Shelled Parasite and Fungi","floor":24,"turns":6},{"damage":25,"enemies":"Snake Plant","floor":28,"turns":6},{"damage":44,"enemies":"Snecko","floor":29,"turns":11}],"seed_played":"6179982468325933880","potions_obtained":[{"floor":5,"key":"sneckomod:MuddlingPotion"},{"floor":12,"key":"EssenceOfSteel"},{"floor":14,"key":"Energy Potion"},{"floor":16,"key":"Elixir"},{"floor":18,"key":"EssenceOfSteel"},{"floor":21,"key":"BlessingOfTheForge"}],"is_trial":false,"path_per_floor":["M","$","?","M","M","R","?","E","T","R","$","M","M","M","R","B",null,"M","?","M","M","?","R","M","$","T","R","M","M"],"character_chosen":"IRONCLAD","items_purchased":["expansioncontent:QuickStudy","War Paint"],"campfire_rested":3,"item_purchase_floors":[11,25],"current_hp_per_floor":[59,59,59,58,61,61,37,16,16,38,38,45,42,42,42,25,63,37,37,47,17,17,39,17,17,17,39,31,0,0],"gold":77,"neow_bonus":"ONE_RANDOM_RARE_CARD","is_daily":false,"chose_seed":false,"campfire_upgraded":1,"win_rate":0.0,"timestamp":1610273485,"path_taken":["M","$","?","M","M","R","?","E","T","R","$","M","M","M","R","BOSS","M","?","?","M","?","R","M","$","T","R","M","M"],"items_purchased_type":["Card","Relic"],"build_version":"2020-12-18","purchased_purges":1,"victory":false,"max_hp_per_floor":[75,75,75,75,75,75,75,75,75,75,75,75,75,75,75,75,75,75,75,75,75,75,75,75,75,75,75,75,75,75],"card_choices":[{"not_picked":["Body Slam","Replay:Undeath\u0027s Touch"],"picked":"Run Through","floor":1},{"not_picked":["Rampage","Defy Death"],"picked":"Flame Barrier","floor":4},{"not_picked":["Life Link","Searing Blow"],"picked":"Battle Trance","floor":5},{"not_picked":["Hemokinesis","Carnage"],"picked":"Rage","floor":7},{"not_picked":["Dark Embrace","Rage"],"picked":"Seeing Red","floor":8},{"not_picked":["Pommel Strike","Rampage"],"picked":"Iron Wave","floor":12},{"not_picked":["Clash","Sword Boomerang","Anger"],"picked":"SKIP","floor":13},{"not_picked":["Body Slam","Warcry"],"picked":"Evolve","floor":14},{"not_picked":["Hemogenesis","hubris:StunningStrike"],"picked":"Reaper","floor":16},{"not_picked":["ReplayTheSpireMod:Corrosion Curse","Clothesline"],"picked":"Dark Embrace","floor":18},{"not_picked":["Spot Weakness","Perfected Strike"],"picked":"Ghostly Armor","floor":20},{"not_picked":["Blood for Blood","Second Wind","Run Through"],"picked":"SKIP","floor":21},{"not_picked":["Rage","Sword Boomerang+1"],"picked":"Battle Trance","floor":24},{"not_picked":["Whirlwind","Clothesline"],"picked":"True Grit+1","floor":28}],"player_experience":587436,"relics_obtained":[{"floor":7,"key":"Red Skull"},{"floor":8,"key":"Tiny Chest"},{"floor":26,"key":"ReplayTheSpireMod:Lightbulb"}],"event_choices":[{"damage_healed":0,"gold_gain":0,"player_choice":"Read","damage_taken":0,"max_hp_gain":0,"max_hp_loss":0,"event_name":"The Library","floor":19,"gold_loss":0,"cards_obtained":["Backflip"]},{"damage_healed":0,"gold_gain":0,"player_choice":"Traded Relic","damage_taken":0,"relics_obtained":["Nloth\u0027s Gift"],"max_hp_gain":0,"max_hp_loss":0,"event_name":"N\u0027loth","floor":22,"relics_lost":["Red Skull"],"gold_loss":0}],"is_beta":true,"boss_relics":[{"not_picked":["Empty Cage","Philosopher\u0027s Stone"],"picked":"Ooze Armor"}],"items_purged_floors":[2],"is_endless":false,"potions_floor_spawned":[5,12,14,16,18,21],"killed_by":"Snecko","ascension_level":17}}