{"host":"ig7tc0uedzltt2sr","time":1610266436,"event":{"mods":["BaseMod","Better Twitch Integration","Block Reminder","Colored Map","Colored Powertips","Communication Mod","Current Relic Mod","GifTheSpireLib","HexUI Lib","Minty Spire (QoL Compilation)","Quick Restart","Random Character Button","Rare Cards Sparkle","Relic Sorter","Relic Stats","Slay the Relics Exporter","StSLib","SuperFastMode","Synergy Search","Twitch Decklist","Twitch Utils","everything is the same but u backflip on backflip","slay the spire mod where everything is the same but ironclad has a cowboy hat"],"gold_per_floor":[118,130,140,140,14,14,14],"floor_reached":6,"playtime":39,"items_purged":[],"score":36,"play_id":"4ecd9aba-ec5e-4d22-9881-c1d30ac8e1cd","local_time":"20210110001356","is_ascension_mode":false,"campfire_choices":[],"circlet_count":0,"master_deck":["Strike_R","Strike_R","Strike_R","Strike_R","Strike_R","Defend_R","Defend_R","Defend_R","Defend_R","Bash","Dark Embrace"],"relics":["Burning Blood"],"acts_visited":["Exordium"],"potions_floor_usage":[],"damage_taken":[{"damage":6,"enemies":"Cultist","floor":1,"turns":3},{"damage":42,"enemies":"Jaw Worm","floor":2,"turns":6},{"damage":7,"enemies":"2 Louse","floor":3,"turns":3},{"damage":60,"enemies":"Lagavulin","floor":6,"turns":5}],"seed_played":"2740496163154156035","potions_obtained":[{"floor":1,"key":"Explosive Potion"},{"floor":2,"key":"FearPotion"}],"is_trial":false,"path_per_floor":["M","M","M","?","$","E"],"character_chosen":"IRONCLAD","items_purchased":["Explosive Potion","Dark Embrace"],"campfire_rested":0,"item_purchase_floors":[5,5],"current_hp_per_floor":[88,52,51,51,51,0,0],"gold":14,"neow_bonus":"TEN_PERCENT_HP_BONUS","is_daily":false,"chose_seed":false,"campfire_upgraded":0,"win_rate":0.0,"timestamp":1610266436,"path_taken":["M","M","M","?","$","E"],"items_purchased_type":["Potion","Card"],"build_version":"2020-12-22","purchased_purges":0,"victory":false,"max_hp_per_floor":[88,88,88,88,88,88,88],"relic_stats":{"counters":[4,17],"obtain_stats":[{"Burning Blood":0},{"Burning Blood":0},{"Burning Blood":0}],"Burning Blood":18},"card_choices":[{"not_picked":["Disarm","Pommel Strike","Entrench"],"picked":"SKIP","floor":1},{"not_picked":["Clash","True Grit","Havoc"],"picked":"SKIP","floor":2},{"not_picked":["Reckless Charge","Body Slam","Blood for Blood"],"picked":"SKIP","floor":3}],"player_experience":1500718,"relics_obtained":[],"event_choices":[{"damage_healed":0,"gold_gain":0,"player_choice":"0 cards matched","damage_taken":0,"max_hp_gain":0,"max_hp_loss":0,"event_name":"Match and Keep!","floor":4,"gold_loss":0,"cards_obtained":[]}],"is_beta":false,"boss_relics":[],"items_purged_floors":[],"is_endless":false,"potions_floor_spawned":[1,2],"killed_by":"Lagavulin","ascension_level":0}}