{"host":"zjc1tzo4ovig5lll","time":1610276919,"event":{"mods":["AchievementEnabler","Aspiration","BaseMod","Beaked The Cultist","Better Altar","Better Match","Better Note","Better Sensory Stone","Colored Map","Colored Powertips","Conspire","Energized Spire","Friendly Minions","GifTheSpireLib","Halation","Hermit","Hubris","Minty Spire (QoL Compilation)","Rare Cards Sparkle","Replay The Spire","StSLib","The Blue Laboratory","The Bug Knight","The Construct","The Jungle","everything is the same but u backflip on backflip","vexMod"],"gold_per_floor":[119,2,19,19,33,61,76,94,94,94,116,116,116,141,141,245,245,255,255,215,233,158,158,178,197,197,125,137,137,150,71,71,174,174,185,185,11,11,30,30,30,30,30,53,67,84,43,43,43,43,43,43,17,43,43,43],"floor_reached":55,"playtime":2488,"items_purged":[],"score":773,"play_id":"3b8b0e24-4911-483a-ba64-637a5a5e6a28","local_time":"20210110130839","is_ascension_mode":true,"campfire_choices":[{"floor":10.0,"key":"REST"},{"data":"Crippling Poison","floor":12.0,"key":"SMITH"},{"data":"Catalyst","floor":15.0,"key":"SMITH"},{"data":"Specialist","floor":23.0,"key":"SMITH"},{"floor":29.0,"key":"RECALL"},{"data":"Catalyst","floor":32.0,"key":"SMITH"},{"floor":40.0,"key":"REST"},{"data":"Deadly Poison","floor":49.0,"key":"SMITH"},{"data":"Tools of the Trade","floor":52.0,"key":"SMITH"}],"circlet_count":0,"master_deck":["Strike_G","Strike_G","Strike_G","Defend_G","Defend_G","Defend_G","Defend_G","Defend_G","Survivor","Neutralize","Backflip","Footwork+1","Dodge and Roll+1","Hidden Blade","Deadly Poison","Fluid Movement","Prepared","Infinite Blades","Crippling Poison+1","Catalyst+1","Burst","Specialist+1","Specialist","ReplayTheSpireMod:Speed Training","Prepared+1","conspire:DoublingDagger+1","Catalyst+1","Accuracy","hubris:Sniper","Acrobatics+1","Infinite Blades","Tools of the Trade+1","Backflip","Footwork","Hidden Blade+1","Catalyst+1","Deadly Poison+1","Bandage Up","Caltrops+1"],"relics":["Ring of the Snake","hubris:FunFungus","hubris:PeanutButter","Odd Mushroom","StoneCalendar","Empty Cage","Eternal Feather","conspire:SpecialSausage","Membership Card","halation:PinkSoulGem","Potion Belt","hubris:TenFootPole"],"acts_visited":["Exordium","TheCity","TheBeyond","TheEnding"],"potions_floor_usage":[],"damage_taken":[{"damage":5.0,"enemies":"Cultist","floor":1.0,"turns":4.0},{"damage":0.0,"enemies":"2 Louse","floor":3.0,"turns":4.0},{"damage":0.0,"enemies":"Small Slimes","floor":5.0,"turns":3.0},{"damage":61.0,"enemies":"Gremlin Nob","floor":6.0,"turns":7.0},{"damage":0.0,"enemies":"Blue Slaver","floor":7.0,"turns":6.0},{"damage":7.0,"enemies":"Large Slime","floor":8.0,"turns":19.0},{"damage":1.0,"enemies":"The Mushroom Lair","floor":11.0,"turns":8.0},{"damage":12.0,"enemies":"3 Sentries","floor":14.0,"turns":11.0},{"damage":13.0,"enemies":"Slime Boss","floor":16.0,"turns":7.0},{"damage":0.0,"enemies":"Shell Parasite","floor":18.0,"turns":4.0},{"damage":0.0,"enemies":"3 Byrds","floor":21.0,"turns":4.0},{"damage":2.0,"enemies":"Centurion and Healer","floor":24.0,"turns":5.0},{"damage":12.0,"enemies":"Shelled Parasite and Fungi","floor":25.0,"turns":6.0},{"damage":3.0,"enemies":"Snecko","floor":28.0,"turns":6.0},{"damage":28.0,"enemies":"Cultist and Chosen","floor":30.0,"turns":7.0},{"damage":9.0,"enemies":"hubris:MusketHawk","floor":33.0,"turns":4.0},{"damage":25.0,"enemies":"3 Shapes","floor":35.0,"turns":5.0},{"damage":35.0,"enemies":"3 Darklings","floor":39.0,"turns":6.0},{"damage":17.0,"enemies":"4 Shapes","floor":45.0,"turns":7.0},{"damage":2.0,"enemies":"Maw","floor":46.0,"turns":5.0},{"damage":59.0,"enemies":"conspire:OrnateMirror","floor":50.0,"turns":9.0},{"damage":86,"enemies":"Shield and Spear","floor":54,"turns":9},{"damage":38,"enemies":"The Heart","floor":55,"turns":2}],"seed_played":"6816683766842063323","potions_obtained":[{"floor":3.0,"key":"FairyPotion"}],"is_trial":false,"path_per_floor":["M","$","M","?","M","E","M","M","T","R","?","R","?","E","R","B",null,"M","?","$","M","?","R","M","M","T","$","M","R","M","$","R","B",null,"M","?","$","?","M","R","$","?","T","T","M","M","$","?","R","B",null,"R","$","E","B"],"character_chosen":"THE_SILENT","items_purchased":["Footwork","Dodge and Roll+1","ReplayTheSpireMod:Speed Training","Accuracy","Infinite Blades","Membership Card","Footwork","Bandage Up","Caltrops+1"],"campfire_rested":2,"item_purchase_floors":[2,2,20,27,31,37,37,47,53],"current_hp_per_floor":[72,72,72,72,72,11,11,26,26,49,48,48,73,65,65,52,77,77,77,77,77,77,77,75,64,64,64,64,77,49,49,67,58,77,52,52,52,52,17,61,61,61,61,61,45,43,43,43,64,11,77,77,77,22,0,0],"gold":43,"neow_bonus":"TEN_PERCENT_HP_BONUS","is_daily":false,"chose_seed":false,"campfire_upgraded":6,"win_rate":0.0,"timestamp":1610276919,"path_taken":["M","$","M","?","M","E","M","M","T","R","?","R","?","E","R","BOSS","M","?","$","M","?","R","M","M","T","$","M","R","M","$","R","BOSS","M","?","$","?","M","R","?","?","T","?","M","M","$","?","R","BOSS","R","$","E","BOSS"],"items_purchased_type":["Card","Card","Card","Card","Card","Relic","Card","Card","Card"],"build_version":"2020-12-22","purchased_purges":0,"victory":false,"max_hp_per_floor":[77,77,77,77,77,77,77,77,77,77,77,77,77,77,77,77,77,77,77,77,77,77,77,77,77,77,77,77,77,77,77,77,77,77,77,77,77,77,77,77,77,77,77,77,77,77,77,77,77,77,77,77,77,77,77,77],"card_choices":[{"not_picked":["Eviscerate","PiercingWail"],"picked":"Backflip","floor":1.0},{"not_picked":["PiercingWail","Sucker Punch"],"picked":"Hidden Blade","floor":3.0},{"not_picked":["hubris:TrickCloak","Replay:Poison Smokescreen"],"picked":"Deadly Poison","floor":5.0},{"not_picked":["Adrenaline","Backflip"],"picked":"Fluid Movement","floor":6.0},{"not_picked":["Acrobatics","hubris:Counter"],"picked":"Prepared","floor":7.0},{"not_picked":["Dodge and Roll","Sucker Punch"],"picked":"Infinite Blades","floor":8.0},{"not_picked":["Leg Sweep","Hidden Blade"],"picked":"Crippling Poison","floor":11.0},{"not_picked":["Dagger Spray","Bane"],"picked":"Catalyst","floor":14.0},{"not_picked":["Replay:Bag of Tricks","Doppelganger"],"picked":"Burst","floor":16.0},{"not_picked":["Dagger Spray","Dodge and Roll","Deflect"],"picked":"SKIP","floor":18.0},{"not_picked":["Replay:Bootleg Shield Generator","ReplayUltimateDefense"],"picked":"Specialist","floor":19.0},{"not_picked":["Jack Of All Trades","Discovery"],"picked":"Specialist","floor":19.0},{"not_picked":["Dodge and Roll","Flying Knee+1"],"picked":"Prepared+1","floor":21.0},{"not_picked":["Setup+1","Eviscerate+1"],"picked":"conspire:DoublingDagger+1","floor":22.0},{"not_picked":["Masterful Stab+1","Calculated Gamble+1"],"picked":"Catalyst","floor":24.0},{"not_picked":["Backstab","Acrobatics","hubris:Sniper"],"picked":"SKIP","floor":25.0},{"not_picked":["ReplayTheSpireMod:The Works","Prepared+1"],"picked":"hubris:Sniper","floor":28.0},{"not_picked":["Deflect","Underhanded Strike"],"picked":"Acrobatics+1","floor":30.0},{"not_picked":["Wraith Form v2","Glass Knife"],"picked":"Tools of the Trade","floor":33.0},{"not_picked":["Dodge and Roll","Hidden Blade"],"picked":"Backflip","floor":35.0},{"not_picked":["Flying Knee+1","Cloak And Dagger"],"picked":"Hidden Blade+1","floor":39.0},{"not_picked":["Deadly Poison+1","ReplayTheSpireMod:Exploit Weakness"],"picked":"Catalyst","floor":45.0},{"not_picked":["Blade Dance+1","Leg Sweep"],"picked":"Deadly Poison","floor":46.0},{"not_picked":["Eviscerate","Flying Knee","Phantasmal Killer"],"picked":"SKIP","floor":54}],"player_experience":644215,"relics_obtained":[{"floor":6.0,"key":"hubris:FunFungus"},{"floor":9.0,"key":"hubris:PeanutButter"},{"floor":11.0,"key":"Odd Mushroom"},{"floor":14.0,"key":"StoneCalendar"},{"floor":26.0,"key":"Eternal Feather"},{"floor":44.0,"key":"Potion Belt"},{"floor":54,"key":"hubris:TenFootPole"}],"event_choices":[{"damage_healed":0.0,"max_hp_gain":0.0,"max_hp_loss":0.0,"gold_gain":0.0,"event_name":"Mushrooms","player_choice":"Fought Mushrooms","floor":11.0,"gold_loss":0.0,"damage_taken":0.0},{"damage_healed":25.0,"max_hp_gain":0.0,"max_hp_loss":0.0,"gold_gain":0.0,"event_name":"Big Fish","player_choice":"Banana","floor":13.0,"gold_loss":0.0,"damage_taken":0.0},{"damage_healed":0.0,"max_hp_gain":0.0,"max_hp_loss":0.0,"gold_gain":2.0,"event_name":"betterStone:BetterStone","player_choice":"1","floor":19.0,"gold_loss":0.0,"damage_taken":0.0},{"damage_healed":0.0,"max_hp_gain":0.0,"max_hp_loss":0.0,"gold_gain":0.0,"event_name":"betterMatch:BetterMatch","player_choice":"2","floor":22.0,"gold_loss":0.0,"damage_taken":0.0,"cards_obtained":["betterMatch:UncommonCard"]},{"damage_healed":0.0,"max_hp_gain":0.0,"max_hp_loss":0.0,"gold_gain":0.0,"event_name":"conspire:Investor","player_choice":"Leave","floor":42.0,"gold_loss":0.0,"damage_taken":0.0},{"damage_healed":0.0,"max_hp_gain":0.0,"max_hp_loss":0.0,"gold_gain":0.0,"event_name":"Accursed Blacksmith","player_choice":"Forge","floor":48.0,"gold_loss":0.0,"damage_taken":0.0,"cards_upgraded":["Catalyst"]}],"is_beta":false,"boss_relics":[{"not_picked":["vexMod:MegatonBomb","ChewingGum"],"picked":"Empty Cage"},{"not_picked":["Runic Pyramid","Replay:Grab Bag"],"picked":"conspire:SpecialSausage"}],"items_purged_floors":[],"is_endless":false,"potions_floor_spawned":[1,3,5,16,18,25,30,35,54],"killed_by":"The Heart","ascension_level":3}}