{"host":"ta9mufxydm4vkknf","time":1610291271,"event":{"mods":["AchievementEnabler","BaseMod","Minty Spire (QoL Compilation)","Quick Restart"],"gold_per_floor":[112,128,128,31,47,47,73,73,99,126,145,175,186,52,52,148,148,148,148],"floor_reached":18,"playtime":687,"items_purged":["Strike_B","Strike_B"],"score":246,"play_id":"30f9f5f1-5817-4c43-9f3e-e98c6934aef9","local_time":"20210110160751","is_ascension_mode":true,"campfire_choices":[{"data":"Coolheaded","floor":6,"key":"SMITH"},{"data":"Sweeping Beam","floor":8,"key":"SMITH"},{"floor":15,"key":"REST"}],"circlet_count":0,"master_deck":["Zap","Dualcast","Sweeping Beam+1","Ball Lightning","Coolheaded+1","FTL","Rip and Tear","Redo","Cold Snap","Genetic Algorithm","Leap","Self Repair","Hyperbeam","Reinforced Body","Hologram","Darkness","Stack","Darkness"],"relics":["Cracked Core","Happy Flower","Orichalcum","Ancient Tea Set","DataDisk","Singing Bowl","Pandora\u0027s Box"],"acts_visited":["Exordium","TheCity"],"potions_floor_usage":[7],"damage_taken":[{"damage":1,"enemies":"Cultist","floor":1,"turns":4},{"damage":3,"enemies":"Jaw Worm","floor":2,"turns":4},{"damage":1,"enemies":"Small Slimes","floor":5,"turns":3},{"damage":34,"enemies":"3 Sentries","floor":7,"turns":6},{"damage":11,"enemies":"Gremlin Nob","floor":10,"turns":3},{"damage":5,"enemies":"Gremlin Gang","floor":11,"turns":3},{"damage":0,"enemies":"3 Sentries","floor":12,"turns":5},{"damage":4,"enemies":"Large Slime","floor":13,"turns":5},{"damage":25,"enemies":"Slime Boss","floor":16,"turns":9},{"damage":45,"enemies":"3 Byrds","floor":18,"turns":4}],"seed_played":"2750945575792085402","potions_obtained":[{"floor":1,"key":"EssenceOfDarkness"},{"floor":2,"key":"ColorlessPotion"},{"floor":5,"key":"SteroidPotion"},{"floor":13,"key":"ColorlessPotion"}],"is_trial":false,"path_per_floor":["M","M","?","$","M","R","E","R","T","E","M","E","M","$","R","B",null,"M"],"character_chosen":"DEFECT","items_purchased":["Coolheaded","Self Repair"],"campfire_rested":1,"item_purchase_floors":[4,14],"current_hp_per_floor":[74,71,71,71,70,70,36,36,36,25,20,20,16,16,38,20,75,30,30],"gold":148,"neow_bonus":"RANDOM_COMMON_RELIC","is_daily":false,"chose_seed":false,"campfire_upgraded":2,"win_rate":0.0,"timestamp":1610291271,"path_taken":["M","M","?","?","M","R","E","R","T","E","?","E","?","$","R","BOSS","M"],"items_purchased_type":["Card","Card"],"build_version":"2020-12-22","purchased_purges":2,"victory":false,"max_hp_per_floor":[75,75,75,75,75,75,75,75,75,75,75,75,75,75,75,75,75,75,75],"card_choices":[{"not_picked":["Static Discharge","Genetic Algorithm"],"picked":"Sweeping Beam","floor":1},{"not_picked":["Sweeping Beam","Scrape"],"picked":"Ball Lightning","floor":2},{"not_picked":["Loop","Rebound"],"picked":"FTL","floor":5},{"not_picked":["Storm","Thunder Strike"],"picked":"Rip and Tear","floor":7},{"not_picked":["Darkness","Ball Lightning"],"picked":"Redo","floor":10},{"not_picked":["Double Energy","Consume"],"picked":"Cold Snap","floor":11},{"not_picked":["Barrage","Meteor Strike"],"picked":"Genetic Algorithm","floor":12},{"not_picked":["Streamline","Steam"],"picked":"Leap","floor":13},{"not_picked":["Echo Form","Biased Cognition"],"picked":"Hyperbeam","floor":16}],"player_experience":267489,"relics_obtained":[{"floor":7,"key":"Orichalcum"},{"floor":9,"key":"Ancient Tea Set"},{"floor":10,"key":"DataDisk"},{"floor":12,"key":"Singing Bowl"}],"event_choices":[{"cards_removed":["Strike_B"],"damage_healed":0,"gold_gain":0,"player_choice":"Purged","damage_taken":0,"max_hp_gain":0,"max_hp_loss":0,"event_name":"Purifier","floor":3,"gold_loss":0}],"is_beta":false,"boss_relics":[{"not_picked":["Tiny House","Nuclear Battery"],"picked":"Pandora\u0027s Box"}],"items_purged_floors":[4,14],"is_endless":false,"potions_floor_spawned":[1,2,5,13],"killed_by":"3 Byrds","ascension_level":4}}