{"host":"7gewg82ormp6yt4e","time":1610289621,"event":{"mods":["BaseMod","Block Reminder","Colored Map","Colored Powertips","DeckTracker","Highlight Path","Minty Spire (QoL Compilation)","Relic Stats","StSLib","ojb\u0027s Info Mod"],"gold_per_floor":[111,0,0,0,0,33,33,66,93,93,110,36,69,80,80,158,158,173,88,88,88,43,43,69,69,69,69,83,83,83],"floor_reached":29,"playtime":1026,"items_purged":[],"score":560,"play_id":"118dd969-f0cd-4689-9bf0-c90e54251511","local_time":"20210110234021","is_ascension_mode":true,"campfire_choices":[{"data":"Rip and Tear","floor":7,"key":"SMITH"},{"data":"Rainbow","floor":10,"key":"SMITH"},{"data":"Defragment","floor":15,"key":"SMITH"},{"data":"Loop","floor":23,"key":"SMITH"},{"data":"Turbo","floor":25,"key":"SMITH"},{"data":"Dualcast","floor":27,"key":"SMITH"}],"circlet_count":0,"master_deck":["AscendersBane","Strike_B","Strike_B","Strike_B","Strike_B","Defend_B","Defend_B","Defend_B","Defend_B","Zap","Dualcast+1","Rip and Tear+1","Rebound","Rainbow+1","Clumsy","Glacier","Defragment+1","Capacitor","Doom and Gloom","Machine Learning","Loop+1","Self Repair","Loop+1","Turbo+1","Normality"],"relics":["Cursed Key","Mummified Hand","Incense Burner","Dream Catcher","Gremlin Horn","Runic Pyramid","Strawberry","Kunai","Pantograph"],"acts_visited":["Exordium","TheCity"],"potions_floor_usage":[6,6,8,16,16],"damage_taken":[{"damage":2,"enemies":"Cultist","floor":1,"turns":4},{"damage":17,"enemies":"3 Sentries","floor":6,"turns":7},{"damage":0,"enemies":"Gremlin Nob","floor":8,"turns":2},{"damage":5,"enemies":"2 Louse","floor":11,"turns":3},{"damage":14,"enemies":"3 Sentries","floor":13,"turns":8},{"damage":0,"enemies":"Jaw Worm","floor":14,"turns":4},{"damage":11,"enemies":"The Guardian","floor":16,"turns":9},{"damage":17,"enemies":"2 Thieves","floor":18,"turns":4},{"damage":24,"enemies":"Slavers","floor":24,"turns":6},{"damage":14,"enemies":"3 Byrds","floor":28,"turns":4},{"damage":34,"enemies":"Centurion and Healer","floor":29,"turns":3}],"seed_played":"1388933042627928139","potions_obtained":[{"floor":6,"key":"Fire Potion"},{"floor":8,"key":"PotionOfCapacity"},{"floor":11,"key":"Weak Potion"},{"floor":14,"key":"Regen Potion"}],"is_trial":false,"path_per_floor":["M","$","?","?","?","E","R","E","T","R","M","$","E","M","R","B",null,"M","?","?","?","$","R","E","R","T","R","M","M"],"character_chosen":"DEFECT","items_purchased":["Fire Potion","BlessingOfTheForge","Defragment","Loop"],"campfire_rested":0,"item_purchase_floors":[2,2,12,22],"current_hp_per_floor":[62,62,62,62,67,50,50,50,50,50,45,45,31,31,31,35,66,49,56,56,56,56,56,39,39,39,39,32,0,0],"gold":83,"neow_bonus":"BOSS_RELIC","is_daily":false,"chose_seed":false,"campfire_upgraded":6,"win_rate":0.0,"timestamp":1610289621,"path_taken":["M","$","?","?","?","E","R","E","T","R","M","?","E","M","R","BOSS","M","?","?","?","$","R","E","R","T","R","?","M"],"items_purchased_type":["Potion","Potion","Card","Card"],"build_version":"2020-12-22","purchased_purges":0,"victory":false,"max_hp_per_floor":[71,71,71,71,76,76,76,76,76,76,76,76,76,76,76,76,76,76,83,83,83,83,83,83,83,83,83,83,83,83],"relic_stats":{"Dream Catcher":0,"Gremlin Horn":[5,5],"counters":[11,53],"Mummified Hand":[26],"Pantograph":0,"Kunai":[0],"Cursed Key":2,"obtain_stats":[{"Dream Catcher":9,"Gremlin Horn":13,"Mummified Hand":6,"Strawberry":19,"Pantograph":26,"Incense Burner":8,"Kunai":24,"Cracked Core":0,"Cursed Key":0,"Runic Pyramid":17},{"Dream Catcher":3,"Gremlin Horn":5,"Mummified Hand":2,"Strawberry":8,"Pantograph":9,"Incense Burner":3,"Kunai":9,"Cracked Core":0,"Cursed Key":0,"Runic Pyramid":7},{"Dream Catcher":13,"Gremlin Horn":24,"Mummified Hand":11,"Strawberry":41,"Pantograph":46,"Incense Burner":13,"Kunai":46,"Cracked Core":0,"Cursed Key":0,"Runic Pyramid":37}]},"card_choices":[{"not_picked":["Redo","Compile Driver"],"picked":"Rip and Tear","floor":1},{"not_picked":["Stack","Compile Driver"],"picked":"Rebound","floor":6},{"not_picked":["Cold Snap","Coolheaded"],"picked":"Rainbow","floor":8},{"not_picked":["Redo","Beam Cell"],"picked":"Glacier","floor":11},{"not_picked":["Reinforced Body","Genetic Algorithm"],"picked":"Capacitor","floor":13},{"not_picked":["Beam Cell","Rebound"],"picked":"Doom and Gloom","floor":14},{"not_picked":["Hyperbeam","Meteor Strike"],"picked":"Machine Learning","floor":16},{"not_picked":["Sweeping Beam","Stack"],"picked":"Loop","floor":18},{"not_picked":["Ball Lightning","Redo"],"picked":"Turbo","floor":24},{"not_picked":["BootSequence","Sunder","Double Energy+1"],"picked":"SKIP","floor":28}],"player_experience":2527668,"relics_obtained":[{"floor":6,"key":"Mummified Hand"},{"floor":8,"key":"Incense Burner"},{"floor":9,"key":"Dream Catcher"},{"floor":13,"key":"Gremlin Horn"},{"floor":24,"key":"Kunai"},{"floor":26,"key":"Pantograph"}],"event_choices":[{"damage_healed":0,"gold_gain":0,"player_choice":"Fled","damage_taken":0,"max_hp_gain":0,"max_hp_loss":0,"event_name":"Scrap Ooze","floor":3,"gold_loss":0},{"damage_healed":0,"gold_gain":0,"player_choice":"Left Gold","damage_taken":0,"max_hp_gain":0,"max_hp_loss":0,"event_name":"World of Goop","floor":4,"gold_loss":0},{"damage_healed":0,"gold_gain":0,"player_choice":"Donut","damage_taken":0,"max_hp_gain":5,"max_hp_loss":0,"event_name":"Big Fish","floor":5,"gold_loss":0},{"damage_healed":0,"gold_gain":0,"player_choice":"Obtained Relic","damage_taken":0,"relics_obtained":["Strawberry"],"max_hp_gain":0,"max_hp_loss":0,"event_name":"Addict","floor":19,"gold_loss":85},{"damage_healed":0,"gold_gain":0,"player_choice":"Read","damage_taken":0,"max_hp_gain":0,"max_hp_loss":0,"event_name":"The Library","floor":20,"gold_loss":0,"cards_obtained":["Self Repair"]},{"damage_healed":0,"gold_gain":0,"player_choice":"Upgraded","damage_taken":0,"max_hp_gain":0,"max_hp_loss":0,"event_name":"Upgrade Shrine","floor":21,"gold_loss":0,"cards_upgraded":["Loop"]}],"is_beta":false,"boss_relics":[{"not_picked":["Nuclear Battery","SlaversCollar"],"picked":"Runic Pyramid"}],"items_purged_floors":[],"is_endless":false,"potions_floor_spawned":[6,8,11,14],"killed_by":"Centurion and Healer","ascension_level":20}}