{"host":"5td1gsj4mnrioltg","time":1610264363,"event":{"mods":["2.2 Compatiblity","AchievementEnabler","Act Like it!","Aspiration","BaseMod","Beaked The Cultist","Better Altar","Better Match","Better Note","Better Sensory Stone","Better Silent Start","Better Skull","Better Third Choice","Better Vampires","BetterRewards","Colored Map","Colored Powertips","Displayed Cursed Tome","Downfall","Emptier Cage","Evolution","Friendly Minions","GifTheSpireLib","Highlight Path","Ironclad Rager","Jedi Mod","JesterMod","Mad Scientist","Menagerie","Minty Spire (QoL Compilation)","Permanent Neow","Quick Restart","Replay The Spire","Reworked Bosses","Shade Mod","Spicy Shops","StSLib","The Blue Laboratory","The Dragon Tamer","The Druid","The Elementalist","The Marked","The Necromancer","The Runesmith","Thieving Mod","Transform Curses","Wandering Minibosses","vexMod"],"gold_per_floor":[109,34,48,48,58,58,58,58,58,4,4,24,24,39,39,140,140,156,156,137,151,0,0,10,29,110,130,158,174,174,174,174,272,272,290,302,322,17,28,28,28,28,80,80,80,16,16,16,16,16],"floor_reached":51,"playtime":3305,"items_purged":["theMarked:Strike","theMarked:Defend","Writhe"],"score":943,"play_id":"6f56979c-80f4-45ee-8dcf-32e3f4dcbbf2","local_time":"20210109233923","is_ascension_mode":true,"campfire_choices":[{"data":"theMarked:Electrify","floor":6,"key":"SMITH"},{"data":"theMarked:Aftermath","floor":11,"key":"SMITH"},{"data":"theMarked:SoldierOfQuellstein","floor":13,"key":"SMITH"},{"data":"theMarked:Defend","floor":15,"key":"PURGE"},{"floor":23,"key":"REST"},{"floor":32,"key":"REST"},{"floor":40,"key":"REST"},{"floor":42,"key":"REST"},{"floor":45,"key":"RECALL"},{"floor":49,"key":"DIG"}],"circlet_count":0,"master_deck":["theMarked:Strike","theMarked:Defend","theMarked:Defend","theMarked:SoldierOfQuellstein+1","theMarked:Electrify+1","theMarked:Aftermath+1","theMarked:Levitate","beaked:AwakenedForm","theMarked:HeightenedSenses"],"relics":["theMarked:ArtifactOfAir","EVO:Axolotl","HornCleat","SacredBark","theMarked:Winder","Quantum Egg","Shovel","beaked:SacredDeck","vexMod:GhostlyGear","jedi:ominousloannote","Sundial","Anchor","Replay:Wax Seal"],"acts_visited":["Exordium","TheCity","TheBeyond"],"potions_floor_usage":[18,18,21,28,29,37,50,50,50,50,50],"damage_taken":[{"damage":1,"enemies":"Cultist","floor":1,"turns":3},{"damage":0,"enemies":"Jaw Worm","floor":3,"turns":4},{"damage":0,"enemies":"Small Slimes","floor":5,"turns":2},{"damage":6,"enemies":"Looter","floor":12,"turns":2},{"damage":0,"enemies":"Gremlin Gang","floor":14,"turns":5},{"damage":10,"enemies":"Fading Forest","floor":16,"turns":11},{"damage":1,"enemies":"3 Byrds","floor":18,"turns":5},{"damage":7,"enemies":"2 Thieves","floor":20,"turns":4},{"damage":24,"enemies":"Snake Plant","floor":21,"turns":5},{"damage":6,"enemies":"Shelled Parasite and Fungi","floor":24,"turns":3},{"damage":3,"enemies":"Centurion and Healer","floor":25,"turns":3},{"damage":15,"enemies":"Snecko","floor":27,"turns":4},{"damage":3,"enemies":"Gremlin Leader","floor":28,"turns":4},{"damage":0,"enemies":"Cultist and Chosen","floor":29,"turns":3},{"damage":6,"enemies":"bossMod:newChamp","floor":33,"turns":6},{"damage":1,"enemies":"Orb Walker","floor":35,"turns":2},{"damage":23,"enemies":"3 Darklings","floor":36,"turns":4},{"damage":10,"enemies":"4 Shapes","floor":37,"turns":5},{"damage":0,"enemies":"Transient","floor":39,"turns":5},{"damage":0,"enemies":"Maw","floor":47,"turns":4},{"damage":55,"enemies":"Time Eater","floor":50,"turns":4}],"seed_played":"-7237296609550627301","potions_obtained":[{"floor":1,"key":"blueLaboratory:CorrosionFlask"},{"floor":12,"key":"Energy Potion"},{"floor":16,"key":"Weak Potion"},{"floor":18,"key":"blueLaboratory:PhilterOfMotion"},{"floor":21,"key":"Guardian:BlockOnCardUsePotion"},{"floor":25,"key":"AttackPotion"},{"floor":28,"key":"blueLaboratory:EmptyBottle"},{"floor":35,"key":"blueLaboratory:BottleOfRum"},{"floor":37,"key":"hexamod:EctoCoolerPotion"},{"floor":39,"key":"blueLaboratory:TrueEctoplasm"},{"floor":47,"key":"CultistPotion"}],"is_trial":false,"path_per_floor":["M","$","M","?","M","R","$","?","T","$","R","M","R","M","R_BF","B",null,"M","?","M","M","$","R","M","M","T","M","E","M","?","?","R","B",null,"M","M","M","$","M","R","?","R","T","?","R","$","M","$","R","B",null],"character_chosen":"THE_DEFAULT","items_purchased":["theMarked:Aftermath","theMarked:Winder","theMarked:HeightenedSenses","vexMod:GhostlyGear","jedi:ominousloannote","Sundial","Anchor","PowerPotion"],"campfire_rested":4,"item_purchase_floors":[10,22,38,38,46,46,46,46],"current_hp_per_floor":[48,48,48,48,48,48,48,55,55,55,55,49,49,49,49,47,64,63,63,56,32,32,53,47,44,44,29,26,26,26,26,47,41,63,62,39,29,29,29,50,50,70,70,70,70,70,70,70,70,15],"gold":16,"neow_bonus":"REMOVE_TWO","is_daily":false,"chose_seed":false,"campfire_upgraded":3,"win_rate":0.0,"timestamp":1610264363,"path_taken":["M","?","?","?","M","R","$","?","T","$","R","M","R","M","R_BF","BOSS","M","?","?","M","$","R","M","M","T","M","E","M","?","?","R","BOSS","M","M","M","$","M","R","?","R","T","?","R","?","M","$","R","BOSS"],"items_purchased_type":["Card","Relic","Card","Relic","Relic","Relic","Relic","Potion"],"build_version":"2020-12-22","purchased_purges":3,"victory":true,"max_hp_per_floor":[70,70,70,70,70,70,70,70,70,70,70,70,70,70,70,70,70,70,70,70,70,70,70,70,70,70,70,70,70,70,70,70,70,70,70,70,70,70,70,70,70,70,70,70,70,70,70,70,70,70],"card_choices":[{"not_picked":["theMarked:SelfDefenseTraining","theMarked:ChainLightning"],"picked":"theMarked:Electrify","floor":1},{"not_picked":["theMarked:ChainLightning","theMarked:ReduceFriction","theMarked:DeterminationOfTheMarked"],"picked":"SKIP","floor":3},{"not_picked":["theMarked:ElectricStrings","theMarked:CreepingChasm","theMarked:ResourceFulStrike"],"picked":"SKIP","floor":5},{"not_picked":["theMarked:WastefulDefense","theMarked:Reabsorb","theMarked:WardOff"],"picked":"SKIP","floor":12},{"not_picked":["theMarked:Overcharge","theMarked:WastefulAttack","theMarked:EnhanceMovement"],"picked":"SKIP","floor":14},{"not_picked":["theMarked:Snap","theMarked:FavorableWinds"],"picked":"theMarked:Levitate","floor":16},{"not_picked":["theMarked:SwordAndMagic","theMarked:ElectricStrings","theMarked:Static"],"picked":"SKIP","floor":18},{"not_picked":["theMarked:ChainLightning","theMarked:EmpowerWeapon","theMarked:TwofoldDefense"],"picked":"SKIP","floor":20},{"not_picked":["theMarked:Aftermath","theMarked:Standoff","theMarked:WastefulDefense"],"picked":"SKIP","floor":21},{"not_picked":["theMarked:Overthink","theMarked:TakeCover+1","theMarked:HeightenedSenses"],"picked":"SKIP","floor":24},{"not_picked":["theMarked:Parkour","theMarked:Static","theMarked:Electrify"],"picked":"SKIP","floor":25},{"not_picked":["theMarked:TwofoldDefense","theMarked:RogueSparks+1","theMarked:TakeCover"],"picked":"SKIP","floor":27},{"not_picked":["theMarked:Electrocute","theMarked:Generate","theMarked:CreepingChasm"],"picked":"SKIP","floor":28},{"not_picked":["theMarked:MaelstromOfLightning","theMarked:BanishingStrike","theMarked:Parkour+1"],"picked":"SKIP","floor":29},{"not_picked":["theMarked:ParalyzingBlade","theMarked:TwofoldDefense","theMarked:Improvise+1"],"picked":"SKIP","floor":35},{"not_picked":["theMarked:WardOff+1","theMarked:Parkour+1","theMarked:HeritageOfTheMarked"],"picked":"SKIP","floor":36},{"not_picked":["theMarked:TakeCover","theMarked:ContemptForTheProud","theMarked:RogueSparks+1"],"picked":"SKIP","floor":37},{"not_picked":["theMarked:HeightenedSenses+1","theMarked:Frustration","theMarked:ElectricStrings"],"picked":"SKIP","floor":39},{"not_picked":["theMarked:Standoff+1","theMarked:WastefulDefense+1","theMarked:Static"],"picked":"SKIP","floor":47}],"player_experience":1307786,"relics_obtained":[{"floor":9,"key":"HornCleat"},{"floor":26,"key":"Quantum Egg"},{"floor":28,"key":"Shovel"},{"floor":49,"key":"Replay:Wax Seal"}],"event_choices":[{"damage_healed":0,"gold_gain":0,"player_choice":"LEAVE","damage_taken":0,"max_hp_gain":0,"max_hp_loss":0,"event_name":"betterThird:BetterScrap","floor":4,"gold_loss":0,"cards_obtained":["jedi:poisonivy"]},{"damage_healed":0,"gold_gain":0,"player_choice":"Ignored","damage_taken":0,"max_hp_gain":0,"max_hp_loss":0,"event_name":"N\u0027loth","floor":19,"gold_loss":0},{"cards_removed":["theMarked:Strike"],"damage_healed":0,"gold_gain":0,"player_choice":"Removed Attack","damage_taken":0,"max_hp_gain":0,"max_hp_loss":0,"event_name":"Falling","floor":44,"gold_loss":0}],"is_beta":false,"boss_relics":[{"not_picked":["aspiration:FutureDiary","vexMod:EndlessSickness"],"picked":"SacredBark"},{"not_picked":["jedi:hotpepper","aspiration:RitualDagger"],"picked":"beaked:SacredDeck"}],"items_purged_floors":[2,38,46],"is_endless":false,"potions_floor_spawned":[1,12,16,18,21,25,28,35,37,39,47],"ascension_level":5}}