{"host":"ldbx2jhnvtia1ouf","time":1610260899,"event":{"mods":["BaseMod","Better Note","Better Sensory Stone","Better Skull","Better Third Choice","Block Reminder","Colored Map","Colored Powertips","Curses Come First","Highlight Path","Minty Spire (QoL Compilation)","Permanent Neow","Spicy Shops","StSLib","Transform Curses","Unceasing Turn Reminder"],"gold_per_floor":[110,123,134,134,152,482,482,501,501,576,576,595,605,605,605,605,605],"floor_reached":16,"playtime":1027,"items_purged":[],"score":104,"play_id":"dee0485f-e66f-43a1-af05-1252d0cbb496","local_time":"20210110164139","is_ascension_mode":false,"campfire_choices":[{"floor":7,"key":"REST"},{"data":"Infinite Blades","floor":11,"key":"SMITH"},{"floor":15,"key":"REST"}],"circlet_count":0,"master_deck":["Strike_G","Strike_G","Strike_G","Strike_G","Defend_G","Defend_G","Defend_G","Defend_G","Survivor","Neutralize","Quick Slash","Footwork","Prepared","Flying Knee","Burn","Infinite Blades+1","Noxious Fumes","Prepared","Dagger Throw"],"relics":["Ring of the Snake","Old Coin"],"acts_visited":["Exordium"],"potions_floor_usage":[6,13,16],"damage_taken":[{"damage":2,"enemies":"Cultist","floor":1,"turns":4},{"damage":1,"enemies":"Small Slimes","floor":2,"turns":6},{"damage":0,"enemies":"Jaw Worm","floor":3,"turns":4},{"damage":2,"enemies":"Blue Slaver","floor":5,"turns":4},{"damage":20,"enemies":"3 Sentries","floor":6,"turns":8},{"damage":7,"enemies":"3 Louse","floor":8,"turns":4},{"damage":8,"enemies":"Exordium Thugs","floor":12,"turns":5},{"damage":22,"enemies":"Exordium Wildlife","floor":13,"turns":6},{"damage":34,"enemies":"Hexaghost","floor":16,"turns":11}],"seed_played":"6745417806244834343","potions_obtained":[{"floor":1,"key":"Strength Potion"},{"floor":5,"key":"DuplicationPotion"},{"floor":8,"key":"EssenceOfSteel"}],"is_trial":false,"path_per_floor":["M","M","M","?","M","E","R","M","T","?","R","M","M","?","R","B"],"character_chosen":"THE_SILENT","items_purchased":[],"campfire_rested":2,"item_purchase_floors":[],"current_hp_per_floor":[68,67,67,67,65,45,66,59,59,48,48,40,18,11,32,0,0],"gold":605,"neow_bonus":"TRANSFORM_CARD","is_daily":false,"chose_seed":false,"campfire_upgraded":1,"win_rate":0.0,"timestamp":1610260899,"path_taken":["M","M","?","?","M","E","R","M","T","?","R","?","M","?","R","BOSS"],"items_purchased_type":[],"build_version":"2020-12-22","purchased_purges":0,"victory":false,"max_hp_per_floor":[70,70,70,70,70,70,70,70,70,70,70,70,70,70,70,70,70],"card_choices":[{"not_picked":["Eviscerate","Deflect"],"picked":"Footwork","floor":1},{"not_picked":["Quick Slash","Slice"],"picked":"Prepared","floor":2},{"not_picked":["Cloak And Dagger","Phantasmal Killer"],"picked":"Flying Knee","floor":3},{"not_picked":["Acrobatics","PiercingWail"],"picked":"Infinite Blades","floor":5},{"not_picked":["Poisoned Stab","Infinite Blades"],"picked":"Noxious Fumes","floor":6},{"not_picked":["Flying Knee","Bane"],"picked":"Prepared","floor":8},{"not_picked":["Corpse Explosion","Heel Hook","Dagger Spray"],"picked":"SKIP","floor":12},{"not_picked":["Deadly Poison","Slice"],"picked":"Dagger Throw","floor":13}],"player_experience":88296,"relics_obtained":[{"floor":6,"key":"Old Coin"}],"event_choices":[{"damage_healed":67,"gold_gain":0,"player_choice":"Embrace Burn","damage_taken":0,"max_hp_gain":0,"max_hp_loss":70,"event_name":"betterThird:BetterShining","floor":4,"gold_loss":0},{"damage_healed":0,"gold_gain":75,"player_choice":"Gold","damage_taken":11,"max_hp_gain":0,"max_hp_loss":0,"event_name":"betterThird:BetterGoop","floor":10,"gold_loss":0},{"cards_removed":["Strike_G"],"damage_healed":0,"gold_gain":0,"player_choice":"Card Removal","damage_taken":7,"max_hp_gain":0,"max_hp_loss":0,"event_name":"Golden Wing","floor":14,"gold_loss":0}],"is_beta":false,"boss_relics":[],"items_purged_floors":[],"is_endless":false,"potions_floor_spawned":[1,5,8],"killed_by":"Hexaghost","ascension_level":0}}