{"host":"udyc8f81k2jocuhg","time":1610281426,"event":{"mods":["2.2 Compatiblity","BaseMod","Better Third Choice","Colored Powertips","Conspire","Custom Start","GifTheSpireLib","Hermit","Minty Spire (QoL Compilation)","Permanent Neow","Quick Restart","Relic Filter","Relic Stats","Replay The Spire","Shop Mod","Spikes Relics","StSLib","Stuff the Spire"],"gold_per_floor":[365,388,403,403,426,459,459,479,479,479,496,56,73,108,108,218,218,250,286,327,327,352,389,389,464,489,527,534,534],"floor_reached":28,"playtime":2015,"items_purged":[],"score":315,"play_id":"d1a0bd28-1d54-499d-b7cd-0372cdab2be5","local_time":"20210110132346","is_ascension_mode":true,"campfire_choices":[{"data":"hermit:Scavenge","floor":7.0,"key":"SMITH"},{"data":"hermit:Maintenance","floor":15.0,"key":"SMITH"},{"data":"hermit:DeadOrAlive","floor":24.0,"key":"SMITH"}],"circlet_count":0,"master_deck":["hermit:Strike_Hermit","hermit:Strike_Hermit","hermit:Strike_Hermit","hermit:Strike_Hermit","hermit:Defend_Hermit","hermit:Defend_Hermit","hermit:Defend_Hermit","hermit:Snapshot","hermit:Covet","hermit:Scavenge+1","hermit:Grudge","hermit:BodyArmor+1","hermit:TakeAim","StuffTheSpire:CuriosityCurse","hermit:Brawl","hermit:Vantage","hermit:Maintenance+1","hermit:DeadOrAlive+1","hermit:BigShot+1","Necronomicurse","hermit:Determination"],"relics":["hermit:Momento","Rawhide","LugNut","Anchor","Replay:Baseball","Mercury Hourglass","Ancient Tea Set","SacredBark","Necronomicon","Replay:Wax Seal","StuffTheSpire:RubySignet"],"acts_visited":["Exordium","TheCity"],"potions_floor_usage":[28],"damage_taken":[{"damage":7.0,"enemies":"Small Slimes","floor":1.0,"turns":4.0},{"damage":2.0,"enemies":"Jaw Worm","floor":2.0,"turns":4.0},{"damage":0.0,"enemies":"2 Louse","floor":3.0,"turns":2.0},{"damage":2.0,"enemies":"Exordium Wildlife","floor":5.0,"turns":4.0},{"damage":12.0,"enemies":"Gremlin Nob","floor":6.0,"turns":4.0},{"damage":5.0,"enemies":"3 Louse","floor":8.0,"turns":3.0},{"damage":2.0,"enemies":"Red Slaver","floor":11.0,"turns":5.0},{"damage":0.0,"enemies":"Blue Slaver","floor":13.0,"turns":2.0},{"damage":14.0,"enemies":"Lagavulin","floor":14.0,"turns":9.0},{"damage":7.0,"enemies":"Hexaghost","floor":16.0,"turns":9.0},{"damage":0.0,"enemies":"3 Byrds","floor":18.0,"turns":4.0},{"damage":11.0,"enemies":"Shell Parasite","floor":19.0,"turns":8.0},{"damage":2.0,"enemies":"Centurion and Healer","floor":20.0,"turns":8.0},{"damage":8.0,"enemies":"Cultist and Chosen","floor":22.0,"turns":7.0},{"damage":35.0,"enemies":"Replay:Snechameleon","floor":23.0,"turns":9.0},{"damage":13.0,"enemies":"Slavers","floor":25.0,"turns":3.0},{"damage":3.0,"enemies":"3 Cultists","floor":27.0,"turns":4.0},{"damage":6,"enemies":"conspire:HollyBat","floor":28,"turns":5}],"seed_played":"680030322363521701","potions_obtained":[{"floor":1.0,"key":"GamblersBrew"},{"floor":5.0,"key":"Regen Potion"},{"floor":6.0,"key":"conspire:TimeTravelPotion"},{"floor":8.0,"key":"Block Potion"},{"floor":19.0,"key":"Fruit Juice"},{"floor":20.0,"key":"FearPotion"},{"floor":22.0,"key":"PowerPotion"},{"floor":27.0,"key":"Elixir"}],"is_trial":false,"path_per_floor":["M","M","M","?","M","E","R","M","T","?","M","$","M","E","R","B",null,"M","M","M","?","M","E","R","E","T","M","M"],"character_chosen":"HERMIT","items_purchased":["hermit:Vantage","Replay:Baseball","Mercury Hourglass"],"campfire_rested":0,"item_purchase_floors":[12,12,12],"current_hp_per_floor":[61,59,59,59,57,57,57,52,52,52,50,50,50,36,36,29,68,68,67,65,49,41,18,18,5,5,2,0,0],"gold":534,"neow_bonus":"TWO_FIFTY_GOLD","is_daily":false,"chose_seed":false,"campfire_upgraded":3,"win_rate":0.0,"timestamp":1610281426,"path_taken":["M","M","M","?","M","E","R","M","T","?","M","$","M","E","R","BOSS","M","M","M","?","M","E","R","E","T","M","M"],"items_purchased_type":["Card","Relic","Relic"],"build_version":"2020-12-22","purchased_purges":0,"victory":false,"max_hp_per_floor":[68,68,68,68,68,68,68,68,68,68,68,68,68,68,68,68,68,68,78,78,78,78,78,78,78,78,78,78,78],"relic_stats":{"counters":[18,93],"Necronomicon":[3],"obtain_stats":[{"Anchor":10,"Replay:Baseball":12,"SacredBark":17,"Rawhide":6,"Necronomicon":21,"StuffTheSpire:RubySignet":25,"Replay:Wax Seal":23,"Ancient Tea Set":14,"hermit:Momento":0,"LugNut":9,"Mercury Hourglass":12},{"Anchor":6,"Replay:Baseball":7,"SacredBark":10,"Rawhide":5,"Necronomicon":13,"StuffTheSpire:RubySignet":16,"Replay:Wax Seal":15,"Ancient Tea Set":9,"hermit:Momento":0,"LugNut":6,"Mercury Hourglass":7},{"Anchor":21,"Replay:Baseball":26,"SacredBark":46,"Rawhide":18,"Necronomicon":65,"StuffTheSpire:RubySignet":84,"Replay:Wax Seal":81,"Ancient Tea Set":37,"hermit:Momento":0,"LugNut":21,"Mercury Hourglass":26}],"Mercury Hourglass":[228]},"card_choices":[{"not_picked":["hermit:Enervate","hermit:SprayPray"],"picked":"hermit:Scavenge","floor":1.0},{"not_picked":["hermit:Headshot","hermit:DeadMansHand"],"picked":"hermit:Grudge","floor":2.0},{"not_picked":["hermit:TakeCover","hermit:WideOpen","hermit:CursedWeapon"],"picked":"SKIP","floor":3.0},{"not_picked":["hermit:LowProfile","hermit:Headshot","hermit:CalledShot"],"picked":"SKIP","floor":5.0},{"not_picked":["hermit:Malice","hermit:EyeOfTheStorm","hermit:SprayPray"],"picked":"SKIP","floor":6.0},{"not_picked":["hermit:Roughhouse","hermit:SprayPray"],"picked":"hermit:TakeAim","floor":8.0},{"not_picked":["hermit:Quickdraw","hermit:Manifest"],"picked":"hermit:Brawl","floor":11.0},{"not_picked":["hermit:SprayPray","hermit:Glare","hermit:Enervate"],"picked":"SKIP","floor":13.0},{"not_picked":["hermit:HighCaliber","hermit:WideOpen"],"picked":"hermit:Maintenance","floor":14.0},{"not_picked":["hermit:FatalDesire","hermit:RoundhouseKick"],"picked":"hermit:DeadOrAlive","floor":16.0},{"not_picked":["hermit:HighCaliber","hermit:Feint","hermit:Gestalt"],"picked":"SKIP","floor":18.0},{"not_picked":["hermit:Shortfuse","hermit:Coalescence"],"picked":"hermit:BigShot+1","floor":19.0},{"not_picked":["hermit:Reprieve","hermit:TakeCover","hermit:Headshot+1"],"picked":"SKIP","floor":20.0},{"not_picked":["hermit:Manifest","hermit:Headshot","hermit:Malice"],"picked":"SKIP","floor":22.0},{"not_picked":["hermit:Ricochet+1","hermit:Combo+1"],"picked":"hermit:Determination","floor":23.0},{"not_picked":["hermit:Dissolve","hermit:LowProfile","hermit:Reprieve"],"picked":"SKIP","floor":25.0},{"not_picked":["hermit:Roulette+1","hermit:TrackingShot","hermit:Glare"],"picked":"SKIP","floor":27.0}],"player_experience":1968994,"relics_obtained":[{"floor":6.0,"key":"Rawhide"},{"floor":9.0,"key":"LugNut"},{"floor":14.0,"key":"Ancient Tea Set"},{"floor":21.0,"key":"Necronomicon"},{"floor":23.0,"key":"Replay:Wax Seal"},{"floor":25.0,"key":"StuffTheSpire:RubySignet"}],"event_choices":[{"damage_healed":0.0,"max_hp_gain":0.0,"max_hp_loss":0.0,"gold_gain":0.0,"event_name":"Cursed Tome","player_choice":"Obtained Book","floor":21.0,"gold_loss":0.0,"damage_taken":16.0}],"is_beta":false,"boss_relics":[{"not_picked":["ChewingGum","Replay:Wanted Poster"],"picked":"SacredBark"}],"items_purged_floors":[],"is_endless":false,"potions_floor_spawned":[1,5,6,8,19,20,22,27],"killed_by":"conspire:HollyBat","ascension_level":3}}