{"host":"fxrgx7wt2cpkbhka","time":1610271809,"event":{"mods":["AchievementEnabler","BaseMod","Colored Powertips","Minty Spire (QoL Compilation)","Permanent Neow","Slay-I","StSLib","Waifu the Spire"],"gold_per_floor":[109,109,120,41,57,92,102,102,102,102,102,102,102,133,133,230,230,244,244,334,344,361,388,388,403,403,403,259,259,270,121,121,218,218,232,232,252,270,290,290,306,306,306],"floor_reached":42,"playtime":2091,"items_purged":["Strike_G"],"score":693,"play_id":"12bd7402-542b-42b5-96af-d341af87717f","local_time":"20210110014329","is_ascension_mode":true,"campfire_choices":[{"floor":8,"key":"REST"},{"data":"Masterful Stab","floor":11,"key":"SMITH"},{"data":"Leg Sweep","floor":13,"key":"SMITH"},{"data":"Die Die Die","floor":15,"key":"SMITH"},{"data":"Noxious Fumes","floor":24,"key":"SMITH"},{"data":"Caltrops","floor":27,"key":"SMITH"},{"data":"Caltrops","floor":29,"key":"SMITH"},{"floor":32,"key":"REST"},{"data":"After Image","floor":40,"key":"SMITH"}],"circlet_count":0,"master_deck":["Strike_G","Strike_G","Strike_G+1","Defend_G","Defend_G","Defend_G","Defend_G+1","Defend_G","Survivor","Neutralize+1","Cloak And Dagger","Masterful Stab+1","Die Die Die+1","Dagger Throw","Leg Sweep+1","Noxious Fumes+1","Adrenaline","Dagger Spray+1","Dodge and Roll","Caltrops+1","Caltrops+1","After Image","After Image+1","Poisoned Stab","Bouncing Flask+1"],"relics":["Ring of the Serpent","HornCleat","StrikeDummy","Mummified Hand","Bag of Preparation","Ginger","CaptainsWheel","Cursed Key"],"acts_visited":["Exordium","TheCity","TheBeyond"],"potions_floor_usage":[22,33,33],"damage_taken":[{"damage":0,"enemies":"Small Slimes","floor":1,"turns":4},{"damage":0,"enemies":"2 Louse","floor":3,"turns":2},{"damage":0,"enemies":"Cultist","floor":5,"turns":3},{"damage":28,"enemies":"Gremlin Nob","floor":6,"turns":4},{"damage":6,"enemies":"3 Louse","floor":7,"turns":3},{"damage":2,"enemies":"3 Sentries","floor":14,"turns":7},{"damage":0,"enemies":"Hexaghost","floor":16,"turns":11},{"damage":0,"enemies":"Shell Parasite","floor":18,"turns":5},{"damage":0,"enemies":"3 Byrds","floor":21,"turns":3},{"damage":0,"enemies":"Centurion and Healer","floor":22,"turns":5},{"damage":10,"enemies":"Slavers","floor":23,"turns":5},{"damage":0,"enemies":"Cultist and Chosen","floor":25,"turns":4},{"damage":0,"enemies":"3 Cultists","floor":30,"turns":3},{"damage":38,"enemies":"Automaton","floor":33,"turns":12},{"damage":13,"enemies":"3 Darklings","floor":35,"turns":3},{"damage":3,"enemies":"3 Shapes","floor":37,"turns":3},{"damage":27,"enemies":"Transient","floor":38,"turns":5},{"damage":0,"enemies":"Writhing Mass","floor":39,"turns":5},{"damage":4,"enemies":"Jaw Worm Horde","floor":41,"turns":4},{"damage":20,"enemies":"Giant Head","floor":42,"turns":7}],"seed_played":"-7826108733300301717","potions_obtained":[{"floor":3,"key":"Poison Potion"},{"floor":14,"key":"CunningPotion"},{"floor":23,"key":"Block Potion"},{"floor":25,"key":"SpeedPotion"},{"floor":36,"key":"SkillPotion"},{"floor":36,"key":"DuplicationPotion"}],"is_trial":false,"path_per_floor":["M","?","M","$","M","E","M","R","T","?","R","?","R","E","R","B",null,"M","?","?","M","M","E","R","M","T","R","$","R","M","$","R","B",null,"M","?","M","M","M","R","M","E"],"character_chosen":"THE_SILENT","items_purchased":["Die Die Die","Caltrops","After Image"],"campfire_rested":2,"item_purchase_floors":[4,28,31],"current_hp_per_floor":[63,49,49,49,49,21,15,36,36,29,29,29,29,27,27,27,59,59,59,47,47,47,37,37,37,37,37,37,37,37,37,58,20,58,45,45,42,15,15,15,11,0,0],"gold":306,"neow_bonus":"UPGRADE_CARD","is_daily":false,"chose_seed":false,"campfire_upgraded":7,"win_rate":0.0,"timestamp":1610271809,"path_taken":["M","?","M","$","M","E","M","R","T","?","R","?","R","E","R","BOSS","M","?","?","?","M","E","R","M","T","R","$","R","M","$","R","BOSS","M","?","?","M","?","R","M","E"],"items_purchased_type":["Card","Card","Card"],"build_version":"2020-12-22","purchased_purges":1,"victory":false,"max_hp_per_floor":[70,70,70,70,70,70,70,70,70,70,70,70,70,70,70,70,70,70,70,70,70,70,70,70,70,70,70,70,70,70,70,70,70,70,70,70,70,70,70,70,70,70,70],"card_choices":[{"not_picked":["Dodge and Roll","Blade Dance"],"picked":"Cloak And Dagger","floor":1},{"not_picked":["Deflect","Dagger Spray"],"picked":"Masterful Stab","floor":3},{"not_picked":["Slice","Quick Slash"],"picked":"Dagger Throw","floor":5},{"not_picked":["Flying Knee","Storm of Steel"],"picked":"Leg Sweep","floor":6},{"not_picked":["Flying Knee","Distraction","Bane"],"picked":"SKIP","floor":7},{"not_picked":["Masterful Stab","Sucker Punch"],"picked":"Noxious Fumes","floor":14},{"not_picked":["Unload","Envenom"],"picked":"Adrenaline","floor":16},{"not_picked":["Sucker Punch","PiercingWail"],"picked":"Dagger Spray+1","floor":18},{"not_picked":["Flechettes","Bane"],"picked":"Dodge and Roll","floor":21},{"not_picked":["Deflect","Reflex+1","Sucker Punch"],"picked":"SKIP","floor":22},{"not_picked":["Dagger Spray","Flying Knee","Flechettes+1"],"picked":"SKIP","floor":23},{"not_picked":["Dagger Spray","Leg Sweep"],"picked":"Caltrops","floor":25},{"not_picked":["Bane","Acrobatics","Blur"],"picked":"SKIP","floor":30},{"not_picked":["Phantasmal Killer","Grand Finale"],"picked":"After Image","floor":33},{"not_picked":["Riddle With Holes","Flying Knee","Skewer"],"picked":"SKIP","floor":35},{"not_picked":["Slice+1","Acrobatics+1"],"picked":"Poisoned Stab","floor":37},{"not_picked":["Infinite Blades+1","Quick Slash","Acrobatics"],"picked":"SKIP","floor":38},{"not_picked":["Flying Knee+1","Deadly Poison"],"picked":"Bouncing Flask+1","floor":39},{"not_picked":["Masterful Stab","Backflip","Dagger Spray"],"picked":"SKIP","floor":41}],"player_experience":697475,"relics_obtained":[{"floor":6,"key":"HornCleat"},{"floor":9,"key":"StrikeDummy"},{"floor":14,"key":"Mummified Hand"},{"floor":23,"key":"Ginger"},{"floor":26,"key":"CaptainsWheel"}],"event_choices":[{"damage_healed":0,"gold_gain":0,"player_choice":"Entered Light","damage_taken":14,"max_hp_gain":0,"max_hp_loss":0,"event_name":"Shining Light","floor":2,"gold_loss":0,"cards_upgraded":["Defend_G","Strike_G"]},{"cards_removed":["Strike_G"],"damage_healed":0,"gold_gain":0,"player_choice":"Card Removal","damage_taken":7,"max_hp_gain":0,"max_hp_loss":0,"event_name":"Golden Wing","floor":10,"gold_loss":0},{"damage_healed":0,"gold_gain":0,"player_choice":"Ignored","damage_taken":0,"max_hp_gain":0,"max_hp_loss":0,"event_name":"Golden Idol","floor":12,"gold_loss":0},{"damage_healed":0,"gold_gain":0,"player_choice":"Opened","damage_taken":0,"relics_obtained":["Bag of Preparation"],"max_hp_gain":0,"max_hp_loss":0,"event_name":"The Mausoleum","floor":19,"gold_loss":0},{"damage_healed":0,"gold_gain":90,"player_choice":"GOLD ","damage_taken":12,"max_hp_gain":0,"max_hp_loss":0,"event_name":"Knowing Skull","floor":20,"potions_obtained":[],"gold_loss":0,"cards_obtained":[]},{"damage_healed":0,"gold_gain":0,"player_choice":"Got Potions","damage_taken":0,"max_hp_gain":0,"max_hp_loss":0,"event_name":"Lab","floor":36,"gold_loss":0}],"is_beta":false,"boss_relics":[{"not_picked":["SlaversCollar","Velvet Choker"],"picked":"Ring of the Serpent"},{"not_picked":["Runic Pyramid","Coffee Dripper"],"picked":"Cursed Key"}],"items_purged_floors":[28],"is_endless":false,"potions_floor_spawned":[3,7,14,18,23,25,39],"killed_by":"Giant Head","ascension_level":9}}