{"host":"lpogke4cwz8zw1ju","time":1610322476,"event":{"mods":["Always Whale","BaseMod","Minty Spire (QoL Compilation)","Permanent Neow"],"gold_per_floor":[111,111,36,52,52,82,101,112,136,152,152,170,183,193,193,291,341,353,353,370,147,147,147,167,184,184,194,212,240,240,240,240],"floor_reached":31,"playtime":1552,"items_purged":["Defend_G"],"score":268,"play_id":"a7b7f27d-c71d-4ed7-a008-7e04809eb9e2","local_time":"20210111004756","is_ascension_mode":false,"campfire_choices":[{"data":"Infinite Blades","floor":11,"key":"SMITH"},{"data":"Cloak And Dagger","floor":15,"key":"SMITH"},{"data":"Accuracy","floor":23,"key":"SMITH"}],"circlet_count":0,"master_deck":["Strike_G","Strike_G","Strike_G","Strike_G","Strike_G","Defend_G","Defend_G","Defend_G","Survivor","Neutralize","Acrobatics","Acrobatics","Cloak And Dagger+1","Cloak And Dagger","Infinite Blades+1","Quick Slash","Adrenaline+1","Blade Dance","Accuracy+1","Panache","Writhe","Blade Dance","Blade Dance","Storm of Steel","Cloak And Dagger"],"relics":["Ring of the Snake","NeowsBlessing","Blood Vial","Ancient Tea Set","Bronze Scales","Tiny House","MealTicket","Blue Candle","Red Mask"],"acts_visited":["Exordium","TheCity"],"potions_floor_usage":[10,14,20,29],"damage_taken":[{"damage":0,"enemies":"2 Louse","floor":1,"turns":1},{"damage":0,"enemies":"Cultist","floor":4,"turns":1},{"damage":0,"enemies":"Lagavulin","floor":6,"turns":1},{"damage":10,"enemies":"Small Slimes","floor":7,"turns":4},{"damage":6,"enemies":"Looter","floor":8,"turns":4},{"damage":7,"enemies":"Exordium Thugs","floor":10,"turns":4},{"damage":0,"enemies":"3 Louse","floor":12,"turns":4},{"damage":8,"enemies":"Large Slime","floor":13,"turns":6},{"damage":1,"enemies":"Blue Slaver","floor":14,"turns":3},{"damage":34,"enemies":"Hexaghost","floor":16,"turns":12},{"damage":8,"enemies":"3 Byrds","floor":18,"turns":4},{"damage":3,"enemies":"Spheric Guardian","floor":20,"turns":5},{"damage":9,"enemies":"Centurion and Healer","floor":24,"turns":5},{"damage":9,"enemies":"Snake Plant","floor":25,"turns":2},{"damage":7,"enemies":"3 Cultists","floor":27,"turns":3},{"damage":24,"enemies":"Shelled Parasite and Fungi","floor":28,"turns":3},{"damage":5,"enemies":"Masked Bandits","floor":29,"turns":2},{"damage":1,"enemies":"Sentry and Sphere","floor":31,"turns":1}],"seed_played":"-4301532642535757399","potions_obtained":[{"floor":4,"key":"BlessingOfTheForge"},{"floor":12,"key":"Strength Potion"},{"floor":16,"key":"GamblersBrew"},{"floor":17,"key":"Block Potion"},{"floor":18,"key":"SmokeBomb"},{"floor":25,"key":"Regen Potion"},{"floor":29,"key":"Block Potion"}],"is_trial":false,"path_per_floor":["M","?","$","M","?","E","M","M","T","M","R","M","M","M","R","B",null,"M","?","M","$","?","R","M","M","T","M","M","?","$","M"],"character_chosen":"THE_SILENT","items_purchased":["Accuracy","Panache"],"campfire_rested":0,"item_purchase_floors":[21,21],"current_hp_per_floor":[70,67,67,69,69,70,60,56,56,51,51,53,47,48,48,16,75,67,67,66,66,66,66,59,52,52,47,25,27,42,43,43],"gold":240,"neow_bonus":"THREE_ENEMY_KILL","is_daily":false,"chose_seed":false,"campfire_upgraded":3,"win_rate":0.0,"timestamp":1610322476,"path_taken":["M","?","$","M","?","E","?","M","T","M","R","M","M","M","R","BOSS","M","?","M","$","?","R","M","M","T","M","M","?","$","M"],"items_purchased_type":["Card","Card"],"build_version":"2020-12-22","purchased_purges":1,"victory":false,"max_hp_per_floor":[70,70,70,70,70,70,70,70,70,70,70,70,70,70,70,70,75,75,75,75,75,75,75,75,75,75,75,75,75,75,75,75],"card_choices":[{"not_picked":["Outmaneuver","Deadly Poison"],"picked":"Acrobatics","floor":1},{"not_picked":["Leg Sweep","Flying Knee"],"picked":"Acrobatics","floor":4},{"not_picked":["Deadly Poison","Backflip","Crippling Poison"],"picked":"SKIP","floor":6},{"not_picked":["PiercingWail","Burst"],"picked":"Cloak And Dagger","floor":7},{"not_picked":["Sucker Punch","Deadly Poison"],"picked":"Cloak And Dagger","floor":8},{"not_picked":["Outmaneuver","Predator"],"picked":"Infinite Blades","floor":10},{"not_picked":["Setup","Predator","Bane"],"picked":"SKIP","floor":12},{"not_picked":["Deflect","Setup","Eviscerate"],"picked":"SKIP","floor":13},{"not_picked":["Dodge and Roll","PiercingWail"],"picked":"Quick Slash","floor":14},{"not_picked":["Tools of the Trade","Doppelganger"],"picked":"Adrenaline","floor":16},{"not_picked":["Flechettes","Poisoned Stab","Backflip"],"picked":"SKIP","floor":18},{"not_picked":["Sucker Punch","Prepared"],"picked":"Blade Dance","floor":20},{"not_picked":["Backflip","Bane"],"picked":"Blade Dance","floor":24},{"not_picked":["Noxious Fumes","Predator+1"],"picked":"Blade Dance","floor":25},{"not_picked":["Well Laid Plans","Outmaneuver"],"picked":"Storm of Steel","floor":27},{"not_picked":["Acrobatics","Dodge and Roll+1"],"picked":"Cloak And Dagger","floor":28}],"player_experience":204036,"relics_obtained":[{"floor":6,"key":"Ancient Tea Set"},{"floor":9,"key":"Bronze Scales"},{"floor":26,"key":"Blue Candle"},{"floor":29,"key":"Red Mask"}],"event_choices":[{"damage_healed":0,"gold_gain":0,"player_choice":"Success","damage_taken":3,"relics_obtained":["Blood Vial"],"max_hp_gain":0,"max_hp_loss":0,"event_name":"Scrap Ooze","floor":2,"gold_loss":0},{"cards_removed":["Defend_G"],"damage_healed":0,"gold_gain":0,"player_choice":"Purged","damage_taken":0,"max_hp_gain":0,"max_hp_loss":0,"event_name":"Purifier","floor":5,"gold_loss":0},{"damage_healed":0,"gold_gain":0,"player_choice":"Ignored","damage_taken":0,"max_hp_gain":0,"max_hp_loss":0,"event_name":"Ghosts","floor":19,"gold_loss":0},{"damage_healed":0,"gold_gain":0,"player_choice":"Opened","damage_taken":0,"relics_obtained":["MealTicket"],"max_hp_gain":0,"max_hp_loss":0,"event_name":"The Mausoleum","floor":22,"gold_loss":0,"cards_obtained":["Writhe"]},{"damage_healed":0,"gold_gain":0,"player_choice":"Fought Bandits","damage_taken":0,"max_hp_gain":0,"max_hp_loss":0,"event_name":"Masked Bandits","floor":29,"gold_loss":0}],"is_beta":false,"boss_relics":[{"not_picked":["Philosopher\u0027s Stone","Sozu"],"picked":"Tiny House"}],"items_purged_floors":[3],"is_endless":false,"potions_floor_spawned":[4,12,16,18,25,29],"killed_by":"Sentry and Sphere","ascension_level":0}}