{"host":"g7trc0x2teqyd8ye","time":1610296298,"event":{"mods":["BaseMod","Key Reminder","Minty Spire (QoL Compilation)","Relic Stats"],"gold_per_floor":[109,109,184,184,2,2,27,37,37,57,77,103,103,117,117,214,214,230,230,170,188,10,39,39,49,49,49,78,78,94,113,113,209,209,226,226,241,252,1,1,1,1],"floor_reached":41,"playtime":2041,"items_purged":["Hyperbeam","Defend_B"],"score":771,"play_id":"6a872bf6-a841-4eea-a7a3-7b5d72bdfbbb","local_time":"20210110173138","is_ascension_mode":true,"campfire_choices":[{"data":"Dualcast","floor":6,"key":"SMITH"},{"data":"Defragment","floor":13,"key":"SMITH"},{"floor":15,"key":"REST"},{"floor":24,"key":"REST"},{"floor":29,"key":"REST"},{"floor":32,"key":"REST"},{"data":"Mind Blast","floor":40,"key":"SMITH"}],"circlet_count":0,"master_deck":["AscendersBane","Defend_B","Defend_B","Defend_B","Zap","Dualcast+1","Cold Snap","Reinforced Body","Ball Lightning","Genetic Algorithm+1","Genetic Algorithm","Defragment+1","Cold Snap+1","Capacitor","Static Discharge","Multi-Cast","CurseOfTheBell","Steam Power+1","Stack","Writhe","Heatsinks","Scrape+1","Go for the Eyes+1","Static Discharge","Ball Lightning","Barrage","Consume+1","White Noise","Go for the Eyes","Self Repair","Self Repair","Stack","Cold Snap","Self Repair","Amplify","Blizzard+1","FTL","Compile Driver","FTL+1","Loop+1","Chill","Mind Blast+1","Thunder Strike"],"relics":["FrozenCore","NeowsBlessing","Membership Card","Sundial","Bronze Scales","Bottled Lightning","keyreminder:keyreminder","Calling Bell","Blood Vial","StrikeDummy","Prayer Wheel","Regal Pillow","Pen Nib","Matryoshka","HornCleat","Pantograph","Art of War","Whetstone"],"acts_visited":["Exordium","TheCity","TheBeyond"],"potions_floor_usage":[25,28,33],"damage_taken":[{"damage":0,"enemies":"2 Louse","floor":1,"turns":1},{"damage":0,"enemies":"Gremlin Nob","floor":7,"turns":1},{"damage":0,"enemies":"Small Slimes","floor":8,"turns":1},{"damage":1,"enemies":"Cultist","floor":10,"turns":3},{"damage":4,"enemies":"2 Fungi Beasts","floor":11,"turns":3},{"damage":16,"enemies":"3 Sentries","floor":12,"turns":11},{"damage":7,"enemies":"Red Slaver","floor":14,"turns":2},{"damage":14,"enemies":"Hexaghost","floor":16,"turns":8},{"damage":5,"enemies":"Shell Parasite","floor":18,"turns":6},{"damage":0,"enemies":"Chosen","floor":21,"turns":5},{"damage":28,"enemies":"Book of Stabbing","floor":23,"turns":4},{"damage":15,"enemies":"Centurion and Healer","floor":25,"turns":6},{"damage":58,"enemies":"Gremlin Leader","floor":28,"turns":7},{"damage":26,"enemies":"3 Cultists","floor":30,"turns":5},{"damage":21,"enemies":"Cultist and Chosen","floor":31,"turns":5},{"damage":35,"enemies":"Automaton","floor":33,"turns":11},{"damage":22,"enemies":"3 Shapes","floor":35,"turns":6},{"damage":11,"enemies":"Orb Walker","floor":37,"turns":7},{"damage":26,"enemies":"Writhing Mass","floor":38,"turns":9},{"damage":79,"enemies":"Giant Head","floor":41,"turns":9}],"seed_played":"2661785273926954123","potions_obtained":[{"floor":7,"key":"FearPotion"},{"floor":11,"key":"Energy Potion"},{"floor":16,"key":"SkillPotion"},{"floor":30,"key":"LiquidMemories"}],"is_trial":false,"path_per_floor":["M","?","?","?","$","R","E","M","T","M","M","E","R","M","R","B",null,"M","?","?","M","$","E","R","M","T","?","E","R","M","M","R","B",null,"M","?","M","M","$","R","E"],"character_chosen":"DEFECT","items_purchased":["Membership Card","Ball Lightning","Static Discharge","Ball Lightning","Barrage","Pen Nib","Whetstone","Mind Blast","Thunder Strike"],"campfire_rested":4,"item_purchase_floors":[5,5,22,22,22,22,39,39,39],"current_hp_per_floor":[68,61,50,50,50,50,50,50,50,49,45,29,29,22,44,30,64,61,61,61,63,63,37,74,60,60,60,4,41,24,19,56,61,72,59,59,57,61,61,61,0,0],"gold":1,"neow_bonus":"THREE_ENEMY_KILL","is_daily":false,"chose_seed":false,"campfire_upgraded":3,"win_rate":0.0,"timestamp":1610296298,"path_taken":["M","?","?","?","$","R","E","M","T","M","M","E","R","M","R","BOSS","M","?","?","?","$","E","R","M","T","?","E","R","?","?","R","BOSS","M","?","M","M","$","R","E"],"items_purchased_type":["Relic","Card","Card","Card","Card","Relic","Relic","Card","Card"],"build_version":"2020-12-22","purchased_purges":2,"victory":false,"max_hp_per_floor":[75,75,75,75,75,75,75,75,75,75,75,75,75,75,75,75,75,75,75,75,75,75,75,75,75,75,75,75,75,75,75,75,75,75,75,75,75,75,75,75,75,75],"relic_stats":{"Blood Vial":21,"Regal Pillow":45,"counters":[20,110],"Sundial":[10],"Bronze Scales":[367],"Pantograph":19,"Prayer Wheel":8,"Pen Nib":[9],"Art of War":[7],"Whetstone":["Go for the Eyes","Cold Snap"],"obtain_stats":[{"Regal Pillow":19,"NeowsBlessing":0,"Pen Nib":22,"Whetstone":39,"FrozenCore":34,"keyreminder:keyreminder":12,"Calling Bell":17,"Blood Vial":17,"Matryoshka":23,"HornCleat":26,"Sundial":7,"Bronze Scales":9,"Pantograph":26,"Prayer Wheel":17,"Art of War":28,"Membership Card":5,"Bottled Lightning":12,"Cracked Core":0,"StrikeDummy":17},{"Regal Pillow":9,"NeowsBlessing":0,"Pen Nib":10,"Whetstone":19,"FrozenCore":16,"keyreminder:keyreminder":6,"Calling Bell":8,"Blood Vial":8,"Matryoshka":11,"HornCleat":12,"Sundial":2,"Bronze Scales":3,"Pantograph":12,"Prayer Wheel":8,"Art of War":13,"Membership Card":1,"Bottled Lightning":6,"Cracked Core":0,"StrikeDummy":8},{"Regal Pillow":36,"NeowsBlessing":0,"Pen Nib":41,"Whetstone":101,"FrozenCore":79,"keyreminder:keyreminder":20,"Calling Bell":30,"Blood Vial":30,"Matryoshka":45,"HornCleat":51,"Sundial":2,"Bronze Scales":3,"Pantograph":51,"Prayer Wheel":30,"Art of War":58,"Membership Card":1,"Bottled Lightning":20,"Cracked Core":0,"StrikeDummy":30}],"FrozenCore":[12]},"card_choices":[{"not_picked":["Rebound","Compile Driver"],"picked":"Cold Snap","floor":1},{"not_picked":["Redo","Barrage"],"picked":"Genetic Algorithm","floor":7},{"not_picked":["Sweeping Beam","Reprogram"],"picked":"Genetic Algorithm","floor":8},{"not_picked":["Amplify","Gash"],"picked":"Defragment","floor":10},{"not_picked":["Sweeping Beam","Scrape"],"picked":"Cold Snap","floor":11},{"not_picked":["Sunder","Sweeping Beam"],"picked":"Capacitor","floor":12},{"not_picked":["Leap","Defragment"],"picked":"Static Discharge","floor":14},{"not_picked":["Reboot","All For One"],"picked":"Multi-Cast","floor":16},{"not_picked":["Capacitor","Streamline"],"picked":"Steam Power+1","floor":18},{"not_picked":["Beam Cell","Rebound"],"picked":"Stack","floor":18},{"not_picked":["Redo","Leap"],"picked":"Scrape+1","floor":21},{"not_picked":["Gash","Multi-Cast"],"picked":"Go for the Eyes","floor":21},{"not_picked":["Barrage","Compile Driver"],"picked":"Consume+1","floor":23},{"not_picked":["Leap","Static Discharge"],"picked":"White Noise","floor":25},{"not_picked":["Steam","Melter"],"picked":"Go for the Eyes","floor":25},{"not_picked":["Storm","Steam"],"picked":"Self Repair","floor":28},{"not_picked":["Static Discharge","Beam Cell"],"picked":"Self Repair","floor":30},{"not_picked":["Rainbow","Recycle"],"picked":"Stack","floor":30},{"not_picked":["Sweeping Beam","Gash+1"],"picked":"Cold Snap","floor":31},{"not_picked":["Compile Driver","Tempest"],"picked":"Self Repair","floor":31},{"not_picked":["All For One","Meteor Strike"],"picked":"Amplify","floor":33},{"not_picked":["Streamline+1","Barrage"],"picked":"Blizzard","floor":35},{"not_picked":["Doom and Gloom","Self Repair"],"picked":"FTL","floor":35},{"not_picked":["Stack","Go for the Eyes"],"picked":"Compile Driver","floor":37},{"not_picked":["Leap","Beam Cell"],"picked":"FTL+1","floor":37},{"not_picked":["Streamline","Hologram"],"picked":"Loop+1","floor":38},{"not_picked":["Stack","Darkness"],"picked":"Chill","floor":38}],"player_experience":897403,"relics_obtained":[{"floor":7,"key":"Sundial"},{"floor":9,"key":"Bronze Scales"},{"floor":12,"key":"Bottled Lightning"},{"floor":17,"key":"Blood Vial"},{"floor":17,"key":"StrikeDummy"},{"floor":17,"key":"Prayer Wheel"},{"floor":23,"key":"Matryoshka"},{"floor":26,"key":"HornCleat"},{"floor":26,"key":"Pantograph"},{"floor":28,"key":"Art of War"}],"event_choices":[{"cards_removed":["Strike_B"],"damage_healed":0,"gold_gain":0,"player_choice":"Card Removal","damage_taken":7,"max_hp_gain":0,"max_hp_loss":0,"event_name":"Golden Wing","floor":2,"gold_loss":0},{"damage_healed":0,"gold_gain":75,"player_choice":"Gather Gold","damage_taken":11,"max_hp_gain":0,"max_hp_loss":0,"event_name":"World of Goop","floor":3,"gold_loss":0},{"damage_healed":0,"gold_gain":0,"cards_transformed":["Strike_B"],"player_choice":"Change","damage_taken":0,"max_hp_gain":0,"max_hp_loss":0,"event_name":"Living Wall","floor":4,"gold_loss":0,"cards_obtained":["Reinforced Body"]},{"damage_healed":0,"gold_gain":0,"player_choice":"Opened","damage_taken":0,"relics_obtained":["Regal Pillow"],"max_hp_gain":0,"max_hp_loss":0,"event_name":"The Mausoleum","floor":19,"gold_loss":0,"cards_obtained":["Writhe"]},{"damage_healed":0,"gold_gain":0,"cards_transformed":["Strike_B","Strike_B"],"player_choice":"Transformed Cards","damage_taken":0,"max_hp_gain":0,"max_hp_loss":0,"event_name":"Designer","floor":20,"gold_loss":60,"cards_obtained":["Heatsinks","Hyperbeam"]},{"damage_healed":0,"gold_gain":0,"player_choice":"Upgraded","damage_taken":0,"max_hp_gain":0,"max_hp_loss":0,"event_name":"Upgrade Shrine","floor":27,"gold_loss":0,"cards_upgraded":["Genetic Algorithm"]},{"damage_healed":0,"gold_gain":0,"player_choice":"Upgraded","damage_taken":0,"max_hp_gain":0,"max_hp_loss":0,"event_name":"Upgrade Shrine","floor":36,"gold_loss":0,"cards_upgraded":["Blizzard"]}],"is_beta":false,"boss_relics":[{"not_picked":["Runic Dome","Ectoplasm"],"picked":"Calling Bell"},{"not_picked":["Fusion Hammer","Philosopher\u0027s Stone"],"picked":"FrozenCore"}],"items_purged_floors":[22,39],"is_endless":false,"potions_floor_spawned":[7,11,16,21,23,30],"killed_by":"Giant Head","ascension_level":12}}