{"host":"m5bsg12zcyqnofur","time":1610268786,"event":{"mods":["BaseMod","BetterRewards","Colored Powertips","Downfall","Highlight Path","Minty Spire (QoL Compilation)","Quick Restart","Replay The Spire","Shop Mod","StSLib"],"gold_per_floor":[117,129,147,164,181,207,207,227,252,272,297,313,23,56,56,161,161,178,188,206,170,187,212,212,212,291,326,589,600,627,637,637,732,732,742,350,360,360,5,30,30,59,59,89,89,89,106,116,116,116,116,116,21,50,50,50],"floor_reached":55,"playtime":6171,"items_purged":["Defend_R","Strike_R","Strike_R","Defend_R","Bash","Strike_R"],"score":1168,"play_id":"8845c7b5-5f6b-487f-b835-a29cb975263e","local_time":"20210110025306","is_ascension_mode":true,"campfire_choices":[{"data":"Corruption","floor":7,"key":"SMITH"},{"data":"Fiend Fire","floor":15,"key":"SMITH"},{"data":"Body Slam","floor":24,"key":"SMITH"},{"floor":32,"key":"REST"},{"floor":41,"key":"RECALL"},{"data":"Havoc","floor":46,"key":"SMITH"},{"data":"Dark Embrace","floor":49,"key":"SMITH"},{"data":"ReplayReversal","floor":52,"key":"SMITH"}],"circlet_count":0,"master_deck":["Strike_R+1","Strike_R+1","Defend_R","Defend_R","Corruption+1","Warcry","Sentinel","Pummel","Feel No Pain","Rage","ReplayTheSpireMod:Strike From Hell","Infernal Blade","Disarm","Body Slam+1","Cleave","Fiend Fire+1","Immolate","ReplayTheSpireMod:Strike From Hell+1","Demonic Infusion","Flame Barrier","Dual Wield+1","ReplayReversal+1","Havoc+1","Double Tap","Pummel","Dark Embrace+1","Dark Embrace+1","expansioncontent:DecasProtection"],"relics":["Burning Blood","ReplayTheSpireMod:Lightbulb","Medical Kit","Singing Bowl","Incense Burner","TungstenRod","Simple Rune","Runic Pyramid","Centennial Puzzle","Matryoshka","Boot","InkBottle","Replay:Rubber Ducky","Anchor","Blood Vial","Mark of Pain","Chemical X","King of Hearts","Oddly Smooth Stone","Another Sword","Gremlin Horn","Bottled Flame","ReplayTheSpireMod:Ninjato"],"acts_visited":["Exordium","TheCity","TheBeyond","TheEnding"],"potions_floor_usage":[6,16,16,16,18,27,30,33,42,44,55,55,55],"damage_taken":[{"damage":2,"enemies":"Small Slimes","floor":1,"turns":4},{"damage":2,"enemies":"Jaw Worm","floor":2,"turns":5},{"damage":0,"enemies":"Cultist","floor":3,"turns":4},{"damage":7,"enemies":"2 Fungi Beasts","floor":4,"turns":4},{"damage":30,"enemies":"Lots of Slimes","floor":5,"turns":6},{"damage":1,"enemies":"Lagavulin","floor":6,"turns":6},{"damage":0,"enemies":"Blue Slaver","floor":8,"turns":3},{"damage":1,"enemies":"Large Slime","floor":10,"turns":5},{"damage":21,"enemies":"3 Sentries","floor":11,"turns":8},{"damage":4,"enemies":"2 Fungi Beasts","floor":12,"turns":4},{"damage":16,"enemies":"Lagavulin","floor":14,"turns":7},{"damage":14,"enemies":"Fading Forest","floor":16,"turns":11},{"damage":2,"enemies":"3 Byrds","floor":18,"turns":5},{"damage":2,"enemies":"Chosen","floor":19,"turns":3},{"damage":18,"enemies":"Shelled Parasite and Fungi","floor":20,"turns":5},{"damage":0,"enemies":"Snecko","floor":22,"turns":3},{"damage":59,"enemies":"Slavers","floor":23,"turns":5},{"damage":5,"enemies":"Gremlin Leader","floor":27,"turns":4},{"damage":0,"enemies":"Snake Plant","floor":29,"turns":3},{"damage":19,"enemies":"Slavers","floor":30,"turns":5},{"damage":0,"enemies":"Cultist and Chosen","floor":31,"turns":3},{"damage":10,"enemies":"Automaton","floor":33,"turns":7},{"damage":0,"enemies":"Orb Walker","floor":35,"turns":2},{"damage":0,"enemies":"3 Shapes","floor":37,"turns":2},{"damage":0,"enemies":"Giant Head","floor":40,"turns":5},{"damage":7,"enemies":"R_Hoarder","floor":42,"turns":5},{"damage":29,"enemies":"Nemesis","floor":44,"turns":5},{"damage":1,"enemies":"Spire Growth","floor":47,"turns":3},{"damage":0,"enemies":"4 Shapes","floor":48,"turns":3},{"damage":33,"enemies":"Donu and Deca","floor":50,"turns":6},{"damage":22,"enemies":"Shield and Spear","floor":54,"turns":5},{"damage":94,"enemies":"The Heart","floor":55,"turns":12}],"seed_played":"2757080811088814922","potions_obtained":[{"floor":1,"key":"SteroidPotion"},{"floor":3,"key":"SteroidPotion"},{"floor":6,"key":"BloodPotion"},{"floor":10,"key":"sneckomod:MuddlingPotion"},{"floor":12,"key":"SkillPotion"},{"floor":16,"key":"Fruit Juice"},{"floor":22,"key":"Guardian:BlockOnCardUsePotion"},{"floor":29,"key":"Block Potion"},{"floor":31,"key":"ElixirPotion"},{"floor":33,"key":"Block Potion"},{"floor":37,"key":"Fire Potion"},{"floor":42,"key":"sneckomod:MuddlingPotion"},{"floor":44,"key":"Adrenaline Potion"},{"floor":54,"key":"hexamod:EctoCoolerPotion"}],"is_trial":false,"path_per_floor":["M","M","M","M","M","E","R","M","T","M","E","M","$","E","R","B",null,"M","M","M","$","M","E","R","?","T","E","?","M","E","M","R","B",null,"M","$","M","?","$","E","R","E","T","E","?","R","M","M","R","B",null,"R","$","E","B"],"character_chosen":"IRONCLAD","items_purchased":["Corruption","ReplayTheSpireMod:Lightbulb","Warcry","Sentinel","Pummel","Medical Kit","Feel No Pain","TungstenRod","Flame Barrier","Dark Embrace","Chemical X","King of Hearts","expansioncontent:DecasProtection"],"campfire_rested":1,"item_purchase_floors":[0,0,0,0,0,0,0,13,21,36,36,39,53],"current_hp_per_floor":[36,40,46,45,21,26,26,32,32,39,24,26,26,16,16,40,82,87,89,77,77,85,34,34,34,34,35,15,21,8,16,44,44,97,99,99,99,94,94,96,96,97,97,77,77,77,86,96,96,71,104,104,104,90,0,0],"gold":50,"neow_bonus":"","is_daily":false,"chose_seed":false,"campfire_upgraded":6,"win_rate":0.0,"timestamp":1610268786,"path_taken":["M","M","M","M","M","E","R","M","T","M","E","M","$","E","R","BOSS","M","M","M","$","M","E","R","?","T","E","?","M","E","?","R","BOSS","M","$","M","?","$","E","R","E","T","E","?","R","?","M","R","BOSS","R","$","E","BOSS"],"items_purchased_type":["Card","Relic","Card","Card","Card","Relic","Card","Relic","Card","Card","Relic","Relic","Card"],"build_version":"2020-12-22","purchased_purges":6,"victory":false,"max_hp_per_floor":[80,80,80,80,80,80,80,80,80,82,82,82,82,82,82,82,82,87,89,89,89,91,93,93,93,93,93,95,95,95,95,95,97,97,99,99,99,94,94,96,96,98,98,100,100,100,102,104,104,104,104,104,104,106,106,106],"card_choices":[{"not_picked":["Abandon","Headbutt","Anger"],"picked":"SKIP","floor":1},{"not_picked":["Inflame","True Grit"],"picked":"Rage","floor":2},{"not_picked":["Perfected Strike","Shrug It Off"],"picked":"ReplayTheSpireMod:Strike From Hell","floor":3},{"not_picked":["Metallicize","Rupture","ReplayTheSpireMod:Corrosion Curse"],"picked":"SKIP","floor":4},{"not_picked":["Metallicize","ReplayTheSpireMod:Strike From Hell","Thunderclap"],"picked":"SKIP","floor":5},{"not_picked":["Perfected Strike","Pommel Strike"],"picked":"Infernal Blade","floor":6},{"not_picked":["Clothesline","True Grit"],"picked":"Disarm","floor":8},{"not_picked":["Hemogenesis","Fire Breathing","Thunderclap"],"picked":"Singing Bowl","floor":10},{"not_picked":["Run Through","ReplayTheSpireMod:Stacked"],"picked":"Body Slam","floor":11},{"not_picked":["ReplayTheSpireMod:Strike From Hell","Ghostly Armor"],"picked":"Cleave","floor":12},{"not_picked":["Reckless Charge","Pommel Strike"],"picked":"Fiend Fire","floor":14},{"not_picked":["Demon Form","Brutality"],"picked":"Immolate","floor":16},{"not_picked":["Flex","Headbutt"],"picked":"ReplayTheSpireMod:Strike From Hell+1","floor":18},{"not_picked":["Headbutt+1","Clash+1","Run Through"],"picked":"Singing Bowl","floor":19},{"not_picked":["Shrug It Off","Flex"],"picked":"Demonic Infusion","floor":20},{"not_picked":["Spot Weakness","Heavy Blade","Blood for Blood+1"],"picked":"Singing Bowl","floor":22},{"not_picked":["Bloodletting","Hemokinesis","Run Through"],"picked":"Singing Bowl","floor":23},{"not_picked":["True Grit+1","Abandon"],"picked":"Dual Wield+1","floor":27},{"not_picked":["Body Slam","Iron Wave","Bloodletting"],"picked":"Singing Bowl","floor":28},{"not_picked":["Anger","Body Slam"],"picked":"ReplayReversal","floor":28},{"not_picked":["Spot Weakness","Combust"],"picked":"Havoc","floor":29},{"not_picked":["Dark Embrace","Metallicize"],"picked":"Double Tap","floor":30},{"not_picked":["True Grit","Heavy Blade"],"picked":"Pummel","floor":31},{"not_picked":["Bludgeon","Demonic Infusion","Fiend Fire"],"picked":"Singing Bowl","floor":33},{"not_picked":["Sword Boomerang","Warcry","Entrench+1"],"picked":"Singing Bowl","floor":35},{"not_picked":["Clothesline","ReplayTheSpireMod:Strike From Hell+1"],"picked":"Dark Embrace+1","floor":37},{"not_picked":["Ghostly Armor+1","Dark Embrace","ReplayTheSpireMod:Corrosion Curse"],"picked":"Singing Bowl","floor":40},{"not_picked":["Replay:Undeath\u0027s Touch","Replay:Many Hands","Headbutt+1"],"picked":"Singing Bowl","floor":42},{"not_picked":["Whirlwind+1","Iron Wave","Twin Strike+1"],"picked":"Singing Bowl","floor":44},{"not_picked":["Shrug It Off+1","Twin Strike","Sword Boomerang+1"],"picked":"Singing Bowl","floor":47},{"not_picked":["Fire Breathing+1","Headbutt","Ghostly Armor"],"picked":"Singing Bowl","floor":48},{"not_picked":["Abandon","Sever Soul+1","Burning Pact"],"picked":"Singing Bowl","floor":54}],"player_experience":133354,"relics_obtained":[{"floor":6,"key":"Singing Bowl"},{"floor":11,"key":"Incense Burner"},{"floor":14,"key":"Simple Rune"},{"floor":23,"key":"Centennial Puzzle"},{"floor":26,"key":"Boot"},{"floor":26,"key":"InkBottle"},{"floor":27,"key":"Replay:Rubber Ducky"},{"floor":28,"key":"Anchor"},{"floor":30,"key":"Blood Vial"},{"floor":40,"key":"Oddly Smooth Stone"},{"floor":42,"key":"Another Sword"},{"floor":43,"key":"Gremlin Horn"},{"floor":44,"key":"Bottled Flame"},{"floor":54,"key":"ReplayTheSpireMod:Ninjato"}],"event_choices":[{"damage_healed":0,"gold_gain":0,"player_choice":"Max HP","damage_taken":0,"max_hp_gain":0,"max_hp_loss":5,"event_name":"Winding Halls","floor":38,"gold_loss":0},{"damage_healed":0,"gold_gain":0,"player_choice":"Ignored","damage_taken":0,"max_hp_gain":0,"max_hp_loss":0,"event_name":"Transmorgrifier","floor":45,"gold_loss":0}],"is_beta":false,"boss_relics":[{"not_picked":["Busted Crown","SacredBark"],"picked":"Runic Pyramid"},{"not_picked":["Cursed Key","Runic Cube"],"picked":"Mark of Pain"}],"items_purged_floors":[0,0,0,0,36,39],"is_endless":false,"potions_floor_spawned":[1,3,6,10,12,16,22,29,31,33,37,42,44,54],"killed_by":"The Heart","ascension_level":2}}