{"host":"e4hse1vg61zltgzv","time":1610271726,"event":{"mods":["AchievementEnabler","BaseMod","Block Reminder","Colored Map","DeckTracker","GifTheSpireLib","Minty Spire (QoL Compilation)","Rare Cards Sparkle","StSLib","SuperFastMode","everything is the same but u backflip on backflip"],"gold_per_floor":[113,113,127,127,127,157,157,189,189,189,202,212,240,259,259,331,331,347,347,347,272,290,290,308,339,366,376,409,409,426,443,443,518,518,535,435,453,469,469,494,505,535,560,586,599,599,627,644,644,644,644,644,644,118,152,152],"floor_reached":57,"playtime":1217,"items_purged":["Defend_R","Defend_R","Defend_R+1"],"score":3968,"play_id":"92efc5fd-3df8-462a-ad31-2a98fdaff972","local_time":"20210110184206","is_ascension_mode":true,"campfire_choices":[{"data":"Dark Embrace","floor":7.0,"key":"SMITH"},{"floor":15.0,"key":"RECALL"},{"data":"Defend_R","floor":23.0,"key":"SMITH"},{"floor":29,"key":"DIG"},{"floor":32,"key":"DIG"},{"floor":49,"key":"DIG"},{"floor":53,"key":"DIG"}],"circlet_count":0,"master_deck":["AscendersBane","Body Slam+1","Dark Embrace+1","Second Wind+1","Impervious+1","Feel No Pain+1","Power Through+1","Entrench+1"],"relics":["Burning Blood","Sundial","TheAbacus","Medical Kit","Singing Bowl","Shuriken","FossilizedHelix","Kunai","Toxic Egg 2","Bottled Flame","Unceasing Top","Runic Pyramid","Shovel","Bottled Lightning","Calipers","Ancient Tea Set","Boot","Pantograph","Art of War","Coffee Dripper","Toy Ornithopter","Dream Catcher","Blood Vial","War Paint","Ornamental Fan","Mercury Hourglass","Bronze Scales","Vajra","Mummified Hand"],"acts_visited":["Exordium","TheCity","TheBeyond","TheEnding"],"potions_floor_usage":[24,24,24,40,41,56],"damage_taken":[{"damage":0.0,"enemies":"Small Slimes","floor":1.0,"turns":3.0},{"damage":0.0,"enemies":"Jaw Worm","floor":3.0,"turns":3.0},{"damage":0.0,"enemies":"Lagavulin","floor":6.0,"turns":5.0},{"damage":0.0,"enemies":"3 Sentries","floor":8.0,"turns":8.0},{"damage":0.0,"enemies":"Cultist","floor":11.0,"turns":3.0},{"damage":0.0,"enemies":"Blue Slaver","floor":12.0,"turns":3.0},{"damage":0.0,"enemies":"Gremlin Nob","floor":13.0,"turns":4.0},{"damage":0.0,"enemies":"Lots of Slimes","floor":14.0,"turns":8.0},{"damage":0.0,"enemies":"The Guardian","floor":16.0,"turns":2.0},{"damage":0.0,"enemies":"Chosen","floor":18.0,"turns":2.0},{"damage":0.0,"enemies":"2 Thieves","floor":22.0,"turns":2.0},{"damage":0,"enemies":"Cultist and Chosen","floor":24,"turns":2},{"damage":0,"enemies":"Gremlin Leader","floor":25,"turns":3},{"damage":0,"enemies":"Shelled Parasite and Fungi","floor":27,"turns":2},{"damage":0,"enemies":"Slavers","floor":28,"turns":2},{"damage":0,"enemies":"Snake Plant","floor":30,"turns":2},{"damage":0,"enemies":"Chosen and Byrds","floor":31,"turns":4},{"damage":0,"enemies":"Collector","floor":33,"turns":2},{"damage":0,"enemies":"3 Shapes","floor":35,"turns":2},{"damage":0,"enemies":"Orb Walker","floor":37,"turns":2},{"damage":0,"enemies":"3 Darklings","floor":38,"turns":3},{"damage":0,"enemies":"Reptomancer","floor":40,"turns":2},{"damage":17,"enemies":"Jaw Worm Horde","floor":41,"turns":3},{"damage":0,"enemies":"Giant Head","floor":42,"turns":3},{"damage":0,"enemies":"Reptomancer","floor":44,"turns":2},{"damage":0,"enemies":"Writhing Mass","floor":45,"turns":2},{"damage":0,"enemies":"Giant Head","floor":47,"turns":3},{"damage":0,"enemies":"Spire Growth","floor":48,"turns":2},{"damage":0,"enemies":"Time Eater","floor":50,"turns":4},{"damage":0,"enemies":"Donu and Deca","floor":51,"turns":3},{"damage":0,"enemies":"Shield and Spear","floor":55,"turns":2},{"damage":0,"enemies":"The Heart","floor":56,"turns":5}],"seed_played":"109466804509589529","potions_obtained":[{"floor":0.0,"key":"Dexterity Potion"},{"floor":0.0,"key":"Dexterity Potion"},{"floor":3.0,"key":"DistilledChaos"},{"floor":11.0,"key":"SpeedPotion"},{"floor":16.0,"key":"Fruit Juice"},{"floor":18.0,"key":"EntropicBrew"},{"floor":25,"key":"AttackPotion"},{"floor":27,"key":"Energy Potion"},{"floor":42,"key":"EssenceOfSteel"},{"floor":44,"key":"FearPotion"}],"is_trial":false,"path_per_floor":["M","?","M","?","?","E","R","E","T","?","M","M","E","M","R","B",null,"M","?","?","$","M","R","M","E","T","M","E","R","M","M","R","B",null,"M","$","M","M","?","E","M","E","T","E","M","?","E","M","R","B","B",null,"R","$","E","B",null],"character_chosen":"IRONCLAD","items_purchased":["Bronze Scales","Vajra","Swift Potion"],"campfire_rested":0,"item_purchase_floors":[54,54,54],"current_hp_per_floor":[76,81,84,77,51,57,57,65,65,65,73,81,87,92,92,92,92,99,99,99,99,101,101,103,105,105,107,109,109,111,113,113,115,115,115,115,117,117,113,121,116,124,124,131,133,133,135,137,137,137,137,137,137,137,139,139],"gold":152,"neow_bonus":"THREE_SMALL_POTIONS","is_daily":false,"chose_seed":false,"campfire_upgraded":2,"win_rate":0.0,"timestamp":1610271726,"path_taken":["M","?","M","?","?","E","R","E","T","?","M","?","E","M","R","BOSS","M","?","?","$","M","R","?","E","T","M","E","R","M","M","R","BOSS","M","$","M","M","?","E","M","E","T","E","M","?","E","?","R","BOSS","BOSS","R","$","E","BOSS"],"items_purchased_type":["Relic","Relic","Potion"],"build_version":"2020-12-22","purchased_purges":3,"victory":true,"max_hp_per_floor":[77,82,84,84,84,84,84,86,86,86,88,90,90,92,92,92,92,99,99,99,99,101,101,103,105,105,107,109,109,111,113,113,115,115,115,115,117,117,123,125,127,129,129,131,133,133,135,137,137,137,137,137,137,137,139,139],"card_choices":[{"not_picked":["Armaments","Thunderclap","Carnage"],"picked":"Singing Bowl","floor":1.0},{"not_picked":["Perfected Strike","Clash","Heavy Blade"],"picked":"Singing Bowl","floor":3.0},{"not_picked":["Dropkick","Headbutt"],"picked":"Dark Embrace","floor":6.0},{"not_picked":["Headbutt","Reckless Charge","Shockwave"],"picked":"Singing Bowl","floor":8.0},{"not_picked":["Twin Strike","Inflame","Dual Wield+1"],"picked":"Singing Bowl","floor":11.0},{"not_picked":["Warcry+1","Seeing Red+1","Uppercut"],"picked":"Singing Bowl","floor":12.0},{"not_picked":["Intimidate+1","Searing Blow"],"picked":"Second Wind+1","floor":13.0},{"not_picked":["Reckless Charge","Anger","Sever Soul"],"picked":"Singing Bowl","floor":14.0},{"not_picked":["Corruption","Immolate"],"picked":"Impervious+1","floor":16.0},{"not_picked":["Armaments+1","Warcry+1","Carnage"],"picked":"Singing Bowl","floor":18.0},{"not_picked":["Clash","Headbutt","Seeing Red+1"],"picked":"Singing Bowl","floor":22.0},{"not_picked":["Perfected Strike","Pommel Strike","Twin Strike"],"picked":"Singing Bowl","floor":24},{"not_picked":["Heavy Blade","Intimidate+1","Searing Blow"],"picked":"Singing Bowl","floor":25},{"not_picked":["Anger+1","Juggernaut","Reckless Charge"],"picked":"Singing Bowl","floor":27},{"not_picked":["Warcry+1","Rampage","Fiend Fire"],"picked":"Singing Bowl","floor":28},{"not_picked":["Inflame","Body Slam","Hemokinesis"],"picked":"Singing Bowl","floor":30},{"not_picked":["Pommel Strike","Warcry+1","Carnage"],"picked":"Singing Bowl","floor":31},{"not_picked":["Feed","Bludgeon","Exhume+1"],"picked":"Singing Bowl","floor":33},{"not_picked":["Body Slam","Rupture"],"picked":"Power Through+1","floor":35},{"not_picked":["Dual Wield+1","Headbutt","Cleave"],"picked":"Singing Bowl","floor":37},{"not_picked":["Second Wind+1","True Grit+1"],"picked":"Entrench+1","floor":38},{"not_picked":["Deep Breath+1","Apotheosis+1","Secret Weapon+1"],"picked":"Singing Bowl","floor":39},{"not_picked":["Transmutation+1","Panacea+1","Bandage Up+1"],"picked":"Singing Bowl","floor":39},{"not_picked":["Enlightenment+1","Secret Technique+1","Purity+1"],"picked":"Singing Bowl","floor":39},{"not_picked":["Seeing Red+1","Wild Strike","Heavy Blade"],"picked":"Singing Bowl","floor":40},{"not_picked":["Headbutt","Body Slam+1","Inflame"],"picked":"Singing Bowl","floor":41},{"not_picked":["Clothesline","Headbutt+1","Bloodletting+1"],"picked":"Singing Bowl","floor":42},{"not_picked":["Carnage","Cleave","Berserk"],"picked":"Singing Bowl","floor":44},{"not_picked":["Shrug It Off+1","Armaments+1","Uppercut"],"picked":"Singing Bowl","floor":45},{"not_picked":["Feel No Pain","Thunderclap","Pommel Strike"],"picked":"Singing Bowl","floor":47},{"not_picked":["Battle Trance+1","Pommel Strike","Clash+1"],"picked":"Singing Bowl","floor":48},{"not_picked":["Rupture+1","Double Tap+1","Armaments+1"],"picked":"Singing Bowl","floor":55}],"player_experience":787883,"relics_obtained":[{"floor":6.0,"key":"FossilizedHelix"},{"floor":8.0,"key":"Kunai"},{"floor":9.0,"key":"Toxic Egg 2"},{"floor":13.0,"key":"Bottled Flame"},{"floor":25,"key":"Bottled Lightning"},{"floor":26,"key":"Ancient Tea Set"},{"floor":28,"key":"Boot"},{"floor":29,"key":"Pantograph"},{"floor":32,"key":"Art of War"},{"floor":40,"key":"Toy Ornithopter"},{"floor":42,"key":"Dream Catcher"},{"floor":44,"key":"Blood Vial"},{"floor":47,"key":"War Paint"},{"floor":49,"key":"Ornamental Fan"},{"floor":53,"key":"Mercury Hourglass"},{"floor":55,"key":"Mummified Hand"}],"event_choices":[{"damage_healed":0.0,"max_hp_gain":5.0,"max_hp_loss":0.0,"gold_gain":0.0,"event_name":"Big Fish","player_choice":"Donut","floor":2.0,"gold_loss":0.0,"damage_taken":0.0},{"cards_removed":["Bash"],"damage_healed":0.0,"max_hp_gain":0.0,"max_hp_loss":0.0,"gold_gain":0.0,"event_name":"Golden Wing","player_choice":"Card Removal","floor":4.0,"gold_loss":0.0,"damage_taken":7.0},{"damage_healed":0.0,"max_hp_gain":0.0,"max_hp_loss":0.0,"gold_gain":0.0,"event_name":"Scrap Ooze","player_choice":"Success","floor":5.0,"gold_loss":0.0,"damage_taken":26.0,"relics_obtained":["Shuriken"]},{"damage_healed":0.0,"max_hp_gain":0.0,"max_hp_loss":0.0,"gold_gain":0.0,"event_name":"Liars Game","player_choice":"Ignored","floor":10.0,"gold_loss":0.0,"damage_taken":0.0},{"damage_healed":0.0,"max_hp_gain":0.0,"max_hp_loss":0.0,"gold_gain":0.0,"event_name":"The Mausoleum","player_choice":"Ignored","floor":19.0,"gold_loss":0.0,"damage_taken":0.0},{"damage_healed":0.0,"max_hp_gain":0.0,"max_hp_loss":0.0,"gold_gain":0.0,"event_name":"N\u0027loth","player_choice":"Ignored","floor":20.0,"gold_loss":0.0,"damage_taken":0.0},{"damage_healed":0,"gold_gain":0,"player_choice":"Memory 3","damage_taken":10,"max_hp_gain":0,"max_hp_loss":0,"event_name":"SensoryStone","floor":39,"gold_loss":0},{"cards_removed":["Defend_R"],"damage_healed":0,"gold_gain":0,"player_choice":"Offered Basic","damage_taken":0,"max_hp_gain":0,"max_hp_loss":0,"event_name":"Bonfire Elementals","floor":46,"gold_loss":0}],"is_beta":false,"boss_relics":[{"not_picked":["Calling Bell","Black Blood"],"picked":"Runic Pyramid"},{"not_picked":["Busted Crown","Tiny House"],"picked":"Coffee Dripper"}],"items_purged_floors":[21,36,54],"is_endless":false,"potions_floor_spawned":[3,11,12,16,18,22,25,27,33,37,42,44],"ascension_level":20}}