{"host":"h23hlq20ir8sps7h","time":1610304326,"event":{"mods":["Act Like it!","Aspiration","BaseMod","BetterRewards","Colored Map","Conspire","Energized Spire","Friendly Minions","GifTheSpireLib","Halation","Hubris","Ironclad Rager","Minty Spire (QoL Compilation)","Permanent Neow","Prisma Mod","Quarter Circle Forward PUNCH!","Quick Restart","Railgun Mod","Remilia??????","Replay The Spire","SCP261 Mod","Shop Mod","Spikes Relics","StSLib","Stuff the Spire","The Animator","The Hierophant","The Problem Sleuth","The Runesmith","The Sage","Trackpad","Wandering Minibosses","vexMod"],"gold_per_floor":[109,128,147,167,167,167,167],"floor_reached":6,"playtime":484,"items_purged":[],"score":40,"play_id":"a9f48865-b576-49ea-9315-b15efa26c8af","local_time":"20210110104526","is_ascension_mode":true,"campfire_choices":[],"circlet_count":0,"master_deck":["PrismaMod:MiyuCommonDefend","PrismaMod:MiyuCommonDefend","PrismaMod:MiyuCommonDefend","PrismaMod:MiyuCommonDefend","PrismaMod:MiyuCommonDefend","PrismaMod:MiyuCommonAttack","PrismaMod:MiyuCommonAttack","PrismaMod:MiyuCommonAttack","PrismaMod:MiyuCommonAttack","PrismaMod:MiyuCheapChannelAttack","PrismaMod:MiyuCheapChannelDefend","PrismaMod:MiyuCheapEvoke","PrismaMod:MiyuDevil","PrismaMod:MiyuCheapDefend1","PrismaMod:MiyuCheapChannelDefend","Injury"],"relics":["PrismaMod:PrismaSapphire","Toxic Egg 2"],"acts_visited":["Exordium"],"potions_floor_usage":[],"damage_taken":[{"damage":0,"enemies":"Cultist","floor":1,"turns":4},{"damage":0,"enemies":"2 Louse","floor":2,"turns":2},{"damage":0,"enemies":"Jaw Worm","floor":3,"turns":4},{"damage":6,"enemies":"Blue Slaver","floor":4,"turns":6},{"damage":56,"enemies":"Gremlin Nob","floor":6,"turns":7}],"seed_played":"-2380577924924687970","potions_obtained":[{"floor":1,"key":"BlessingOfTheForge"},{"floor":3,"key":"PowerPotion"}],"is_trial":false,"path_per_floor":["M","M","M","M","?","E"],"character_chosen":"MIYU","items_purchased":[],"campfire_rested":0,"item_purchase_floors":[],"current_hp_per_floor":[75,75,75,69,69,13,13],"gold":167,"neow_bonus":"TRANSFORM_CARD","is_daily":false,"chose_seed":false,"campfire_upgraded":0,"win_rate":0.0,"timestamp":1610304326,"path_taken":["M","?","?","M","?","E"],"items_purchased_type":[],"build_version":"2020-12-22","purchased_purges":0,"victory":false,"max_hp_per_floor":[75,75,75,75,75,75,75],"card_choices":[{"not_picked":["PrismaMod:MiyuCheapStrBuff","PrismaMod:MiyuEvokeCheapAttack"],"picked":"PrismaMod:MiyuDevil","floor":1},{"not_picked":["PrismaMod:MiyuCheapChannelVul","PrismaMod:MiyuUberAttack"],"picked":"PrismaMod:MiyuCheapDefend1","floor":2},{"not_picked":["PrismaMod:MiyuEvokeCheapAttack","PrismaMod:MiyuCheapAttack1","PrismaMod:MiyuCheapChannelWeak"],"picked":"SKIP","floor":3},{"not_picked":["PrismaMod:MiyuCheapAttack2","PrismaMod:MiyuCheapEvoke"],"picked":"PrismaMod:MiyuCheapChannelDefend","floor":4}],"player_experience":279236,"relics_obtained":[],"event_choices":[],"is_beta":false,"boss_relics":[],"items_purged_floors":[],"is_endless":false,"potions_floor_spawned":[1,3],"killed_by":"Gremlin Nob","ascension_level":1}}