{"host":"z4nt7tdd4gjrinn7","time":1610250644,"event":{"mods":["BaseMod","Minty Spire (QoL Compilation)","StSLib","The Senshi","The Servant 0.9.4"],"gold_per_floor":[119,119,119,219,232,243,255,255,280,280,280,280,280,306,306,406,406,417,417,123,148,158,158,158,169,246,246,25,36,36,36,36,36,36],"floor_reached":33,"playtime":2245,"items_purged":[],"score":241,"play_id":"504b9499-2ac6-4102-9f97-ac26453f9f0d","local_time":"20210109225044","is_ascension_mode":false,"campfire_choices":[{"floor":8,"key":"REST"},{"floor":10,"key":"REST"},{"floor":12,"key":"REST"},{"floor":15,"key":"REST"},{"floor":23,"key":"REST"},{"floor":27,"key":"REST"},{"floor":30,"key":"REST"},{"data":"theSenshi:SupersonicWaves","floor":32,"key":"SMITH"}],"circlet_count":0,"master_deck":["theSenshi:SailorKick+1","theSenshi:SailorKick+1","theSenshi:SailorKick+1","theSenshi:SailorKick+1","theSenshi:SailorBlock+1","theSenshi:SailorBlock+1","theSenshi:SailorBlock+1","theSenshi:SailorBlock+1","theSenshi:RoseThrow","theSenshi:MoonPrismPowerMakeUp","theSenshi:MoonKick","theSenshi:MoonPrincessHalation","theSenshi:TallSilhouette","theSenshi:MoonPrincessHalation","theSenshi:MoonsReflection","theSenshi:SupersonicWaves","theSenshi:FatedKiss","theSenshi:MercurysCunning","theSenshi:JupitersPower","theSenshi:TuxedoSmokingBomber","theSenshi:SaturnsMystery","theSenshi:SailorMarsAssists","theSenshi:VenusGlamour","theSenshi:CrisisMakeUp+1","theSenshi:SailorVenusAssists","theSenshi:SupersonicWaves+1","theSenshi:InTheNameOfTheMoon","theSenshi:MoonTiaraMagic","theSenshi:MoonTwilightFlash","theSenshi:MoonKick","theSenshi:ChibiMoonsLove"],"relics":["theSenshi:TransformationBroochRelic","Dream Catcher","Bird Faced Urn","Anchor","Velvet Choker","Sundial","PreservedInsect","HornCleat","Lee\u0027s Waffle"],"acts_visited":["Exordium","TheCity"],"potions_floor_usage":[22,22,22,22,22],"damage_taken":[{"damage":5,"enemies":"2 Louse","floor":1,"turns":3},{"damage":1,"enemies":"Small Slimes","floor":5,"turns":4},{"damage":6,"enemies":"Cultist","floor":6,"turns":4},{"damage":5,"enemies":"Exordium Wildlife","floor":7,"turns":5},{"damage":27,"enemies":"Lagavulin","floor":14,"turns":7},{"damage":67,"enemies":"The Guardian","floor":16,"turns":12},{"damage":48,"enemies":"Spheric Guardian","floor":18,"turns":6},{"damage":34,"enemies":"2 Thieves","floor":22,"turns":5},{"damage":16,"enemies":"Sentry and Sphere","floor":25,"turns":4},{"damage":18,"enemies":"Centurion and Healer","floor":29,"turns":6},{"damage":109,"enemies":"Collector","floor":33,"turns":6}],"seed_played":"-2177280279054922117","potions_obtained":[{"floor":6,"key":"EntropicBrew"},{"floor":14,"key":"FearPotion"},{"floor":22,"key":"BlessingOfTheForge"},{"floor":25,"key":"Weak Potion"},{"floor":29,"key":"EntropicBrew"}],"is_trial":false,"path_per_floor":["M","?","?","?","M","M","M","R","T","R","?","R","T","E","R","B",null,"M","?","$","T","M","R","?","M","T","R","$","M","R","?","R","B"],"character_chosen":"THE_SENSHI","items_purchased":["theSenshi:VenusGlamour","Sundial","theSenshi:MoonTwilightFlash","Lee\u0027s Waffle"],"campfire_rested":7,"item_purchase_floors":[20,20,28,28],"current_hp_per_floor":[77,77,77,77,76,70,65,82,82,82,82,82,82,57,81,17,82,34,34,34,34,12,36,36,24,24,48,89,75,89,89,89,0,0],"gold":36,"neow_bonus":"TEN_PERCENT_HP_BONUS","is_daily":false,"chose_seed":false,"campfire_upgraded":1,"win_rate":0.0,"timestamp":1610250644,"path_taken":["M","?","?","?","?","M","M","R","T","R","?","R","?","E","R","BOSS","M","?","$","?","M","R","?","?","T","R","$","M","R","?","R","BOSS"],"items_purchased_type":["Card","Relic","Card","Relic"],"build_version":"2020-12-22","purchased_purges":0,"victory":false,"max_hp_per_floor":[82,82,82,82,82,82,82,82,82,82,82,82,82,82,82,82,82,82,82,82,82,82,82,82,82,82,82,89,89,89,89,89,89,89],"card_choices":[{"not_picked":["theSenshi:SchoolBag","theSenshi:MoonCrystalPowerMakeUp"],"picked":"theSenshi:MoonKick","floor":1},{"not_picked":["theSenshi:LunaWiseMentor","theSenshi:EncouragingSpeech"],"picked":"theSenshi:MoonPrincessHalation","floor":5},{"not_picked":["theSenshi:MoonPunch","theSenshi:MoonKick"],"picked":"theSenshi:TallSilhouette","floor":6},{"not_picked":["theSenshi:TallSilhouette","theSenshi:SteeledNerves"],"picked":"theSenshi:MoonPrincessHalation","floor":7},{"not_picked":["theSenshi:MoonPrincessHalation","theSenshi:LunasBite"],"picked":"theSenshi:MoonsReflection","floor":10},{"not_picked":["theSenshi:GatheringStrength","theSenshi:MoonsReflection"],"picked":"theSenshi:SupersonicWaves","floor":12},{"not_picked":["theSenshi:SupersonicWaves","theSenshi:MoonKick"],"picked":"theSenshi:FatedKiss","floor":14},{"not_picked":["theSenshi:SupersonicWaves","theSenshi:TallSilhouette"],"picked":"theSenshi:MercurysCunning","floor":15},{"not_picked":["theSenshi:FatedKiss","theSenshi:GlimpseOfThePast"],"picked":"theSenshi:JupitersPower","floor":16},{"not_picked":["theSenshi:SupersonicWaves","theSenshi:SailorNeptuneAssists"],"picked":"theSenshi:TuxedoSmokingBomber","floor":18},{"not_picked":["theSenshi:HesSoDreamy","theSenshi:UranusStrength+1"],"picked":"theSenshi:CrisisMakeUp+1","floor":22},{"not_picked":["theSenshi:SchoolBag","theSenshi:SailorMercuryAssists"],"picked":"theSenshi:SailorVenusAssists","floor":23},{"not_picked":["theSenshi:LateForSchool+1","theSenshi:SailorV+1"],"picked":"theSenshi:InTheNameOfTheMoon","floor":25},{"not_picked":["theSenshi:TuxedoSmokingBomber","theSenshi:MoonsReflection+1"],"picked":"theSenshi:MoonTiaraMagic","floor":27},{"not_picked":["theSenshi:SailorChibiMoonAssists","theSenshi:KlutzyLuck"],"picked":"theSenshi:MoonKick","floor":29},{"not_picked":["theSenshi:InTheNickOfTime","theSenshi:NeptunesGrace+1"],"picked":"theSenshi:ChibiMoonsLove","floor":30}],"player_experience":38535,"relics_obtained":[{"floor":9,"key":"Dream Catcher"},{"floor":13,"key":"Bird Faced Urn"},{"floor":14,"key":"Anchor"},{"floor":21,"key":"PreservedInsect"},{"floor":26,"key":"HornCleat"}],"event_choices":[{"damage_healed":0,"gold_gain":0,"player_choice":"Ignored","damage_taken":0,"max_hp_gain":0,"max_hp_loss":0,"event_name":"Golden Wing","floor":2,"gold_loss":0},{"damage_healed":0,"gold_gain":0,"player_choice":"Ignored","damage_taken":0,"max_hp_gain":0,"max_hp_loss":0,"event_name":"Golden Idol","floor":3,"gold_loss":0},{"damage_healed":0,"gold_gain":100,"player_choice":"Pray","damage_taken":0,"max_hp_gain":0,"max_hp_loss":0,"event_name":"Golden Shrine","floor":4,"gold_loss":0},{"damage_healed":0,"gold_gain":0,"player_choice":"Fled","damage_taken":0,"max_hp_gain":0,"max_hp_loss":0,"event_name":"Scrap Ooze","floor":11,"gold_loss":0},{"damage_healed":0,"gold_gain":0,"player_choice":"2 cards matched","damage_taken":0,"max_hp_gain":0,"max_hp_loss":0,"event_name":"Match and Keep!","floor":19,"gold_loss":0,"cards_obtained":["theSenshi:SaturnsMystery","theSenshi:SailorMarsAssists"]},{"damage_healed":0,"gold_gain":0,"player_choice":"Copied","damage_taken":0,"max_hp_gain":0,"max_hp_loss":0,"event_name":"Duplicator","floor":24,"gold_loss":0,"cards_obtained":["theSenshi:SupersonicWaves"]},{"damage_healed":0,"gold_gain":0,"player_choice":"Simplicity","damage_taken":0,"max_hp_gain":0,"max_hp_loss":0,"event_name":"Back to Basics","floor":31,"gold_loss":0,"cards_upgraded":["theSenshi:SailorKick","theSenshi:SailorKick","theSenshi:SailorKick","theSenshi:SailorKick","theSenshi:SailorBlock","theSenshi:SailorBlock","theSenshi:SailorBlock","theSenshi:SailorBlock"]}],"is_beta":false,"boss_relics":[{"not_picked":["Coffee Dripper","Philosopher\u0027s Stone"],"picked":"Velvet Choker"}],"items_purged_floors":[],"is_endless":false,"potions_floor_spawned":[6,14,22,25,29],"killed_by":"Collector","ascension_level":0}}