{"host":"1a3cjta80tad0aqj","time":1610268564,"event":{"mods":["2.2 Compatiblity","AchievementEnabler","BaseMod","Colored Map","DeckTracker","KOR Keyword Fix","Keyboard Shortcuts","Minty Spire (QoL Compilation)","Permanent Neow","Quick Restart","Random Character Button","StSLib","SuperFastMode","everything is the same but u backflip on backflip"],"gold_per_floor":[113,125,50,61,74,105,121,150,175,175,200,47,61,80,80,185,185,205,205,205,57,84,110,110,137,191,225,225,205,205,220,220,319,319,332,347,95,105,122,122,154,154,180,191,205,80,80,40,40,40],"floor_reached":51,"playtime":2155,"items_purged":["Defend_R","Strike_R","Strike_R"],"score":817,"play_id":"887cae41-646a-479c-acd9-b704943fbe79","local_time":"20210110174924","is_ascension_mode":true,"campfire_choices":[{"floor":10,"key":"REST"},{"floor":15,"key":"REST"},{"floor":24,"key":"REST"},{"data":"Infernal Blade","floor":28,"key":"SMITH"},{"floor":30,"key":"REST"},{"data":"Heavy Blade","floor":32,"key":"SMITH"},{"data":"Double Tap","floor":40,"key":"SMITH"},{"floor":42,"key":"REST"},{"data":"Shrug It Off","floor":49,"key":"SMITH"}],"circlet_count":0,"master_deck":["Strike_R","Strike_R","Strike_R","Defend_R","Defend_R+1","Bash","Offering+1","Thunderclap","Heavy Blade+1","Searing Blow","Shrug It Off+1","Dual Wield","Heavy Blade+1","Shrug It Off","Battle Trance","Anger","Infernal Blade+1","Double Tap+1","Heavy Blade+1","Inflame+1","Demon Form"],"relics":["Burning Blood","Red Skull","Dream Catcher","Potion Belt","Anchor","HandDrill","Sozu","MutagenicStrength","Nilry\u0027s Codex","Ancient Tea Set","Red Mask","Happy Flower","Blood Vial","War Paint","Vajra","Busted Crown","Pen Nib","Omamori","Orichalcum"],"acts_visited":["Exordium","TheCity","TheBeyond"],"potions_floor_usage":[22,50,50,50],"damage_taken":[{"damage":11,"enemies":"Jaw Worm","floor":1,"turns":4},{"damage":6,"enemies":"Small Slimes","floor":2,"turns":2},{"damage":1,"enemies":"Cultist","floor":4,"turns":3},{"damage":10,"enemies":"Looter","floor":5,"turns":3},{"damage":20,"enemies":"Gremlin Nob","floor":6,"turns":4},{"damage":17,"enemies":"Exordium Thugs","floor":7,"turns":5},{"damage":21,"enemies":"Lagavulin","floor":8,"turns":5},{"damage":33,"enemies":"Gremlin Nob","floor":11,"turns":4},{"damage":2,"enemies":"Blue Slaver","floor":13,"turns":2},{"damage":7,"enemies":"2 Fungi Beasts","floor":14,"turns":3},{"damage":36,"enemies":"Hexaghost","floor":16,"turns":8},{"damage":23,"enemies":"Shell Parasite","floor":18,"turns":4},{"damage":11,"enemies":"Masked Bandits","floor":22,"turns":4},{"damage":24,"enemies":"Slavers","floor":23,"turns":4},{"damage":11,"enemies":"Gremlin Leader","floor":25,"turns":3},{"damage":20,"enemies":"Slavers","floor":27,"turns":4},{"damage":0,"enemies":"Chosen","floor":31,"turns":3},{"damage":32,"enemies":"Champ","floor":33,"turns":6},{"damage":10,"enemies":"Orb Walker","floor":35,"turns":3},{"damage":8,"enemies":"3 Shapes","floor":36,"turns":2},{"damage":18,"enemies":"Jaw Worm Horde","floor":38,"turns":3},{"damage":14,"enemies":"4 Shapes","floor":39,"turns":4},{"damage":12,"enemies":"Nemesis","floor":41,"turns":3},{"damage":10,"enemies":"3 Darklings","floor":44,"turns":2},{"damage":14,"enemies":"Spire Growth","floor":45,"turns":3},{"damage":26,"enemies":"Donu and Deca","floor":50,"turns":3}],"seed_played":"4829453673337129664","potions_obtained":[{"floor":1,"key":"Block Potion"},{"floor":4,"key":"SteroidPotion"},{"floor":6,"key":"LiquidMemories"},{"floor":14,"key":"AttackPotion"}],"is_trial":false,"path_per_floor":["M","M","$","M","M","E","M","E","T","R","E","$","M","M","R","B",null,"M","?","?","$","?","E","R","E","T","E","R","?","R","M","R","B",null,"M","M","$","M","M","R","E","R","T","M","M","$","?","?","R","B",null],"character_chosen":"IRONCLAD","items_purchased":["HandDrill","Ancient Tea Set","Pen Nib"],"campfire_rested":5,"item_purchase_floors":[12,21,37],"current_hp_per_floor":[75,75,75,80,76,62,51,36,36,60,33,33,37,36,60,30,80,63,63,47,47,42,24,48,43,43,31,31,31,55,63,63,39,80,76,76,76,66,60,60,56,80,80,76,70,70,70,70,70,52],"gold":40,"neow_bonus":"ONE_RANDOM_RARE_CARD","is_daily":false,"chose_seed":false,"campfire_upgraded":4,"win_rate":0.0,"timestamp":1610268564,"path_taken":["M","M","$","M","M","E","M","E","T","R","E","$","M","M","R","BOSS","M","?","?","$","?","E","R","E","T","E","R","?","R","M","R","BOSS","M","M","$","M","M","R","E","R","T","M","M","$","?","?","R","BOSS"],"items_purchased_type":["Relic","Relic","Relic"],"build_version":"2020-12-22","purchased_purges":3,"victory":true,"max_hp_per_floor":[80,80,80,80,80,80,80,80,80,80,80,80,80,80,80,80,80,80,80,80,80,80,80,80,80,80,80,80,80,80,80,80,80,80,80,80,80,80,80,80,80,80,80,80,80,80,80,80,80,80],"card_choices":[{"not_picked":["Disarm","Wild Strike"],"picked":"Thunderclap","floor":1},{"not_picked":["Entrench","Reckless Charge"],"picked":"Heavy Blade","floor":2},{"not_picked":["Clothesline","Flex"],"picked":"Searing Blow","floor":4},{"not_picked":["Combust","Iron Wave"],"picked":"Shrug It Off","floor":5},{"not_picked":["Body Slam","Rampage"],"picked":"Dual Wield","floor":6},{"not_picked":["Juggernaut","Searing Blow"],"picked":"Heavy Blade","floor":7},{"not_picked":["Havoc","Bloodletting","Thunderclap"],"picked":"SKIP","floor":8},{"not_picked":["Heavy Blade","Warcry"],"picked":"Shrug It Off","floor":11},{"not_picked":["Iron Wave","Second Wind"],"picked":"Battle Trance","floor":13},{"not_picked":["Bloodletting","Armaments"],"picked":"Anger","floor":14},{"not_picked":["Rupture","Anger"],"picked":"Infernal Blade","floor":15},{"not_picked":["Fiend Fire","Reaper"],"picked":"Double Tap","floor":16},{"not_picked":["Fire Breathing","Havoc"],"picked":"Heavy Blade+1","floor":18},{"not_picked":["Evolve","Blood for Blood+1","Burning Pact"],"picked":"SKIP","floor":23},{"not_picked":["Twin Strike","Intimidate+1","Clothesline"],"picked":"SKIP","floor":25},{"not_picked":["Searing Blow","Armaments+1"],"picked":"Inflame+1","floor":27},{"not_picked":["Dropkick","Sever Soul","True Grit"],"picked":"SKIP","floor":31},{"not_picked":["Double Tap","Exhume"],"picked":"Demon Form","floor":33},{"not_picked":["Perfected Strike+1"],"picked":"SKIP","floor":35},{"not_picked":["Clothesline+1"],"picked":"SKIP","floor":36},{"not_picked":["Twin Strike"],"picked":"SKIP","floor":38},{"not_picked":["Body Slam"],"picked":"SKIP","floor":39},{"not_picked":["Thunderclap+1"],"picked":"SKIP","floor":41},{"not_picked":["Sword Boomerang"],"picked":"SKIP","floor":44},{"not_picked":["Armaments+1"],"picked":"SKIP","floor":45}],"player_experience":265959,"relics_obtained":[{"floor":6,"key":"Red Skull"},{"floor":8,"key":"Dream Catcher"},{"floor":9,"key":"Potion Belt"},{"floor":11,"key":"Anchor"},{"floor":20,"key":"Nilry\u0027s Codex"},{"floor":22,"key":"Red Mask"},{"floor":23,"key":"Happy Flower"},{"floor":25,"key":"Blood Vial"},{"floor":26,"key":"War Paint"},{"floor":27,"key":"Vajra"},{"floor":41,"key":"Omamori"},{"floor":43,"key":"Orichalcum"}],"event_choices":[{"damage_healed":0,"gold_gain":0,"player_choice":"Inject Mutagens","damage_taken":0,"relics_obtained":["MutagenicStrength"],"max_hp_gain":0,"max_hp_loss":0,"event_name":"Drug Dealer","floor":19,"gold_loss":0},{"damage_healed":0,"gold_gain":0,"player_choice":"Obtained Book","damage_taken":16,"max_hp_gain":0,"max_hp_loss":0,"event_name":"Cursed Tome","floor":20,"gold_loss":0},{"damage_healed":0,"gold_gain":0,"player_choice":"Fought Bandits","damage_taken":0,"max_hp_gain":0,"max_hp_loss":0,"event_name":"Masked Bandits","floor":22,"gold_loss":0},{"damage_healed":0,"gold_gain":0,"player_choice":"Bought 1 Potion","damage_taken":0,"max_hp_gain":0,"max_hp_loss":0,"event_name":"The Woman in Blue","floor":29,"gold_loss":0},{"cards_removed":["Defend_R"],"damage_healed":0,"gold_gain":0,"player_choice":"Removed Skill","damage_taken":0,"max_hp_gain":0,"max_hp_loss":0,"event_name":"Falling","floor":47,"gold_loss":0},{"damage_healed":0,"gold_gain":0,"player_choice":"Upgrade","damage_taken":0,"max_hp_gain":0,"max_hp_loss":0,"event_name":"Designer","floor":48,"gold_loss":40,"cards_upgraded":["Heavy Blade"]}],"is_beta":false,"boss_relics":[{"not_picked":["Empty Cage","Velvet Choker"],"picked":"Sozu"},{"not_picked":["Runic Pyramid","Black Blood"],"picked":"Busted Crown"}],"items_purged_floors":[3,37,46],"is_endless":false,"potions_floor_spawned":[1,4,6,7,14,18,23,31,39,44,45],"ascension_level":1}}