{"host":"6qo42zgaknezulyg","time":1610254646,"event":{"mods":["2.2 Compatiblity","BaseMod","Downfall","Keyboard Shortcuts","Minty Spire (QoL Compilation)","Permanent Neow","Quick Restart","StSLib","SuperFastMode"],"gold_per_floor":[99,113,213,224,62,77,77,91,123,123,48,67,67,167,183,183,183],"floor_reached":16,"playtime":507,"items_purged":["sneckomod:Strike"],"score":102,"play_id":"64a9552a-977a-4412-8117-df9854ba25d6","local_time":"20210110135726","is_ascension_mode":false,"campfire_choices":[{"data":"sneckomod:SnekBite","floor":1.0,"key":"SMITH"},{"floor":11,"key":"REST"},{"data":"sneckomod:MasterEye","floor":13,"key":"SMITH"}],"circlet_count":0,"master_deck":["sneckomod:Strike","sneckomod:Strike","sneckomod:Defend","sneckomod:Defend","sneckomod:Defend","sneckomod:TailWhip","sneckomod:SnekBite+1","sneckomod:Unknown","sneckomod:Unknown","sneckomod:UnknownClassGUARDIAN","sneckomod:SerpentIdol","sneckomod:MasterEye+1","sneckomod:Unknown0Cost","sneckomod:UnknownX"],"relics":["sneckomod:SneckoSoul","Ice Cream","Shuriken","Boot","downfall:HeartBlessingGreen","downfall:GremlinWheel"],"acts_visited":["Exordium"],"potions_floor_usage":[14,16],"damage_taken":[{"damage":7.0,"enemies":"Jaw Worm","floor":2.0,"turns":4.0},{"damage":0.0,"enemies":"Cultist","floor":4.0,"turns":2.0},{"damage":5.0,"enemies":"downfall:FleeingMerchant","floor":5.0,"turns":4.0},{"damage":9.0,"enemies":"2 Louse","floor":6.0,"turns":3.0},{"damage":26.0,"enemies":"Gremlin Gang","floor":8.0,"turns":4.0},{"damage":25.0,"enemies":"Gremlin Nob","floor":9.0,"turns":4.0},{"damage":5,"enemies":"2 Fungi Beasts","floor":12,"turns":4},{"damage":27,"enemies":"2 Fungi Beasts","floor":14,"turns":4},{"damage":1,"enemies":"Red Slaver","floor":15,"turns":3},{"damage":0,"enemies":"downfall:Silent","floor":16,"turns":1}],"seed_played":"-8941315580809304480","potions_obtained":[{"floor":2.0,"key":"hexamod:EctoCoolerPotion"},{"floor":4.0,"key":"DistilledChaos"},{"floor":6.0,"key":"sneckomod:MuddlingPotion"},{"floor":8.0,"key":"Energy Potion"},{"floor":14,"key":"PowerPotion"}],"is_trial":false,"path_per_floor":["R","M","?","M","$","M","T","M","E","?","R","M","R","?","M","B"],"character_chosen":"THE_SNECKO","items_purchased":["sneckomod:MasterEye"],"campfire_rested":1,"item_purchase_floors":[5],"current_hp_per_floor":[81,78,78,78,73,65,65,40,15,15,40,35,35,8,7,7,7],"gold":183,"neow_bonus":"ONE_RARE_RELIC","is_daily":false,"chose_seed":false,"campfire_upgraded":2,"win_rate":0.0,"timestamp":1610254646,"path_taken":["R","M","?","M","?","M","T","M","E","?","R","M","R","?","M","BOSS"],"items_purchased_type":["Card"],"build_version":"2020-12-22","purchased_purges":1,"victory":false,"max_hp_per_floor":[81,82,82,82,82,83,83,84,84,84,84,84,84,84,84,84,84],"card_choices":[{"not_picked":["sneckomod:QuickMove","sneckomod:UnknownWeak"],"picked":"sneckomod:UnknownClassGUARDIAN","floor":2.0},{"not_picked":["sneckomod:PureSnecko","sneckomod:UnknownCommonSkill","sneckomod:DiceBlock"],"picked":"SKIP","floor":4.0},{"not_picked":["sneckomod:Cheat","sneckomod:UnknownClassRED"],"picked":"sneckomod:SerpentIdol","floor":5.0},{"not_picked":["sneckomod:QuickBite","sneckomod:WideSting"],"picked":"sneckomod:Unknown0Cost","floor":6.0},{"not_picked":["sneckomod:ImprovisedAttack","sneckomod:UnknownClassBLUE"],"picked":"sneckomod:UnknownX","floor":8.0},{"not_picked":["sneckomod:UnknownVulnerable","sneckomod:Nope","sneckomod:UnknownUncommonAttack"],"picked":"SKIP","floor":9.0},{"not_picked":["sneckomod:WideSting","sneckomod:DiceBlock","sneckomod:UnknownVulnerable"],"picked":"SKIP","floor":12},{"not_picked":["sneckomod:Rotation","sneckomod:WideSting","sneckomod:IronFang"],"picked":"SKIP","floor":15}],"player_experience":1101367,"relics_obtained":[{"floor":7.0,"key":"Shuriken"},{"floor":9.0,"key":"Boot"},{"floor":14,"key":"downfall:GremlinWheel"}],"event_choices":[{"damage_healed":0,"gold_gain":0,"player_choice":"Fled","damage_taken":0,"max_hp_gain":0,"max_hp_loss":0,"event_name":"Scrap Ooze","floor":10,"gold_loss":0}],"is_beta":false,"boss_relics":[],"items_purged_floors":[5],"is_endless":false,"potions_floor_spawned":[2,4,6,8,14],"killed_by":"downfall:Silent","ascension_level":0}}