{"host":"zzf13dk0jcen0ncv","time":1610266320,"event":{"mods":["AchievementEnabler","BaseMod","BetterRewards","Colored Map","Keyboard Shortcuts","Minty Spire (QoL Compilation)","Quick Restart","Shop Mod","StSLib","SuperFastMode","The Dragon Tamer","Waifu the Spire"],"gold_per_floor":[109,18,18,34,109,144,144,156,156,170,199,228,243,261,261,360,360,372,372,337,8,8,42,42,53,53,88,188,208,208,224,224,326,326,339,355,39,54,68,98,98,126,126,126,152,152,82,96,96,96,96,96,19,46,46],"floor_reached":56,"playtime":2695,"items_purged":["DTMod:Strike","DTMod:Strike"],"score":2660,"play_id":"610c12e7-8542-4f21-950d-10bdc608be3a","local_time":"20210110171200","is_ascension_mode":true,"metric_token":799,"campfire_choices":[{"floor":7.0,"key":"DIG"},{"floor":15.0,"key":"DIG"},{"floor":24.0,"key":"DIG"},{"floor":32.0,"key":"DIG"},{"floor":41.0,"key":"RECALL"},{"floor":44.0,"key":"DIG"},{"floor":46.0,"key":"DIG"},{"floor":49,"key":"REST"},{"floor":52,"key":"DIG"}],"dtmod_dragon_data":[24,50,2,1,5,11],"circlet_count":0,"master_deck":["DTMod:DoubleHit","DTMod:TargetDefense+1","DTMod:TargetDefense","DTMod:TargetDefense","DTMod:TargetDefense","DTMod:SwitchingTactic","DTMod:Haste+1","DTMod:Dissolve","DTMod:WarmUp","DTMod:PurifyingFlame","Violence","DTMod:Cover","DTMod:StarRain","DTMod:InvisibleFlame","DTMod:HeatWave","DTMod:Hide","DTMod:CalculatedDefense","DTMod:GhostSkin","DTMod:CalculatedDefense","DTMod:MaximumCharge","DTMod:RunningTactic","DTMod:ResonanceForm","DTMod:BurningEnergy","DTMod:RunningTactic","DTMod:BurningEnergy","DTMod:RunningTactic","DTMod:Safeguard","DTMod:Hide+1","DTMod:BurningForce+1","DTMod:WarmUp","DTMod:InvisibleFlame+1","DTMod:CalculatedDefense","DTMod:ShadowImage+1","DTMod:WarmUp+1","DTMod:ExcessFootwork+1","DTMod:Dissolve+1","DTMod:LastStand","DTMod:BlueScale+1","DTMod:Dissolve+1","DTMod:CalculatedDefense+1","DTMod:RepeatStrike+1"],"relics":["DTMod:PactStone","Shovel","DTMod:TacticalNote","Medical Kit","Toy Ornithopter","DTMod:OddArmor","Mango","War Paint","Meat on the Bone","Strawberry","Orichalcum","Odd Mushroom","Mummified Hand","Torii","Runic Dome","DTMod:SwitchButton","Nilry\u0027s Codex","Gremlin Horn","Matryoshka","Molten Egg 2","Frozen Egg 2","Centennial Puzzle","DTMod:SolidMemories","Singing Bowl","Omamori","Runic Pyramid","Kunai","HornCleat","Boot","StrikeDummy","InkBottle","Dead Branch","Toxic Egg 2","Bottled Tornado","Calipers"],"acts_visited":["Exordium","TheCity","TheBeyond","TheEnding"],"potions_floor_usage":[48,48],"damage_taken":[{"damage":0.0,"enemies":"Cultist","floor":1.0,"turns":4.0},{"damage":6.0,"enemies":"Small Slimes","floor":4.0,"turns":4.0},{"damage":17.0,"enemies":"Gremlin Nob","floor":6.0,"turns":7.0},{"damage":0.0,"enemies":"2 Louse","floor":8.0,"turns":2.0},{"damage":0.0,"enemies":"Exordium Thugs","floor":10.0,"turns":5.0},{"damage":0.0,"enemies":"The Mushroom Lair","floor":11.0,"turns":6.0},{"damage":0.0,"enemies":"Lagavulin","floor":12.0,"turns":7.0},{"damage":0.0,"enemies":"Exordium Wildlife","floor":13.0,"turns":5.0},{"damage":0.0,"enemies":"Large Slime","floor":14.0,"turns":6.0},{"damage":0.0,"enemies":"Hexaghost","floor":16.0,"turns":12.0},{"damage":0.0,"enemies":"Chosen","floor":18.0,"turns":8.0},{"damage":11.0,"enemies":"2 Thieves","floor":20.0,"turns":5.0},{"damage":0.0,"enemies":"Book of Stabbing","floor":23.0,"turns":6.0},{"damage":0.0,"enemies":"Centurion and Healer","floor":25.0,"turns":2.0},{"damage":0.0,"enemies":"Slavers","floor":27.0,"turns":6.0},{"damage":0.0,"enemies":"Colosseum Slavers","floor":28.0,"turns":6.0},{"damage":22.0,"enemies":"Colosseum Nobs","floor":28.0,"turns":10.0},{"damage":0.0,"enemies":"Snecko","floor":29.0,"turns":2.0},{"damage":1.0,"enemies":"Cultist and Chosen","floor":31.0,"turns":5.0},{"damage":0.0,"enemies":"Champ","floor":33.0,"turns":11.0},{"damage":0.0,"enemies":"Orb Walker","floor":35.0,"turns":3.0},{"damage":0.0,"enemies":"3 Darklings","floor":36.0,"turns":4.0},{"damage":0.0,"enemies":"Transient","floor":38.0,"turns":5.0},{"damage":17.0,"enemies":"Writhing Mass","floor":39.0,"turns":5.0},{"damage":0.0,"enemies":"Reptomancer","floor":40.0,"turns":4.0},{"damage":0.0,"enemies":"Nemesis","floor":42.0,"turns":5.0},{"damage":0.0,"enemies":"Giant Head","floor":45.0,"turns":6.0},{"damage":0,"enemies":"3 Darklings","floor":48,"turns":6},{"damage":0,"enemies":"Time Eater","floor":50,"turns":10},{"damage":0,"enemies":"Shield and Spear","floor":54,"turns":4},{"damage":0,"enemies":"The Heart","floor":55,"turns":7}],"seed_played":"-1194344530269476508","potions_obtained":[{"floor":1.0,"key":"SmokeBomb"},{"floor":4.0,"key":"SneckoOil"},{"floor":6.0,"key":"Energy Potion"},{"floor":12.0,"key":"Fire Potion"},{"floor":16.0,"key":"SteroidPotion"},{"floor":23.0,"key":"SkillPotion"},{"floor":27.0,"key":"DuplicationPotion"},{"floor":28.0,"key":"FearPotion"},{"floor":33.0,"key":"ColorlessPotion"},{"floor":36.0,"key":"Strength Potion"},{"floor":40.0,"key":"SkillPotion"},{"floor":45.0,"key":"Fire Potion"},{"floor":48,"key":"DuplicationPotion"}],"is_trial":false,"path_per_floor":["M","$","?","M","?","E","R","M","T","M","?","E","M","M","R","B",null,"M","?","M","$","?","E","R","M","T","E","?","M","?","M","R","B",null,"M","M","$","M","M","E","R","E","T","R","E","R","$","M","R","B",null,"R","$","E","B",null],"character_chosen":"THE_DT","items_purchased":["Shovel","DTMod:TacticalNote","DTMod:Haste","DTMod:Dissolve","Medical Kit","Toy Ornithopter","DTMod:WarmUp","DTMod:PurifyingFlame","Violence","DTMod:Cover","DTMod:OddArmor","Mango","War Paint","DTMod:StarRain","DTMod:InvisibleFlame","DTMod:Hide","DTMod:CalculatedDefense","DTMod:WarmUp","DTMod:SwitchButton","Kunai","DTMod:LastStand","DTMod:Dissolve+1","DTMod:CalculatedDefense+1"],"campfire_rested":1,"item_purchase_floors":[0,0,0,0,0,0,0,0,0,0,0,0,0,0,0,2,2,21,21,37,37,47,53],"current_hp_per_floor":[55,55,55,49,38,21,28,40,40,40,40,40,45,45,45,55,63,63,63,52,52,36,36,36,36,36,41,33,45,45,44,44,44,62,62,64,64,66,51,53,53,65,65,65,65,65,65,77,80,80,80,80,80,80,80],"gold":46,"neow_bonus":"","is_daily":false,"chose_seed":false,"campfire_upgraded":0,"win_rate":0.0,"timestamp":1610266320,"path_taken":["M","?","?","?","?","E","R","M","T","M","?","E","?","M","R","BOSS","M","?","M","$","?","E","R","M","T","E","?","M","?","M","R","BOSS","M","M","$","M","M","E","R","E","T","R","E","R","$","M","R","BOSS","R","$","E","BOSS"],"items_purchased_type":["Relic","Relic","Card","Card","Relic","Relic","Card","Card","Card","Card","Relic","Relic","Relic","Card","Card","Card","Card","Card","Relic","Relic","Card","Card","Card"],"build_version":"2020-12-22","purchased_purges":2,"victory":true,"max_hp_per_floor":[59,59,59,59,59,59,66,66,66,66,66,66,66,66,66,66,66,66,66,66,66,66,66,66,66,66,66,68,68,68,68,68,68,68,68,70,70,72,74,76,76,78,78,78,78,78,78,80,80,80,80,80,80,80,80],"card_choices":[{"not_picked":["DTMod:Cover","DTMod:Training","DTMod:ComboAttack"],"picked":"SKIP","floor":1.0},{"not_picked":["DTMod:MagicField","DTMod:Cover"],"picked":"DTMod:CalculatedDefense","floor":4.0},{"not_picked":["DTMod:Threaten","DTMod:Cover"],"picked":"DTMod:MaximumCharge","floor":6.0},{"not_picked":["DTMod:Conduct","DTMod:CleansingStrike"],"picked":"DTMod:RunningTactic","floor":8.0},{"not_picked":["DTMod:StarRain","DTMod:Conduct"],"picked":"DTMod:ResonanceForm","floor":10.0},{"not_picked":["DTMod:CleansingStrike","DTMod:Weaken"],"picked":"DTMod:BurningEnergy","floor":11.0},{"not_picked":["DTMod:Punisher","DTMod:Hide"],"picked":"DTMod:RunningTactic","floor":12.0},{"not_picked":["DTMod:BreakAttack","DTMod:GhostSkin"],"picked":"DTMod:BurningEnergy","floor":13.0},{"not_picked":["DTMod:Punisher","DTMod:BlazingStrike"],"picked":"DTMod:RunningTactic","floor":14.0},{"not_picked":["DTMod:RepeatStrike","DTMod:OpeningTactic"],"picked":"DTMod:Safeguard","floor":16.0},{"not_picked":["DTMod:Weaken+1","DTMod:HeatWave+1"],"picked":"DTMod:Hide+1","floor":18.0},{"not_picked":["DTMod:Shift","DTMod:SealedStrike"],"picked":"DTMod:BurningForce+1","floor":20.0},{"not_picked":["DTMod:Overwhelm","DTMod:PurifyingFlame+1"],"picked":"DTMod:InvisibleFlame+1","floor":23.0},{"not_picked":["DTMod:FlameSlash","DTMod:MagicField"],"picked":"DTMod:CalculatedDefense","floor":25.0},{"not_picked":["DTMod:CleansingStrike+1","DTMod:BreakAttack+1","DTMod:LowKick+1"],"picked":"SKIP","floor":27.0},{"not_picked":["DTMod:Feint+1","DTMod:MagicField","DTMod:ComboAttack+1"],"picked":"Singing Bowl","floor":28.0},{"not_picked":["DTMod:Cover","DTMod:MagicField"],"picked":"DTMod:ShadowImage+1","floor":29.0},{"not_picked":["DTMod:FlameSlash+1","DTMod:HeatWave+1"],"picked":"DTMod:WarmUp+1","floor":31.0},{"not_picked":["DTMod:Safeguard+1","DTMod:LightShield"],"picked":"DTMod:ExcessFootwork+1","floor":33.0},{"not_picked":["DTMod:MagicField","DTMod:DarkBreath+1"],"picked":"DTMod:Dissolve+1","floor":35.0},{"not_picked":["DTMod:Cover","DTMod:Conduct","DTMod:Feint+1"],"picked":"Singing Bowl","floor":36.0},{"not_picked":["DTMod:MagicField","DTMod:BuildUp+1","DTMod:MagiciansMark+1"],"picked":"Singing Bowl","floor":38.0},{"not_picked":["DTMod:BreakAttack+1","DTMod:HeatWave+1","DTMod:Coolant+1"],"picked":"Singing Bowl","floor":39.0},{"not_picked":["DTMod:RepeatStrike+1","DTMod:BlazingStrike+1","DTMod:MaximumCharge+1"],"picked":"Singing Bowl","floor":40.0},{"not_picked":["DTMod:Weaken","DTMod:Hide","DTMod:LowKick+1"],"picked":"Singing Bowl","floor":42.0},{"not_picked":["DTMod:MasterPlan","DTMod:SneakAttack+1"],"picked":"DTMod:BlueScale+1","floor":45.0},{"not_picked":["DTMod:BlazingStrike+1","DTMod:Haste+1","DTMod:MagiciansMark+1"],"picked":"Singing Bowl","floor":48},{"not_picked":["DTMod:BlazingStrike+1","DTMod:BreakAttack+1"],"picked":"DTMod:RepeatStrike+1","floor":54}],"player_experience":937269,"relics_obtained":[{"floor":6.0,"key":"Meat on the Bone"},{"floor":7.0,"key":"Strawberry"},{"floor":9.0,"key":"Orichalcum"},{"floor":11.0,"key":"Odd Mushroom"},{"floor":12.0,"key":"Mummified Hand"},{"floor":15.0,"key":"Torii"},{"floor":22.0,"key":"Nilry\u0027s Codex"},{"floor":23.0,"key":"Gremlin Horn"},{"floor":24.0,"key":"Matryoshka"},{"floor":26.0,"key":"Molten Egg 2"},{"floor":26.0,"key":"Frozen Egg 2"},{"floor":27.0,"key":"Centennial Puzzle"},{"floor":28.0,"key":"DTMod:SolidMemories"},{"floor":28.0,"key":"Singing Bowl"},{"floor":32.0,"key":"Omamori"},{"floor":40.0,"key":"HornCleat"},{"floor":42.0,"key":"Boot"},{"floor":43.0,"key":"StrikeDummy"},{"floor":44.0,"key":"InkBottle"},{"floor":45.0,"key":"Dead Branch"},{"floor":46.0,"key":"Toxic Egg 2"},{"floor":52,"key":"Bottled Tornado"},{"floor":54,"key":"Calipers"}],"event_choices":[{"damage_healed":0.0,"max_hp_gain":0.0,"max_hp_loss":0.0,"gold_gain":0.0,"cards_transformed":["DTMod:Strike"],"event_name":"Transmorgrifier","player_choice":"Transformed","floor":3.0,"gold_loss":0.0,"damage_taken":0.0,"cards_obtained":["DTMod:GhostSkin"]},{"damage_healed":0.0,"max_hp_gain":0.0,"max_hp_loss":0.0,"gold_gain":75.0,"event_name":"World of Goop","player_choice":"Gather Gold","floor":5.0,"gold_loss":0.0,"damage_taken":11.0},{"damage_healed":0.0,"max_hp_gain":0.0,"max_hp_loss":0.0,"gold_gain":0.0,"event_name":"Mushrooms","player_choice":"Fought Mushrooms","floor":11.0,"gold_loss":0.0,"damage_taken":0.0},{"cards_removed":["DTMod:Strike"],"damage_healed":0.0,"max_hp_gain":0.0,"max_hp_loss":0.0,"gold_gain":0.0,"event_name":"Back to Basics","player_choice":"Elegance","floor":19.0,"gold_loss":0.0,"damage_taken":0.0},{"damage_healed":0.0,"max_hp_gain":0.0,"max_hp_loss":0.0,"gold_gain":0.0,"event_name":"Cursed Tome","player_choice":"Obtained Book","floor":22.0,"gold_loss":0.0,"damage_taken":16.0},{"damage_healed":0.0,"max_hp_gain":0.0,"max_hp_loss":0.0,"gold_gain":0.0,"event_name":"Colosseum","player_choice":"Fight","floor":28.0,"gold_loss":0.0,"damage_taken":0.0},{"damage_healed":0.0,"max_hp_gain":0.0,"max_hp_loss":0.0,"gold_gain":0.0,"event_name":"Colosseum","player_choice":"Fought Nobs","floor":28.0,"gold_loss":0.0,"damage_taken":0.0},{"damage_healed":0.0,"max_hp_gain":0.0,"max_hp_loss":0.0,"gold_gain":0.0,"event_name":"The Mausoleum","player_choice":"Ignored","floor":30.0,"gold_loss":0.0,"damage_taken":0.0}],"is_beta":false,"boss_relics":[{"not_picked":["SacredBark","Fusion Hammer"],"picked":"Runic Dome"},{"not_picked":["Busted Crown","SlaversCollar"],"picked":"Runic Pyramid"}],"items_purged_floors":[0,21],"is_endless":false,"potions_floor_spawned":[1,4,6,12,16,23,27,28,33,36,40,45,48],"ascension_level":7}}