{"host":"h0xw20cia6ppa69g","time":1610285217,"event":{"mods":["AchievementEnabler","BaseMod","Colored Map","Filter the Spire","Googly Eyes","Minty Spire (QoL Compilation)","Relic Stats","StSLib","The Awakened One except there are too many feathers","everything is the same but u backflip on backflip"],"gold_per_floor":[115,133,208,208,223,248,248,276,276,276,295,315,315,340,340,444,444,455,117,117,32,32,67,67,93,93,124,124,159,175,31,31,129,129,140,154,164,16,31,59,59,85,85,103,103,155,184,195,195,195,195,195,35,66,66],"floor_reached":56,"playtime":4590,"items_purged":[],"score":1588,"play_id":"dd293b63-d8b4-4b66-9630-57dde4e65dc7","local_time":"20210110072657","is_ascension_mode":true,"campfire_choices":[{"data":"Defragment","floor":7.0,"key":"SMITH"},{"data":"Static Discharge","floor":10.0,"key":"SMITH"},{"data":"Capacitor","floor":15.0,"key":"SMITH"},{"data":"Aggregate","floor":24.0,"key":"SMITH"},{"data":"Loop","floor":32.0,"key":"SMITH"},{"floor":41,"key":"RECALL"},{"data":"Thunder Strike","floor":49,"key":"SMITH"},{"data":"Barrage","floor":52,"key":"SMITH"}],"circlet_count":0,"master_deck":["Dualcast","Glacier","Creative AI","Core Surge+1","Chill+1","Static Discharge+1","Ball Lightning+1","Leap","Sweeping Beam","Defragment+1","Conserve Battery","Fusion","Glacier","Capacitor+1","Seek+1","Force Field","All For One","Loop+1","Aggregate+1","Melter","Coolheaded","Coolheaded","Conserve Battery+1","Hologram+1","Barrage+1","Hologram+1","Creative AI","Thunder Strike+1","Heatsinks+1","Consume+1","Hologram+1","Force Field+1","JustLucky+1","Fiend Fire","Glacier+1","Calculated Gamble+1","Inflame+1","Biased Cognition","Hologram+1"],"relics":["Pandora\u0027s Box","Eternal Feather","Blue Candle","Ornamental Fan","Odd Mushroom","War Paint","Calipers","Snecko Eye","ClockworkSouvenir","Sundial","White Beast Statue","Singing Bowl","Toxic Egg 2","Meat on the Bone","Whetstone","DollysMirror","Black Star","PrismaticShard","Turnip","Kunai","Symbiotic Virus","Pocketwatch","Torii","Darkstone Periapt","Bottled Tornado","Letter Opener","Oddly Smooth Stone"],"acts_visited":["Exordium","TheCity","TheBeyond","TheEnding"],"potions_floor_usage":[40,40,40,40,47,55,55,55,55,55,55],"damage_taken":[{"damage":0.0,"enemies":"2 Louse","floor":1.0,"turns":2.0},{"damage":7.0,"enemies":"Jaw Worm","floor":2.0,"turns":3.0},{"damage":0.0,"enemies":"Cultist","floor":5.0,"turns":3.0},{"damage":1.0,"enemies":"Lagavulin","floor":6.0,"turns":8.0},{"damage":7.0,"enemies":"Gremlin Nob","floor":8.0,"turns":4.0},{"damage":0.0,"enemies":"Blue Slaver","floor":11.0,"turns":4.0},{"damage":9.0,"enemies":"The Mushroom Lair","floor":12.0,"turns":5.0},{"damage":4.0,"enemies":"3 Sentries","floor":14.0,"turns":9.0},{"damage":1.0,"enemies":"Hexaghost","floor":16.0,"turns":11.0},{"damage":15.0,"enemies":"3 Byrds","floor":18.0,"turns":4.0},{"damage":0.0,"enemies":"Gremlin Leader","floor":23.0,"turns":8.0},{"damage":0.0,"enemies":"Slavers","floor":25.0,"turns":9.0},{"damage":13.0,"enemies":"Gremlin Leader","floor":27.0,"turns":8.0},{"damage":0.0,"enemies":"Book of Stabbing","floor":29.0,"turns":7.0},{"damage":2.0,"enemies":"2 Thieves","floor":30.0,"turns":5.0},{"damage":5.0,"enemies":"Champ","floor":33.0,"turns":11.0},{"damage":0.0,"enemies":"Orb Walker","floor":35.0,"turns":2.0},{"damage":0.0,"enemies":"3 Darklings","floor":36.0,"turns":7.0},{"damage":0.0,"enemies":"Maw","floor":37.0,"turns":6.0},{"damage":4.0,"enemies":"Jaw Worm Horde","floor":39.0,"turns":7.0},{"damage":39,"enemies":"Reptomancer","floor":40,"turns":7},{"damage":0,"enemies":"Giant Head","floor":42,"turns":8},{"damage":0,"enemies":"Sphere and 2 Shapes","floor":44,"turns":6},{"damage":14,"enemies":"2 Orb Walkers","floor":46,"turns":7},{"damage":1,"enemies":"Reptomancer","floor":47,"turns":2},{"damage":0,"enemies":"Maw","floor":48,"turns":7},{"damage":0,"enemies":"Time Eater","floor":50,"turns":16},{"damage":24,"enemies":"Shield and Spear","floor":54,"turns":5},{"damage":3,"enemies":"The Heart","floor":55,"turns":8}],"seed_played":"8089137668818808901","potions_obtained":[{"floor":2.0,"key":"FearPotion"},{"floor":5.0,"key":"GamblersBrew"},{"floor":14.0,"key":"EntropicBrew"},{"floor":25.0,"key":"FocusPotion"},{"floor":29.0,"key":"EntropicBrew"},{"floor":40,"key":"SkillPotion"},{"floor":42,"key":"CultistPotion"},{"floor":47,"key":"Weak Potion"},{"floor":48,"key":"Regen Potion"},{"floor":54,"key":"DuplicationPotion"}],"is_trial":false,"path_per_floor":["M","M","?","?","M","E","R","E","T","R","M","?","?","E","R","B",null,"M","$","?","?","?","E","R","E","T","E","?","E","M","$","R","B",null,"M","M","M","$","M","E","R","E","T","M","?","?","E","M","R","B",null,"R","$","E","B",null],"character_chosen":"DEFECT","items_purchased":["ClockworkSouvenir","Loop","Aggregate","Melter","DollysMirror","PrismaticShard","Biased Cognition","Hologram+1"],"campfire_rested":0,"item_purchase_floors":[19,19,19,19,31,38,53,53],"current_hp_per_floor":[75,68,57,57,57,56,62,55,55,64,64,55,37,33,42,41,75,60,60,60,60,60,60,72,74,74,61,61,61,59,59,74,69,77,77,77,77,77,75,48,66,66,66,66,66,52,51,51,72,72,79,79,79,57,69],"gold":66,"neow_bonus":"BOSS_RELIC","is_daily":false,"chose_seed":false,"campfire_upgraded":7,"win_rate":0.0,"timestamp":1610285217,"path_taken":["M","M","?","?","?","E","R","E","T","R","M","?","?","E","R","BOSS","M","$","?","?","?","E","R","E","T","E","?","E","?","?","R","BOSS","M","?","M","$","M","E","R","E","T","M","?","?","E","M","R","BOSS","R","$","E","BOSS"],"items_purchased_type":["Relic","Card","Card","Card","Relic","Relic","Card","Card"],"build_version":"2020-12-22","purchased_purges":0,"victory":true,"max_hp_per_floor":[75,75,75,75,75,75,75,75,75,75,75,75,75,75,75,75,75,75,75,75,75,75,75,75,77,77,77,77,77,77,77,77,77,77,77,77,77,77,79,79,79,79,79,79,79,79,79,79,79,79,79,79,79,81,81],"relic_stats":{"Darkstone Periapt":0,"Singing Bowl":6,"Torii":7,"counters":[29,188],"Blue Candle":[0],"Eternal Feather":90,"Whetstone":["Ball Lightning","Core Surge"],"Letter Opener":[65],"War Paint":["Chill","Seek"],"Ornamental Fan":[192],"Sundial":[28],"Snecko Eye":[334,359,314,312],"Pandora\u0027s Box":["Glacier","FTL","Creative AI","Core Surge","Chill","Chill","Static Discharge","Ball Lightning"],"Turnip":[10],"Black Star":4,"Kunai":[26],"obtain_stats":[{"Darkstone Periapt":47,"Calipers":14,"Singing Bowl":25,"Torii":46,"Whetstone":29,"Bottled Tornado":47,"PrismaticShard":38,"ClockworkSouvenir":19,"Sundial":21,"DollysMirror":31,"Kunai":40,"Toxic Egg 2":26,"Cracked Core":0,"Blue Candle":8,"Oddly Smooth Stone":54,"Eternal Feather":6,"Letter Opener":54,"Odd Mushroom":12,"War Paint":13,"White Beast Statue":23,"Ornamental Fan":9,"Snecko Eye":17,"Pandora\u0027s Box":0,"Turnip":40,"Black Star":34,"Symbiotic Virus":42,"Meat on the Bone":27,"Pocketwatch":42},{"Darkstone Periapt":25,"Calipers":8,"Singing Bowl":12,"Torii":24,"Whetstone":14,"Bottled Tornado":25,"PrismaticShard":19,"ClockworkSouvenir":10,"Sundial":10,"DollysMirror":15,"Kunai":21,"Toxic Egg 2":12,"Cracked Core":0,"Blue Candle":5,"Oddly Smooth Stone":28,"Eternal Feather":4,"Letter Opener":28,"Odd Mushroom":7,"War Paint":7,"White Beast Statue":11,"Ornamental Fan":5,"Snecko Eye":9,"Pandora\u0027s Box":0,"Turnip":21,"Black Star":16,"Symbiotic Virus":22,"Meat on the Bone":13,"Pocketwatch":22},{"Darkstone Periapt":152,"Calipers":37,"Singing Bowl":69,"Torii":150,"Whetstone":84,"Bottled Tornado":152,"PrismaticShard":115,"ClockworkSouvenir":52,"Sundial":52,"DollysMirror":89,"Kunai":129,"Toxic Egg 2":69,"Cracked Core":0,"Blue Candle":19,"Oddly Smooth Stone":180,"Eternal Feather":15,"Letter Opener":180,"Odd Mushroom":28,"War Paint":28,"White Beast Statue":60,"Ornamental Fan":19,"Snecko Eye":48,"Pandora\u0027s Box":0,"Turnip":129,"Black Star":100,"Symbiotic Virus":137,"Meat on the Bone":77,"Pocketwatch":137}],"Meat on the Bone":12,"Pocketwatch":[17]},"card_choices":[{"not_picked":["Sweeping Beam","Reprogram"],"picked":"Leap","floor":1.0},{"not_picked":["Ball Lightning","Stack"],"picked":"Sweeping Beam","floor":2.0},{"not_picked":["Stack","Sweeping Beam"],"picked":"Conserve Battery","floor":5.0},{"not_picked":["Compile Driver","Conserve Battery"],"picked":"Fusion","floor":6.0},{"not_picked":["Ball Lightning","Gash"],"picked":"Glacier","floor":8.0},{"not_picked":["Rebound","Hologram"],"picked":"Capacitor","floor":11.0},{"not_picked":["Sweeping Beam","Coolheaded"],"picked":"Seek","floor":12.0},{"not_picked":["Melter","Chaos"],"picked":"Force Field","floor":14.0},{"not_picked":["Creative AI","Thunder Strike"],"picked":"All For One","floor":16.0},{"not_picked":["BootSequence","Sweeping Beam"],"picked":"Compile Driver","floor":18.0},{"not_picked":["Reboot","Redo+1"],"picked":"Conserve Battery+1","floor":23.0},{"not_picked":["Fission","Redo","Beam Cell"],"picked":"Singing Bowl","floor":25.0},{"not_picked":["Chill+1","Compile Driver+1"],"picked":"Hologram+1","floor":27.0},{"not_picked":["Compile Driver","Conserve Battery+1"],"picked":"Barrage","floor":29.0},{"not_picked":["Conserve Battery+1","Auto Shields+1"],"picked":"Hologram+1","floor":30.0},{"not_picked":["Machine Learning","Multi-Cast+1"],"picked":"Thunder Strike","floor":33.0},{"not_picked":["Compile Driver","Redo+1"],"picked":"Heatsinks+1","floor":35.0},{"not_picked":["Genetic Algorithm+1","Storm"],"picked":"Consume+1","floor":36.0},{"not_picked":["Gash","Beam Cell+1"],"picked":"Hologram+1","floor":37.0},{"not_picked":["Evaluate+1","Masterful Stab+1","Iron Wave+1"],"picked":"Singing Bowl","floor":39.0},{"not_picked":["Tactician+1","Tantrum+1"],"picked":"Force Field+1","floor":40},{"not_picked":["Beam Cell+1","Havoc+1"],"picked":"JustLucky+1","floor":42},{"not_picked":["JustLucky+1","Prostrate+1"],"picked":"Fiend Fire","floor":44},{"not_picked":["SashWhip+1","Iron Wave+1"],"picked":"Glacier+1","floor":46},{"not_picked":["Blade Dance+1","Twin Strike"],"picked":"Calculated Gamble+1","floor":47},{"not_picked":["Worship+1","Rebound"],"picked":"Inflame+1","floor":48},{"not_picked":["Blade Dance+1","Thunderclap","Double Tap+1"],"picked":"Singing Bowl","floor":54}],"player_experience":3673093,"relics_obtained":[{"floor":6.0,"key":"Eternal Feather"},{"floor":8.0,"key":"Blue Candle"},{"floor":9.0,"key":"Ornamental Fan"},{"floor":12.0,"key":"Odd Mushroom"},{"floor":14.0,"key":"Calipers"},{"floor":23.0,"key":"White Beast Statue"},{"floor":25.0,"key":"Singing Bowl"},{"floor":26.0,"key":"Toxic Egg 2"},{"floor":27.0,"key":"Meat on the Bone"},{"floor":29.0,"key":"Whetstone"},{"floor":40,"key":"Turnip"},{"floor":40,"key":"Kunai"},{"floor":42,"key":"Symbiotic Virus"},{"floor":42,"key":"Pocketwatch"},{"floor":46,"key":"Torii"},{"floor":47,"key":"Darkstone Periapt"},{"floor":47,"key":"Bottled Tornado"},{"floor":54,"key":"Letter Opener"},{"floor":54,"key":"Oddly Smooth Stone"}],"event_choices":[{"damage_healed":0.0,"max_hp_gain":0.0,"max_hp_loss":0.0,"gold_gain":75.0,"event_name":"World of Goop","player_choice":"Gather Gold","floor":3.0,"gold_loss":0.0,"damage_taken":11.0},{"damage_healed":0.0,"max_hp_gain":0.0,"max_hp_loss":0.0,"gold_gain":0.0,"cards_transformed":["Zap"],"event_name":"Transmorgrifier","player_choice":"Transformed","floor":4.0,"gold_loss":0.0,"damage_taken":0.0,"cards_obtained":["Defragment"]},{"damage_healed":0.0,"max_hp_gain":0.0,"max_hp_loss":0.0,"gold_gain":0.0,"event_name":"Mushrooms","player_choice":"Fought Mushrooms","floor":12.0,"gold_loss":0.0,"damage_taken":0.0},{"damage_healed":0.0,"max_hp_gain":0.0,"max_hp_loss":0.0,"gold_gain":0.0,"event_name":"Scrap Ooze","player_choice":"Success","floor":13.0,"gold_loss":0.0,"damage_taken":18.0,"relics_obtained":["War Paint"]},{"damage_healed":0.0,"max_hp_gain":0.0,"max_hp_loss":0.0,"gold_gain":0.0,"cards_transformed":["FTL","Chill"],"event_name":"Drug Dealer","player_choice":"Became Test Subject","floor":20.0,"gold_loss":0.0,"damage_taken":0.0,"cards_obtained":["Coolheaded","Coolheaded"]},{"damage_healed":0.0,"max_hp_gain":0.0,"max_hp_loss":0.0,"gold_gain":0.0,"event_name":"Addict","player_choice":"Obtained Relic","floor":21.0,"gold_loss":85.0,"damage_taken":0.0,"relics_obtained":["Sundial"]},{"damage_healed":0.0,"max_hp_gain":0.0,"max_hp_loss":0.0,"gold_gain":0.0,"event_name":"Vampires","player_choice":"Ignored","floor":22.0,"gold_loss":0.0,"damage_taken":0.0},{"damage_healed":0.0,"max_hp_gain":0.0,"max_hp_loss":0.0,"gold_gain":0.0,"event_name":"Beggar","player_choice":"Ignored","floor":28.0,"gold_loss":0.0,"damage_taken":0.0},{"cards_removed":["Compile Driver"],"damage_healed":0,"gold_gain":0,"player_choice":"Removed Attack","damage_taken":0,"max_hp_gain":0,"max_hp_loss":0,"event_name":"Falling","floor":45,"gold_loss":0},{"damage_healed":0,"gold_gain":0,"player_choice":"Fight","damage_taken":0,"max_hp_gain":0,"max_hp_loss":0,"event_name":"Mysterious Sphere","floor":46,"gold_loss":0}],"is_beta":false,"boss_relics":[{"not_picked":["Runic Dome","Busted Crown"],"picked":"Snecko Eye"},{"not_picked":["Philosopher\u0027s Stone","SlaversCollar"],"picked":"Black Star"}],"items_purged_floors":[],"is_endless":false,"potions_floor_spawned":[2,5,14,25,27,29,30,33,35,36,37,39,40,42,44,46,47,48,54],"ascension_level":1}}