{"host":"uonldg9uriwfhjjx","time":1610263803,"event":{"mods":["AchievementEnabler","BaseMod","Minty Spire (QoL Compilation)","Relic Stats"],"gold_per_floor":[110,110,110,121,141,166,196,196,196],"floor_reached":8,"playtime":204,"items_purged":[],"score":101,"play_id":"560a0ce9-e41a-4a7a-9c40-d4a20849cc08","local_time":"20210110023003","is_ascension_mode":true,"campfire_choices":[],"circlet_count":0,"master_deck":["AscendersBane","Strike_R","Strike_R","Strike_R","Strike_R","Strike_R","Defend_R","Defend_R","Defend_R","Bash","Sword Boomerang","Clothesline","Rupture"],"relics":["Burning Blood","Meat on the Bone","Regal Pillow"],"acts_visited":["Exordium"],"potions_floor_usage":[8],"damage_taken":[{"damage":4,"enemies":"2 Louse","floor":1,"turns":4},{"damage":7,"enemies":"Jaw Worm","floor":4,"turns":4},{"damage":1,"enemies":"Small Slimes","floor":5,"turns":4},{"damage":40,"enemies":"Lagavulin","floor":6,"turns":8},{"damage":60,"enemies":"3 Sentries","floor":8,"turns":8}],"seed_played":"9009821194507581884","potions_obtained":[{"floor":5,"key":"Weak Potion"},{"floor":6,"key":"ElixirPotion"}],"is_trial":false,"path_per_floor":["M","?","T","M","M","E","?","E"],"character_chosen":"IRONCLAD","items_purchased":[],"campfire_rested":0,"item_purchase_floors":[],"current_hp_per_floor":[70,75,75,74,79,57,57,0,0],"gold":196,"neow_bonus":"REMOVE_CARD","is_daily":false,"chose_seed":false,"campfire_upgraded":0,"win_rate":0.0,"timestamp":1610263803,"path_taken":["M","?","?","?","M","E","?","E"],"items_purchased_type":[],"build_version":"2020-12-22","purchased_purges":0,"victory":false,"max_hp_per_floor":[75,80,80,80,80,80,80,80,80],"relic_stats":{"Regal Pillow":0,"counters":[5,28],"obtain_stats":[{"Regal Pillow":6,"Burning Blood":0,"Meat on the Bone":3},{"Regal Pillow":4,"Burning Blood":0,"Meat on the Bone":1},{"Regal Pillow":20,"Burning Blood":0,"Meat on the Bone":4}],"Burning Blood":24,"Meat on the Bone":12},"card_choices":[{"not_picked":["Headbutt","Cleave"],"picked":"Sword Boomerang","floor":1},{"not_picked":["Cleave","Battle Trance"],"picked":"Clothesline","floor":4},{"not_picked":["Heavy Blade","Reckless Charge","True Grit"],"picked":"SKIP","floor":5},{"not_picked":["Fire Breathing","Warcry"],"picked":"Rupture","floor":6}],"player_experience":763539,"relics_obtained":[{"floor":3,"key":"Meat on the Bone"},{"floor":6,"key":"Regal Pillow"}],"event_choices":[{"damage_healed":0,"gold_gain":0,"player_choice":"Donut","damage_taken":0,"max_hp_gain":5,"max_hp_loss":0,"event_name":"Big Fish","floor":2,"gold_loss":0},{"damage_healed":0,"gold_gain":30,"player_choice":"Searched \u00271\u0027 times","damage_taken":0,"max_hp_gain":0,"max_hp_loss":0,"event_name":"Dead Adventurer","floor":7,"gold_loss":0}],"is_beta":false,"boss_relics":[],"items_purged_floors":[],"is_endless":false,"potions_floor_spawned":[5,6],"killed_by":"3 Sentries","ascension_level":16}}