{"host":"mydft8i2zzydgggw","time":1610303373,"event":{"mods":["AchievementEnabler","BaseMod","BetterRewards","Colored Map","Colored Powertips","DeckTracker","Keyboard Shortcuts","Minty Spire (QoL Compilation)","Quick Restart","Rare Cards Sparkle","StSLib","SuperFastMode","The Poker Player","everything is the same but u backflip on backflip"],"gold_per_floor":[116,116,191,201,201,231,245,245,245,245,25,35,50,77,77,173,173,189,89,188,63,80,107,107,33,86,86,86,86,111,127,127,224,224,240,240,251,301,311,341,356,356,356,383,383,394,423,441,441,441,441,441,36,68,68],"floor_reached":56,"playtime":1224,"items_purged":["Strike_P","Defend_P","Defend_P","Defend_P"],"score":1897,"play_id":"3bc923b8-fc40-4d93-8452-7c182a51cceb","local_time":"20210111032933","is_ascension_mode":true,"campfire_choices":[{"data":"Eruption","floor":8.0,"key":"SMITH"},{"data":"Adaptation","floor":15.0,"key":"SMITH"},{"data":"Adaptation","floor":24.0,"key":"SMITH"},{"data":"MentalFortress","floor":27.0,"key":"SMITH"},{"floor":32.0,"key":"REST"},{"data":"FearNoEvil","floor":45,"key":"SMITH"},{"floor":49,"key":"RECALL"},{"floor":52,"key":"REST"}],"circlet_count":0,"master_deck":["Strike_P+1","Strike_P+1","Eruption+1","Vigilance+1","Adaptation+1","MentalFortress+1","Protect+1","Adaptation+1","FearNoEvil+1","Scrawl+1"],"relics":["HolyWater","NeowsBlessing","InkBottle","Orichalcum","Whetstone","DollysMirror","Letter Opener","Philosopher\u0027s Stone","Ancient Tea Set","Tiny Chest","Nunchaku","Regal Pillow","CloakClasp","War Paint","Oddly Smooth Stone","Meat on the Bone","Vajra","Anchor"],"acts_visited":["Exordium","TheCity","TheBeyond","TheEnding"],"potions_floor_usage":[50,55],"damage_taken":[{"damage":0.0,"enemies":"Cultist","floor":1.0,"turns":1.0},{"damage":0.0,"enemies":"Small Slimes","floor":4.0,"turns":1.0},{"damage":0.0,"enemies":"Gremlin Nob","floor":6.0,"turns":1.0},{"damage":5.0,"enemies":"2 Louse","floor":7.0,"turns":4.0},{"damage":2.0,"enemies":"Large Slime","floor":12.0,"turns":4.0},{"damage":0.0,"enemies":"Exordium Wildlife","floor":13.0,"turns":3.0},{"damage":3.0,"enemies":"Lagavulin","floor":14.0,"turns":6.0},{"damage":14.0,"enemies":"Slime Boss","floor":16.0,"turns":6.0},{"damage":2.0,"enemies":"Chosen","floor":18.0,"turns":3.0},{"damage":12.0,"enemies":"3 Byrds","floor":22.0,"turns":4.0},{"damage":0.0,"enemies":"Gremlin Leader","floor":23.0,"turns":2.0},{"damage":7.0,"enemies":"Slavers","floor":30.0,"turns":2.0},{"damage":0.0,"enemies":"Snake Plant","floor":31.0,"turns":2.0},{"damage":30.0,"enemies":"Collector","floor":33.0,"turns":3.0},{"damage":0.0,"enemies":"Orb Walker","floor":35.0,"turns":2.0},{"damage":0.0,"enemies":"3 Darklings","floor":37.0,"turns":1.0},{"damage":0.0,"enemies":"Mind Bloom Boss Battle","floor":38.0,"turns":2.0},{"damage":0.0,"enemies":"Jaw Worm Horde","floor":39.0,"turns":1.0},{"damage":0.0,"enemies":"Reptomancer","floor":40.0,"turns":3.0},{"damage":0.0,"enemies":"Maw","floor":41.0,"turns":4.0},{"damage":0,"enemies":"Nemesis","floor":44,"turns":1},{"damage":0,"enemies":"3 Darklings","floor":46,"turns":1},{"damage":0,"enemies":"Giant Head","floor":47,"turns":2},{"damage":0,"enemies":"Sphere and 2 Shapes","floor":48,"turns":2},{"damage":0,"enemies":"Awakened One","floor":50,"turns":3},{"damage":0,"enemies":"Shield and Spear","floor":54,"turns":1},{"damage":4,"enemies":"The Heart","floor":55,"turns":5}],"seed_played":"-5582504591895489208","potions_obtained":[{"floor":4.0,"key":"FearPotion"},{"floor":7.0,"key":"SpeedPotion"},{"floor":12.0,"key":"GamblersBrew"},{"floor":16.0,"key":"SpeedPotion"},{"floor":18.0,"key":"DuplicationPotion"},{"floor":30.0,"key":"SneckoOil"},{"floor":31.0,"key":"FearPotion"},{"floor":33.0,"key":"Weak Potion"},{"floor":35.0,"key":"Swift Potion"},{"floor":38.0,"key":"StancePotion"},{"floor":41.0,"key":"FairyPotion"},{"floor":47,"key":"SteroidPotion"}],"is_trial":false,"path_per_floor":["M","?","?","M","?","E","M","R","T","?","$","M","M","E","R","B",null,"M","$","?","$","M","E","R","$","T","R","?","?","E","M","R","B",null,"M","T","M","?","M","E","M","?","T","E","R","M","E","M","R","B",null,"R","$","E","B",null],"character_chosen":"WATCHER","items_purchased":["DollysMirror","LiquidMemories","Vajra","Swift Potion","SteroidPotion"],"campfire_rested":2,"item_purchase_floors":[11,25,53,53,53],"current_hp_per_floor":[65,65,54,54,29,29,24,24,24,24,24,22,22,19,19,5,55,53,53,53,53,41,41,41,41,41,41,41,28,21,21,44,14,61,61,61,61,61,61,61,61,61,61,61,61,61,61,61,61,61,73,77,77,77,73],"gold":68,"neow_bonus":"THREE_ENEMY_KILL","is_daily":false,"chose_seed":false,"campfire_upgraded":5,"win_rate":0.0,"timestamp":1610303373,"path_taken":["M","?","?","M","?","E","M","R","T","?","$","M","M","E","R","BOSS","M","?","?","$","M","E","R","$","T","R","?","?","E","?","R","BOSS","M","?","M","?","M","E","M","?","T","E","R","?","E","M","R","BOSS","R","$","E","BOSS"],"items_purchased_type":["Relic","Potion","Relic","Potion","Potion"],"build_version":"2020-12-22","purchased_purges":4,"victory":true,"max_hp_per_floor":[72,72,72,72,72,72,72,72,72,72,72,72,72,72,72,72,72,72,72,72,72,72,72,72,72,72,72,72,77,77,77,77,77,77,77,77,77,77,77,77,77,77,77,77,77,77,77,77,77,77,77,77,77,77,77],"card_choices":[{"not_picked":["Prostrate","Fasting2","ForeignInfluence"],"picked":"SKIP","floor":1.0},{"not_picked":["MentalFortress","Meditate"],"picked":"Adaptation","floor":4.0},{"not_picked":["Weave","Collect","Prostrate"],"picked":"SKIP","floor":6.0},{"not_picked":["Swivel","WindmillStrike"],"picked":"MentalFortress","floor":7.0},{"not_picked":["Study","SashWhip","BowlingBash"],"picked":"SKIP","floor":12.0},{"not_picked":["Evaluate","CutThroughFate","WaveOfTheHand"],"picked":"SKIP","floor":13.0},{"not_picked":["CarveReality","Wish","Tantrum"],"picked":"SKIP","floor":14.0},{"not_picked":["CrushJoints","Prostrate","Halt+1"],"picked":"SKIP","floor":18.0},{"not_picked":["EmptyBody+1","Vengeance+1"],"picked":"FearNoEvil","floor":22.0},{"not_picked":["Pray+1","PathToVictory+1","WheelKick"],"picked":"SKIP","floor":23.0},{"not_picked":["DeceiveReality","Protect"],"picked":"Scrawl","floor":30.0},{"not_picked":["Wireheading+1","CutThroughFate+1","Adaptation"],"picked":"SKIP","floor":31.0},{"not_picked":["Wireheading+1","InnerPeace","Worship"],"picked":"SKIP","floor":35.0},{"not_picked":["DeceiveReality+1","ThirdEye","Study+1"],"picked":"SKIP","floor":37.0},{"not_picked":["FlyingSleeves","CrushJoints","PathToVictory"],"picked":"SKIP","floor":39.0},{"not_picked":["ClearTheMind+1","Alpha","ThirdEye+1"],"picked":"SKIP","floor":40.0},{"not_picked":["PathToVictory","DeceiveReality+1","CrushJoints+1"],"picked":"SKIP","floor":41.0},{"not_picked":["Worship+1","EmptyFist+1","Halt+1"],"picked":"SKIP","floor":44},{"not_picked":["Worship+1","EmptyFist+1","Halt+1"],"picked":"SKIP","floor":44},{"not_picked":["WreathOfFlame","EmptyBody+1","EmptyFist+1"],"picked":"SKIP","floor":46},{"not_picked":["FlurryOfBlows","ThirdEye+1","ForeignInfluence+1"],"picked":"SKIP","floor":47},{"not_picked":["Protect+1","ReachHeaven","FlurryOfBlows+1"],"picked":"SKIP","floor":48},{"not_picked":["Worship+1","WreathOfFlame","Tantrum+1"],"picked":"SKIP","floor":54}],"player_experience":175609,"relics_obtained":[{"floor":6.0,"key":"Orichalcum"},{"floor":9.0,"key":"Whetstone"},{"floor":14.0,"key":"Letter Opener"},{"floor":23.0,"key":"Ancient Tea Set"},{"floor":26.0,"key":"Tiny Chest"},{"floor":30.0,"key":"Nunchaku"},{"floor":36.0,"key":"Regal Pillow"},{"floor":38.0,"key":"CloakClasp"},{"floor":40.0,"key":"War Paint"},{"floor":44,"key":"Oddly Smooth Stone"},{"floor":47,"key":"Meat on the Bone"},{"floor":54,"key":"Anchor"}],"event_choices":[{"cards_removed":["Strike_P"],"damage_healed":0.0,"max_hp_gain":0.0,"max_hp_loss":0.0,"gold_gain":0.0,"event_name":"Living Wall","player_choice":"Forget","floor":2.0,"gold_loss":0.0,"damage_taken":0.0},{"damage_healed":0.0,"max_hp_gain":0.0,"max_hp_loss":0.0,"gold_gain":75.0,"event_name":"World of Goop","player_choice":"Gather Gold","floor":3.0,"gold_loss":0.0,"damage_taken":11.0},{"damage_healed":0.0,"max_hp_gain":0.0,"max_hp_loss":0.0,"gold_gain":0.0,"event_name":"Scrap Ooze","player_choice":"Success","floor":5.0,"gold_loss":0.0,"damage_taken":25.0,"relics_obtained":["InkBottle"]},{"damage_healed":0.0,"max_hp_gain":0.0,"max_hp_loss":0.0,"gold_gain":0.0,"cards_transformed":["Defend_P"],"event_name":"Transmorgrifier","player_choice":"Transformed","floor":10.0,"gold_loss":0.0,"damage_taken":0.0,"cards_obtained":["Protect"]},{"damage_healed":0.0,"max_hp_gain":0.0,"max_hp_loss":0.0,"gold_gain":99.0,"event_name":"Nest","player_choice":"Stole From Cult","floor":20.0,"gold_loss":0.0,"damage_taken":0.0},{"damage_healed":0.0,"max_hp_gain":0.0,"max_hp_loss":0.0,"gold_gain":0.0,"event_name":"The Mausoleum","player_choice":"Ignored","floor":28.0,"gold_loss":0.0,"damage_taken":0.0},{"damage_healed":0.0,"max_hp_gain":5.0,"max_hp_loss":0.0,"gold_gain":0.0,"event_name":"Forgotten Altar","player_choice":"Shed Blood","floor":29.0,"gold_loss":0.0,"damage_taken":18.0},{"damage_healed":0.0,"max_hp_gain":0.0,"max_hp_loss":0.0,"gold_gain":0.0,"event_name":"MindBloom","player_choice":"Fight","floor":38.0,"gold_loss":0.0,"damage_taken":0.0},{"damage_healed":0.0,"max_hp_gain":0.0,"max_hp_loss":0.0,"gold_gain":0.0,"event_name":"Upgrade Shrine","player_choice":"Upgraded","floor":42.0,"gold_loss":0.0,"damage_taken":0.0,"cards_upgraded":["Scrawl"]}],"is_beta":false,"boss_relics":[{"not_picked":["Ectoplasm","SlaversCollar"],"picked":"Philosopher\u0027s Stone"},{"not_picked":["SacredBark","Astrolabe"],"picked":"HolyWater"}],"items_purged_floors":[11,19,21,53],"is_endless":false,"potions_floor_spawned":[4,7,12,16,18,30,31,33,35,38,41,47,54],"ascension_level":7}}