{"host":"Timothy","time":1610265271,"event":{"mods":["AchievementEnabler","BaseMod","Bestiary","Highlight Path","Minty Spire (QoL Compilation)","Quick Restart","Slay-I"],"gold_per_floor":[113,128,128,128,147,147,147,164,189,114,124,135,89,89,89,192,192,207,217,217,217,217,217,93,103,103,103,114,133,152,27,27,128,128,138,191,208,6,25,56,32,61,61,11,0,16,16,36,36,36],"floor_reached":51,"playtime":3077,"items_purged":["Strike_B","Auto Shields","BootSequence","Zap","Strike_B+1"],"score":774,"play_id":"e5b5e277-5ca9-4f4b-b44f-b11b9027bc58","local_time":"20210109235431","is_ascension_mode":false,"campfire_choices":[{"data":"Coolheaded","floor":6.0,"key":"SMITH"},{"data":"Coolheaded","floor":15.0,"key":"SMITH"},{"data":"Dualcast","floor":23.0,"key":"SMITH"},{"data":"Go for the Eyes","floor":27.0,"key":"SMITH"},{"data":"Hologram","floor":32.0,"key":"SMITH"},{"data":"Hologram","floor":47.0,"key":"SMITH"},{"data":"Conserve Battery","floor":49,"key":"SMITH"}],"circlet_count":0,"master_deck":["Strike_B+1","Strike_B+1","Defend_B+1","Defend_B+1","Defend_B+1","Defend_B+1","Dualcast+1","Coolheaded+1","Go for the Eyes+1","Gash","Coolheaded+1","Hologram+1","Hologram+1","Conserve Battery+1","Gash","Hologram+1","Hologram+1","Gash"],"relics":["Cracked Core","NeowsBlessing","Omamori","Akabeko","Cursed Key","MutagenicStrength","Darkstone Periapt","Runic Pyramid","Boot","Smiling Mask","Mercury Hourglass","Red Mask"],"acts_visited":["TheCity","TheBeyond"],"potions_floor_usage":[50,50,50],"damage_taken":[{"damage":0.0,"enemies":"Cultist","floor":1.0,"turns":1.0},{"damage":0.0,"enemies":"2 Louse","floor":2.0,"turns":1.0},{"damage":0.0,"enemies":"Small Slimes","floor":5.0,"turns":1.0},{"damage":7.0,"enemies":"Blue Slaver","floor":8.0,"turns":5.0},{"damage":0.0,"enemies":"Large Slime","floor":11.0,"turns":4.0},{"damage":4.0,"enemies":"2 Fungi Beasts","floor":12.0,"turns":2.0},{"damage":10.0,"enemies":"The Guardian","floor":16.0,"turns":17.0},{"damage":0.0,"enemies":"Shell Parasite","floor":18.0,"turns":9.0},{"damage":5.0,"enemies":"Spheric Guardian","floor":19.0,"turns":6.0},{"damage":0.0,"enemies":"Snecko","floor":25.0,"turns":11.0},{"damage":3.0,"enemies":"Centurion and Healer","floor":28.0,"turns":13.0},{"damage":8.0,"enemies":"Shelled Parasite and Fungi","floor":29.0,"turns":9.0},{"damage":0.0,"enemies":"3 Cultists","floor":30.0,"turns":6.0},{"damage":3.0,"enemies":"Collector","floor":33.0,"turns":14.0},{"damage":0.0,"enemies":"Orb Walker","floor":35.0,"turns":4.0},{"damage":0.0,"enemies":"3 Shapes","floor":37.0,"turns":7.0},{"damage":1.0,"enemies":"Sphere and 2 Shapes","floor":39.0,"turns":6.0},{"damage":5.0,"enemies":"Reptomancer","floor":40.0,"turns":9.0},{"damage":0.0,"enemies":"Giant Head","floor":42.0,"turns":6.0},{"damage":2.0,"enemies":"4 Shapes","floor":46.0,"turns":5.0},{"damage":3,"enemies":"Spire Growth","floor":48,"turns":5},{"damage":10,"enemies":"Donu and Deca","floor":50,"turns":7}],"seed_played":"2748054155734142317","potions_obtained":[{"floor":5.0,"key":"DuplicationPotion"},{"floor":8.0,"key":"AttackPotion"},{"floor":12.0,"key":"Ancient Potion"},{"floor":29.0,"key":"PowerPotion"},{"floor":37.0,"key":"PowerPotion"}],"is_trial":false,"path_per_floor":["M","M","?","?","M","R","?","M","T","$","M","M","$","?","R","B",null,"M","M","?","?","?","R","$","M","T","R","M","M","M","$","R","B",null,"M","T","M","$","M","E","$","E","T","$","?","M","R","M","R","B",null],"character_chosen":"DEFECT","items_purchased":["Coolheaded","Hologram","Gash","Gash"],"campfire_rested":0,"item_purchase_floors":[13,24,38,41],"current_hp_per_floor":[75,75,75,60,60,60,53,46,46,46,46,42,42,42,42,32,75,75,70,70,70,70,70,70,70,70,70,67,59,59,59,59,56,75,75,75,75,75,74,69,69,69,69,69,69,67,67,64,64,54],"gold":36,"neow_bonus":"THREE_ENEMY_KILL","is_daily":false,"chose_seed":false,"campfire_upgraded":7,"win_rate":0.0,"timestamp":1610265271,"path_taken":["M","M","?","?","M","R","?","M","T","$","M","?","$","?","R","BOSS","M","M","?","?","?","R","$","?","T","R","M","M","M","$","R","BOSS","M","?","?","$","M","E","$","E","T","$","?","M","R","M","R","BOSS"],"items_purchased_type":["Card","Card","Card","Card"],"build_version":"2020-12-18","purchased_purges":5,"victory":true,"max_hp_per_floor":[75,75,75,75,75,75,75,75,75,75,75,75,75,75,75,75,75,75,75,75,75,75,75,75,75,75,75,75,75,75,75,75,75,75,75,75,75,75,75,75,75,75,75,75,75,75,75,75,75,75],"card_choices":[{"not_picked":["Go for the Eyes","Melter"],"picked":"Coolheaded","floor":1.0},{"not_picked":["Redo","Stack"],"picked":"Go for the Eyes","floor":2.0},{"not_picked":["Turbo","Leap","Compile Driver"],"picked":"SKIP","floor":5.0},{"not_picked":["Beam Cell","Force Field","Aggregate"],"picked":"SKIP","floor":8.0},{"not_picked":["Loop","Auto Shields"],"picked":"Gash","floor":11.0},{"not_picked":["Ball Lightning","Recycle"],"picked":"BootSequence","floor":12.0},{"not_picked":["Darkness","Redo"],"picked":"Hologram+1","floor":18.0},{"not_picked":["Rip and Tear","Sweeping Beam"],"picked":"Auto Shields","floor":19.0},{"not_picked":["Streamline","Compile Driver","Echo Form"],"picked":"SKIP","floor":25.0},{"not_picked":["Recycle","Loop+1"],"picked":"Conserve Battery","floor":28.0},{"not_picked":["Skim","BootSequence","Undo"],"picked":"SKIP","floor":29.0},{"not_picked":["Stack","Glacier","Compile Driver"],"picked":"SKIP","floor":30.0},{"not_picked":["Undo+1","Loop","Compile Driver+1"],"picked":"SKIP","floor":35.0},{"not_picked":["Go for the Eyes","Cold Snap+1","Compile Driver"],"picked":"SKIP","floor":37.0},{"not_picked":["Go for the Eyes","Cold Snap+1","Compile Driver"],"picked":"SKIP","floor":37.0},{"not_picked":["Double Energy","Conserve Battery+1"],"picked":"Hologram","floor":39.0},{"not_picked":["Static Discharge","Beam Cell"],"picked":"Hologram+1","floor":40.0},{"not_picked":["Fusion+1","Static Discharge+1","Scrape+1"],"picked":"SKIP","floor":42.0},{"not_picked":["Turbo+1","Melter","Defragment"],"picked":"SKIP","floor":46.0},{"not_picked":["Ball Lightning","Cold Snap+1","Capacitor+1"],"picked":"SKIP","floor":48}],"player_experience":797023,"relics_obtained":[{"floor":9.0,"key":"Akabeko"},{"floor":26.0,"key":"Darkstone Periapt"},{"floor":36.0,"key":"Boot"},{"floor":40.0,"key":"Smiling Mask"},{"floor":42.0,"key":"Mercury Hourglass"}],"event_choices":[{"damage_healed":0.0,"max_hp_gain":0.0,"max_hp_loss":0.0,"gold_gain":0.0,"event_name":"Big Fish","player_choice":"Box","floor":3.0,"gold_loss":0.0,"damage_taken":0.0,"relics_obtained":["Omamori"],"cards_obtained":["Regret"]},{"damage_healed":0.0,"max_hp_gain":0.0,"max_hp_loss":0.0,"gold_gain":0.0,"event_name":"Shining Light","player_choice":"Entered Light","floor":4.0,"gold_loss":0.0,"damage_taken":15.0,"cards_upgraded":["Strike_B","Strike_B"]},{"cards_removed":["Regret"],"damage_healed":0.0,"max_hp_gain":0.0,"max_hp_loss":0.0,"gold_gain":0.0,"event_name":"Golden Wing","player_choice":"Card Removal","floor":7.0,"gold_loss":0.0,"damage_taken":7.0},{"damage_healed":0.0,"max_hp_gain":0.0,"max_hp_loss":0.0,"gold_gain":0.0,"event_name":"Dead Adventurer","player_choice":"Searched \u00270\u0027 times","floor":14.0,"gold_loss":0.0,"damage_taken":0.0},{"damage_healed":0.0,"max_hp_gain":0.0,"max_hp_loss":0.0,"gold_gain":0.0,"event_name":"Drug Dealer","player_choice":"Inject Mutagens","floor":20.0,"gold_loss":0.0,"damage_taken":0.0,"relics_obtained":["MutagenicStrength"]},{"damage_healed":0.0,"max_hp_gain":0.0,"max_hp_loss":0.0,"gold_gain":0.0,"event_name":"Back to Basics","player_choice":"Simplicity","floor":21.0,"gold_loss":0.0,"damage_taken":0.0,"cards_upgraded":["Strike_B","Defend_B","Defend_B","Defend_B","Defend_B"]},{"damage_healed":0.0,"max_hp_gain":0.0,"max_hp_loss":0.0,"gold_gain":0.0,"event_name":"The Woman in Blue","player_choice":"Bought 0 Potions","floor":22.0,"gold_loss":0.0,"damage_taken":0.0},{"damage_healed":0.0,"max_hp_gain":0.0,"max_hp_loss":0.0,"gold_gain":0.0,"event_name":"Tomb of Lord Red Mask","player_choice":"Paid","floor":45.0,"gold_loss":11.0,"damage_taken":0.0,"relics_obtained":["Red Mask"]}],"is_beta":true,"boss_relics":[{"not_picked":["Calling Bell","FrozenCore"],"picked":"Cursed Key"},{"not_picked":["Black Star","Pandora\u0027s Box"],"picked":"Runic Pyramid"}],"items_purged_floors":[10,24,31,38,44],"is_endless":false,"potions_floor_spawned":[5,8,12,28,29,30,37,39,42,48],"ascension_level":0}}