{"host":"8i4doyxqctgl5qb0","time":1610294750,"event":{"mods":["AchievementEnabler","BaseMod","Block Reminder","Colored Powertips","Downfall","Minty Spire (QoL Compilation)","Permanent Neow","Potion Indicator Mod","Rare Cards Sparkle","StSLib","SuperFastMode"],"gold_per_floor":[99,110,110,122,122,572,598,616,616,626,639,664,22,46,57,166,166,91,103,122,122,122,134,170,201,213,246,275,320,61,61,61,61],"floor_reached":31,"playtime":1305,"items_purged":["Regret","Shame"],"score":274,"play_id":"542d0566-c3bd-4f80-8c50-23033918d9cd","local_time":"20210111000550","is_ascension_mode":false,"campfire_choices":[{"data":"hexamod:Sear","floor":1.0,"key":"SMITH"},{"data":"hexamod:SearingWound","floor":18.0,"key":"SMITH"}],"circlet_count":0,"master_deck":["hexamod:Strike+1","hexamod:Strike+1","hexamod:Strike+1","hexamod:Defend+1","hexamod:Defend","hexamod:Sear+1","hexamod:Float","hexamod:Hexaguard","hexamod:EtherealExpedition+1","hexamod:EmpoweringStance","hexamod:AdvancingGuard","hexamod:Haunt","hexamod:SecondSeal","hexamod:ThermalTransfer","hexamod:SearingWound+1","hexamod:Incineration","hexamod:FourthSeal","hexamod:WildfireWeapon","hexamod:RainOfEmbers","Writhe","hexamod:DynamicBlow","hexamod:Incineration+1","hexamod:BurningTouch","hexamod:BurningTouch+1","hexamod:TimeOfNeed"],"relics":["hexamod:SpiritBrand","Bronze Scales","Omamori","Whetstone","Pantograph","Strawberry","Empty Cage","downfall:HeartBlessingBlue","MawBank","Happy Flower","Tiny Chest","hexamod:InflammatoryLetter","Anchor"],"acts_visited":["Exordium","TheCity"],"potions_floor_usage":[29],"damage_taken":[{"damage":4.0,"enemies":"2 Louse","floor":2.0,"turns":3.0},{"damage":0.0,"enemies":"Jaw Worm","floor":4.0,"turns":3.0},{"damage":0.0,"enemies":"Cultist","floor":8.0,"turns":3.0},{"damage":5.0,"enemies":"2 Fungi Beasts","floor":10.0,"turns":4.0},{"damage":6.0,"enemies":"Exordium Wildlife","floor":11.0,"turns":3.0},{"damage":5.0,"enemies":"downfall:FleeingMerchant","floor":13.0,"turns":4.0},{"damage":0.0,"enemies":"Large Slime","floor":14.0,"turns":4.0},{"damage":0.0,"enemies":"Lots of Slimes","floor":15.0,"turns":3.0},{"damage":35.0,"enemies":"downfall:Silent","floor":16.0,"turns":9.0},{"damage":10.0,"enemies":"Shell Parasite","floor":19.0,"turns":4.0},{"damage":5.0,"enemies":"Chosen","floor":20.0,"turns":4.0},{"damage":0.0,"enemies":"Shelled Parasite and Fungi","floor":25.0,"turns":5.0},{"damage":29.0,"enemies":"3 Cultists","floor":27.0,"turns":5.0},{"damage":15.0,"enemies":"Centurion and Healer","floor":28.0,"turns":8.0},{"damage":15,"enemies":"Book of Stabbing","floor":29,"turns":4},{"damage":0,"enemies":"downfall:FleeingMerchant","floor":30,"turns":4},{"damage":20,"enemies":"Shelled Parasite and Fungi","floor":31,"turns":3}],"seed_played":"5416702268266030012","potions_obtained":[{"floor":8.0,"key":"Energy Potion"},{"floor":10.0,"key":"Fire Potion"},{"floor":11.0,"key":"PowerPotion"},{"floor":20.0,"key":"Explosive Potion"},{"floor":25.0,"key":"DuplicationPotion"}],"is_trial":false,"path_per_floor":["R","M","?","M","?","?","T","M","?","M","M","T","$","M","M","B",null,"R","M","M","?","?","?","T","M","T","M","M","E","$","M"],"character_chosen":"THE_SPIRIT","items_purchased":["hexamod:SearingWound","Pantograph","Strawberry","hexamod:Incineration","hexamod:TimeOfNeed"],"campfire_rested":0,"item_purchase_floors":[13,13,13,13,30],"current_hp_per_floor":[70,66,54,54,54,54,54,54,54,49,43,43,45,45,45,35,77,87,77,72,72,72,72,72,72,72,43,28,13,13,0,0,0],"gold":61,"neow_bonus":"RANDOM_COMMON_RELIC","is_daily":false,"chose_seed":false,"campfire_upgraded":2,"win_rate":0.0,"timestamp":1610294750,"path_taken":["R","M","?","M","?","?","T","?","?","M","M","?","$","?","M","BOSS","R","M","M","?","?","?","T","M","?","M","?","E","$","M"],"items_purchased_type":["Card","Relic","Relic","Card","Card"],"build_version":"2020-12-22","purchased_purges":2,"victory":false,"max_hp_per_floor":[70,70,70,70,70,70,70,70,70,70,70,70,77,77,77,77,77,87,87,87,87,87,87,87,87,87,87,87,87,87,87,87,87],"card_choices":[{"not_picked":["hexamod:Rewind","hexamod:ShieldOfDarkness"],"picked":"hexamod:Hexaguard","floor":2.0},{"not_picked":["hexamod:Rewind","hexamod:HauntingEcho"],"picked":"hexamod:EtherealExpedition","floor":4.0},{"not_picked":["hexamod:NightmareGuise","hexamod:SpectersWail"],"picked":"hexamod:AdvancingGuard","floor":8.0},{"not_picked":["hexamod:AdvancingGuard","hexamod:SpectralSpark"],"picked":"hexamod:Haunt","floor":10.0},{"not_picked":["hexamod:SpectersWail","hexamod:Rewind"],"picked":"hexamod:SecondSeal","floor":11.0},{"not_picked":["hexamod:NightmareGuise","hexamod:HauntingEcho"],"picked":"hexamod:ThermalTransfer","floor":13.0},{"not_picked":["hexamod:ShieldOfDarkness","hexamod:ChargedBarrage","hexamod:GhostLash"],"picked":"SKIP","floor":14.0},{"not_picked":["hexamod:AdvancingGuard","hexamod:SkipABeat"],"picked":"hexamod:FourthSeal","floor":15.0},{"not_picked":["hexamod:UnleashSpirits","hexamod:EmpoweringStance"],"picked":"hexamod:WildfireWeapon","floor":16.0},{"not_picked":["hexamod:SwordOfDarkness+1","hexamod:InspiringFlames"],"picked":"hexamod:RainOfEmbers","floor":19.0},{"not_picked":["hexamod:AdvancingGuard","hexamod:FastForward","hexamod:Firestarter"],"picked":"SKIP","floor":20.0},{"not_picked":["hexamod:AdvancingGuard+1","hexamod:SuperheatedStrike"],"picked":"hexamod:DynamicBlow","floor":25.0},{"not_picked":["hexamod:GhostLash","hexamod:SpectersWail","hexamod:NightmareStrike+1"],"picked":"SKIP","floor":27.0},{"not_picked":["hexamod:SearingWound","hexamod:FirstSeal"],"picked":"hexamod:Incineration+1","floor":28.0},{"not_picked":["hexamod:GhostShield","hexamod:HeatMetal"],"picked":"hexamod:BurningTouch","floor":29},{"not_picked":["hexamod:Firestarter+1","hexamod:GiftsFromTheDead"],"picked":"hexamod:BurningTouch+1","floor":30}],"player_experience":141669,"relics_obtained":[{"floor":12.0,"key":"Whetstone"},{"floor":24.0,"key":"Tiny Chest"},{"floor":26.0,"key":"hexamod:InflammatoryLetter"},{"floor":29,"key":"Anchor"}],"event_choices":[{"damage_healed":0.0,"max_hp_gain":0.0,"max_hp_loss":0.0,"gold_gain":0.0,"event_name":"Scrap Ooze","player_choice":"Success","floor":3.0,"gold_loss":0.0,"damage_taken":12.0,"relics_obtained":["Omamori"]},{"damage_healed":0.0,"max_hp_gain":0.0,"max_hp_loss":0.0,"gold_gain":0.0,"cards_transformed":["hexamod:Defend"],"event_name":"Living Wall","player_choice":"Change","floor":5.0,"gold_loss":0.0,"damage_taken":0.0,"cards_obtained":["hexamod:EmpoweringStance"]},{"cards_removed":["Slimebound:Icky"],"damage_healed":0.0,"max_hp_gain":0.0,"max_hp_loss":0.0,"gold_gain":0.0,"event_name":"Back to Basics","player_choice":"Elegance","floor":21.0,"gold_loss":0.0,"damage_taken":0.0},{"damage_healed":0.0,"max_hp_gain":0.0,"max_hp_loss":0.0,"gold_gain":0.0,"event_name":"Addict","player_choice":"Stole Relic","floor":22.0,"gold_loss":0.0,"damage_taken":0.0,"relics_obtained":["MawBank"],"cards_obtained":["Shame"]}],"is_beta":false,"boss_relics":[{"not_picked":["Tiny House","downfall:Hecktoplasm"],"picked":"Empty Cage"}],"items_purged_floors":[13,30],"is_endless":false,"potions_floor_spawned":[8,10,11,14,16,19,27],"killed_by":"Shelled Parasite and Fungi","ascension_level":0}}