{"host":"w9yruvs4bqht6bhw","time":1610244889,"event":{"mods":["BaseMod","Colored Powertips","Minty Spire (QoL Compilation)"],"gold_per_floor":[20,40,59,59,72,103,103,152,152,170,197,197,232,246,246,347,347,364,182,195,214,214,214],"floor_reached":22,"playtime":779,"items_purged":[],"score":291,"play_id":"0e7fe429-6268-4e37-a7ac-713f29de4177","local_time":"20210109211449","is_ascension_mode":true,"campfire_choices":[{"floor":7,"key":"REST"},{"floor":12,"key":"REST"},{"floor":15,"key":"REST"}],"circlet_count":0,"master_deck":["Strike_R","Strike_R","Strike_R","Strike_R","Strike_R","Defend_R","Defend_R","Defend_R","Defend_R","Bash","Mayhem","Thunderclap","Clothesline","Spot Weakness","Limit Break","Heavy Blade","Apotheosis","Shrug It Off+1","Sentinel+1"],"relics":["Burning Blood","The Courier","Happy Flower","Frozen Egg 2","Vajra","Bag of Marbles","Fusion Hammer"],"acts_visited":["Exordium","TheCity"],"potions_floor_usage":[11,13,14,16,20,21],"damage_taken":[{"damage":7,"enemies":"Jaw Worm","floor":1,"turns":3},{"damage":6,"enemies":"Cultist","floor":2,"turns":3},{"damage":4,"enemies":"Small Slimes","floor":3,"turns":4},{"damage":18,"enemies":"3 Louse","floor":5,"turns":5},{"damage":50,"enemies":"3 Sentries","floor":6,"turns":10},{"damage":12,"enemies":"Blue Slaver","floor":10,"turns":5},{"damage":24,"enemies":"Gremlin Nob","floor":11,"turns":4},{"damage":25,"enemies":"Lagavulin","floor":13,"turns":8},{"damage":1,"enemies":"2 Fungi Beasts","floor":14,"turns":3},{"damage":40,"enemies":"Hexaghost","floor":16,"turns":8},{"damage":9,"enemies":"Chosen","floor":18,"turns":4},{"damage":34,"enemies":"2 Thieves","floor":20,"turns":3},{"damage":47,"enemies":"Snake Plant","floor":21,"turns":5},{"damage":8,"enemies":"Snecko","floor":22,"turns":3}],"seed_played":"1418195577091358090","potions_obtained":[{"floor":1,"key":"Ancient Potion"},{"floor":6,"key":"AttackPotion"},{"floor":11,"key":"LiquidBronze"},{"floor":13,"key":"PowerPotion"},{"floor":18,"key":"GamblersBrew"}],"is_trial":false,"path_per_floor":["M","M","M","?","M","E","R","T","T","M","E","R","E","M","R","B",null,"M","$","M","M","M"],"character_chosen":"IRONCLAD","items_purchased":["BloodPotion","Apotheosis"],"campfire_rested":3,"item_purchase_floors":[19,19],"current_hp_per_floor":[71,71,73,73,61,17,41,41,41,35,17,41,22,27,51,17,64,61,61,49,8,0,0],"gold":214,"neow_bonus":"RANDOM_COLORLESS_2","is_daily":false,"chose_seed":false,"campfire_upgraded":0,"win_rate":0.0,"timestamp":1610244889,"path_taken":["M","M","M","?","M","E","R","?","T","M","E","R","E","M","R","BOSS","M","$","M","?","M"],"items_purchased_type":["Potion","Card"],"build_version":"2020-12-22","purchased_purges":0,"victory":false,"max_hp_per_floor":[80,80,80,80,80,80,80,80,80,80,80,80,80,80,80,80,80,80,80,80,80,80,80],"card_choices":[{"not_picked":["Master of Strategy","Sadistic Nature"],"picked":"Mayhem","floor":0},{"not_picked":["Iron Wave","Shrug It Off"],"picked":"Thunderclap","floor":1},{"not_picked":["Evolve","Reckless Charge","Cleave"],"picked":"SKIP","floor":2},{"not_picked":["Body Slam","Evolve","Havoc"],"picked":"SKIP","floor":3},{"not_picked":["Metallicize","Iron Wave"],"picked":"Clothesline","floor":5},{"not_picked":["True Grit","Headbutt","Second Wind"],"picked":"SKIP","floor":6},{"not_picked":["Pommel Strike","Fire Breathing+1","Clash"],"picked":"SKIP","floor":10},{"not_picked":["Headbutt","Warcry","Bludgeon"],"picked":"SKIP","floor":11},{"not_picked":["True Grit","Shrug It Off"],"picked":"Spot Weakness","floor":13},{"not_picked":["True Grit","Wild Strike","Armaments"],"picked":"SKIP","floor":14},{"not_picked":["Double Tap","Fiend Fire"],"picked":"Limit Break","floor":16},{"not_picked":["Evolve+1","Sword Boomerang"],"picked":"Heavy Blade","floor":18},{"not_picked":["Body Slam","Thunderclap+1"],"picked":"Shrug It Off+1","floor":20},{"not_picked":["Burning Pact","Wild Strike+1"],"picked":"Sentinel+1","floor":21}],"player_experience":367183,"relics_obtained":[{"floor":6,"key":"The Courier"},{"floor":8,"key":"Happy Flower"},{"floor":9,"key":"Frozen Egg 2"},{"floor":11,"key":"Vajra"},{"floor":13,"key":"Bag of Marbles"}],"event_choices":[{"damage_healed":0,"gold_gain":0,"player_choice":"Ignored","damage_taken":0,"max_hp_gain":0,"max_hp_loss":0,"event_name":"Liars Game","floor":4,"gold_loss":0}],"is_beta":false,"boss_relics":[{"not_picked":["Astrolabe","SacredBark"],"picked":"Fusion Hammer"}],"items_purged_floors":[],"is_endless":false,"potions_floor_spawned":[1,6,11,13,18],"killed_by":"Snecko","ascension_level":8}}