{"host":"wj90f2q0h2omert0","time":1610307669,"event":{"mods":["BaseMod","Beaked The Cultist","Better Third Choice","ChefMod","Clawfect","Colored Map","DeckTracker","Downfall","Hubris","JesterMod","Minty Spire (QoL Compilation)","Relic Stats","Robot Space Explorer","Shade Mod","StSLib","The Blackbeard","The Caster","The Dragon Tamer","The Druid"],"gold_per_floor":[12,23,23,23,44,44,83,83,83,31,31,31,206,220,220,341,341,354,354,354,373,373,373,224,257,304,304,304],"floor_reached":27,"playtime":1120,"items_purged":["Burn"],"score":227,"play_id":"f0cf5542-6d5b-4d3d-8e55-20e545d2d514","local_time":"20210110144109","is_ascension_mode":false,"campfire_choices":[{"data":"chefmod:RaidPantry","floor":6,"key":"SMITH"},{"floor":8,"key":"REST"},{"floor":15,"key":"REST"},{"floor":23,"key":"REST"}],"circlet_count":0,"master_deck":["chefmod:Strike","chefmod:Strike","chefmod:Strike","chefmod:Strike","chefmod:QuickThaw","chefmod:Defend","chefmod:Defend","chefmod:Defend","chefmod:TodaysSpecial","chefmod:RaidPantry+1","chefmod:Granita","chefmod:HotSoup","chefmod:ColdSteel","chefmod:FreezerBurn","chefmod:Fillet","Doubt","chefmod:ColdSteel","chefmod:SushiPlatter","CurseOfTheBell","chefmod:Granita","chefmod:Leftovers","chefmod:Gelato+1","Writhe","chefmod:FiveAlarmChili","chefmod:NewMenu"],"relics":["chefmod:TrustyPot","Golden Idol","Torii","Du-Vu Doll","Boot","Calling Bell","Happy Flower","Matryoshka","Calipers","beaked:ShinyBauble","Vajra","White Beast Statue","Art of War"],"acts_visited":["Exordium","TheCity"],"potions_floor_usage":[16,25,25,25],"damage_taken":[{"damage":4,"enemies":"2 Louse","floor":1,"turns":4},{"damage":0,"enemies":"Small Slimes","floor":2,"turns":4},{"damage":1,"enemies":"Jaw Worm","floor":5,"turns":4},{"damage":59,"enemies":"Gremlin Nob","floor":7,"turns":6},{"damage":8,"enemies":"3 Louse","floor":14,"turns":5},{"damage":19,"enemies":"The Guardian","floor":16,"turns":8},{"damage":3,"enemies":"Chosen","floor":18,"turns":4},{"damage":29,"enemies":"2 Thieves","floor":21,"turns":5},{"damage":55,"enemies":"Slavers","floor":25,"turns":6},{"damage":15,"enemies":"Snecko","floor":27,"turns":2}],"seed_played":"-6012517860786404668","potions_obtained":[{"floor":1,"key":"GamblersBrew"},{"floor":7,"key":"Explosive Potion"},{"floor":14,"key":"PowerPotion"},{"floor":18,"key":"PowerPotion"},{"floor":21,"key":"SkillPotion"}],"is_trial":false,"path_per_floor":["M","M","?","?","M","R","E","R","T","$","?","$","?","M","R","B",null,"M","?","?","M","?","R","$","E","T","M"],"character_chosen":"THE_CHEF","items_purchased":["chefmod:Fillet","chefmod:FiveAlarmChili"],"campfire_rested":3,"item_purchase_floors":[10,24],"current_hp_per_floor":[72,72,72,70,69,69,10,31,31,31,31,31,31,23,44,25,70,67,67,67,38,38,59,59,4,4,0,0],"gold":304,"neow_bonus":"THREE_RARE_CARDS","is_daily":false,"chose_seed":false,"campfire_upgraded":1,"win_rate":0.0,"timestamp":1610307669,"path_taken":["M","M","?","?","M","R","E","R","T","?","?","$","?","M","R","BOSS","M","?","?","?","?","R","$","E","T","M"],"items_purchased_type":["Card","Card"],"build_version":"2020-12-22","purchased_purges":1,"victory":false,"max_hp_per_floor":[76,76,76,70,70,70,70,70,70,70,70,70,70,70,70,70,70,70,70,70,70,70,70,70,70,70,70,70],"relic_stats":{"Torii":33,"Happy Flower":[5],"counters":[10,48],"Golden Idol":53,"Art of War":[1],"Boot":[12],"obtain_stats":[{"chefmod:TrustyPot":0,"beaked:ShinyBauble":22,"Calipers":17,"Torii":7,"Happy Flower":17,"Golden Idol":4,"Vajra":25,"Boot":11,"White Beast Statue":26,"Du-Vu Doll":9,"Calling Bell":17,"Matryoshka":17,"Art of War":26},{"chefmod:TrustyPot":0,"beaked:ShinyBauble":8,"Calipers":6,"Torii":4,"Happy Flower":6,"Golden Idol":2,"Vajra":9,"Boot":4,"White Beast Statue":9,"Du-Vu Doll":4,"Calling Bell":6,"Matryoshka":6,"Art of War":9},{"chefmod:TrustyPot":0,"beaked:ShinyBauble":40,"Calipers":31,"Torii":18,"Happy Flower":31,"Golden Idol":8,"Vajra":46,"Boot":18,"White Beast Statue":46,"Du-Vu Doll":18,"Calling Bell":31,"Matryoshka":31,"Art of War":46}]},"card_choices":[{"not_picked":["chefmod:RisingDough","chefmod:Canape"],"picked":"chefmod:RaidPantry","floor":0},{"not_picked":["chefmod:Fillet","chefmod:KnifeFlurry"],"picked":"chefmod:Granita","floor":1},{"not_picked":["chefmod:BaoBuns","chefmod:Julienne"],"picked":"chefmod:HotSoup","floor":2},{"not_picked":["chefmod:SliceAndDice","chefmod:DeathByChocolate"],"picked":"chefmod:ColdSteel","floor":5},{"not_picked":["chefmod:SearedScallops","chefmod:BaoBuns"],"picked":"chefmod:FreezerBurn","floor":7},{"not_picked":["chefmod:Defrost","chefmod:BleedOut"],"picked":"chefmod:ColdSteel","floor":14},{"not_picked":["chefmod:DeathByChocolate","chefmod:Canape"],"picked":"chefmod:SushiPlatter","floor":16},{"not_picked":["chefmod:DinoKale","chefmod:Defrost"],"picked":"chefmod:Granita","floor":18},{"not_picked":["chefmod:Defrost","chefmod:LocoMoco"],"picked":"chefmod:Gelato+1","floor":21},{"not_picked":["chefmod:SaveForLater","chefmod:MonsterBait"],"picked":"chefmod:NewMenu","floor":25}],"player_experience":734848,"relics_obtained":[{"floor":7,"key":"Torii"},{"floor":9,"key":"Du-Vu Doll"},{"floor":17,"key":"Happy Flower"},{"floor":17,"key":"Matryoshka"},{"floor":17,"key":"Calipers"},{"floor":25,"key":"Vajra"},{"floor":26,"key":"White Beast Statue"},{"floor":26,"key":"Art of War"}],"event_choices":[{"damage_healed":72,"gold_gain":0,"player_choice":"Embrace Burn","damage_taken":0,"max_hp_gain":0,"max_hp_loss":76,"event_name":"betterThird:BetterShining","floor":3,"gold_loss":0},{"damage_healed":0,"gold_gain":0,"player_choice":"Lose Max HP","damage_taken":0,"relics_obtained":["Golden Idol"],"max_hp_gain":0,"max_hp_loss":6,"event_name":"Golden Idol","floor":4,"gold_loss":0},{"damage_healed":0,"gold_gain":0,"player_choice":"Searched \u00272\u0027 times","damage_taken":0,"relics_obtained":["Boot"],"max_hp_gain":0,"max_hp_loss":0,"event_name":"Dead Adventurer","floor":11,"gold_loss":0},{"damage_healed":0,"gold_gain":175,"player_choice":"AGREE","damage_taken":31,"max_hp_gain":0,"max_hp_loss":0,"event_name":"betterThird:BetterSerpent","floor":13,"gold_loss":0},{"damage_healed":0,"gold_gain":0,"player_choice":"Ignored","damage_taken":0,"max_hp_gain":0,"max_hp_loss":0,"event_name":"Ghosts","floor":19,"gold_loss":0},{"damage_healed":0,"gold_gain":0,"cards_transformed":["chefmod:Defend"],"player_choice":"Transformed","damage_taken":0,"max_hp_gain":0,"max_hp_loss":0,"event_name":"Transmorgrifier","floor":20,"gold_loss":0,"cards_obtained":["chefmod:Leftovers"]},{"damage_healed":0,"gold_gain":0,"player_choice":"Opened","damage_taken":0,"relics_obtained":["beaked:ShinyBauble"],"max_hp_gain":0,"max_hp_loss":0,"event_name":"The Mausoleum","floor":22,"gold_loss":0,"cards_obtained":["Writhe"]}],"is_beta":false,"boss_relics":[{"not_picked":["Snecko Eye","hubris:VirtuousBlindfold"],"picked":"Calling Bell"}],"items_purged_floors":[24],"is_endless":false,"potions_floor_spawned":[1,7,14,18,21],"killed_by":"Snecko","ascension_level":0}}