{"host":"f5y45f7z7ziu0smp","time":1610260281,"event":{"mods":["AchievementEnabler","BaseMod","Koishi","Marisa£¨Ùöéë¡¡Øª×âÞÞ£©","Minty Spire (QoL Compilation)","StSLib","SuperFastMode","The Hierophant"],"gold_per_floor":[117,9,284,209,159,159,159,159,159,171,183,195,232,318,330,439,451,479,340,340,340,72,72,72,72,118,118,118,128,128,141,141,242,242,262,262,275,550,550,550,550,550,573,97,116,139,139,139,139,139],"floor_reached":51,"playtime":1456,"items_purged":["Regret","Regret"],"score":1039,"play_id":"48239701-5be2-46c8-9099-592b8697cb42","local_time":"20210110153121","daily_mods":["SealedDeck","Shiny","Vintage","Heirloom","Time Dilation","Flight"],"is_ascension_mode":true,"campfire_choices":[{"data":"Storm","floor":6,"key":"SMITH"},{"data":"Fission","floor":7,"key":"SMITH"},{"data":"Seek","floor":8,"key":"SMITH"},{"data":"Amplify","floor":10,"key":"SMITH"},{"data":"Buffer","floor":11,"key":"SMITH"},{"data":"Defragment","floor":15,"key":"SMITH"},{"data":"Storm","floor":23,"key":"SMITH"},{"data":"Heatsinks","floor":24,"key":"SMITH"},{"floor":25,"key":"REST"},{"data":"Aggregate","floor":28,"key":"SMITH"},{"data":"Defragment","floor":30,"key":"SMITH"},{"data":"Capacitor","floor":32,"key":"SMITH"},{"data":"Echo Form","floor":40,"key":"SMITH"},{"data":"Fusion","floor":41,"key":"SMITH"},{"data":"Machine Learning","floor":42,"key":"SMITH"},{"data":"Reboot","floor":49,"key":"SMITH"}],"circlet_count":0,"master_deck":["AscendersBane","Hyperbeam+1","Machine Learning+1","Buffer+1","Seek+1","Echo Form+1","All For One","Reboot+1","Fission+1","Multi-Cast","Thunder Strike","Biased Cognition","Electrodynamics","Rainbow","Meteor Strike","Amplify+1","Creative AI","Fusion+1","Beam Cell","Turbo","Force Field","Aggregate+1","Heatsinks+1","Defragment+1","Coolheaded","Turbo","Capacitor+1","Storm+1","Sunder","Turbo","Thunder Strike+1","Double Energy","Defragment+1","Storm+1","Master of Strategy","Meteor Strike","Thinking Ahead"],"relics":["Snecko Eye","Dead Branch","Singing Bowl","MawBank","Art of War","Philosopher\u0027s Stone","Turnip","Nilry\u0027s Codex","PreservedInsect","HornCleat","StrikeDummy","Pantograph","Coffee Dripper","Blue Candle","Orichalcum","Bottled Tornado","Smiling Mask","Pear","Whetstone","Nunchaku"],"acts_visited":["Exordium","TheCity","TheBeyond"],"potions_floor_usage":[33,50],"damage_taken":[{"damage":0,"enemies":"Cultist","floor":1,"turns":2},{"damage":0,"enemies":"Gremlin Nob","floor":13,"turns":2},{"damage":6,"enemies":"The Guardian","floor":16,"turns":2},{"damage":13,"enemies":"Shell Parasite","floor":18,"turns":2},{"damage":14,"enemies":"Chosen","floor":29,"turns":2},{"damage":0,"enemies":"Centurion and Healer","floor":31,"turns":1},{"damage":19,"enemies":"Champ","floor":33,"turns":5},{"damage":12,"enemies":"Orb Walker","floor":35,"turns":3},{"damage":6,"enemies":"3 Shapes","floor":37,"turns":2},{"damage":0,"enemies":"Maw","floor":39,"turns":2},{"damage":30,"enemies":"Jaw Worm Horde","floor":45,"turns":2},{"damage":40,"enemies":"Time Eater","floor":50,"turns":5}],"seed_played":"-6889069285535050795","potions_obtained":[{"floor":16,"key":"Weak Potion"},{"floor":29,"key":"ColorlessPotion"},{"floor":45,"key":"Swift Potion"}],"is_trial":true,"path_per_floor":["M","$","?","$","?","R","R","R","T","R","R","$","E","?","R","B",null,"M","$","?","$","$","R","R","R","T","T","R","M","R","M","R","B",null,"M","T","M","?","M","R","R","R","T","$","M","T","$","?","R","B",null],"character_chosen":"DEFECT","items_purchased":["Storm","Sunder","Double Energy","Defragment","Storm","Master of Strategy","Pear","Thinking Ahead"],"campfire_rested":1,"item_purchase_floors":[2,2,19,19,22,22,44,44],"current_hp_per_floor":[68,68,68,68,68,68,68,68,68,68,68,68,68,68,68,62,72,59,59,43,43,43,43,43,65,65,65,65,51,51,51,51,56,70,58,58,52,52,52,52,52,52,52,62,32,32,32,74,74,34],"gold":139,"neow_bonus":"","is_daily":false,"chose_seed":false,"campfire_upgraded":15,"win_rate":0.0,"timestamp":1610260281,"path_taken":["M","$","?","?","?","R","R","R","T","R","R","$","E","?","R","BOSS","M","$","?","$","$","R","R","R","T","?","R","M","R","?","R","BOSS","M","?","M","?","?","R","R","R","T","$","M","?","$","?","R","BOSS"],"items_purchased_type":["Card","Card","Card","Card","Card","Card","Relic","Card"],"build_version":"2020-12-22","purchased_purges":2,"victory":true,"max_hp_per_floor":[75,75,75,75,75,75,75,75,75,75,75,75,75,75,75,75,75,75,75,75,75,75,75,75,75,75,75,75,75,75,75,75,75,75,75,75,75,75,75,75,75,75,75,85,85,85,85,74,74,74],"card_choices":[{"not_picked":["Compile Driver","Rebound"],"picked":"Turbo","floor":13},{"not_picked":["Hyperbeam","Core Surge"],"picked":"Thunder Strike","floor":16},{"not_picked":["Creative AI","Hyperbeam"],"picked":"Meteor Strike","floor":33}],"player_experience":82788,"relics_obtained":[{"floor":1,"key":"Singing Bowl"},{"floor":9,"key":"MawBank"},{"floor":13,"key":"Art of War"},{"floor":18,"key":"Turnip"},{"floor":20,"key":"Nilry\u0027s Codex"},{"floor":26,"key":"PreservedInsect"},{"floor":27,"key":"HornCleat"},{"floor":29,"key":"StrikeDummy"},{"floor":31,"key":"Pantograph"},{"floor":35,"key":"Blue Candle"},{"floor":36,"key":"Orichalcum"},{"floor":37,"key":"Bottled Tornado"},{"floor":43,"key":"Smiling Mask"},{"floor":45,"key":"Whetstone"},{"floor":46,"key":"Nunchaku"}],"event_choices":[{"damage_healed":0,"gold_gain":275,"player_choice":"Desecrate","damage_taken":0,"max_hp_gain":0,"max_hp_loss":0,"event_name":"Golden Shrine","floor":3,"gold_loss":0,"cards_obtained":["Regret"]},{"cards_removed":["Core Surge"],"damage_healed":0,"gold_gain":0,"player_choice":"Card Removal","damage_taken":0,"max_hp_gain":0,"max_hp_loss":0,"event_name":"The Cleric","floor":5,"gold_loss":50},{"damage_healed":0,"gold_gain":74,"player_choice":"Gained Gold","damage_taken":0,"max_hp_gain":0,"max_hp_loss":0,"event_name":"Golden Wing","floor":14,"gold_loss":0},{"damage_healed":0,"gold_gain":0,"player_choice":"Obtained Book","damage_taken":16,"max_hp_gain":0,"max_hp_loss":0,"event_name":"Cursed Tome","floor":20,"gold_loss":0},{"damage_healed":0,"gold_gain":275,"player_choice":"Desecrate","damage_taken":0,"max_hp_gain":0,"max_hp_loss":0,"event_name":"Golden Shrine","floor":38,"gold_loss":0,"cards_obtained":["Regret"]},{"damage_healed":74,"gold_gain":0,"player_choice":"Heal","damage_taken":0,"max_hp_gain":0,"max_hp_loss":11,"event_name":"The Moai Head","floor":48,"gold_loss":0}],"is_beta":false,"boss_relics":[{"not_picked":["Velvet Choker","Runic Dome"],"picked":"Philosopher\u0027s Stone"},{"not_picked":["Inserter","Sozu"],"picked":"Coffee Dripper"}],"items_purged_floors":[4,44],"is_endless":false,"potions_floor_spawned":[16,29,39,45],"ascension_level":11}}