{"host":"x6tlfgqpy55vgxdn","time":1610252629,"event":{"mods":["AchievementEnabler","BaseMod","DeckTracker","Minty Spire (QoL Compilation)","Permanent Neow","Quick Restart","StSLib","SuperFastMode"],"gold_per_floor":[119,119,119,132,143,143,176,176,247,267,267,277,277,287,287,365,365,378,378,396,396,409,409,443,443,468,468,92,125,125,139,139,212,212,230,85,110,122,169,202,214,244,267,284,41,41,60,88,88,88,88,88,8,43,43,43],"floor_reached":55,"playtime":2494,"items_purged":["Sweeping Beam+1","Defend_B"],"score":1329,"play_id":"7f74cad9-10ae-484a-bdbf-193b3d90dd2d","local_time":"20210110132349","is_ascension_mode":true,"campfire_choices":[{"data":"Sweeping Beam","floor":6.0,"key":"SMITH"},{"data":"Fission","floor":8.0,"key":"SMITH"},{"data":"Dualcast","floor":11.0,"key":"SMITH"},{"data":"Coolheaded","floor":13.0,"key":"SMITH"},{"data":"Zap","floor":15.0,"key":"SMITH"},{"data":"Defragment","floor":23.0,"key":"SMITH"},{"data":"Biased Cognition","floor":25.0,"key":"SMITH"},{"data":"Panacea","floor":30.0,"key":"SMITH"},{"data":"Seek","floor":32.0,"key":"SMITH"},{"floor":49.0,"key":"RECALL"},{"data":"Heatsinks","floor":52.0,"key":"SMITH"}],"circlet_count":0,"master_deck":["AscendersBane","Defend_B","Defend_B+1","Defend_B","Zap+1","Dualcast+1","Go for the Eyes+1","Ball Lightning","Fission+1","Cold Snap","Coolheaded+1","Compile Driver","Biased Cognition+1","Defragment+1","Capacitor","Capacitor","Bite","Bite","Bite","Bite","Bite","Panacea+1","Seek+1","Creative AI","Recycle","Barrage","Heatsinks+1"],"relics":["Cracked Core","Lantern","Regal Pillow","The Courier","Coffee Dripper","Enchiridion","Darkstone Periapt","Centennial Puzzle","Runic Capacitor","PreservedInsect","Blood Vial","Black Star","Turnip","Nunchaku","Vajra","Orichalcum","Potion Belt","Art of War","DataDisk","ClockworkSouvenir","Juzu Bracelet","Meat on the Bone","Bronze Scales","Anchor"],"acts_visited":["Exordium","TheCity","TheBeyond","TheEnding"],"potions_floor_usage":[55,55],"damage_taken":[{"damage":7.0,"enemies":"Jaw Worm","floor":1.0,"turns":4.0},{"damage":0.0,"enemies":"Cultist","floor":4.0,"turns":3.0},{"damage":0.0,"enemies":"2 Louse","floor":5.0,"turns":2.0},{"damage":11.0,"enemies":"Gremlin Nob","floor":7.0,"turns":4.0},{"damage":5.0,"enemies":"Large Slime","floor":10.0,"turns":4.0},{"damage":0.0,"enemies":"Exordium Thugs","floor":12.0,"turns":4.0},{"damage":0.0,"enemies":"Exordium Wildlife","floor":14.0,"turns":1.0},{"damage":6.0,"enemies":"Slime Boss","floor":16.0,"turns":8.0},{"damage":0.0,"enemies":"Chosen","floor":18.0,"turns":3.0},{"damage":1.0,"enemies":"Shell Parasite","floor":20.0,"turns":3.0},{"damage":5.0,"enemies":"Snecko","floor":22.0,"turns":5.0},{"damage":17.0,"enemies":"Slavers","floor":24.0,"turns":5.0},{"damage":18.0,"enemies":"Gremlin Leader","floor":29.0,"turns":11.0},{"damage":39.0,"enemies":"Sentry and Sphere","floor":31.0,"turns":5.0},{"damage":42.0,"enemies":"Automaton","floor":33.0,"turns":19.0},{"damage":15.0,"enemies":"3 Darklings","floor":35.0,"turns":2.0},{"damage":12.0,"enemies":"Mind Bloom Boss Battle","floor":37.0,"turns":14.0},{"damage":6.0,"enemies":"Orb Walker","floor":38.0,"turns":3.0},{"damage":48.0,"enemies":"Nemesis","floor":40.0,"turns":9.0},{"damage":2.0,"enemies":"Writhing Mass","floor":41.0,"turns":6.0},{"damage":4.0,"enemies":"Giant Head","floor":42.0,"turns":8.0},{"damage":13.0,"enemies":"Transient","floor":44.0,"turns":5.0},{"damage":10.0,"enemies":"Jaw Worm Horde","floor":47.0,"turns":2.0},{"damage":11.0,"enemies":"Nemesis","floor":48.0,"turns":7.0},{"damage":26.0,"enemies":"Awakened One","floor":50.0,"turns":16.0},{"damage":26.0,"enemies":"Shield and Spear","floor":54.0,"turns":9.0},{"damage":55,"enemies":"The Heart","floor":55,"turns":2}],"seed_played":"-9100253586482422077","potions_obtained":[{"floor":5.0,"key":"Block Potion"},{"floor":7.0,"key":"Block Potion"},{"floor":10.0,"key":"SpeedPotion"},{"floor":14.0,"key":"Regen Potion"},{"floor":20.0,"key":"SteroidPotion"},{"floor":22.0,"key":"FocusPotion"},{"floor":24.0,"key":"Fire Potion"},{"floor":33.0,"key":"Swift Potion"},{"floor":41.0,"key":"Explosive Potion"},{"floor":44.0,"key":"Strength Potion"},{"floor":54.0,"key":"SmokeBomb"}],"is_trial":false,"path_per_floor":["M","?","?","M","M","R","E","R","T","M","R","M","R","M","R","B",null,"M","?","M","?","M","R","E","R","T","?","$","E","R","M","R","B",null,"M","$","?","M","T","E","M","E","T","M","$","?","M","E","R","B",null,"R","$","E","B"],"character_chosen":"DEFECT","items_purchased":["Runic Capacitor","PreservedInsect","Panacea","Recycle","DataDisk","ClockworkSouvenir","FocusPotion","Swift Potion"],"campfire_rested":0,"item_purchase_floors":[28,28,28,36,45,45,53,53],"current_hp_per_floor":[57,36,36,36,36,36,25,25,25,20,20,20,20,20,20,14,57,57,57,56,35,44,44,27,27,27,27,27,49,49,20,20,49,49,42,42,49,47,47,21,45,49,49,48,48,47,37,47,47,47,47,47,47,37,0,0],"gold":43,"neow_bonus":"RANDOM_COMMON_RELIC","is_daily":false,"chose_seed":false,"campfire_upgraded":10,"win_rate":0.0,"timestamp":1610252629,"path_taken":["M","?","?","?","M","R","E","R","T","M","R","M","R","M","R","BOSS","M","?","M","?","M","R","E","R","T","?","$","E","R","M","R","BOSS","M","$","?","M","?","E","M","E","T","?","?","?","M","E","R","BOSS","R","$","E","BOSS"],"items_purchased_type":["Relic","Relic","Card","Card","Relic","Relic","Potion","Potion"],"build_version":"2020-12-22","purchased_purges":2,"victory":false,"max_hp_per_floor":[71,71,71,71,71,71,71,71,71,71,71,71,71,71,71,71,71,71,71,71,71,71,71,71,71,71,49,49,49,49,49,49,49,49,49,49,49,49,49,49,49,49,49,49,49,47,47,47,47,47,47,47,47,47,47,47],"card_choices":[{"not_picked":["Recycle","Stack"],"picked":"Go for the Eyes","floor":1.0},{"not_picked":["Reprogram","Undo"],"picked":"Sweeping Beam","floor":4.0},{"not_picked":["Hologram","Storm"],"picked":"Ball Lightning","floor":5.0},{"not_picked":["Capacitor","Turbo"],"picked":"Fission","floor":7.0},{"not_picked":["Ball Lightning","Undo"],"picked":"Cold Snap","floor":10.0},{"not_picked":["Chill","Cold Snap"],"picked":"Coolheaded","floor":12.0},{"not_picked":["Leap","Redo"],"picked":"Compile Driver","floor":14.0},{"not_picked":["Hyperbeam","Rainbow"],"picked":"Biased Cognition","floor":16.0},{"not_picked":["FTL","Stack"],"picked":"Defragment","floor":18.0},{"not_picked":["Ball Lightning","Blizzard"],"picked":"Capacitor","floor":20.0},{"not_picked":["Leap","Steam","Conserve Battery"],"picked":"SKIP","floor":22.0},{"not_picked":["Barrage","Heatsinks"],"picked":"Capacitor","floor":24.0},{"not_picked":["Hologram","Redo"],"picked":"Seek","floor":29.0},{"not_picked":["Fusion","Turbo+1","Reprogram"],"picked":"SKIP","floor":31.0},{"not_picked":["Hyperbeam","Rainbow"],"picked":"Creative AI","floor":33.0},{"not_picked":["Compile Driver","Coolheaded","Auto Shields"],"picked":"SKIP","floor":35.0},{"not_picked":["Turbo","Compile Driver","Redo+1"],"picked":"SKIP","floor":38.0},{"not_picked":["Amplify","Steam","Sweeping Beam"],"picked":"SKIP","floor":40.0},{"not_picked":["Turbo","Tempest","Reprogram"],"picked":"SKIP","floor":41.0},{"not_picked":["White Noise","Lockon"],"picked":"Barrage","floor":42.0},{"not_picked":["Sweeping Beam","Leap+1","Auto Shields"],"picked":"SKIP","floor":44.0},{"not_picked":["Static Discharge","Self Repair+1"],"picked":"Heatsinks","floor":47.0},{"not_picked":["Turbo","Barrage","Reprogram"],"picked":"SKIP","floor":48.0},{"not_picked":["Scrape","BootSequence+1","Beam Cell"],"picked":"SKIP","floor":54.0}],"player_experience":233228,"relics_obtained":[{"floor":7.0,"key":"Regal Pillow"},{"floor":9.0,"key":"The Courier"},{"floor":21.0,"key":"Enchiridion"},{"floor":24.0,"key":"Darkstone Periapt"},{"floor":26.0,"key":"Centennial Puzzle"},{"floor":29.0,"key":"Blood Vial"},{"floor":37.0,"key":"Turnip"},{"floor":39.0,"key":"Nunchaku"},{"floor":40.0,"key":"Vajra"},{"floor":40.0,"key":"Orichalcum"},{"floor":42.0,"key":"Potion Belt"},{"floor":42.0,"key":"Art of War"},{"floor":48.0,"key":"Juzu Bracelet"},{"floor":48.0,"key":"Meat on the Bone"},{"floor":54.0,"key":"Bronze Scales"},{"floor":54.0,"key":"Anchor"}],"event_choices":[{"damage_healed":0.0,"max_hp_gain":0.0,"max_hp_loss":0.0,"gold_gain":0.0,"event_name":"Shining Light","player_choice":"Entered Light","floor":2.0,"gold_loss":0.0,"damage_taken":21.0,"cards_upgraded":["Strike_B","Defend_B"]},{"damage_healed":0.0,"max_hp_gain":0.0,"max_hp_loss":0.0,"gold_gain":0.0,"event_name":"Accursed Blacksmith","player_choice":"Forge","floor":3.0,"gold_loss":0.0,"damage_taken":0.0,"cards_upgraded":["Go for the Eyes"]},{"damage_healed":0.0,"max_hp_gain":0.0,"max_hp_loss":0.0,"gold_gain":0.0,"event_name":"Ghosts","player_choice":"Ignored","floor":19.0,"gold_loss":0.0,"damage_taken":0.0},{"damage_healed":0.0,"max_hp_gain":0.0,"max_hp_loss":0.0,"gold_gain":0.0,"event_name":"Cursed Tome","player_choice":"Obtained Book","floor":21.0,"gold_loss":0.0,"damage_taken":21.0},{"damage_healed":0.0,"max_hp_gain":0.0,"max_hp_loss":22.0,"gold_gain":0.0,"event_name":"Vampires","player_choice":"Became a vampire","floor":27.0,"gold_loss":0.0,"damage_taken":0.0,"cards_obtained":["Bite","Bite","Bite","Bite","Bite"]},{"damage_healed":0.0,"max_hp_gain":0.0,"max_hp_loss":0.0,"gold_gain":0.0,"event_name":"MindBloom","player_choice":"Fight","floor":37.0,"gold_loss":0.0,"damage_taken":0.0},{"damage_healed":0.0,"max_hp_gain":0.0,"max_hp_loss":2.0,"gold_gain":0.0,"event_name":"Winding Halls","player_choice":"Max HP","floor":46.0,"gold_loss":0.0,"damage_taken":0.0}],"is_beta":false,"boss_relics":[{"not_picked":["Busted Crown","Tiny House"],"picked":"Coffee Dripper"},{"not_picked":["Calling Bell","Runic Pyramid"],"picked":"Black Star"}],"items_purged_floors":[28,36],"is_endless":false,"potions_floor_spawned":[5,7,10,14,20,22,24,33,38,41,44,54],"killed_by":"The Heart","ascension_level":15}}