{"host":"cv77zuuuekizn3ic","time":1610265484,"event":{"mods":["AchievementEnabler","BaseMod","Marisa£®ÏF”Í°°ƒß¿Ì…≥£©","Minty Spire (QoL Compilation)","StSLib","Waifu the Spire","everything is the same but u backflip on backflip","slay the spire mod where everything is the same but ironclad has a cowboy hat"],"gold_per_floor":[19,35,35,55,205,230,247,273,355,287,287,304,304,320,320,398,398,415,432,452,452,452],"floor_reached":21,"playtime":890,"items_purged":[],"score":386,"play_id":"10fd1a68-5c36-4bc9-ae8a-bd0e46d67843","local_time":"20210110155804","is_ascension_mode":true,"campfire_choices":[{"data":"Body Slam","floor":11.0,"key":"SMITH"},{"data":"Bash","floor":15.0,"key":"SMITH"}],"circlet_count":0,"master_deck":["AscendersBane","Strike_R","Strike_R","Strike_R","Defend_R","Defend_R+1","Defend_R","Defend_R","Bash+1","Flame Barrier","Warcry","Sword Boomerang","Whirlwind","Flex","Doubt","Body Slam+1","Burning Pact+1","Seeing Red","Barricade","Seeing Red","Armaments"],"relics":["Burning Blood","Unceasing Top","StoneCalendar","Singing Bowl","War Paint","Philosopher\u0027s Stone"],"acts_visited":["Exordium","TheCity"],"potions_floor_usage":[],"damage_taken":[{"damage":0.0,"enemies":"Jaw Worm","floor":1.0,"turns":6.0},{"damage":8.0,"enemies":"Small Slimes","floor":2.0,"turns":4.0},{"damage":0.0,"enemies":"2 Louse","floor":4.0,"turns":1.0},{"damage":32.0,"enemies":"Gremlin Nob","floor":6.0,"turns":4.0},{"damage":0.0,"enemies":"Lots of Slimes","floor":7.0,"turns":1.0},{"damage":55.0,"enemies":"Lagavulin","floor":8.0,"turns":10.0},{"damage":9.0,"enemies":"2 Fungi Beasts","floor":12.0,"turns":4.0},{"damage":6.0,"enemies":"Exordium Thugs","floor":14.0,"turns":3.0},{"damage":78.0,"enemies":"Hexaghost","floor":16.0,"turns":8.0},{"damage":7,"enemies":"3 Byrds","floor":18,"turns":6},{"damage":30,"enemies":"2 Thieves","floor":19,"turns":4},{"damage":36,"enemies":"Snake Plant","floor":20,"turns":4},{"damage":25,"enemies":"Centurion and Healer","floor":21,"turns":1}],"seed_played":"-4025189388274147459","potions_obtained":[{"floor":2.0,"key":"Fire Potion"},{"floor":7.0,"key":"LiquidBronze"},{"floor":8.0,"key":"Strength Potion"},{"floor":16.0,"key":"GamblersBrew"},{"floor":19,"key":"SpeedPotion"}],"is_trial":false,"path_per_floor":["M","M","?","M","?","E","M","E","T","?","R","M","?","M","R","B",null,"M","M","M","M"],"character_chosen":"IRONCLAD","items_purchased":[],"campfire_rested":0,"item_purchase_floors":[],"current_hp_per_floor":[74,72,77,80,80,54,60,11,11,11,11,10,92,92,92,20,74,73,49,21,0,0],"gold":452,"neow_bonus":"TRANSFORM_TWO_CARDS","is_daily":false,"chose_seed":false,"campfire_upgraded":2,"win_rate":0.0,"timestamp":1610265484,"path_taken":["M","M","?","M","?","E","?","E","T","?","R","?","?","M","R","BOSS","M","?","M","M"],"items_purchased_type":[],"build_version":"2020-12-22","purchased_purges":0,"victory":false,"max_hp_per_floor":[75,75,80,80,80,80,80,80,80,80,80,82,92,92,92,92,92,92,92,94,94,94],"card_choices":[{"not_picked":["Flame Barrier","Havoc"],"picked":"Sword Boomerang","floor":1.0},{"not_picked":["Iron Wave","Heavy Blade"],"picked":"Whirlwind","floor":2.0},{"not_picked":["Clash","Thunderclap"],"picked":"Flex","floor":4.0},{"not_picked":["Shrug It Off","Thunderclap"],"picked":"Immolate","floor":6.0},{"not_picked":["Infernal Blade","Anger"],"picked":"Body Slam","floor":7.0},{"not_picked":["Hemokinesis","Blood for Blood"],"picked":"Burning Pact","floor":8.0},{"not_picked":["Body Slam","Sentinel","Heavy Blade"],"picked":"Singing Bowl","floor":12.0},{"not_picked":["Thunderclap","Cleave"],"picked":"Seeing Red","floor":14.0},{"not_picked":["Juggernaut","Limit Break"],"picked":"Barricade","floor":16.0},{"not_picked":["Clothesline","Iron Wave"],"picked":"Seeing Red","floor":18},{"not_picked":["Twin Strike","Pommel Strike"],"picked":"Armaments","floor":19},{"not_picked":["Warcry","Rage","Dropkick"],"picked":"Singing Bowl","floor":20}],"player_experience":824550,"relics_obtained":[{"floor":6.0,"key":"Unceasing Top"},{"floor":8.0,"key":"StoneCalendar"},{"floor":9.0,"key":"Singing Bowl"}],"event_choices":[{"damage_healed":0.0,"max_hp_gain":5.0,"max_hp_loss":0.0,"gold_gain":0.0,"event_name":"Big Fish","player_choice":"Donut","floor":3.0,"gold_loss":0.0,"damage_taken":0.0},{"damage_healed":0.0,"max_hp_gain":0.0,"max_hp_loss":0.0,"gold_gain":150.0,"event_name":"Liars Game","player_choice":"AGREE","floor":5.0,"gold_loss":0.0,"damage_taken":0.0,"cards_obtained":["Doubt"]},{"damage_healed":0.0,"max_hp_gain":0.0,"max_hp_loss":0.0,"gold_gain":0.0,"event_name":"WeMeetAgain","player_choice":"Paid Gold","floor":10.0,"gold_loss":68.0,"damage_taken":0.0,"relics_obtained":["War Paint"]},{"cards_removed":["Immolate"],"damage_healed":72.0,"max_hp_gain":10.0,"max_hp_loss":0.0,"gold_gain":0.0,"event_name":"Bonfire Elementals","player_choice":"Offered Rare","floor":13.0,"gold_loss":0.0,"damage_taken":0.0}],"is_beta":false,"boss_relics":[{"not_picked":["Tiny House","Busted Crown"],"picked":"Philosopher\u0027s Stone"}],"items_purged_floors":[],"is_endless":false,"potions_floor_spawned":[2,7,8,16,19,20],"killed_by":"Centurion and Healer","ascension_level":20}}