{"host":"bf9sa99gaumonoeu","time":1610239310,"event":{"mods":["AchievementEnabler","Act Like it!","BaseMod","Better Sensory Stone","Colored Map","Colored Powertips","Downfall","Friendly Minions","Gensokyo","GifTheSpireLib","Googly Eyes","Hallownest","Hermit","Jorbs\u0027s Wanderer Trilogy","KinomotoSakuraMod(????)","Koishi","Lobotomy","Marisa????????","Minty Spire (QoL Compilation)","Prisma Mod","Rare Cards Sparkle","Reimu??????","Relic Stats","Remilia??????","StSLib","The Administrix","The Animator","The Bug Knight","The Construct","The Cursed","The Disciple","The Hierophant","The Mystic","The Necromancer","The Poker Player","The Runesmith","The Senshi","The Servant 0.9.4","TheLocksmith"],"gold_per_floor":[285,320,52,81,118,118,128,128],"floor_reached":7,"playtime":521,"items_purged":[],"score":69,"play_id":"1c4d0fcc-8dac-481f-8215-4c534e9d00d3","local_time":"20210109224150","is_ascension_mode":true,"campfire_choices":[{"floor":6,"key":"REST"}],"circlet_count":0,"master_deck":["AscendersBane","animator:Strike_Kancolle","animator:Defend_Kancolle","animator:Strike","animator:Strike","animator:Strike","animator:Defend","animator:Defend","animator:Defend","animator:Shimakaze","animator:Gillette","animator:YaoHaDucy","animator:ChaikaBohdan","animator:Fredrika"],"relics":["animator:LivingPicture","animator:TheMissingPiece","animator:CerealBox","Ancient Tea Set"],"acts_visited":["Exordium"],"potions_floor_usage":[4],"damage_taken":[{"damage":3,"enemies":"Small Slimes","floor":1,"turns":6},{"damage":8,"enemies":"2 Louse","floor":2,"turns":4},{"damage":3,"enemies":"Jaw Worm","floor":4,"turns":7},{"damage":16,"enemies":"Exordium Wildlife","floor":5,"turns":7},{"damage":62,"enemies":"Gremlin Nob","floor":7,"turns":5}],"seed_played":"-1371355828030675245","potions_obtained":[{"floor":2,"key":"Block Potion"}],"is_trial":false,"path_per_floor":["M","M","$","M","M","R","E"],"character_chosen":"THE_ANIMATOR","items_purchased":["animator:CerealBox","Ancient Tea Set"],"campfire_rested":1,"item_purchase_floors":[3,3],"current_hp_per_floor":[53,45,45,47,31,54,0,0],"gold":128,"neow_bonus":"TWENTY_PERCENT_HP_BONUS","is_daily":false,"chose_seed":false,"campfire_upgraded":0,"win_rate":0.0,"timestamp":1610239310,"path_taken":["M","M","$","M","M","R","E"],"items_purchased_type":["Relic","Relic"],"build_version":"2020-12-22","purchased_purges":0,"victory":false,"max_hp_per_floor":[78,78,78,79,79,79,79,79],"relic_stats":{"counters":[5,29],"obtain_stats":[{"animator:TheMissingPiece":0,"animator:LivingPicture":0,"Ancient Tea Set":3,"animator:CerealBox":3},{"animator:TheMissingPiece":0,"animator:LivingPicture":0,"Ancient Tea Set":2,"animator:CerealBox":2},{"animator:TheMissingPiece":0,"animator:LivingPicture":0,"Ancient Tea Set":10,"animator:CerealBox":10}]},"card_choices":[{"not_picked":["animator:OrikoMikuni","animator:Kuribayashi"],"picked":"animator:Gillette","floor":1},{"not_picked":["animator:Rena","animator:Viivi"],"picked":"animator:YaoHaDucy","floor":2},{"not_picked":["animator:DolaRiku","animator:Sloth"],"picked":"animator:ChaikaBohdan","floor":4},{"not_picked":["animator:Gillette","animator:Layla"],"picked":"animator:Fredrika","floor":5}],"player_experience":921459,"relics_obtained":[],"event_choices":[],"is_beta":false,"boss_relics":[],"items_purged_floors":[],"is_endless":false,"potions_floor_spawned":[2],"killed_by":"Gremlin Nob","ascension_level":12}}