{"host":"m5bsg12zcyqnofur","time":1610303978,"event":{"mods":["BaseMod","BetterRewards","Colored Powertips","Downfall","Highlight Path","Minty Spire (QoL Compilation)","Quick Restart","Replay The Spire","Shop Mod","StSLib"],"gold_per_floor":[115,127,145,145,2,2,36,36,118,143,143,173,183,63,63,63,63],"floor_reached":16,"playtime":820,"items_purged":["Strike_R"],"score":124,"play_id":"3b739daa-c38c-43ef-99cc-349895ac78aa","local_time":"20210110123938","is_ascension_mode":true,"campfire_choices":[{"data":"ReplayTheSpireMod:Muscle Training","floor":6,"key":"SMITH"},{"data":"Metallicize","floor":8,"key":"SMITH"},{"floor":11,"key":"RECALL"},{"data":"Entrench","floor":15,"key":"SMITH"}],"circlet_count":0,"master_deck":["Strike_R","Strike_R","Strike_R","Strike_R","Defend_R","Defend_R","Defend_R","Defend_R","Metallicize+1","ReplayTheSpireMod:Muscle Training+1","Cleave+1","Entrench+1","Flex"],"relics":["Burning Blood","Medical Kit","Potion Belt","White Beast Statue","Sundial","Centennial Puzzle"],"acts_visited":["Exordium"],"potions_floor_usage":[7,7,12,16,16],"damage_taken":[{"damage":5,"enemies":"Cultist","floor":1,"turns":4},{"damage":4,"enemies":"Jaw Worm","floor":2,"turns":5},{"damage":2,"enemies":"Small Slimes","floor":3,"turns":4},{"damage":13,"enemies":"3 Sentries","floor":7,"turns":8},{"damage":22,"enemies":"Gremlin Nob","floor":10,"turns":5},{"damage":16,"enemies":"3 Sentries","floor":12,"turns":4},{"damage":15,"enemies":"3 Louse","floor":13,"turns":4},{"damage":51,"enemies":"Hexaghost","floor":16,"turns":16}],"seed_played":"4516702544801659353","potions_obtained":[{"floor":1,"key":"Milkshake"},{"floor":2,"key":"EssenceOfSteel"},{"floor":10,"key":"PowerPotion"},{"floor":12,"key":"ColorlessPotion"},{"floor":13,"key":"DuplicationPotion"}],"is_trial":false,"path_per_floor":["M","M","M","?","$","R","E","R","T","E","R","E","M","$","R","B"],"character_chosen":"IRONCLAD","items_purchased":["Medical Kit","Flex"],"campfire_rested":0,"item_purchase_floors":[5,14],"current_hp_per_floor":[88,88,88,88,88,88,81,81,81,65,65,55,46,46,46,0,0],"gold":63,"neow_bonus":"TEN_PERCENT_HP_BONUS","is_daily":false,"chose_seed":false,"campfire_upgraded":3,"win_rate":0.0,"timestamp":1610303978,"path_taken":["M","M","M","?","$","R","E","R","T","E","R","E","M","$","R","BOSS"],"items_purchased_type":["Relic","Card"],"build_version":"2020-12-22","purchased_purges":1,"victory":false,"max_hp_per_floor":[88,88,88,88,88,88,88,88,88,88,88,88,88,88,88,88,88],"card_choices":[{"not_picked":["Twin Strike","Run Through"],"picked":"Metallicize","floor":1},{"not_picked":["True Grit","Bloodletting","Anger"],"picked":"SKIP","floor":2},{"not_picked":["ReplayTheSpireMod:LeadingStrike","Carnage"],"picked":"ReplayTheSpireMod:Muscle Training","floor":3},{"not_picked":["Clothesline","Pummel","Dropkick"],"picked":"SKIP","floor":7},{"not_picked":["Defy Death","ReplayTheSpireMod:Limb From Limb","Pommel Strike"],"picked":"SKIP","floor":10},{"not_picked":["Twin Strike","Rage"],"picked":"Entrench","floor":12},{"not_picked":["Perfected Strike","True Grit","Entrench"],"picked":"SKIP","floor":13}],"player_experience":143172,"relics_obtained":[{"floor":7,"key":"Potion Belt"},{"floor":9,"key":"White Beast Statue"},{"floor":10,"key":"Sundial"},{"floor":12,"key":"Centennial Puzzle"}],"event_choices":[],"is_beta":false,"boss_relics":[],"items_purged_floors":[14],"is_endless":false,"potions_floor_spawned":[1,2,10,12,13],"killed_by":"Hexaghost","ascension_level":1}}