{"host":"rolltorest","time":1610238808,"event":{"mods":["BaseMod","Minty Spire (QoL Compilation)","Relic Stats","Robot Space Explorer","Slay the Relics Exporter","StSLib"],"gold_per_floor":[109,259,259,274,290,290,321,341,368,383,447,464,223,250,250,327,327,306,306,306],"floor_reached":19,"playtime":535,"items_purged":["Doubt"],"score":349,"play_id":"abfba444-9882-4139-ac6b-509b40392214","local_time":"20210109163328","is_ascension_mode":true,"campfire_choices":[{"data":"RobotSpaceExplorer:Comet","floor":6,"key":"SMITH"},{"floor":15,"key":"REST"}],"circlet_count":0,"master_deck":["AscendersBane","RobotSpaceExplorer:Strike","RobotSpaceExplorer:Strike","RobotSpaceExplorer:Strike+1","RobotSpaceExplorer:Strike+1","RobotSpaceExplorer:Defend","RobotSpaceExplorer:Defend","RobotSpaceExplorer:Defend","RobotSpaceExplorer:Defend","RobotSpaceExplorer:Scan","RobotSpaceExplorer:MiniLasers","RobotSpaceExplorer:Comet+1","RobotSpaceExplorer:StunGrenade","RobotSpaceExplorer:ShovelStrike","RobotSpaceExplorer:PlasmaMissile","RobotSpaceExplorer:MetalStrike","RobotSpaceExplorer:Blitz","RobotSpaceExplorer:DoubleBlock","RobotSpaceExplorer:Smokescreen","RobotSpaceExplorer:Multitool"],"relics":["RobotSpaceExplorer:RoboCore","Whetstone","Art of War","Potion Belt","SlaversCollar"],"acts_visited":["Exordium","TheCity"],"potions_floor_usage":[10,14,14,16],"damage_taken":[{"damage":3,"enemies":"Small Slimes","floor":1,"turns":4},{"damage":2,"enemies":"Jaw Worm","floor":4,"turns":3},{"damage":0,"enemies":"Cultist","floor":5,"turns":3},{"damage":50,"enemies":"3 Sentries","floor":7,"turns":5},{"damage":0,"enemies":"Large Slime","floor":8,"turns":4},{"damage":1,"enemies":"Blue Slaver","floor":10,"turns":4},{"damage":0,"enemies":"Exordium Wildlife","floor":12,"turns":2},{"damage":6,"enemies":"Lagavulin","floor":14,"turns":4},{"damage":1,"enemies":"The Guardian","floor":16,"turns":12},{"damage":27,"enemies":"2 Thieves","floor":18,"turns":5},{"damage":36,"enemies":"Shell Parasite","floor":19,"turns":4}],"seed_played":"-6116930385555504066","potions_obtained":[{"floor":1,"key":"Swift Potion"},{"floor":3,"key":"RobotSpaceExplorer:PlasmaFlask"},{"floor":3,"key":"DuplicationPotion"},{"floor":12,"key":"RobotSpaceExplorer:RecyclePotion"},{"floor":14,"key":"PowerPotion"}],"is_trial":false,"path_per_floor":["M","?","?","M","M","R","E","M","T","M","?","M","$","E","R","B",null,"M","M"],"character_chosen":"RobotSpaceExplorer","items_purchased":["RobotSpaceExplorer:Blitz","RobotSpaceExplorer:DoubleBlock"],"campfire_rested":1,"item_purchase_floors":[13,13],"current_hp_per_floor":[61,61,61,59,59,59,9,9,9,8,8,8,8,2,23,22,59,32,0,0],"gold":306,"neow_bonus":"ONE_RANDOM_RARE_CARD","is_daily":false,"chose_seed":false,"campfire_upgraded":1,"win_rate":0.0,"timestamp":1610238808,"path_taken":["M","?","?","M","M","R","E","M","T","?","?","M","$","E","R","BOSS","M","M"],"items_purchased_type":["Card","Card"],"build_version":"2020-12-18","purchased_purges":1,"victory":false,"max_hp_per_floor":[71,71,71,71,71,71,71,71,71,71,71,71,71,71,71,71,71,71,71,71],"relic_stats":{"counters":[11,50],"Art of War":[3],"Whetstone":["RobotSpaceExplorer:Strike","RobotSpaceExplorer:Strike"],"obtain_stats":[{"Potion Belt":14,"SlaversCollar":17,"RobotSpaceExplorer:RoboCore":0,"Art of War":9,"Whetstone":7},{"Potion Belt":8,"SlaversCollar":9,"RobotSpaceExplorer:RoboCore":0,"Art of War":5,"Whetstone":4},{"Potion Belt":29,"SlaversCollar":41,"RobotSpaceExplorer:RoboCore":0,"Art of War":19,"Whetstone":15}]},"card_choices":[{"not_picked":["RobotSpaceExplorer:ShockKick","RobotSpaceExplorer:FrostMissile"],"picked":"RobotSpaceExplorer:StunGrenade","floor":1},{"not_picked":["RobotSpaceExplorer:DualCore","RobotSpaceExplorer:SelfCleaning"],"picked":"RobotSpaceExplorer:ShovelStrike","floor":4},{"not_picked":["RobotSpaceExplorer:FreezingShield","RobotSpaceExplorer:Jetpack"],"picked":"RobotSpaceExplorer:PlasmaMissile","floor":5},{"not_picked":["RobotSpaceExplorer:DroneSwarm","RobotSpaceExplorer:Counterblock"],"picked":"RobotSpaceExplorer:MetalStrike","floor":7},{"not_picked":["RobotSpaceExplorer:FrostMissile","RobotSpaceExplorer:Probe","RobotSpaceExplorer:ShovelStrike"],"picked":"SKIP","floor":8},{"not_picked":["RobotSpaceExplorer:SlimeMissile","RobotSpaceExplorer:Ammunition","RobotSpaceExplorer:ScrapShield"],"picked":"SKIP","floor":10},{"not_picked":["RobotSpaceExplorer:Probe","RobotSpaceExplorer:FrostMissile","RobotSpaceExplorer:LuckyStrike"],"picked":"SKIP","floor":12},{"not_picked":["RobotSpaceExplorer:Ammunition","RobotSpaceExplorer:Probe"],"picked":"RobotSpaceExplorer:Smokescreen","floor":14},{"not_picked":["RobotSpaceExplorer:ChargingLaser","RobotSpaceExplorer:Scanner"],"picked":"RobotSpaceExplorer:Multitool","floor":16},{"not_picked":["RobotSpaceExplorer:ScrapShield","RobotSpaceExplorer:FreezeRay","RobotSpaceExplorer:GlueShot"],"picked":"SKIP","floor":18}],"player_experience":1822939,"relics_obtained":[{"floor":7,"key":"Whetstone"},{"floor":9,"key":"Art of War"},{"floor":14,"key":"Potion Belt"}],"event_choices":[{"damage_healed":0,"gold_gain":150,"player_choice":"AGREE","damage_taken":0,"max_hp_gain":0,"max_hp_loss":0,"event_name":"Liars Game","floor":2,"gold_loss":0,"cards_obtained":["Doubt"]},{"damage_healed":0,"gold_gain":0,"player_choice":"Got Potions","damage_taken":0,"max_hp_gain":0,"max_hp_loss":0,"event_name":"Lab","floor":3,"gold_loss":0},{"damage_healed":0,"gold_gain":64,"player_choice":"Gained Gold","damage_taken":0,"max_hp_gain":0,"max_hp_loss":0,"event_name":"Golden Wing","floor":11,"gold_loss":0}],"is_beta":true,"boss_relics":[{"not_picked":["Astrolabe","Sozu"],"picked":"SlaversCollar"}],"items_purged_floors":[13],"is_endless":false,"potions_floor_spawned":[1,4,12,14],"killed_by":"Shell Parasite","ascension_level":19}}