{"host":"xu0zbcebhy6w9mdv","time":1610314171,"event":{"mods":["AchievementEnabler","Act Like it!","Aspiration","BaseMod","Better Match","Better Third Choice","BetterRewards","Colored Powertips","Downfall","Duelist Mod","Friendly Minions","Gensokyo","Hallownest","Hubris","Infinite Spire","Marisa????????","Minty Spire (QoL Compilation)","Potionbrewer","Quick Restart","READ ME - Guardian Mod","READ ME - Snecko Mod","Rare Cards Sparkle","Replay The Spire","Shop Mod","StSLib","The Animator","The Blackbeard","The Bug Knight","The Cursed","The Hierophant","The Necromancer","The Runesmith","The Servant 0.9.4"],"gold_per_floor":[145,165,175,139,139,139,158,190,215,234,234,254,254,254],"floor_reached":13,"playtime":749,"items_purged":[],"score":206,"play_id":"82f2ee51-19d3-499a-bc2a-c41a9f567f8b","local_time":"20210110162931","is_ascension_mode":true,"campfire_choices":[{"data":"theDuelist:Nameless:Power:AssaultArmor","floor":6,"key":"SMITH"}],"circlet_count":0,"master_deck":["AscendersBane","theDuelist:AttackMetronome","theDuelist:AttackMetronome","theDuelist:AttackMetronome","theDuelist:AttackMetronome","theDuelist:BlockMetronome","theDuelist:BlockMetronome","theDuelist:BlockMetronome","theDuelist:BlockMetronome","theDuelist:Metronome","theDuelist:Metronome","theDuelist:PowerMetronome","theDuelist:SkillMetronome","theDuelist:SkillMetronome","theDuelist:TrapMetronome","theDuelist:UncommonAttackMetronome","theDuelist:BlockMetronome+1","theDuelist:Nameless:Power:AssaultArmor+1","theDuelist:MillenniumGolem"],"relics":["theDuelist:MillenniumPuzzle","theDuelist:CardPoolRelic","theDuelist:CardPoolBasicRelic","theDuelist:BoosterPackPoolRelic","theDuelist:CardPoolAddRelic","theDuelist:CardPoolMinusRelic","theDuelist:CardPoolSaveRelic","theDuelist:CardPoolOptionsRelic","NeowsBlessing","potionbrewer:ToyAutogyro","aspiration:Lifesprig"],"acts_visited":["Exordium"],"potions_floor_usage":[12],"damage_taken":[{"damage":0,"enemies":"Hallownest:monsterHuskGuard","floor":1,"turns":1},{"damage":0,"enemies":"2_ Uuma","floor":2,"turns":1},{"damage":0,"enemies":"Hallownest:monsterHuskWarrior","floor":3,"turns":1},{"damage":11,"enemies":"Hallownest:Guard_and_Warrior","floor":7,"turns":6},{"damage":7,"enemies":"Hallownest:eliteMossKnight","floor":8,"turns":7},{"damage":2,"enemies":"Hallownest:1_Baldur_1_Crawlid_1_Warrior","floor":10,"turns":4},{"damage":11,"enemies":"Hallownest:1_Ooma_and_2_Uuma","floor":12,"turns":5},{"damage":4,"enemies":"Hallownest:eliteCrystalGuardian","floor":13,"turns":3}],"seed_played":"-1170629391617589016","potions_obtained":[{"floor":1,"key":"potionbrewer:NoxiousPotion"},{"floor":12,"key":"potionbrewer:MidasPotion"}],"is_trial":false,"path_per_floor":["M","M","M","$","?","R","M","E","T","M","$","M","E"],"character_chosen":"THE_DUELIST","items_purchased":["theDuelist:BlockMetronome+1"],"campfire_rested":0,"item_purchase_floors":[4],"current_hp_per_floor":[63,63,63,63,63,63,52,45,45,43,43,32,28,28],"gold":254,"neow_bonus":"THREE_ENEMY_KILL","is_daily":false,"chose_seed":false,"campfire_upgraded":1,"win_rate":0.0,"timestamp":1610314171,"path_taken":["M","M","M","$","?","R","M","E","T","M","$","M","E"],"items_purchased_type":["Card"],"build_version":"2020-12-22","purchased_purges":0,"victory":false,"max_hp_per_floor":[70,70,70,70,70,70,70,70,70,70,70,70,70,70],"card_choices":[{"not_picked":["theDuelist:BigFire","theDuelist:AttackTheMoon","theDuelist:EarthEffigy","theDuelist:HarpieFeather","theDuelist:DarkFactory"],"picked":"SKIP","floor":1},{"not_picked":["theDuelist:BattleguardKing","theDuelist:BigFire","theDuelist:HarpieFeather","theDuelist:Wiretap","theDuelist:OneForOne"],"picked":"SKIP","floor":2},{"not_picked":["theDuelist:BigFire","theDuelist:GauntletWarrior","theDuelist:MillenniumGolem","theDuelist:ClearKuriboh","theDuelist:SolemnStrike"],"picked":"SKIP","floor":3},{"not_picked":["theDuelist:FuryFire","theDuelist:WormKing","theDuelist:GemElephant","theDuelist:PowerWall","theDuelist:BlockGolem"],"picked":"SKIP","floor":7},{"not_picked":["theDuelist:BattleOx","theDuelist:Sangan","theDuelist:GiantSoldierSteel","theDuelist:GreyGreedOni","theDuelist:GraniteLoyalist"],"picked":"SKIP","floor":8},{"not_picked":["theDuelist:ZombieMetronome","theDuelist:WyrmMetronome","theDuelist:RareBlockMetronome","theDuelist:MachineMetronome","theDuelist:AquaMetronome"],"picked":"SKIP","floor":10},{"not_picked":["theDuelist:BattleguardKing","theDuelist:ClearKuriboh","theDuelist:WormKing","theDuelist:SolemnStrike"],"picked":"theDuelist:MillenniumGolem","floor":12}],"player_experience":591682,"relics_obtained":[{"floor":8,"key":"potionbrewer:ToyAutogyro"},{"floor":9,"key":"aspiration:Lifesprig"}],"event_choices":[{"power_reward":4,"total_magic_score":53,"gold_gain":0,"duelist":true,"damage_taken":0,"relics_obtained":[],"points":5,"max_hp_gain":0,"max_hp_loss":0,"spent_points":{"magic":0,"greed":0,"war":0,"power":4,"hunger":0},"event_name":"Nameless Tomb","floor":5,"gold_loss":0,"cards_obtained":["theDuelist:Nameless:Power:AssaultArmor"]}],"is_beta":false,"boss_relics":[],"items_purged_floors":[],"is_endless":false,"potions_floor_spawned":[1,7,12],"killed_by":"Hallownest:eliteCrystalGuardian","ascension_level":18}}