{"host":"yvxwvf4t2vu8n8lg","time":1610288680,"event":{"mods":["BaseMod","Downfall","Hermit","Marisa£®ÏF”Í°°ƒß¿Ì…≥£©","Minty Spire (QoL Compilation)","Prisma Mod","Reimu£®≤©¿ˆ¡È√Œ£©","Remilia£®¿Ÿ√◊¿Ú—«£©","Replay The Spire","StSLib","The Alterego","The Cursed","The Servant 0.9.4","WarShipGirlsR/’ΩΩ¢…Ÿ≈ÆR mod","Yakumo Yukari mod","Youmu£®ªÍ∆«—˝√Œ£©","Yuyuko"],"gold_per_floor":[109,121,121,121,137,181,181,206,206,244,244,275,275,298,298,429,429,443,459,106,131,155,198,198,219,219,219,219,9,9,32,32,160,160,184,208,271,271,271],"floor_reached":38,"playtime":2995,"items_purged":["rmod:defend","rmod:defend"],"score":416,"play_id":"44e6fe64-2e6e-4631-b66b-607768009a89","local_time":"20210110222440","is_ascension_mode":false,"campfire_choices":[{"floor":7,"key":"REST"},{"floor":15,"key":"REST"},{"floor":24,"key":"REST"},{"floor":28,"key":"REST"},{"floor":32,"key":"REST"}],"circlet_count":0,"master_deck":["rmod:strick","rmod:strick","rmod:defend","rmod:defend","rmod:basicallowance","rmod:maingunfire","rmod:victimresponsibility+1","rmod:expedition","rmod:circuitoustactics","rmod:aggressivemary","rmod:circuitoustactics","rmod:fletcher","rmod:lonelyqueen","rmod:firesupport","rmod:windflower","rmod:firesupport","rmod:diamondstrike","rmod:aviationdawn","rmod:mineteam","rmod:diamondstrike","rmod:salvage","rmod:aviationdawn+1","rmod:tearstotiara+1","rmod:tearstotiara+1","rmod:smokecover","rmod:saltedfish","rmod:shuttlebombing+1","rmod:aviationdawn+1"],"relics":["Pondfish Scales","Golden Idol","Iron Hammer","Calipers","Replay:Multitool","Vajra","SlaversCollar","Strawberry","Molten Egg 2","Darkstone Periapt","rmod:mogul","Ice Cream"],"acts_visited":["Exordium","TheCity","TheBeyond"],"potions_floor_usage":[10,16,23,33,33,33],"damage_taken":[{"damage":0,"enemies":"2 Louse","floor":1,"turns":2},{"damage":0,"enemies":"Cultist","floor":2,"turns":3},{"damage":0,"enemies":"Small Slimes","floor":5,"turns":4},{"damage":22,"enemies":"3 Sentries","floor":6,"turns":12},{"damage":2,"enemies":"2 Fungi Beasts","floor":8,"turns":3},{"damage":4,"enemies":"Lagavulin","floor":10,"turns":7},{"damage":13,"enemies":"3 Sentries","floor":12,"turns":6},{"damage":0,"enemies":"Exordium Wildlife","floor":14,"turns":5},{"damage":46,"enemies":"Hexaghost","floor":16,"turns":8},{"damage":5,"enemies":"3 Byrds","floor":18,"turns":8},{"damage":3,"enemies":"Chosen","floor":19,"turns":4},{"damage":23,"enemies":"Shelled Parasite and Fungi","floor":21,"turns":6},{"damage":18,"enemies":"Centurion and Healer","floor":22,"turns":4},{"damage":8,"enemies":"Book of Stabbing","floor":23,"turns":4},{"damage":22,"enemies":"Snecko","floor":25,"turns":5},{"damage":13,"enemies":"Snake Plant","floor":31,"turns":4},{"damage":31,"enemies":"Collector","floor":33,"turns":7},{"damage":6,"enemies":"3 Darklings","floor":35,"turns":6},{"damage":18,"enemies":"Orb Walker","floor":36,"turns":3},{"damage":45,"enemies":"2 Orb Walkers","floor":37,"turns":5},{"damage":9,"enemies":"Sphere and 2 Shapes","floor":38,"turns":1}],"seed_played":"-5332706851615359425","potions_obtained":[{"floor":2,"key":"Flashbang"},{"floor":8,"key":"GrandPatriotsElixir:ReiMu"},{"floor":10,"key":"SpeedPotion"},{"floor":16,"key":"Swift Potion"},{"floor":22,"key":"DistilledChaos"},{"floor":23,"key":"SneckoOil"},{"floor":25,"key":"SteroidPotion"},{"floor":35,"key":"Energy Potion"},{"floor":36,"key":"SkillPotion"}],"is_trial":false,"path_per_floor":["M","M","?","?","M","E","R","M","T","E","?","E","R","M","R","B",null,"M","M","$","M","M","E","R","M","T","?","R","$","?","M","R","B",null,"M","M","?","M"],"character_chosen":"PRAEFECT","items_purchased":["Strawberry","rmod:aviationdawn","rmod:mineteam","rmod:tearstotiara+1","rmod:smokecover"],"campfire_rested":5,"item_purchase_floors":[20,20,20,29,29],"current_hp_per_floor":[68,68,51,44,44,22,42,40,40,36,36,23,43,43,63,17,68,63,60,67,44,26,18,40,18,18,18,40,40,40,27,49,18,75,69,51,6,0,0],"gold":271,"neow_bonus":"ONE_RARE_RELIC","is_daily":false,"chose_seed":false,"campfire_upgraded":0,"win_rate":0.0,"timestamp":1610288680,"path_taken":["M","M","?","?","M","E","R","M","T","E","?","E","R","M","R","BOSS","M","?","$","M","M","E","R","M","T","?","R","$","?","?","R","BOSS","M","M","?","M"],"items_purchased_type":["Relic","Card","Card","Card","Card"],"build_version":"2020-12-22","purchased_purges":2,"victory":false,"max_hp_per_floor":[68,68,68,68,68,68,68,68,68,68,68,68,68,68,68,68,68,68,68,75,75,75,75,75,75,75,75,75,75,75,75,75,75,75,75,75,75,75,75],"card_choices":[{"not_picked":["rmod:luckystar","rmod:intelligenceanalysis"],"picked":"rmod:victimresponsibility","floor":1},{"not_picked":["rmod:auspiciousomen","rmod:launchingtorpedo"],"picked":"rmod:expedition","floor":2},{"not_picked":["rmod:combined","rmod:tearstotiara"],"picked":"rmod:circuitoustactics","floor":5},{"not_picked":["rmod:goodfighter","rmod:bulid"],"picked":"rmod:aggressivemary","floor":6},{"not_picked":["rmod:steelsupply","rmod:fletcherpendant"],"picked":"rmod:circuitoustactics","floor":8},{"not_picked":["rmod:firesupport","rmod:unsinkable","rmod:ammunitionsupply"],"picked":"SKIP","floor":10},{"not_picked":["rmod:desperatesituation","rmod:aviationdawn"],"picked":"rmod:lonelyqueen","floor":12},{"not_picked":["rmod:goodfighter","rmod:bulid"],"picked":"rmod:firesupport","floor":14},{"not_picked":["rmod:ridicule","rmod:saltedfish"],"picked":"rmod:windflower","floor":16},{"not_picked":["rmod:steelsupply+1","rmod:supportescort"],"picked":"rmod:firesupport","floor":18},{"not_picked":["rmod:steelsupply+1","rmod:aluminumsupply+1"],"picked":"rmod:diamondstrike","floor":19},{"not_picked":["rmod:ammunitionsupply","rmod:combined+1"],"picked":"rmod:diamondstrike","floor":21},{"not_picked":["rmod:combined+1","rmod:chargemoney"],"picked":"rmod:salvage","floor":22},{"not_picked":["rmod:victimresponsibility","rmod:u235"],"picked":"rmod:aviationdawn+1","floor":23},{"not_picked":["rmod:aggressivemary+1","rmod:goodfighter+1","rmod:lonelyqueen"],"picked":"SKIP","floor":25},{"not_picked":["rmod:slowdown","rmod:ammunitionsupply","rmod:intelligenceanalysis+1"],"picked":"SKIP","floor":31},{"not_picked":["rmod:windflower","rmod:auspiciousomen"],"picked":"rmod:saltedfish","floor":33},{"not_picked":["rmod:combined+1","rmod:spoils+1"],"picked":"rmod:shuttlebombing+1","floor":35},{"not_picked":["rmod:launchingtorpedo+1","rmod:diamondstrike+1"],"picked":"rmod:aviationdawn+1","floor":36}],"player_experience":17149,"relics_obtained":[{"floor":6,"key":"Iron Hammer"},{"floor":9,"key":"Calipers"},{"floor":10,"key":"Replay:Multitool"},{"floor":12,"key":"Vajra"},{"floor":23,"key":"Molten Egg 2"},{"floor":26,"key":"Darkstone Periapt"},{"floor":37,"key":"Ice Cream"}],"event_choices":[{"damage_healed":0,"gold_gain":0,"player_choice":"Take Damage","damage_taken":17,"relics_obtained":["Golden Idol"],"max_hp_gain":0,"max_hp_loss":0,"event_name":"Golden Idol","floor":3,"gold_loss":0},{"cards_removed":["rmod:strick"],"damage_healed":0,"gold_gain":0,"player_choice":"Card Removal","damage_taken":7,"max_hp_gain":0,"max_hp_loss":0,"event_name":"Golden Wing","floor":4,"gold_loss":0},{"damage_healed":0,"gold_gain":0,"player_choice":"1 cards matched","damage_taken":0,"max_hp_gain":0,"max_hp_loss":0,"event_name":"Match and Keep!","floor":11,"gold_loss":0,"cards_obtained":["rmod:fletcher"]},{"damage_healed":0,"gold_gain":0,"player_choice":"Ignored","damage_taken":0,"max_hp_gain":0,"max_hp_loss":0,"event_name":"Vampires","floor":27,"gold_loss":0},{"cards_removed":["rmod:strick"],"damage_healed":0,"gold_gain":0,"player_choice":"Offered Basic","damage_taken":0,"max_hp_gain":0,"max_hp_loss":0,"event_name":"Bonfire Elementals","floor":30,"gold_loss":0},{"damage_healed":0,"gold_gain":0,"player_choice":"Fight","damage_taken":0,"max_hp_gain":0,"max_hp_loss":0,"event_name":"Mysterious Sphere","floor":37,"gold_loss":0}],"is_beta":false,"boss_relics":[{"not_picked":["Sozu","RedLine:ReiMu"],"picked":"SlaversCollar"},{"not_picked":["Coffee Dripper","Busted Crown"],"picked":"rmod:mogul"}],"items_purged_floors":[20,29],"is_endless":false,"potions_floor_spawned":[2,8,10,16,22,23,25,35,36],"killed_by":"Sphere and 2 Shapes","ascension_level":0}}