{"host":"9l4mw5jqza9qz9hr","time":1610274219,"event":{"mods":["AchievementEnabler","Always Whale","BaseMod","Colored Map","Minty Spire (QoL Compilation)","StSLib","SuperFastMode"],"gold_per_floor":[119,49,69,69,69,98,116,146,193,20,35,69,85,100,100,198,198,214,13,25,42,42,42,42,52,52,78,97,107,117,117,117,117,117],"floor_reached":33,"playtime":1931,"items_purged":["Strike_B"],"score":537,"play_id":"d2cd624b-4142-487c-b7e4-c4398ec5421d","local_time":"20210110192339","is_ascension_mode":true,"campfire_choices":[{"data":"Buffer","floor":15.0,"key":"SMITH"},{"data":"Scrape","floor":23.0,"key":"SMITH"},{"data":"Buffer","floor":32,"key":"SMITH"}],"circlet_count":0,"master_deck":["AscendersBane","Strike_B","Strike_B","Defend_B","Defend_B","Defend_B","Defend_B","Zap","Dualcast","Streamline","Rip and Tear","Beam Cell","Gash","Gash","Buffer+1","Turbo","Leap","Sweeping Beam","Melter","Scrape+1","All For One","BootSequence","Ghostly","Ghostly","Ghostly","Ghostly","Ghostly","Leap+1","Self Repair","Sunder","Buffer+1"],"relics":["Cracked Core","NeowsBlessing","Symbiotic Virus","Blood Vial","Bag of Marbles","Membership Card","Eternal Feather","Cursed Key","ClockworkSouvenir","Art of War","Toy Ornithopter"],"acts_visited":["Exordium","TheCity"],"potions_floor_usage":[27,27,27,30,33],"damage_taken":[{"damage":0.0,"enemies":"Cultist","floor":1.0,"turns":1.0},{"damage":0.0,"enemies":"Jaw Worm","floor":3.0,"turns":1.0},{"damage":0.0,"enemies":"Lagavulin","floor":6.0,"turns":1.0},{"damage":2.0,"enemies":"Small Slimes","floor":7.0,"turns":2.0},{"damage":16.0,"enemies":"Gremlin Nob","floor":8.0,"turns":3.0},{"damage":1.0,"enemies":"Looter","floor":11.0,"turns":2.0},{"damage":11.0,"enemies":"Lagavulin","floor":12.0,"turns":6.0},{"damage":14.0,"enemies":"Exordium Thugs","floor":13.0,"turns":3.0},{"damage":0.0,"enemies":"Blue Slaver","floor":14.0,"turns":1.0},{"damage":26.0,"enemies":"Slime Boss","floor":16.0,"turns":10.0},{"damage":12.0,"enemies":"Chosen","floor":18.0,"turns":3.0},{"damage":16.0,"enemies":"Shell Parasite","floor":20.0,"turns":5.0},{"damage":18.0,"enemies":"Cultist and Chosen","floor":21.0,"turns":5.0},{"damage":12.0,"enemies":"Snake Plant","floor":25.0,"turns":4.0},{"damage":0,"enemies":"Slavers","floor":27,"turns":7},{"damage":2,"enemies":"Sentry and Sphere","floor":28,"turns":4},{"damage":2,"enemies":"Cultist and Chosen","floor":29,"turns":5},{"damage":2,"enemies":"3 Cultists","floor":30,"turns":5},{"damage":51,"enemies":"Collector","floor":33,"turns":7}],"seed_played":"-7701353430149336670","potions_obtained":[{"floor":3.0,"key":"PotionOfCapacity"},{"floor":7.0,"key":"Ancient Potion"},{"floor":8.0,"key":"GamblersBrew"},{"floor":13.0,"key":"DuplicationPotion"},{"floor":14.0,"key":"AttackPotion"},{"floor":20.0,"key":"AttackPotion"},{"floor":27,"key":"GamblersBrew"},{"floor":28,"key":"Explosive Potion"},{"floor":29,"key":"SpeedPotion"}],"is_trial":false,"path_per_floor":["M","$","M","$","?","E","M","E","T","$","M","E","M","M","R","B",null,"M","$","M","M","?","R","?","M","T","E","M","M","M","?","R","B"],"character_chosen":"DEFECT","items_purchased":["Rip and Tear","Membership Card","Turbo","All For One","ClockworkSouvenir","BootSequence"],"campfire_rested":0,"item_purchase_floors":[2,10,10,19,19,19],"current_hp_per_floor":[68,68,68,68,68,68,66,50,50,50,51,42,30,32,44,20,61,51,51,37,21,21,36,36,25,25,27,34,34,37,37,37,0,0],"gold":117,"neow_bonus":"THREE_ENEMY_KILL","is_daily":false,"chose_seed":false,"campfire_upgraded":3,"win_rate":0.0,"timestamp":1610274219,"path_taken":["M","$","M","$","?","E","?","E","T","?","?","E","M","M","R","BOSS","M","$","M","M","?","R","?","M","T","E","M","M","M","?","R","BOSS"],"items_purchased_type":["Card","Relic","Card","Card","Relic","Card"],"build_version":"2020-12-22","purchased_purges":1,"victory":false,"max_hp_per_floor":[75,75,75,75,75,75,75,75,75,75,75,75,75,75,75,75,75,75,75,75,75,37,37,37,37,37,37,37,37,37,37,37,37,37],"card_choices":[{"not_picked":["Ball Lightning","Chill"],"picked":"Streamline","floor":1.0},{"not_picked":["Reinforced Body","Steam"],"picked":"Beam Cell","floor":3.0},{"not_picked":["Undo","FTL"],"picked":"Gash","floor":6.0},{"not_picked":["Sunder","Coolheaded"],"picked":"Gash","floor":7.0},{"not_picked":["Electrodynamics","Barrage"],"picked":"Buffer","floor":8.0},{"not_picked":["Stack","Heatsinks"],"picked":"Leap","floor":11.0},{"not_picked":["Multi-Cast","Defragment"],"picked":"Sweeping Beam","floor":12.0},{"not_picked":["Reprogram","Fusion"],"picked":"Melter","floor":13.0},{"not_picked":["Cold Snap","Streamline"],"picked":"Scrape","floor":14.0},{"not_picked":["Stack","Auto Shields","Barrage"],"picked":"SKIP","floor":18.0},{"not_picked":["Cold Snap+1","Barrage","Ball Lightning"],"picked":"SKIP","floor":20.0},{"not_picked":["Cold Snap","Stack","Tempest"],"picked":"SKIP","floor":21.0},{"not_picked":["Redo","Ball Lightning"],"picked":"Leap+1","floor":25.0},{"not_picked":["Tempest","Darkness"],"picked":"Self Repair","floor":27},{"not_picked":["Stack","Double Energy"],"picked":"Sunder","floor":28},{"not_picked":["Rebound","Beam Cell+1","Turbo"],"picked":"SKIP","floor":29},{"not_picked":["Beam Cell","Hologram"],"picked":"Buffer","floor":30}],"player_experience":206207,"relics_obtained":[{"floor":6.0,"key":"Symbiotic Virus"},{"floor":8.0,"key":"Blood Vial"},{"floor":9.0,"key":"Bag of Marbles"},{"floor":12.0,"key":"Eternal Feather"},{"floor":27,"key":"Art of War"},{"floor":31,"key":"Toy Ornithopter"}],"event_choices":[{"damage_healed":0.0,"max_hp_gain":0.0,"max_hp_loss":0.0,"gold_gain":0.0,"event_name":"The Woman in Blue","player_choice":"Bought 0 Potions","floor":5.0,"gold_loss":0.0,"damage_taken":0.0},{"damage_healed":0.0,"max_hp_gain":0.0,"max_hp_loss":38.0,"gold_gain":0.0,"event_name":"Ghosts","player_choice":"Became a Ghost","floor":22.0,"gold_loss":0.0,"damage_taken":0.0,"cards_obtained":["Ghostly","Ghostly","Ghostly","Ghostly","Ghostly"]},{"cards_removed":["Strike_B"],"damage_healed":0.0,"max_hp_gain":0.0,"max_hp_loss":0.0,"gold_gain":0.0,"event_name":"Back to Basics","player_choice":"Elegance","floor":24.0,"gold_loss":0.0,"damage_taken":0.0},{"damage_healed":0,"gold_gain":0,"player_choice":"Relic","damage_taken":0,"max_hp_gain":0,"max_hp_loss":0,"event_name":"Wheel of Change","floor":31,"gold_loss":0}],"is_beta":false,"boss_relics":[{"not_picked":["SacredBark","Coffee Dripper"],"picked":"Cursed Key"}],"items_purged_floors":[19],"is_endless":false,"potions_floor_spawned":[3,7,8,13,14,20,27,28,29],"killed_by":"Collector","ascension_level":10}}