{"host":"ig7tc0uedzltt2sr","time":1610240852,"event":{"mods":["BaseMod","Better Twitch Integration","Block Reminder","Colored Map","Colored Powertips","Communication Mod","Current Relic Mod","GifTheSpireLib","HexUI Lib","Minty Spire (QoL Compilation)","Quick Restart","Random Character Button","Rare Cards Sparkle","Relic Sorter","Relic Stats","Slay the Relics Exporter","StSLib","SuperFastMode","Synergy Search","Twitch Decklist","Twitch Utils","everything is the same but u backflip on backflip","slay the spire mod where everything is the same but ironclad has a cowboy hat"],"gold_per_floor":[111,126,140,16,28,28,2,2,2],"floor_reached":8,"playtime":31,"items_purged":[],"score":48,"play_id":"c8c679c5-2fa6-43f9-a628-03bfbc6504b2","local_time":"20210109170732","is_ascension_mode":false,"campfire_choices":[{"data":"Defend_R","floor":6,"key":"SMITH"}],"circlet_count":0,"master_deck":["Strike_R","Strike_R","Strike_R","Strike_R","Strike_R","Defend_R+1","Defend_R","Defend_R","Defend_R","Bash","Iron Wave","Impatience","Bloodletting","Pommel Strike"],"relics":["Burning Blood","NeowsBlessing"],"acts_visited":["Exordium"],"potions_floor_usage":[],"damage_taken":[{"damage":0,"enemies":"Small Slimes","floor":1,"turns":1},{"damage":0,"enemies":"Cultist","floor":2,"turns":1},{"damage":0,"enemies":"2 Louse","floor":3,"turns":1},{"damage":31,"enemies":"Exordium Wildlife","floor":5,"turns":6},{"damage":72,"enemies":"Lagavulin","floor":8,"turns":6}],"seed_played":"-8838629609230664989","potions_obtained":[{"floor":1,"key":"Fire Potion"},{"floor":2,"key":"Dexterity Potion"}],"is_trial":false,"path_per_floor":["M","M","M","$","M","R","$","E"],"character_chosen":"IRONCLAD","items_purchased":["Impatience","Bloodletting","Pommel Strike"],"campfire_rested":0,"item_purchase_floors":[4,4,7],"current_hp_per_floor":[80,80,80,80,55,55,55,0,0],"gold":2,"neow_bonus":"THREE_ENEMY_KILL","is_daily":false,"chose_seed":false,"campfire_upgraded":1,"win_rate":0.0,"timestamp":1610240852,"path_taken":["M","M","M","$","M","R","$","E"],"items_purchased_type":["Card","Card","Card"],"build_version":"2020-12-22","purchased_purges":0,"victory":false,"max_hp_per_floor":[80,80,80,80,80,80,80,80,80],"relic_stats":{"counters":[5,15],"obtain_stats":[{"NeowsBlessing":0,"Burning Blood":0},{"NeowsBlessing":0,"Burning Blood":0},{"NeowsBlessing":0,"Burning Blood":0}],"Burning Blood":6},"card_choices":[{"not_picked":["Sword Boomerang","Heavy Blade","Armaments"],"picked":"SKIP","floor":1},{"not_picked":["Clothesline","Shrug It Off"],"picked":"Iron Wave","floor":2},{"not_picked":["Warcry","Juggernaut","Body Slam"],"picked":"SKIP","floor":3},{"not_picked":["Intimidate","Disarm","Heavy Blade"],"picked":"SKIP","floor":5}],"player_experience":1478464,"relics_obtained":[],"event_choices":[],"is_beta":false,"boss_relics":[],"items_purged_floors":[],"is_endless":false,"potions_floor_spawned":[1,2],"killed_by":"Lagavulin","ascension_level":0}}