{"host":"aiavweaozhyh9qiu","time":1610306532,"event":{"mods":["BaseMod","Minty Spire (QoL Compilation)"],"gold_per_floor":[110,121,196,213,213,213,247,263,263,283,301,315,330,350,350,448,448,388,27,40,55,55,55],"floor_reached":22,"playtime":3040,"items_purged":[],"score":192,"play_id":"7ed84f76-c626-423b-8e16-33d6834b859e","local_time":"20210110192212","is_ascension_mode":false,"campfire_choices":[{"data":"Armaments","floor":6,"key":"SMITH"},{"floor":15,"key":"REST"}],"circlet_count":0,"master_deck":["Strike_R","Strike_R","Strike_R","Strike_R","Strike_R","Defend_R","Defend_R","Defend_R","Defend_R","Bash","Anger","Armaments+1","Pommel Strike","Iron Wave","Armaments","Carnage","Blood for Blood","Searing Blow","Searing Blow","Thunderclap","Demon Form","CurseOfTheBell","Anger+1","Feel No Pain","Seeing Red","Second Wind","Uppercut+1"],"relics":["Burning Blood","Pen Nib","InkBottle","Nunchaku","Paper Frog","Calling Bell","Red Skull","Self Forming Clay","Ginger","Bottled Lightning"],"acts_visited":["Exordium","TheCity"],"potions_floor_usage":[7,13,16,16,16,21,22],"damage_taken":[{"damage":9,"enemies":"Cultist","floor":1,"turns":4},{"damage":0,"enemies":"Small Slimes","floor":2,"turns":3},{"damage":9,"enemies":"Jaw Worm","floor":4,"turns":4},{"damage":17,"enemies":"Gremlin Nob","floor":7,"turns":4},{"damage":10,"enemies":"Gremlin Gang","floor":8,"turns":7},{"damage":6,"enemies":"Blue Slaver","floor":10,"turns":4},{"damage":15,"enemies":"Exordium Thugs","floor":11,"turns":4},{"damage":1,"enemies":"Exordium Wildlife","floor":12,"turns":4},{"damage":15,"enemies":"Large Slime","floor":13,"turns":7},{"damage":3,"enemies":"Gremlin Gang","floor":14,"turns":5},{"damage":23,"enemies":"Hexaghost","floor":16,"turns":8},{"damage":16,"enemies":"2 Thieves","floor":18,"turns":4},{"damage":26,"enemies":"3 Byrds","floor":20,"turns":8},{"damage":46,"enemies":"Sentry and Sphere","floor":21,"turns":6},{"damage":14,"enemies":"Snecko","floor":22,"turns":3}],"seed_played":"-9042266321266824207","potions_obtained":[{"floor":2,"key":"Fire Potion"},{"floor":7,"key":"ColorlessPotion"},{"floor":11,"key":"SteroidPotion"},{"floor":12,"key":"Ancient Potion"},{"floor":13,"key":"Weak Potion"},{"floor":16,"key":"PowerPotion"},{"floor":21,"key":"CultistPotion"}],"is_trial":false,"path_per_floor":["M","M","?","M","T","R","E","M","T","M","M","M","M","M","R","B",null,"M","$","M","M","M"],"character_chosen":"IRONCLAD","items_purchased":["Bottled Lightning","Feel No Pain","Seeing Red"],"campfire_rested":1,"item_purchase_floors":[19,19,19],"current_hp_per_floor":[77,80,69,66,66,66,55,51,51,51,42,47,38,41,65,48,80,70,70,50,10,0,0],"gold":55,"neow_bonus":"RANDOM_COMMON_RELIC","is_daily":false,"chose_seed":false,"campfire_upgraded":1,"win_rate":0.0,"timestamp":1610306532,"path_taken":["M","?","?","M","?","R","E","M","T","M","M","M","M","M","R","BOSS","M","$","M","M","M"],"items_purchased_type":["Relic","Card","Card"],"build_version":"2020-12-22","purchased_purges":0,"victory":false,"max_hp_per_floor":[80,80,80,80,80,80,80,80,80,80,80,80,80,80,80,80,80,80,80,80,80,80,80],"card_choices":[{"not_picked":["Pommel Strike","Warcry"],"picked":"Anger","floor":1},{"not_picked":["Clash","Infernal Blade"],"picked":"Armaments","floor":2},{"not_picked":["Berserk","Clash"],"picked":"Pommel Strike","floor":4},{"not_picked":["Dropkick","Flame Barrier"],"picked":"Iron Wave","floor":7},{"not_picked":["Perfected Strike","Pommel Strike"],"picked":"Armaments","floor":8},{"not_picked":["Sever Soul","Bloodletting"],"picked":"Carnage","floor":10},{"not_picked":["Rupture","Perfected Strike"],"picked":"Blood for Blood","floor":11},{"not_picked":["Sword Boomerang","Battle Trance"],"picked":"Searing Blow","floor":12},{"not_picked":["Clothesline","Blood for Blood"],"picked":"Searing Blow","floor":13},{"not_picked":["Bludgeon","Cleave"],"picked":"Thunderclap","floor":14},{"not_picked":["Feed","Juggernaut"],"picked":"Demon Form","floor":16},{"not_picked":["Flame Barrier","Inflame+1"],"picked":"Anger+1","floor":18},{"not_picked":["Pommel Strike","Clothesline"],"picked":"Second Wind","floor":20},{"not_picked":["Rampage","Anger"],"picked":"Uppercut+1","floor":21}],"player_experience":4813,"relics_obtained":[{"floor":5,"key":"InkBottle"},{"floor":7,"key":"Nunchaku"},{"floor":9,"key":"Paper Frog"},{"floor":17,"key":"Red Skull"},{"floor":17,"key":"Self Forming Clay"},{"floor":17,"key":"Ginger"}],"event_choices":[{"damage_healed":0,"gold_gain":75,"player_choice":"Gather Gold","damage_taken":11,"max_hp_gain":0,"max_hp_loss":0,"event_name":"World of Goop","floor":3,"gold_loss":0}],"is_beta":false,"boss_relics":[{"not_picked":["Sozu","Cursed Key"],"picked":"Calling Bell"}],"items_purged_floors":[],"is_endless":false,"potions_floor_spawned":[2,7,11,12,13,16,21],"killed_by":"Snecko","ascension_level":0}}