{"host":"5wznv0010959mrmz","time":1610287544,"event":{"mods":["BaseMod","Highlight Path","Minty Spire (QoL Compilation)","Relic Stats"],"gold_per_floor":[114,128,128,141,155,155,155],"floor_reached":6,"playtime":235,"items_purged":[],"score":76,"play_id":"5958f153-9bbf-43e1-a008-fffc801bf528","local_time":"20210110080544","is_ascension_mode":true,"campfire_choices":[],"circlet_count":0,"master_deck":["AscendersBane","Strike_G","Strike_G","Strike_G","Strike_G","Defend_G","Defend_G","Defend_G","Defend_G","Defend_G","Survivor","Neutralize","Well Laid Plans","Poisoned Stab","Accuracy","Underhanded Strike","Slice"],"relics":["Ring of the Snake","Boot"],"acts_visited":["Exordium"],"potions_floor_usage":[5,6],"damage_taken":[{"damage":3,"enemies":"Small Slimes","floor":1,"turns":4},{"damage":8,"enemies":"Jaw Worm","floor":2,"turns":6},{"damage":1,"enemies":"Cultist","floor":4,"turns":4},{"damage":27,"enemies":"Exordium Wildlife","floor":5,"turns":6},{"damage":22,"enemies":"Lagavulin","floor":6,"turns":3}],"seed_played":"1882060826940393140","potions_obtained":[{"floor":4,"key":"SneckoOil"},{"floor":5,"key":"Swift Potion"}],"is_trial":false,"path_per_floor":["M","M","?","M","M","E"],"character_chosen":"THE_SILENT","items_purchased":[],"campfire_rested":0,"item_purchase_floors":[],"current_hp_per_floor":[56,48,48,47,20,0,0],"gold":155,"neow_bonus":"RANDOM_COMMON_RELIC","is_daily":false,"chose_seed":false,"campfire_upgraded":0,"win_rate":0.0,"timestamp":1610287544,"path_taken":["M","M","?","M","M","E"],"items_purchased_type":[],"build_version":"2020-12-22","purchased_purges":0,"victory":false,"max_hp_per_floor":[66,66,66,66,66,66,66],"relic_stats":{"counters":[5,23],"Boot":[19],"obtain_stats":[{"Boot":0,"Ring of the Snake":0},{"Boot":0,"Ring of the Snake":0},{"Boot":0,"Ring of the Snake":0}],"Ring of the Snake":[10]},"card_choices":[{"not_picked":["Dodge and Roll","PiercingWail"],"picked":"Well Laid Plans","floor":1},{"not_picked":["Endless Agony","Slice"],"picked":"Poisoned Stab","floor":2},{"not_picked":["Backflip","Sucker Punch"],"picked":"Underhanded Strike","floor":4},{"not_picked":["Sucker Punch","Backflip"],"picked":"Slice","floor":5}],"player_experience":436812,"relics_obtained":[],"event_choices":[{"damage_healed":0,"gold_gain":0,"cards_transformed":["Strike_G"],"player_choice":"Change","damage_taken":0,"max_hp_gain":0,"max_hp_loss":0,"event_name":"Living Wall","floor":3,"gold_loss":0,"cards_obtained":["Accuracy"]}],"is_beta":false,"boss_relics":[],"items_purged_floors":[],"is_endless":false,"potions_floor_spawned":[4,5],"killed_by":"Lagavulin","ascension_level":20}}