{"host":"bf9sa99gaumonoeu","time":1610238716,"event":{"mods":["AchievementEnabler","Act Like it!","BaseMod","Better Sensory Stone","Colored Map","Colored Powertips","Downfall","Friendly Minions","Gensokyo","GifTheSpireLib","Googly Eyes","Hallownest","Hermit","Jorbs\u0027s Wanderer Trilogy","KinomotoSakuraMod(????)","Koishi","Lobotomy","Marisa????????","Minty Spire (QoL Compilation)","Prisma Mod","Rare Cards Sparkle","Reimu??????","Relic Stats","Remilia??????","StSLib","The Administrix","The Animator","The Bug Knight","The Construct","The Cursed","The Disciple","The Hierophant","The Mystic","The Necromancer","The Poker Player","The Runesmith","The Senshi","The Servant 0.9.4","TheLocksmith"],"gold_per_floor":[270,270,295,312,20,20,44,69,94,94,118,141,212,229,229,338,338,359,131,150,110,110,110,148,148,148,148,148,148],"floor_reached":28,"playtime":1818,"items_purged":["animator:Strike","animator:Strike"],"score":339,"play_id":"dd3519cb-d038-464e-880f-23a3a3896033","local_time":"20210109223156","is_ascension_mode":true,"campfire_choices":[{"data":"animator:Urushihara","floor":6,"key":"SMITH"},{"data":"animator:YunYun","floor":10,"key":"SMITH"},{"floor":15,"key":"REST"},{"floor":23,"key":"REST"},{"floor":25,"key":"REST"}],"circlet_count":0,"master_deck":["AscendersBane","animator:Strike_Kancolle","animator:Defend_Kancolle","animator:Strike","animator:Defend","animator:Defend","animator:Defend","animator:Shimakaze","animator:Shizu","animator:Alexander","animator:Illya","animator:Darkness","animator:YunYun+1","animator:Urushihara+1","animator:Kuribayashi","animator:Chung","animator:Lancer","animator:Arpeggio","animator:TukaLunaMarceau","animator:Saitama+1","animator:GuildGirl","animator:Verdia"],"relics":["animator:LivingPicture","animator:TheMissingPiece","animator:PurgingStone","Mastiff:ReiMu","Mark of Pain","ZunR:ReiMu","Singing Bowl"],"acts_visited":["Exordium","TheCity"],"potions_floor_usage":[7,8,16,28,28],"damage_taken":[{"damage":4,"enemies":"Small Slimes","floor":1,"turns":6},{"damage":5,"enemies":"Jaw Worm","floor":3,"turns":7},{"damage":7,"enemies":"2 Louse","floor":4,"turns":2},{"damage":0,"enemies":"2 Fungi Beasts","floor":7,"turns":2},{"damage":11,"enemies":"Exordium Thugs","floor":8,"turns":3},{"damage":6,"enemies":"Blue Slaver","floor":11,"turns":4},{"damage":12,"enemies":"Lots of Slimes","floor":12,"turns":2},{"damage":2,"enemies":"Looter","floor":14,"turns":4},{"damage":24,"enemies":"Hexaghost","floor":16,"turns":9},{"damage":11,"enemies":"Spheric Guardian","floor":18,"turns":4},{"damage":15,"enemies":"Chosen","floor":20,"turns":5},{"damage":38,"enemies":"Centurion and Healer","floor":24,"turns":8},{"damage":26,"enemies":"Slavers","floor":28,"turns":1}],"seed_played":"3848907211627471176","potions_obtained":[{"floor":1,"key":"Energy Potion"},{"floor":3,"key":"SkillPotion"},{"floor":11,"key":"FearPotion"},{"floor":16,"key":"FearPotion"},{"floor":24,"key":"AttackPotion"}],"is_trial":false,"path_per_floor":["M","?","M","M","$","R","M","M","T","R","M","M","?","M","R","B",null,"M","$","M","?","?","R","M","R","T","?","E"],"character_chosen":"THE_ANIMATOR","items_purchased":["animator:Darkness","animator:YunYun","animator:Urushihara","animator:GuildGirl","Dexterity Potion"],"campfire_rested":3,"item_purchase_floors":[5,5,5,19,19],"current_hp_per_floor":[55,55,50,43,43,43,43,32,32,32,26,14,14,12,31,7,51,40,40,25,25,25,44,6,25,25,25,0,0],"gold":148,"neow_bonus":"ONE_RANDOM_RARE_CARD","is_daily":false,"chose_seed":false,"campfire_upgraded":2,"win_rate":0.0,"timestamp":1610238716,"path_taken":["M","?","M","M","$","R","M","M","T","R","M","M","?","?","R","BOSS","M","$","M","?","?","R","M","R","T","?","E"],"items_purchased_type":["Card","Card","Card","Card","Potion"],"build_version":"2020-12-22","purchased_purges":2,"victory":false,"max_hp_per_floor":[66,66,66,66,66,66,66,66,66,66,66,66,66,66,66,66,66,66,66,66,66,66,66,66,66,66,66,66,66],"relic_stats":{"Singing Bowl":0,"counters":[13,54],"obtain_stats":[{"animator:PurgingStone":0,"Singing Bowl":26,"Mastiff:ReiMu":9,"animator:TheMissingPiece":0,"ZunR:ReiMu":21,"animator:LivingPicture":0,"Mark of Pain":17},{"animator:PurgingStone":0,"Singing Bowl":12,"Mastiff:ReiMu":5,"animator:TheMissingPiece":0,"ZunR:ReiMu":11,"animator:LivingPicture":0,"Mark of Pain":9},{"animator:PurgingStone":0,"Singing Bowl":53,"Mastiff:ReiMu":19,"animator:TheMissingPiece":0,"ZunR:ReiMu":45,"animator:LivingPicture":0,"Mark of Pain":38}]},"card_choices":[{"not_picked":["animator:Melzalgald","animator:Spearman"],"picked":"animator:Alexander","floor":1},{"not_picked":["animator:Spearman","animator:DwarfShaman"],"picked":"animator:Illya","floor":3},{"not_picked":["animator:Rider","animator:Geryuganshoop","animator:Raven"],"picked":"SKIP","floor":4},{"not_picked":["animator:RoryMercury","animator:Tyuule"],"picked":"animator:Kuribayashi","floor":7},{"not_picked":["animator:Mitsurugi","animator:HiiragiShinya"],"picked":"animator:Chung","floor":8},{"not_picked":["animator:Megumin","animator:DolaCouronne"],"picked":"animator:Lancer","floor":11},{"not_picked":["animator:Add","animator:Ain"],"picked":"animator:Arpeggio","floor":12},{"not_picked":["animator:Tyuule","animator:LeleiLaLalena"],"picked":"animator:TukaLunaMarceau","floor":14},{"not_picked":["animator:Boros","animator:Eris"],"picked":"animator:Saitama","floor":16},{"not_picked":["animator:Ara","animator:DolaCouronne+1","animator:Caster"],"picked":"SKIP","floor":18},{"not_picked":["animator:DolaRiku","animator:Verdia","animator:Add"],"picked":"SKIP","floor":20},{"not_picked":["animator:Sloth","animator:Ara"],"picked":"animator:Verdia","floor":24}],"player_experience":919641,"relics_obtained":[{"floor":9,"key":"Mastiff:ReiMu"},{"floor":26,"key":"Singing Bowl"}],"event_choices":[{"damage_healed":0,"gold_gain":0,"player_choice":"Ignored","damage_taken":0,"max_hp_gain":0,"max_hp_loss":0,"event_name":"Shining Light","floor":2,"gold_loss":0},{"damage_healed":0,"gold_gain":71,"player_choice":"Gained Gold","damage_taken":0,"max_hp_gain":0,"max_hp_loss":0,"event_name":"Golden Wing","floor":13,"gold_loss":0},{"damage_healed":0,"gold_gain":0,"player_choice":"Keep O-miki","damage_taken":0,"relics_obtained":["ZunR:ReiMu"],"max_hp_gain":0,"max_hp_loss":0,"event_name":"ZunEvent","floor":21,"gold_loss":40},{"damage_healed":0,"gold_gain":0,"player_choice":"Ignored","damage_taken":0,"max_hp_gain":0,"max_hp_loss":0,"event_name":"The Mausoleum","floor":22,"gold_loss":0},{"damage_healed":0,"gold_gain":0,"player_choice":"Forge","damage_taken":0,"max_hp_gain":0,"max_hp_loss":0,"event_name":"Accursed Blacksmith","floor":27,"gold_loss":0,"cards_upgraded":["animator:Saitama"]}],"is_beta":false,"boss_relics":[{"not_picked":["Empty Cage","animator:HolyGrailRelic"],"picked":"Mark of Pain"}],"items_purged_floors":[5,19],"is_endless":false,"potions_floor_spawned":[1,3,11,16,24],"killed_by":"Slavers","ascension_level":12}}