{"host":"058erotkld4bsq33","time":1610264784,"event":{"mods":["BaseMod","Better Third Choice","Colored Powertips","Curses Come First","Dark Map","Minty Spire (QoL Compilation)","Quick Restart","Rare Cards Sparkle","Relic Stats","StSLib","UnlockEverythingMod"],"gold_per_floor":[109,123,123,18,35,35,35,64,109,32,107,107,126,138,138,240,290,309,326,341,341,361,361,23,23,23],"floor_reached":25,"playtime":1160,"items_purged":[],"score":203,"play_id":"e1331aca-2735-4afe-b598-2c71dfad07f5","local_time":"20210109234624","is_ascension_mode":false,"campfire_choices":[{"data":"Enlightenment","floor":6.0,"key":"SMITH"},{"floor":12.0,"key":"REST"},{"data":"Neutralize","floor":15.0,"key":"SMITH"},{"data":"Wraith Form v2","floor":23.0,"key":"SMITH"}],"circlet_count":0,"master_deck":["Strike_G","Strike_G","Strike_G","Strike_G","Strike_G","Defend_G","Defend_G","Defend_G","Defend_G","Defend_G","Survivor","Neutralize+1","Enlightenment+1","Predator","Backstab","Poisoned Stab","Footwork","Masterful Stab","Flying Knee+1","Backstab","Masterful Stab","Backstab","Wraith Form v2+1","Poisoned Stab","Blur+1","Flying Knee+1","Heel Hook","Deep Breath"],"relics":["Ring of the Snake","Regal Pillow","Tiny Chest","Tiny House","Gremlin Horn"],"acts_visited":["Exordium","TheCity"],"potions_floor_usage":[],"damage_taken":[{"damage":1.0,"enemies":"Jaw Worm","floor":1.0,"turns":6.0},{"damage":1.0,"enemies":"Cultist","floor":2.0,"turns":4.0},{"damage":0.0,"enemies":"2 Louse","floor":5.0,"turns":1.0},{"damage":18.0,"enemies":"Gremlin Nob","floor":8.0,"turns":5.0},{"damage":9.0,"enemies":"2 Fungi Beasts","floor":13.0,"turns":3.0},{"damage":5.0,"enemies":"Large Slime","floor":14.0,"turns":3.0},{"damage":24.0,"enemies":"Hexaghost","floor":16.0,"turns":13.0},{"damage":8.0,"enemies":"Shell Parasite","floor":18.0,"turns":4.0},{"damage":15.0,"enemies":"2 Thieves","floor":19.0,"turns":3.0},{"damage":18.0,"enemies":"Centurion and Healer","floor":20.0,"turns":7.0},{"damage":13.0,"enemies":"Snake Plant","floor":22.0,"turns":5.0}],"seed_played":"-3951037640692914463","potions_obtained":[{"floor":1.0,"key":"Fire Potion"},{"floor":5.0,"key":"Dexterity Potion"},{"floor":14.0,"key":"ColorlessPotion"},{"floor":16.0,"key":"CultistPotion"},{"floor":17.0,"key":"Regen Potion"},{"floor":22.0,"key":"AttackPotion"}],"is_trial":false,"path_per_floor":["M","M","?","$","M","R","$","E","T","$","?","R","M","M","R","B",null,"M","M","M","?","M","R","$","?"],"character_chosen":"THE_SILENT","items_purchased":["Poisoned Stab","Footwork","Backstab","Gremlin Horn","Deep Breath"],"campfire_rested":1,"item_purchase_floors":[4,4,10,24,24],"current_hp_per_floor":[69,68,68,68,68,68,68,50,50,50,39,70,61,56,56,32,75,67,61,43,43,30,30,30,30,30],"gold":23,"neow_bonus":"RANDOM_COLORLESS","is_daily":false,"chose_seed":false,"campfire_upgraded":3,"win_rate":0.0,"timestamp":1610264784,"path_taken":["M","M","?","?","M","R","?","E","T","$","?","R","M","M","R","BOSS","M","M","M","?","M","R","$","?"],"items_purchased_type":["Card","Card","Card","Relic","Card"],"build_version":"2020-12-22","purchased_purges":0,"victory":false,"max_hp_per_floor":[70,70,70,70,70,70,70,70,70,70,70,70,70,70,70,70,75,75,75,75,75,75,75,75,75,75],"relic_stats":{"Regal Pillow":10,"Gremlin Horn":[0,0],"counters":[11,54],"Tiny Chest":0,"obtain_stats":[{"Regal Pillow":8,"Tiny House":17,"Gremlin Horn":24,"Tiny Chest":9,"Ring of the Snake":0},{"Regal Pillow":4,"Tiny House":7,"Gremlin Horn":11,"Tiny Chest":4,"Ring of the Snake":0},{"Regal Pillow":16,"Tiny House":35,"Gremlin Horn":54,"Tiny Chest":16,"Ring of the Snake":0}],"Ring of the Snake":[22]},"card_choices":[{"not_picked":["Blind","Forethought"],"picked":"Enlightenment","floor":0.0},{"not_picked":["Acrobatics","Underhanded Strike"],"picked":"Predator","floor":1.0},{"not_picked":["Deadly Poison","Setup"],"picked":"Backstab","floor":2.0},{"not_picked":["Blade Dance","Expertise"],"picked":"Masterful Stab","floor":5.0},{"not_picked":["All Out Attack","Cloak And Dagger"],"picked":"Flying Knee","floor":8.0},{"not_picked":["Storm of Steel","Dodge and Roll"],"picked":"Masterful Stab","floor":13.0},{"not_picked":["Poisoned Stab","Cloak And Dagger"],"picked":"Backstab","floor":14.0},{"not_picked":["Bullet Time","Unload"],"picked":"Wraith Form v2","floor":16.0},{"not_picked":["Deadly Poison","Dagger Spray"],"picked":"Poisoned Stab","floor":17.0},{"not_picked":["Slice+1","Acrobatics"],"picked":"Blur+1","floor":18.0},{"not_picked":["Backflip","Cloak And Dagger+1"],"picked":"Flying Knee+1","floor":19.0},{"not_picked":["Bane","Concentrate","Cloak And Dagger"],"picked":"SKIP","floor":20.0},{"not_picked":["Tools of the Trade","Quick Slash"],"picked":"Heel Hook","floor":22.0}],"player_experience":105523,"relics_obtained":[{"floor":8.0,"key":"Regal Pillow"},{"floor":9.0,"key":"Tiny Chest"}],"event_choices":[{"damage_healed":0.0,"max_hp_gain":0.0,"max_hp_loss":0.0,"gold_gain":0.0,"event_name":"Upgrade Shrine","player_choice":"Ignored","floor":3.0,"gold_loss":0.0,"damage_taken":0.0},{"damage_healed":0.0,"max_hp_gain":0.0,"max_hp_loss":0.0,"gold_gain":75.0,"event_name":"betterThird:BetterGoop","player_choice":"Gold","floor":11.0,"gold_loss":0.0,"damage_taken":11.0},{"damage_healed":0.0,"max_hp_gain":0.0,"max_hp_loss":0.0,"gold_gain":0.0,"event_name":"Beggar","player_choice":"Ignored","floor":21.0,"gold_loss":0.0,"damage_taken":0.0}],"is_beta":false,"boss_relics":[{"not_picked":["SacredBark","Black Star"],"picked":"Tiny House"}],"items_purged_floors":[],"is_endless":false,"potions_floor_spawned":[1,5,14,16,19,22],"ascension_level":0}}