{"host":"u7lm8z2rvb4dg2oo","time":1610263591,"event":{"mods":["AchievementEnabler","BaseMod","Colored Map","Colored Powertips","Curses Come First","Googly Eyes","Highlight Path","Minty Spire (QoL Compilation)","Quick Restart","StSLib"],"gold_per_floor":[116,136,148,3,14,49,14,14,14,14,32,32,32,51,51,152,152,168,184,202,213,213,213,240,240,540,573,573,586,137,150,150,255,255,273,98,118,0,19,19,51,51,51,83,95,95,95],"floor_reached":46,"playtime":2474,"items_purged":["Strike_G","Strike_G"],"score":522,"play_id":"03fe6ae4-8db1-4e61-8a91-f7bb2f6809a1","local_time":"20210110022631","is_ascension_mode":false,"campfire_choices":[{"data":"Leg Sweep","floor":8.0,"key":"SMITH"},{"data":"Infinite Blades","floor":10.0,"key":"SMITH"},{"data":"Choke","floor":12.0,"key":"SMITH"},{"data":"Cloak And Dagger","floor":15.0,"key":"SMITH"},{"floor":23.0,"key":"REST"},{"data":"Envenom","floor":25.0,"key":"SMITH"},{"floor":32.0,"key":"REST"},{"data":"Phantasmal Killer","floor":40.0,"key":"SMITH"},{"floor":42.0,"key":"REST"}],"circlet_count":0,"master_deck":["Strike_G","Strike_G","Strike_G","Defend_G","Defend_G","Defend_G","Defend_G","Defend_G","Survivor","Neutralize","Blade Dance","Leg Sweep+1","Slice","Infinite Blades+1","Choke+1","Storm of Steel","Cloak And Dagger+1","Envenom+1","Flying Knee+1","Crippling Poison+1","Endless Agony+1","Endless Agony","RitualDagger","Accuracy+1","Finisher","Accuracy+1","Blade Dance","Phantasmal Killer+1","Footwork","Masterful Stab+1","Accuracy+1"],"relics":["Ring of the Snake","Vajra","The Specimen","Tingsha","CultistMask","HoveringKite","Question Card","Old Coin","Happy Flower","FossilizedHelix","SacredBark","Red Mask","Ornamental Fan","Bottled Lightning","Letter Opener"],"acts_visited":["Exordium","TheCity","TheBeyond"],"potions_floor_usage":[46],"damage_taken":[{"damage":0.0,"enemies":"Cultist","floor":1.0,"turns":4.0},{"damage":0.0,"enemies":"Jaw Worm","floor":2.0,"turns":3.0},{"damage":0.0,"enemies":"Small Slimes","floor":3.0,"turns":2.0},{"damage":1.0,"enemies":"Exordium Thugs","floor":5.0,"turns":5.0},{"damage":16.0,"enemies":"Lagavulin","floor":6.0,"turns":6.0},{"damage":0.0,"enemies":"2 Fungi Beasts","floor":11.0,"turns":2.0},{"damage":0.0,"enemies":"Red Slaver","floor":14.0,"turns":2.0},{"damage":14.0,"enemies":"The Guardian","floor":16.0,"turns":13.0},{"damage":12.0,"enemies":"Shell Parasite","floor":18.0,"turns":6.0},{"damage":8.0,"enemies":"3 Byrds","floor":19.0,"turns":4.0},{"damage":10.0,"enemies":"Snecko","floor":20.0,"turns":4.0},{"damage":11.0,"enemies":"Shelled Parasite and Fungi","floor":21.0,"turns":3.0},{"damage":21.0,"enemies":"Book of Stabbing","floor":24.0,"turns":5.0},{"damage":11.0,"enemies":"Gremlin Leader","floor":27.0,"turns":4.0},{"damage":9.0,"enemies":"Cultist and Chosen","floor":29.0,"turns":6.0},{"damage":0.0,"enemies":"Snecko","floor":31.0,"turns":4.0},{"damage":11.0,"enemies":"Champ","floor":33.0,"turns":8.0},{"damage":12.0,"enemies":"3 Darklings","floor":35.0,"turns":4.0},{"damage":0.0,"enemies":"Orb Walker","floor":37.0,"turns":3.0},{"damage":6.0,"enemies":"Maw","floor":39.0,"turns":6.0},{"damage":44.0,"enemies":"Nemesis","floor":41.0,"turns":7.0},{"damage":22.0,"enemies":"Giant Head","floor":44.0,"turns":7.0},{"damage":0.0,"enemies":"3 Darklings","floor":45.0,"turns":2.0},{"damage":16,"enemies":"Spire Growth","floor":46,"turns":3}],"seed_played":"-1659129575430740030","potions_obtained":[{"floor":2.0,"key":"Ancient Potion"},{"floor":6.0,"key":"LiquidBronze"},{"floor":11.0,"key":"Regen Potion"},{"floor":20.0,"key":"FearPotion"},{"floor":21.0,"key":"BlessingOfTheForge"},{"floor":24.0,"key":"GamblersBrew"},{"floor":35.0,"key":"Dexterity Potion"},{"floor":41.0,"key":"Poison Potion"},{"floor":44.0,"key":"LiquidMemories"}],"is_trial":false,"path_per_floor":["M","M","M","$","M","E","?","R","T","R","M","R","?","M","R","B",null,"M","M","M","M","?","R","E","R","T","E","?","M","$","M","R","B",null,"M","$","M","?","M","R","E","R","T","E","M","M"],"character_chosen":"THE_SILENT","items_purchased":["Infinite Blades","FossilizedHelix","Block Potion","Footwork","FearPotion","Explosive Potion"],"campfire_rested":3,"item_purchase_floors":[4,30,30,36,36,36],"current_hp_per_floor":[70,70,70,70,69,53,70,70,70,70,70,70,70,70,70,68,70,58,50,40,29,23,44,23,23,23,12,12,3,3,3,24,13,70,58,58,58,58,52,52,8,29,29,7,7,0,0],"gold":95,"neow_bonus":"RANDOM_COMMON_RELIC","is_daily":false,"chose_seed":false,"campfire_upgraded":6,"win_rate":0.0,"timestamp":1610263591,"path_taken":["M","?","M","$","M","E","?","R","T","R","M","R","?","M","R","BOSS","M","M","M","?","?","R","E","R","T","E","?","M","$","?","R","BOSS","M","?","M","?","M","R","E","R","T","E","M","M"],"items_purchased_type":["Card","Relic","Potion","Card","Potion","Potion"],"build_version":"2020-12-22","purchased_purges":2,"victory":false,"max_hp_per_floor":[70,70,70,70,70,70,70,70,70,70,70,70,70,70,70,70,70,70,70,70,70,70,70,70,70,70,70,70,70,70,70,70,70,70,70,70,70,70,70,70,70,70,70,70,70,70,70],"card_choices":[{"not_picked":["Deflect","PiercingWail"],"picked":"Blade Dance","floor":1.0},{"not_picked":["Flying Knee","Concentrate"],"picked":"Leg Sweep","floor":2.0},{"not_picked":["Flying Knee","Deflect"],"picked":"Slice","floor":3.0},{"not_picked":["Outmaneuver","Poisoned Stab"],"picked":"Choke","floor":5.0},{"not_picked":["Well Laid Plans","Poisoned Stab"],"picked":"Storm of Steel","floor":6.0},{"not_picked":["Quick Slash","PiercingWail","Sucker Punch"],"picked":"SKIP","floor":11.0},{"not_picked":["Infinite Blades","Bouncing Flask"],"picked":"Cloak And Dagger","floor":14.0},{"not_picked":["Venomology","Tools of the Trade"],"picked":"Envenom","floor":16.0},{"not_picked":["Dagger Spray","Concentrate"],"picked":"Flying Knee+1","floor":18.0},{"not_picked":["Underhanded Strike","Bane"],"picked":"Crippling Poison+1","floor":19.0},{"not_picked":["Bouncing Flask","Setup"],"picked":"Endless Agony+1","floor":20.0},{"not_picked":["Deflect","Skewer"],"picked":"Endless Agony","floor":21.0},{"not_picked":["Poisoned Stab+1","Sucker Punch"],"picked":"Accuracy+1","floor":24.0},{"not_picked":["Skewer+1","Deflect","Backflip"],"picked":"Finisher","floor":27.0},{"not_picked":["Deadly Poison","Backflip","Deflect"],"picked":"Blade Dance","floor":29.0},{"not_picked":["Escape Plan","Outmaneuver","Malaise","Backflip"],"picked":"SKIP","floor":31.0},{"not_picked":["Tools of the Trade","Wraith Form v2","Glass Knife"],"picked":"Phantasmal Killer","floor":33.0},{"not_picked":["Underhanded Strike","Skewer+1","Dagger Spray+1","Deflect"],"picked":"SKIP","floor":35.0},{"not_picked":["Riddle With Holes+1","Sucker Punch+1","Deflect","Dash+1"],"picked":"SKIP","floor":37.0},{"not_picked":["Finisher+1","Deadly Poison+1","Flying Knee","Acrobatics+1"],"picked":"SKIP","floor":39.0},{"not_picked":["Skewer+1","Crippling Poison+1","Caltrops"],"picked":"Masterful Stab+1","floor":41.0},{"not_picked":["Distraction+1","Outmaneuver+1","Backflip+1"],"picked":"Accuracy+1","floor":44.0},{"not_picked":["Prepared","Dagger Spray+1","Dodge and Roll+1","Bane"],"picked":"SKIP","floor":45.0}],"player_experience":930447,"relics_obtained":[{"floor":6.0,"key":"The Specimen"},{"floor":9.0,"key":"Tingsha"},{"floor":24.0,"key":"Question Card"},{"floor":26.0,"key":"Old Coin"},{"floor":27.0,"key":"Happy Flower"},{"floor":41.0,"key":"Ornamental Fan"},{"floor":43.0,"key":"Bottled Lightning"},{"floor":44.0,"key":"Letter Opener"}],"event_choices":[{"damage_healed":17.0,"max_hp_gain":0.0,"max_hp_loss":0.0,"gold_gain":0.0,"event_name":"The Cleric","player_choice":"Healed","floor":7.0,"gold_loss":35.0,"damage_taken":0.0},{"damage_healed":0.0,"max_hp_gain":0.0,"max_hp_loss":0.0,"gold_gain":0.0,"event_name":"FaceTrader","player_choice":"Trade","floor":13.0,"gold_loss":0.0,"damage_taken":0.0,"relics_obtained":["CultistMask"]},{"damage_healed":0.0,"max_hp_gain":0.0,"max_hp_loss":0.0,"gold_gain":0.0,"event_name":"Nest","player_choice":"Joined the Cult","floor":22.0,"gold_loss":0.0,"damage_taken":6.0,"cards_obtained":["RitualDagger"]},{"damage_healed":0.0,"max_hp_gain":0.0,"max_hp_loss":0.0,"gold_gain":0.0,"event_name":"Duplicator","player_choice":"Copied","floor":28.0,"gold_loss":0.0,"damage_taken":0.0,"cards_obtained":["Accuracy"]},{"damage_healed":0.0,"max_hp_gain":0.0,"max_hp_loss":0.0,"gold_gain":0.0,"event_name":"Tomb of Lord Red Mask","player_choice":"Paid","floor":38.0,"gold_loss":118.0,"damage_taken":0.0,"relics_obtained":["Red Mask"]}],"is_beta":false,"boss_relics":[{"not_picked":["Busted Crown","Pandora\u0027s Box"],"picked":"HoveringKite"},{"not_picked":["Cursed Key","Runic Dome"],"picked":"SacredBark"}],"items_purged_floors":[4,30],"is_endless":false,"potions_floor_spawned":[2,6,11,20,21,24,35,41,44],"killed_by":"Spire Growth","ascension_level":0}}