{"host":"dwppbb1tkuy5qbmv","time":1610263487,"event":{"mods":["BaseMod","BetterRewards","Minty Spire (QoL Compilation)","Shop Mod"],"gold_per_floor":[110,285,285,360,38,38,38,38,38,58,83,83,8,8,8,146,146,163,88,34,34,34,34,34,49,49,149,163,178,178,188,188,188,188],"floor_reached":33,"playtime":3360,"items_purged":["Doubt"],"score":264,"play_id":"ff7b7cf9-e6f6-49aa-bb4c-bfc2c6b58eb3","local_time":"20210110152447","is_ascension_mode":false,"campfire_choices":[{"data":"Transmutation","floor":6,"key":"SMITH"},{"floor":8,"key":"REST"},{"floor":15,"key":"REST"},{"data":"Storm of Steel","floor":23,"key":"SMITH"},{"floor":32,"key":"DIG"}],"circlet_count":0,"master_deck":["Strike_G","Strike_G","Strike_G","Defend_G","Defend_G","Defend_G","Defend_G","Defend_G","Survivor","Neutralize","Dagger Spray+1","Transmutation+1","Writhe","Backflip","Burst","Storm of Steel+1","Blur","Prepared","Shame","Endless Agony+1","Regret","Acrobatics+1","Quick Slash","Outmaneuver+1"],"relics":["Cursed Key","MerchantsRug","Darkstone Periapt","Bottled Lightning","Tough Bandages","WristBlade","Matryoshka","Mercury Hourglass","Bottled Flame","Pear","Shovel","Eternal Feather","CultistMask","Gremlin Horn"],"acts_visited":["Exordium","TheCity"],"potions_floor_usage":[],"damage_taken":[{"damage":3,"enemies":"Small Slimes","floor":1,"turns":3},{"damage":2,"enemies":"2 Louse","floor":10,"turns":2},{"damage":23,"enemies":"Lagavulin","floor":11,"turns":9},{"damage":10,"enemies":"Slime Boss","floor":16,"turns":12},{"damage":0,"enemies":"3 Byrds","floor":18,"turns":4},{"damage":0,"enemies":"Spheric Guardian","floor":25,"turns":3},{"damage":15,"enemies":"Colosseum Slavers","floor":27,"turns":5},{"damage":51,"enemies":"Colosseum Nobs","floor":27,"turns":5},{"damage":13,"enemies":"Centurion and Healer","floor":28,"turns":7},{"damage":5,"enemies":"Snecko","floor":29,"turns":3},{"damage":0,"enemies":"3 Cultists","floor":31,"turns":4},{"damage":40,"enemies":"Collector","floor":33,"turns":7}],"seed_played":"7642336575468279872","potions_obtained":[{"floor":11,"key":"DistilledChaos"},{"floor":27,"key":"PowerPotion"},{"floor":28,"key":"Energy Potion"}],"is_trial":false,"path_per_floor":["M","?","?","?","$","R","$","R","T","M","E","?","$","?","R","B",null,"M","?","$","?","$","R","?","M","T","?","M","M","?","M","R","B"],"character_chosen":"THE_SILENT","items_purchased":["MerchantsRug","Transmutation","Outmaneuver","Prepared"],"campfire_rested":2,"item_purchase_floors":[5,5,20,20],"current_hp_per_floor":[67,67,67,56,56,56,56,70,70,68,45,20,20,13,34,24,70,70,70,70,76,76,76,76,76,92,26,13,8,8,8,20,0,0],"gold":188,"neow_bonus":"BOSS_RELIC","is_daily":false,"chose_seed":false,"campfire_upgraded":2,"win_rate":0.0,"timestamp":1610263487,"path_taken":["M","?","?","?","$","R","?","R","T","?","E","?","$","?","R","BOSS","M","?","?","?","$","R","?","?","T","?","M","M","?","M","R","BOSS"],"items_purchased_type":["Relic","Card","Card","Card"],"build_version":"2020-12-22","purchased_purges":1,"victory":false,"max_hp_per_floor":[70,70,70,70,70,70,70,70,70,70,70,70,70,70,70,70,70,70,70,70,76,76,76,76,76,92,92,92,92,92,92,92,92,92],"card_choices":[{"not_picked":["Dagger Throw","Dodge and Roll"],"picked":"Dagger Spray","floor":1},{"not_picked":["Well Laid Plans","Accuracy"],"picked":"Backflip","floor":10},{"not_picked":["Tools of the Trade","Blade Dance"],"picked":"Burst","floor":11},{"not_picked":["A Thousand Cuts","Venomology"],"picked":"Storm of Steel","floor":16},{"not_picked":["Bane","Outmaneuver"],"picked":"Blur","floor":18},{"not_picked":["Poisoned Stab","Bane"],"picked":"Endless Agony+1","floor":25},{"not_picked":["Dagger Spray+1","Slice"],"picked":"Acrobatics+1","floor":27},{"not_picked":["Bane","Dodge and Roll+1"],"picked":"Quick Slash","floor":28},{"not_picked":["Prepared","Masterful Stab+1"],"picked":"Outmaneuver+1","floor":29},{"not_picked":["Deadly Poison","Infinite Blades","Outmaneuver"],"picked":"SKIP","floor":31}],"player_experience":71395,"relics_obtained":[{"floor":9,"key":"Darkstone Periapt"},{"floor":11,"key":"Bottled Lightning"},{"floor":26,"key":"Bottled Flame"},{"floor":26,"key":"Pear"},{"floor":27,"key":"Shovel"},{"floor":27,"key":"Eternal Feather"},{"floor":32,"key":"Gremlin Horn"}],"event_choices":[{"damage_healed":0,"gold_gain":175,"player_choice":"AGREE","damage_taken":0,"max_hp_gain":0,"max_hp_loss":0,"event_name":"Liars Game","floor":2,"gold_loss":0,"cards_obtained":["Doubt"]},{"damage_healed":0,"gold_gain":0,"player_choice":"Grow","damage_taken":0,"max_hp_gain":0,"max_hp_loss":0,"event_name":"Living Wall","floor":3,"gold_loss":0,"cards_upgraded":["Dagger Spray"]},{"damage_healed":0,"gold_gain":75,"player_choice":"Gather Gold","damage_taken":11,"max_hp_gain":0,"max_hp_loss":0,"event_name":"World of Goop","floor":4,"gold_loss":0},{"damage_healed":0,"gold_gain":0,"player_choice":"Success","damage_taken":25,"relics_obtained":["Tough Bandages"],"max_hp_gain":0,"max_hp_loss":0,"event_name":"Scrap Ooze","floor":12,"gold_loss":0},{"cards_removed":["Strike_G"],"damage_healed":0,"gold_gain":0,"player_choice":"Card Removal","damage_taken":7,"max_hp_gain":0,"max_hp_loss":0,"event_name":"Golden Wing","floor":14,"gold_loss":0},{"cards_removed":["Strike_G"],"damage_healed":0,"gold_gain":0,"player_choice":"Gave Gold","damage_taken":0,"max_hp_gain":0,"max_hp_loss":0,"event_name":"Beggar","floor":19,"gold_loss":75},{"damage_healed":0,"gold_gain":0,"player_choice":"Stole Relic","damage_taken":0,"relics_obtained":["Matryoshka"],"max_hp_gain":0,"max_hp_loss":0,"event_name":"Addict","floor":21,"gold_loss":0,"cards_obtained":["Shame"]},{"cards_removed":["Outmaneuver"],"damage_healed":0,"gold_gain":0,"player_choice":"Gave Card","damage_taken":0,"relics_obtained":["Mercury Hourglass"],"max_hp_gain":0,"max_hp_loss":0,"event_name":"WeMeetAgain","floor":24,"gold_loss":0},{"damage_healed":0,"gold_gain":0,"player_choice":"Fight","damage_taken":0,"max_hp_gain":0,"max_hp_loss":0,"event_name":"Colosseum","floor":27,"gold_loss":0},{"damage_healed":0,"gold_gain":0,"player_choice":"Fought Nobs","damage_taken":0,"max_hp_gain":0,"max_hp_loss":0,"event_name":"Colosseum","floor":27,"gold_loss":0},{"damage_healed":0,"gold_gain":0,"player_choice":"Trade","damage_taken":0,"relics_obtained":["CultistMask"],"max_hp_gain":0,"max_hp_loss":0,"event_name":"FaceTrader","floor":30,"gold_loss":0}],"is_beta":false,"boss_relics":[{"not_picked":["Coffee Dripper","Runic Dome"],"picked":"WristBlade"}],"items_purged_floors":[13],"is_endless":false,"potions_floor_spawned":[11,27,27,28],"killed_by":"Collector","ascension_level":0}}