{"host":"hf83sijwe64ts2lm","time":1610313625,"event":{"mods":["2.2 Compatiblity","BaseMod","Better Altar","Better Match","Better Note","Better Sensory Stone","Better Skull","Better Third Choice","Colored Map","Colored Powertips","Highlight Path","Hubris","Infinite Spire","Minty Spire (QoL Compilation)","Quick Restart","Rare Cards Sparkle","Relic Stats","Replay The Spire","Shop Mod","Spicy Shops","StSLib","Thieving Mod"],"gold_per_floor":[111,30,30,41,41,76,90,90,117,147,147,207,126,144,144,341,341,358,19,134,152,10,10,23,56,56,69,69,95,95,109,109,109,109],"floor_reached":33,"playtime":814,"items_purged":["Pride"],"score":400,"play_id":"dbf919a6-bc1a-4284-832e-9358790b7d6d","local_time":"20210110162025","is_ascension_mode":true,"campfire_choices":[{"floor":11.0,"key":"RECALL"},{"data":"ReplayGash","floor":15.0,"key":"SMITH"},{"floor":23.0,"key":"REST"},{"floor":28,"key":"REST"},{"floor":32,"key":"REST"}],"circlet_count":0,"master_deck":["Strike_B","Strike_B","Strike_B","Strike_B","Defend_B","Defend_B+1","Defend_B","Defend_B","Zap+1","Dualcast","Ball Lightning","Sunder+1","Conserve Battery","Lockon","Gash+1","Doom and Gloom+1","ReplayTheSpireMod:Omega Cannon","ReplayGash+1","Leap+1","hubris:PowerSurge","Loop","Overencumbered","Redo","Gash+1","Ball Lightning","Gash","Beam Cell","ReplayTheSpireMod:Calculation Training","Hello World+1","White Noise","hubris:Ukulele","Ball Lightning","Barrage+1"],"relics":["Cracked Core","Anchor","hubris:Icosahedron","Lantern","Gremlin Food","hubris:DeckOfHolding","hubris:GrandSneckoEye","infinitespire:BottledMercury","ReplayTheSpireMod:CursedCoin","Runic Capacitor","Prayer Wheel","War Paint","hubris:RGBLights"],"acts_visited":["Exordium","TheCity"],"potions_floor_usage":[24,24,25,31],"damage_taken":[{"damage":0.0,"enemies":"Cultist","floor":1.0,"turns":3.0},{"damage":0.0,"enemies":"2 Louse","floor":4.0,"turns":1.0},{"damage":10.0,"enemies":"3 Sentries","floor":6.0,"turns":5.0},{"damage":0.0,"enemies":"Jaw Worm","floor":7.0,"turns":1.0},{"damage":0.0,"enemies":"Lagavulin","floor":10.0,"turns":1.0},{"damage":0.0,"enemies":"3 Sentries","floor":12.0,"turns":4.0},{"damage":0.0,"enemies":"Exordium Wildlife","floor":14.0,"turns":1.0},{"damage":48.0,"enemies":"Slime Boss","floor":16.0,"turns":6.0},{"damage":0.0,"enemies":"3 Byrds","floor":18.0,"turns":3.0},{"damage":12.0,"enemies":"2 Thieves","floor":20.0,"turns":2.0},{"damage":14.0,"enemies":"Centurion and Healer","floor":21.0,"turns":5.0},{"damage":0,"enemies":"Snecko","floor":24,"turns":2},{"damage":12,"enemies":"Nightmare","floor":25,"turns":5},{"damage":0,"enemies":"Chosen and Byrds","floor":27,"turns":4},{"damage":11,"enemies":"Slavers","floor":29,"turns":2},{"damage":0,"enemies":"Snake Plant","floor":31,"turns":3},{"damage":78,"enemies":"hubris:MusketHawk","floor":33,"turns":6}],"seed_played":"-8950272587800195344","potions_obtained":[{"floor":4.0,"key":"ColorlessPotion"},{"floor":6.0,"key":"AttackPotion"},{"floor":12.0,"key":"Explosive Potion"},{"floor":14.0,"key":"BlessingOfTheForge"},{"floor":18.0,"key":"Energy Potion"},{"floor":20.0,"key":"infinitespire:BlackPotion"},{"floor":24,"key":"Strength Potion"},{"floor":29,"key":"Weak Potion"}],"is_trial":false,"path_per_floor":["M","$","?","M","$","E","M","?","T","E","R","?","$","M","R","B",null,"M","$","M","M","$","R","M","NM","T","M","R","E","?","M","R","B"],"character_chosen":"DEFECT","items_purchased":["Sunder","ReplayGash","infinitespire:BottledMercury","Loop","ReplayTheSpireMod:CursedCoin","Runic Capacitor","Ball Lightning"],"campfire_rested":3,"item_purchase_floors":[2,13,19,19,19,19,22],"current_hp_per_floor":[75,75,75,75,75,65,65,65,65,65,65,65,65,65,65,17,61,61,61,49,35,35,57,57,45,45,45,67,56,56,56,75,0,0],"gold":109,"neow_bonus":"UPGRADE_CARD","is_daily":false,"chose_seed":false,"campfire_upgraded":1,"win_rate":0.0,"timestamp":1610313625,"path_taken":["M","?","?","M","?","E","M","?","T","E","R","?","$","M","R","BOSS","M","$","M","M","$","R","M","NM","T","M","R","E","?","M","R","BOSS"],"items_purchased_type":["Card","Card","Relic","Card","Relic","Relic","Card"],"build_version":"2020-12-22","purchased_purges":1,"victory":false,"max_hp_per_floor":[75,75,75,75,75,75,75,75,75,75,75,75,75,75,75,75,75,75,75,75,75,75,75,75,75,75,75,75,75,75,75,75,75,75],"relic_stats":{"counters":[17,53],"Prayer Wheel":3,"War Paint":["Leap","Defend_B"],"obtain_stats":[{"Gremlin Food":10,"infinitespire:BottledMercury":19,"Lantern":9,"ReplayTheSpireMod:CursedCoin":19,"Runic Capacitor":19,"War Paint":25,"Anchor":6,"hubris:Icosahedron":8,"hubris:DeckOfHolding":12,"Prayer Wheel":24,"hubris:GrandSneckoEye":17,"Cracked Core":0,"hubris:RGBLights":29},{"Gremlin Food":5,"infinitespire:BottledMercury":9,"Lantern":4,"ReplayTheSpireMod:CursedCoin":9,"Runic Capacitor":9,"War Paint":13,"Anchor":3,"hubris:Icosahedron":4,"hubris:DeckOfHolding":6,"Prayer Wheel":12,"hubris:GrandSneckoEye":8,"Cracked Core":0,"hubris:RGBLights":15},{"Gremlin Food":11,"infinitespire:BottledMercury":25,"Lantern":10,"ReplayTheSpireMod:CursedCoin":25,"Runic Capacitor":25,"War Paint":38,"Anchor":9,"hubris:Icosahedron":10,"hubris:DeckOfHolding":15,"Prayer Wheel":33,"hubris:GrandSneckoEye":22,"Cracked Core":0,"hubris:RGBLights":44}]},"card_choices":[{"not_picked":["Stack","ReplayGash"],"picked":"Ball Lightning","floor":1.0},{"not_picked":["Recycle","Compile Driver"],"picked":"Conserve Battery","floor":4.0},{"not_picked":["All For One","BasicCrystalCard"],"picked":"Lockon","floor":6.0},{"not_picked":["Darkness","Rebound"],"picked":"Gash","floor":7.0},{"not_picked":["Recycle","Conserve Battery"],"picked":"Doom and Gloom","floor":10.0},{"not_picked":["Panic Button","Conserve Battery"],"picked":"ReplayTheSpireMod:Omega Cannon","floor":12.0},{"not_picked":["Tempest","Scrape"],"picked":"Leap","floor":14.0},{"not_picked":["Fission","hubris:SpecializedCircuitry"],"picked":"ReplayTheSpireMod:Fabricate Wheel","floor":16.0},{"not_picked":["Rebound+1","Cold Snap"],"picked":"hubris:PowerSurge","floor":18.0},{"not_picked":["Reinforced Body","ReplayTheSpireMod:System Scan"],"picked":"Redo","floor":20.0},{"not_picked":["Sweeping Beam","Streamline"],"picked":"Gash","floor":21.0},{"not_picked":["Crystallizer","Rebound"],"picked":"Gash","floor":24},{"not_picked":["Go for the Eyes","Rebound"],"picked":"Beam Cell","floor":24},{"not_picked":["Panic Button","Blizzard"],"picked":"ReplayTheSpireMod:Calculation Training","floor":25},{"not_picked":["Rebound","Cold Snap+1"],"picked":"Hello World+1","floor":27},{"not_picked":["Redo","Ball Lightning"],"picked":"White Noise","floor":27},{"not_picked":["Glacier","Redo+1"],"picked":"hubris:Ukulele","floor":29},{"not_picked":["ReplayTheSpireMod:Reroute Power","Steam"],"picked":"Ball Lightning","floor":31},{"not_picked":["Doom and Gloom","Coolheaded"],"picked":"Barrage+1","floor":31}],"player_experience":128530,"relics_obtained":[{"floor":6.0,"key":"Anchor"},{"floor":9.0,"key":"Lantern"},{"floor":10.0,"key":"Gremlin Food"},{"floor":12.0,"key":"hubris:DeckOfHolding"},{"floor":25,"key":"War Paint"},{"floor":29,"key":"hubris:RGBLights"}],"event_choices":[{"damage_healed":0.0,"max_hp_gain":0.0,"max_hp_loss":0.0,"gold_gain":0.0,"event_name":"Living Wall","player_choice":"Grow","floor":3.0,"gold_loss":0.0,"damage_taken":0.0,"cards_upgraded":["Sunder"]},{"damage_healed":0.0,"max_hp_gain":0.0,"max_hp_loss":0.0,"gold_gain":0.0,"event_name":"Dead Adventurer","player_choice":"Searched \u00271\u0027 times","floor":12.0,"gold_loss":0.0,"damage_taken":0.0},{"damage_healed":0,"gold_gain":0,"player_choice":"Adaptability","damage_taken":0,"max_hp_gain":0,"max_hp_loss":0,"event_name":"betterThird:BetterWriting","floor":30,"gold_loss":0}],"is_beta":false,"boss_relics":[{"not_picked":["Snecko Eye","infinitespire:Cupcake"],"picked":"hubris:GrandSneckoEye"}],"items_purged_floors":[22],"is_endless":false,"potions_floor_spawned":[4,6,12,14,18,20,24,29],"killed_by":"hubris:MusketHawk","ascension_level":5}}