{"host":"y9jgkjnf95sujozk","time":1610296251,"event":{"mods":["2.2 Compatiblity","AchievementEnabler","Act Like it!","BaseMod","Block Reminder","Colored Map","Colored Powertips","Decade(王小明)","Downfall","Friendly Minions","Gensokyo","GifTheSpireLib","Hallownest","Hermit","Highlight Path","HololiveMod","Hubris","Infinite Spire","Jorbs\u0027s Wanderer Trilogy","Koishi","Marisa（霧雨　魔理沙）","Minty Spire (QoL Compilation)","Quick Restart","Random Character Button","Rare Cards Sparkle","Reimu（博??梦）","Remilia（蕾米莉?）","Replay The Spire","Shop Mod","StSLib","SuperFastMode","The Animator","The Bug Knight","The Cursed","The Disciple","The Hierophant","The Jungle","The Senshi","The Servant 0.9.4"],"gold_per_floor":[112,126,126,2,2,32,32,56,56,56,56,66,66,166,166,178,178,189,464,464,495,495,495,505,64,64,81,81,178,178,191,191,57,57,57,72,72,72,84,101,101,101,21,21,21,21,21],"floor_reached":50,"playtime":1013,"items_purged":["Regret"],"score":550,"play_id":"51fb565e-4928-4c21-b068-ded02ae68041","local_time":"20210110173051","is_ascension_mode":true,"campfire_choices":[{"floor":7,"key":"REST"},{"data":"Slimebound:FinishingTackle","floor":12,"key":"SMITH"},{"data":"Slimebound:FinishingTackle","floor":15,"key":"SMITH"},{"floor":23,"key":"REST"},{"floor":25,"key":"REST"},{"data":"Chrysalis","floor":30,"key":"SMITH"},{"floor":32,"key":"REST"},{"data":"Slimebound:OozeBath","floor":47,"key":"SMITH"},{"data":"Hallownest:attackMasterDashSlash","floor":49,"key":"SMITH"}],"circlet_count":0,"master_deck":["Slimebound:Strike_Slimebound","Slimebound:Strike_Slimebound","Slimebound:Tackle","Slimebound:Defend_Slimebound","Slimebound:Defend_Slimebound","Slimebound:Defend_Slimebound","Slimebound:Defend_Slimebound","Slimebound:Split","Slimebound:CorrosiveSpit","Slimebound:MegaLick","Slimebound:LeechEnergy","Slimebound:OozeBath","Slimebound:Equalize","Slimebound:FinishingTackle","Slimebound:FinishingTackle+1","Slimebound:FinishingTackle+1","Slimebound:RollThrough","Slimebound:LeechEnergy","infinitespire:SevenWalls","Slimebound:Schlurp","Slimebound:GrowthPunch","Slimebound:LeechEnergy","Slimebound:PressTheAttack","Replay:SS_forest_2","Chrysalis+1","Slimebound:GoopSpray","Slimebound:DouseInSlime","Slimebound:SpikyOuterGoop","Slimebound:LeechEnergy","expansioncontent:DecasProtection","Slimebound:SplitMire+1","Slimebound:OozeBath","Slimebound:OozeBath+1","Slimebound:SamplingLick+1","Slimebound:LeechingTouch+1","Hallownest:attackMasterDashSlash+1"],"relics":["Slimebound:AbsorbEndCombat","Happy Flower","MealTicket","hubris:Teleporter","Mastiff:ReiMu","hubris:ScarierMask","infinitespire:Beetle Shell","Pocketwatch","BargainBundle","Replay:Grab Bag","Philosopher\u0027s Stone","Slimebound:TarBlob","Snecko Heart","hubris:Towel","InkBottle","PrismaticShard","SlaversCollar"],"acts_visited":["Exordium","TheCity","TheCity"],"potions_floor_usage":[16,24,24,24,24,24,24,24,24,24,24,50,50],"damage_taken":[{"damage":8,"enemies":"Jaw Worm","floor":1,"turns":4},{"damage":4,"enemies":"Cultist","floor":2,"turns":4},{"damage":26,"enemies":"Lagavulin","floor":6,"turns":7},{"damage":0,"enemies":"2 Louse","floor":14,"turns":1},{"damage":55,"enemies":"The Guardian","floor":16,"turns":11},{"damage":31,"enemies":"Shell Parasite","floor":18,"turns":5},{"damage":18,"enemies":"3 Byrds","floor":20,"turns":4},{"damage":36,"enemies":"Nightmare","floor":24,"turns":7},{"damage":7,"enemies":"Sentry and Sphere","floor":28,"turns":2},{"damage":36,"enemies":"Snake Plant","floor":31,"turns":5},{"damage":83,"enemies":"Automaton","floor":33,"turns":11},{"damage":43,"enemies":"Hallownest:2_Littles","floor":35,"turns":4},{"damage":3,"enemies":"Hallownest:Shield_Heavy","floor":40,"turns":2},{"damage":3,"enemies":"Hallownest:2_Great","floor":44,"turns":4},{"damage":3,"enemies":"Hallownest:Shield_Sturdy","floor":45,"turns":3},{"damage":63,"enemies":"Hallownest:BossHollowKnight","floor":50,"turns":2}],"seed_played":"-8827683894114604080","potions_obtained":[{"floor":14,"key":"Energy Potion"},{"floor":16,"key":"SpeedPotion"},{"floor":18,"key":"ColorlessPotion"},{"floor":40,"key":"champ:CounterPotion"},{"floor":44,"key":"Fire Potion"}],"is_trial":false,"path_per_floor":["M","M","?","$","?","E","R","T","$","?","R","M","R","B",null,"M","?","M","?","R","NM","R","T","M","$","R","M","R","B",null,"M","?","$","?","?","M","?","T","M","M","AVR","R","?","R","B"],"character_chosen":"SLIMEBOUND","items_purchased":["Slimebound:Equalize","expansioncontent:TimeRipple","Slimebound:LeechEnergy","Slimebound:PressTheAttack","BargainBundle","Replay:SS_forest_2","Chrysalis","Slimebound:LeechEnergy","expansioncontent:DecasProtection"],"campfire_rested":4,"item_purchase_floors":[4,4,29,29,29,29,29,37,37],"current_hp_per_floor":[60,60,60,60,60,58,60,60,60,60,60,60,60,44,60,53,53,53,53,60,45,60,60,60,60,60,39,57,34,60,39,39,54,54,54,55,55,55,55,55,55,55,55,55,0,0,0],"gold":21,"neow_bonus":"RANDOM_COMMON_RELIC","is_daily":false,"chose_seed":false,"campfire_upgraded":5,"win_rate":0.0,"timestamp":1610296251,"path_taken":["M","M","?","?","?","E","R","T","$","?","R","?","R","BOSS","M","?","?","?","R","NM","R","T","?","$","R","M","R","BOSS","M","?","$","?","?","M","?","T","?","M","AVR","R","?","R","BOSS"],"items_purchased_type":["Card","Card","Card","Card","Relic","Card","Card","Card","Card"],"build_version":"2020-12-22","purchased_purges":1,"victory":false,"max_hp_per_floor":[60,60,60,60,60,60,60,60,60,60,60,60,60,60,60,60,60,60,60,60,60,60,60,60,60,60,60,60,60,60,60,60,60,55,55,55,55,55,55,55,55,55,55,55,55,55,55],"card_choices":[{"not_picked":["Slimebound:Prepare","Slimebound:LeechEnergy"],"picked":"Slimebound:MegaLick","floor":1},{"not_picked":["Slimebound:SlimeSpikes","Slimebound:LevelUp"],"picked":"Slimebound:LeechEnergy","floor":2},{"not_picked":["Slimebound:LeechEnergy","Slimebound:OneTwoCombo"],"picked":"Slimebound:FinishingTackle","floor":6},{"not_picked":["Slimebound:BestDefense","Slimebound:Repurpose"],"picked":"Slimebound:FinishingTackle","floor":14},{"not_picked":["Slimebound:TagTeam","Slimebound:MinionMaster"],"picked":"Slimebound:PrepareCrush","floor":16},{"not_picked":["Slimebound:DivideAndConquer+1","Slimebound:ComboTackle"],"picked":"Slimebound:RollThrough","floor":18},{"not_picked":["Slimebound:FlameTackle","Slimebound:SplitAcid"],"picked":"Slimebound:LeechEnergy","floor":20},{"not_picked":["infinitespire:TheBestDefense","infinitespire:NeuralNetwork"],"picked":"infinitespire:SevenWalls","floor":24},{"not_picked":["Slimebound:Nibble","Slimebound:Recollect"],"picked":"Slimebound:Schlurp","floor":24},{"not_picked":["Slimebound:ServeAndProtect","Slimebound:ViciousTackle"],"picked":"Slimebound:GrowthPunch","floor":28},{"not_picked":["Slimebound:Recollect","Slimebound:ViciousTackle"],"picked":"Slimebound:GoopSpray","floor":31},{"not_picked":["Slimebound:Darklings","Slimebound:OneTwoCombo"],"picked":"Slimebound:DouseInSlime","floor":33},{"not_picked":["Slimebound:SamplingLick","Slimebound:Repurpose+1"],"picked":"Slimebound:SpikyOuterGoop","floor":35},{"not_picked":["Slimebound:GrowthPunch","Slimebound:SplitBruiser+1"],"picked":"Slimebound:SplitMire+1","floor":40},{"not_picked":["Slimebound:PressTheAttack","Slimebound:SlimeSpikes"],"picked":"Slimebound:SamplingLick+1","floor":44},{"not_picked":["Slimebound:ComboTackle","Slimebound:AcidTongue"],"picked":"Slimebound:LeechingTouch+1","floor":45}],"player_experience":142940,"relics_obtained":[{"floor":5,"key":"MealTicket"},{"floor":6,"key":"hubris:Teleporter"},{"floor":9,"key":"Mastiff:ReiMu"},{"floor":24,"key":"infinitespire:Beetle Shell"},{"floor":26,"key":"Pocketwatch"},{"floor":43,"key":"InkBottle"}],"event_choices":[{"damage_healed":0,"gold_gain":0,"cards_transformed":["Slimebound:Strike_Slimebound"],"player_choice":"Transformed","damage_taken":0,"max_hp_gain":0,"max_hp_loss":0,"event_name":"Transmorgrifier","floor":3,"gold_loss":0,"cards_obtained":["Slimebound:OozeBath"]},{"damage_healed":0,"gold_gain":0,"player_choice":"Ignored","damage_taken":0,"max_hp_gain":0,"max_hp_loss":0,"event_name":"Purifier","floor":19,"gold_loss":0},{"damage_healed":0,"gold_gain":275,"player_choice":"Desecrate","damage_taken":0,"max_hp_gain":0,"max_hp_loss":0,"event_name":"Golden Shrine","floor":21,"gold_loss":0,"cards_obtained":["Regret"]}],"is_beta":false,"boss_relics":[{"not_picked":["Pandora\u0027s Box","Black Star"],"picked":"hubris:ScarierMask"},{"not_picked":["Hololive_TopUpMoneyS","Painkiller Herb"],"picked":"Replay:Grab Bag"},{"not_picked":["Sozu","Abe\u0027s Treasure"],"picked":"Philosopher\u0027s Stone"},{"not_picked":["hubris:GrandSneckoEye","Fusion Hammer"],"picked":"Slimebound:TarBlob"},{"not_picked":["Hololive_ChaosS","Snecko Eye"],"picked":"Snecko Heart"}],"items_purged_floors":[29],"is_endless":false,"potions_floor_spawned":[14,16,18,40,44],"killed_by":"Hallownest:BossHollowKnight","ascension_level":1}}