{"host":"d23wowvt3mehu8rg","time":1610285413,"event":{"mods":["BaseMod","Colored Powertips","Dark Map","Highlight Path","Minty Spire (QoL Compilation)","Slay-I"],"gold_per_floor":[216,232,134,152,210,240,240,274,351,381,36,48,48,74,74,176,226,242,260,39,56,56,56,86,9,9,9,21,21,21],"floor_reached":29,"playtime":1915,"items_purged":["Strike_R","Strike_R"],"score":274,"play_id":"a2eb1bf9-8037-4c72-a33a-87e8a24dafd4","local_time":"20210110143013","is_ascension_mode":true,"campfire_choices":[{"floor":7,"key":"REST"},{"data":"Searing Blow","floor":13,"key":"SMITH"},{"floor":15,"key":"REST"},{"data":"Armaments","floor":23,"key":"SMITH"},{"data":"Searing Blow+1","floor":27,"key":"SMITH"}],"circlet_count":0,"master_deck":["Strike_R","Strike_R","Strike_R","Defend_R","Defend_R","Defend_R","Defend_R","Bash","Shrug It Off","Searing Blow+2","Iron Wave","Combust","Carnage","Clothesline+1","Shrug It Off","Battle Trance","Offering","Cleave","Armaments+1","Metallicize","Secret Weapon","Dropkick","Metallicize"],"relics":["Burning Blood","Lizard Tail","MealTicket","Bottled Lightning","Smiling Mask","Oddly Smooth Stone","Nunchaku","Odd Mushroom","Tiny House","Ancient Tea Set","Frozen Egg 2"],"acts_visited":["Exordium","TheCity"],"potions_floor_usage":[6,10,16,24,24,29,29],"damage_taken":[{"damage":0,"enemies":"Cultist","floor":1,"turns":4},{"damage":2,"enemies":"2 Louse","floor":2,"turns":3},{"damage":1,"enemies":"Jaw Worm","floor":4,"turns":4},{"damage":50,"enemies":"Lagavulin","floor":6,"turns":9},{"damage":26,"enemies":"3 Sentries","floor":8,"turns":6},{"damage":34,"enemies":"Lagavulin","floor":10,"turns":8},{"damage":1,"enemies":"Looter","floor":12,"turns":3},{"damage":18,"enemies":"The Mushroom Lair","floor":14,"turns":4},{"damage":82,"enemies":"Hexaghost","floor":16,"turns":16},{"damage":25,"enemies":"Shell Parasite","floor":18,"turns":8},{"damage":4,"enemies":"Chosen","floor":19,"turns":6},{"damage":33,"enemies":"Snake Plant","floor":21,"turns":6},{"damage":36,"enemies":"Gremlin Leader","floor":24,"turns":7},{"damage":12,"enemies":"Shelled Parasite and Fungi","floor":28,"turns":8},{"damage":51,"enemies":"Book of Stabbing","floor":29,"turns":11}],"seed_played":"-2620322864652756936","potions_obtained":[{"floor":1,"key":"Energy Potion"},{"floor":8,"key":"Strength Potion"},{"floor":12,"key":"ElixirPotion"},{"floor":14,"key":"Fire Potion"},{"floor":17,"key":"Block Potion"},{"floor":19,"key":"FearPotion"}],"is_trial":false,"path_per_floor":["M","M","$","M","?","E","R","E","T","E","$","M","R","?","R","B",null,"M","M","$","M","?","R","E","$","T","R","M","E"],"character_chosen":"IRONCLAD","items_purchased":["Iron Wave","Oddly Smooth Stone","Nunchaku","Metallicize","Secret Weapon","Regen Potion"],"campfire_rested":2,"item_purchase_floors":[3,11,11,20,20,25],"current_hp_per_floor":[80,80,80,80,80,36,60,40,40,12,27,32,32,20,44,11,85,66,68,83,56,56,56,26,41,41,41,35,0,0],"gold":21,"neow_bonus":"HUNDRED_GOLD","is_daily":false,"chose_seed":false,"campfire_upgraded":3,"win_rate":0.0,"timestamp":1610285413,"path_taken":["M","M","$","M","?","E","R","E","T","E","$","M","R","?","R","BOSS","M","M","$","M","?","R","E","$","T","R","M","E"],"items_purchased_type":["Card","Relic","Relic","Card","Card","Potion"],"build_version":"2020-12-22","purchased_purges":2,"victory":false,"max_hp_per_floor":[80,80,80,80,80,80,80,80,80,80,80,80,80,80,80,80,85,85,85,85,85,85,85,85,85,85,85,85,85,85],"card_choices":[{"not_picked":["Evolve","Pommel Strike"],"picked":"Shrug It Off","floor":1},{"not_picked":["Carnage","Pommel Strike"],"picked":"Searing Blow","floor":2},{"not_picked":["Pommel Strike","Perfected Strike"],"picked":"Combust","floor":4},{"not_picked":["Iron Wave","Thunderclap"],"picked":"Carnage","floor":6},{"not_picked":["Bloodletting","Heavy Blade"],"picked":"Clothesline","floor":8},{"not_picked":["Havoc","Cleave","Sentinel"],"picked":"SKIP","floor":10},{"not_picked":["Headbutt","Twin Strike"],"picked":"Shrug It Off","floor":12},{"not_picked":["Uppercut","Exhume"],"picked":"Battle Trance","floor":14},{"not_picked":["Fiend Fire","Exhume"],"picked":"Offering","floor":16},{"not_picked":["Battle Trance","Body Slam"],"picked":"Cleave","floor":17},{"not_picked":["Battle Trance","Clash+1","Bloodletting+1"],"picked":"SKIP","floor":18},{"not_picked":["True Grit+1","Rage"],"picked":"Armaments","floor":19},{"not_picked":["Flex+1","Hemokinesis+1"],"picked":"Dropkick","floor":21},{"not_picked":["Cleave+1","Reckless Charge"],"picked":"Metallicize","floor":24},{"not_picked":["Headbutt","Shrug It Off","Thunderclap"],"picked":"SKIP","floor":28}],"player_experience":174763,"relics_obtained":[{"floor":6,"key":"Lizard Tail"},{"floor":8,"key":"MealTicket"},{"floor":9,"key":"Bottled Lightning"},{"floor":10,"key":"Smiling Mask"},{"floor":14,"key":"Odd Mushroom"},{"floor":24,"key":"Ancient Tea Set"},{"floor":26,"key":"Frozen Egg 2"}],"event_choices":[{"damage_healed":0,"gold_gain":58,"player_choice":"Gained Gold","damage_taken":0,"max_hp_gain":0,"max_hp_loss":0,"event_name":"Golden Wing","floor":5,"gold_loss":0},{"damage_healed":0,"gold_gain":0,"player_choice":"Fought Mushrooms","damage_taken":0,"max_hp_gain":0,"max_hp_loss":0,"event_name":"Mushrooms","floor":14,"gold_loss":0},{"damage_healed":0,"gold_gain":0,"player_choice":"Ignored","damage_taken":0,"max_hp_gain":0,"max_hp_loss":0,"event_name":"The Mausoleum","floor":22,"gold_loss":0}],"is_beta":false,"boss_relics":[{"not_picked":["Empty Cage","SacredBark"],"picked":"Tiny House"}],"items_purged_floors":[3,11],"is_endless":false,"potions_floor_spawned":[1,8,12,14,19],"killed_by":"Book of Stabbing","ascension_level":1}}