{"host":"qxeepl7ydvsgmfdb","time":1610264108,"event":{"mods":["AchievementEnabler","BaseMod","Colored Powertips","Minty Spire (QoL Compilation)","Quick Restart","slay the spire mod where everything is the same but ironclad has a cowboy hat"],"gold_per_floor":[114,114,132,132,143,143,177,190,190,217,233,233,243,253,253,253,253],"floor_reached":16,"playtime":408,"items_purged":[],"score":137,"play_id":"00300460-fd32-4823-a2df-3f6118847f64","local_time":"20210110023508","is_ascension_mode":true,"campfire_choices":[{"data":"Defragment","floor":6,"key":"SMITH"},{"floor":12,"key":"REST"},{"floor":15,"key":"REST"}],"circlet_count":0,"master_deck":["Strike_B","Strike_B","Strike_B","Strike_B","Defend_B","Defend_B","Defend_B","Defend_B","Zap","Dualcast","Redo+1","Regret","Leap","Defragment+1","Fusion","Cold Snap","Redo"],"relics":["Cracked Core","NeowsBlessing","Symbiotic Virus","Matryoshka","Smiling Mask","Kunai","Turnip"],"acts_visited":["Exordium"],"potions_floor_usage":[10,16],"damage_taken":[{"damage":0,"enemies":"Cultist","floor":1,"turns":1},{"damage":0,"enemies":"Small Slimes","floor":3,"turns":1},{"damage":0,"enemies":"2 Louse","floor":5,"turns":1},{"damage":22,"enemies":"Gremlin Nob","floor":7,"turns":4},{"damage":12,"enemies":"2 Fungi Beasts","floor":8,"turns":2},{"damage":40,"enemies":"Lagavulin","floor":10,"turns":6},{"damage":0,"enemies":"Looter","floor":11,"turns":2},{"damage":8,"enemies":"Exordium Thugs","floor":13,"turns":4},{"damage":8,"enemies":"2 Fungi Beasts","floor":14,"turns":4},{"damage":34,"enemies":"The Guardian","floor":16,"turns":5}],"seed_played":"2082367092559069824","potions_obtained":[{"floor":3,"key":"Ancient Potion"},{"floor":10,"key":"SmokeBomb"},{"floor":11,"key":"Weak Potion"}],"is_trial":false,"path_per_floor":["M","?","M","?","M","R","E","M","T","E","M","R","M","M","R","B"],"character_chosen":"DEFECT","items_purchased":[],"campfire_rested":2,"item_purchase_floors":[],"current_hp_per_floor":[75,75,75,75,75,75,53,41,41,1,1,23,15,7,29,0,0],"gold":253,"neow_bonus":"THREE_ENEMY_KILL","is_daily":false,"chose_seed":false,"campfire_upgraded":1,"win_rate":0.0,"timestamp":1610264108,"path_taken":["M","?","M","?","?","R","E","M","T","E","M","R","?","M","R","BOSS"],"items_purchased_type":[],"build_version":"2020-12-22","purchased_purges":0,"victory":false,"max_hp_per_floor":[75,75,75,75,75,75,75,75,75,75,75,75,75,75,75,75,75],"card_choices":[{"not_picked":["Stack","Reprogram"],"picked":"Redo","floor":1},{"not_picked":["Go for the Eyes","Hologram"],"picked":"Leap","floor":3},{"not_picked":["Hologram","Scrape"],"picked":"Defragment","floor":5},{"not_picked":["Force Field","Leap","Reprogram"],"picked":"SKIP","floor":7},{"not_picked":["Aggregate","Sweeping Beam"],"picked":"Fusion","floor":8},{"not_picked":["Aggregate","Leap"],"picked":"Cold Snap","floor":10},{"not_picked":["Turbo","Biased Cognition","Stack"],"picked":"SKIP","floor":11},{"not_picked":["Sunder","Force Field"],"picked":"Redo","floor":13},{"not_picked":["Sweeping Beam","Blizzard","Genetic Algorithm"],"picked":"SKIP","floor":14}],"player_experience":162689,"relics_obtained":[{"floor":7,"key":"Matryoshka"},{"floor":9,"key":"Smiling Mask"},{"floor":9,"key":"Kunai"},{"floor":10,"key":"Turnip"}],"event_choices":[{"damage_healed":0,"gold_gain":0,"player_choice":"Box","damage_taken":0,"relics_obtained":["Symbiotic Virus"],"max_hp_gain":0,"max_hp_loss":0,"event_name":"Big Fish","floor":2,"gold_loss":0,"cards_obtained":["Regret"]},{"damage_healed":0,"gold_gain":0,"player_choice":"Forge","damage_taken":0,"max_hp_gain":0,"max_hp_loss":0,"event_name":"Accursed Blacksmith","floor":4,"gold_loss":0,"cards_upgraded":["Redo"]}],"is_beta":false,"boss_relics":[],"items_purged_floors":[],"is_endless":false,"potions_floor_spawned":[3,10,11],"killed_by":"The Guardian","ascension_level":4}}