{"host":"2tgyrzvaa7l04o2e","time":1610293266,"event":{"mods":["BaseMod","Highlight Path","Minty Spire (QoL Compilation)","Permanent Neow","Relic Stats"],"gold_per_floor":[13,31,31,56,231,231,231],"floor_reached":6,"playtime":173,"items_purged":[],"score":51,"play_id":"6aea9fe1-3c2e-4666-8320-1fbbc9555a4e","local_time":"20210110164106","is_ascension_mode":true,"campfire_choices":[],"circlet_count":0,"master_deck":["AscendersBane","Strike_R","Strike_R","Strike_R","Defend_R","Defend_R","Defend_R","Defend_R","Bash","Limit Break","Warcry","Shrug It Off","Whirlwind","Doubt"],"relics":["Burning Blood","Golden Idol","Dream Catcher"],"acts_visited":["Exordium"],"potions_floor_usage":[6,6],"damage_taken":[{"damage":23,"enemies":"Small Slimes","floor":1,"turns":4},{"damage":16,"enemies":"Jaw Worm","floor":2,"turns":5},{"damage":40,"enemies":"Lagavulin","floor":6,"turns":5}],"seed_played":"-1105224926351161949","potions_obtained":[{"floor":1,"key":"DistilledChaos"},{"floor":2,"key":"Ancient Potion"}],"is_trial":false,"path_per_floor":["M","M","?","T","?","E"],"character_chosen":"IRONCLAD","items_purchased":[],"campfire_rested":0,"item_purchase_floors":[],"current_hp_per_floor":[55,45,45,45,45,5,5],"gold":231,"neow_bonus":"TRANSFORM_TWO_CARDS","is_daily":false,"chose_seed":false,"campfire_upgraded":0,"win_rate":0.0,"timestamp":1610293266,"path_taken":["M","M","?","?","?","E"],"items_purchased_type":[],"build_version":"2020-12-22","purchased_purges":0,"victory":false,"max_hp_per_floor":[80,80,74,74,74,74,74],"relic_stats":{"Dream Catcher":0,"counters":[3,13],"Golden Idol":0,"obtain_stats":[{"Dream Catcher":4,"Golden Idol":3,"Burning Blood":0},{"Dream Catcher":2,"Golden Idol":2,"Burning Blood":0},{"Dream Catcher":9,"Golden Idol":9,"Burning Blood":0}],"Burning Blood":12},"card_choices":[{"not_picked":["Wild Strike","Iron Wave"],"picked":"Shrug It Off","floor":1},{"not_picked":["Heavy Blade","Sword Boomerang"],"picked":"Whirlwind","floor":2}],"player_experience":571693,"relics_obtained":[{"floor":4,"key":"Dream Catcher"}],"event_choices":[{"damage_healed":0,"gold_gain":0,"player_choice":"Lose Max HP","damage_taken":0,"relics_obtained":["Golden Idol"],"max_hp_gain":0,"max_hp_loss":6,"event_name":"Golden Idol","floor":3,"gold_loss":0},{"damage_healed":0,"gold_gain":175,"player_choice":"AGREE","damage_taken":0,"max_hp_gain":0,"max_hp_loss":0,"event_name":"Liars Game","floor":5,"gold_loss":0,"cards_obtained":["Doubt"]}],"is_beta":false,"boss_relics":[],"items_purged_floors":[],"is_endless":false,"potions_floor_spawned":[1,2],"killed_by":"Lagavulin","ascension_level":10}}