{"host":"svwqvw2il1zfkkg0","time":1610321054,"event":{"mods":["AchievementEnabler","BaseMod","BetterRewards","Colored Map","Colored Powertips","Custom Start","Downfall","GifTheSpireLib","Highlight Path","Hubris","Infinite Spire","Minty Spire (QoL Compilation)","Quick Restart","Replay The Spire","Shop Mod","StSLib","SuperFastMode"],"gold_per_floor":[119,44,44,64,64,64,81,356,410,0,0,35,51,70,70,168,168,185,185,215,215,25,25,42,55,55,81,81,81,99,111,111,207,207,225,225,225,22,22,22,36,63,63,78,107,107,125,140,140,140,140],"floor_reached":50,"playtime":1541,"items_purged":["hubris:Gluttony","Regret","Decay"],"score":595,"play_id":"1e7f8f38-2938-4782-8958-a9fd134ea612","local_time":"20210110152414","is_ascension_mode":false,"campfire_choices":[{"data":"All Out Attack","floor":6,"key":"SMITH"},{"data":"Poisoned Stab","floor":11,"key":"SMITH"},{"floor":15,"key":"REST"},{"data":"Bullet Time","floor":23,"key":"SMITH"},{"floor":29,"key":"REST"},{"data":"Dagger Spray","floor":32,"key":"SMITH"},{"data":"expansioncontent:CaCaw","floor":40,"key":"SMITH"},{"floor":46,"key":"REST"},{"floor":49,"key":"REST"}],"circlet_count":0,"master_deck":["Strike_G","Strike_G","Strike_G","Strike_G","Strike_G","Defend_G","Defend_G","Defend_G","Defend_G","Defend_G","Survivor","Neutralize","Poisoned Stab+1","All Out Attack+1","Dagger Spray+1","Bane+1","Deadly Poison","Cloak And Dagger","Endless Agony","Bullet Time+1","Flying Knee","Dagger Spray+1","Catalyst","Dagger Spray+1","infinitespire:Neurotoxin","Poisoned Stab","Bane","Glass Knife","Slice+1","Glass Knife","expansioncontent:CaCaw+1","Sucker Punch+1","Slice+1","Dagger Throw+1"],"relics":["Ring of the Snake","ReplayTheSpireMod:Lightbulb","hubris:Metronome","Replay:Bottled Flurry","hubris:Backtick","Gremlin Horn","hubris:Towel","Red Mask","Whetstone","infinitespire:CheckeredPen","PreservedInsect","hubris:CrackedHourglass","DollysMirror","infinitespire:EmpoweringShard","TwistedFunnel","Pantograph","hubris:MysteriousPyramids","ReplayTheSpireMod:TigerMarble"],"acts_visited":["Exordium","TheCity","TheBeyond"],"potions_floor_usage":[16,16,16,16,16,16,33,33,33,41,50,50,50],"damage_taken":[{"damage":10,"enemies":"Cultist","floor":1,"turns":6},{"damage":2,"enemies":"Small Slimes","floor":4,"turns":3},{"damage":1,"enemies":"Jaw Worm","floor":7,"turns":3},{"damage":9,"enemies":"3 Sentries","floor":12,"turns":6},{"damage":2,"enemies":"2 Fungi Beasts","floor":13,"turns":2},{"damage":5,"enemies":"Looter","floor":14,"turns":3},{"damage":0,"enemies":"The Guardian","floor":16,"turns":6},{"damage":0,"enemies":"Spheric Guardian","floor":18,"turns":2},{"damage":0,"enemies":"Masked Bandits","floor":20,"turns":1},{"damage":0,"enemies":"2 Thieves","floor":24,"turns":1},{"damage":0,"enemies":"Sentry and Sphere","floor":25,"turns":1},{"damage":35,"enemies":"Slavers","floor":27,"turns":3},{"damage":0,"enemies":"Snecko","floor":30,"turns":2},{"damage":0,"enemies":"3 Cultists","floor":31,"turns":1},{"damage":79,"enemies":"hubris:MusketHawk","floor":33,"turns":9},{"damage":0,"enemies":"Orb Walker","floor":35,"turns":2},{"damage":12,"enemies":"3 Shapes","floor":41,"turns":1},{"damage":0,"enemies":"Reptomancer","floor":42,"turns":2},{"damage":6,"enemies":"Transient","floor":44,"turns":5},{"damage":12,"enemies":"Nemesis","floor":45,"turns":3},{"damage":30,"enemies":"4 Shapes","floor":47,"turns":1},{"damage":0,"enemies":"Sphere and 2 Shapes","floor":48,"turns":1},{"damage":87,"enemies":"Awakened One","floor":50,"turns":7}],"seed_played":"8678754812883212572","potions_obtained":[{"floor":1,"key":"SmokeBomb"},{"floor":7,"key":"EntropicBrew"},{"floor":12,"key":"BlessingOfTheForge"},{"floor":16,"key":"Dexterity Potion"},{"floor":18,"key":"Regen Potion"},{"floor":27,"key":"PowerPotion"},{"floor":33,"key":"sneckomod:MuddlingPotion"},{"floor":35,"key":"Energy Potion"},{"floor":42,"key":"GhostInAJar"},{"floor":45,"key":"Dexterity Potion"}],"is_trial":false,"path_per_floor":["M","$","?","M","?","R","M","?","T","$","R","E","M","M","R","B",null,"M","?","?","?","$","R","M","M","T","E","?","R","M","M","R","B",null,"M","AVR","T","$","?","R","M","E","T","M","E","R","M","M","R","B"],"character_chosen":"THE_SILENT","items_purchased":["hubris:Metronome","PowerPotion","Whetstone","Catalyst","TwistedFunnel","Explosive Potion"],"campfire_rested":4,"item_purchase_floors":[10,10,22,22,38,38],"current_hp_per_floor":[74,74,74,72,72,72,71,71,71,71,71,62,60,55,80,80,84,84,84,84,84,84,84,84,84,84,49,49,74,74,74,74,10,84,84,84,84,84,84,84,72,72,72,66,54,79,49,49,74,0,0],"gold":140,"neow_bonus":"TWENTY_PERCENT_HP_BONUS","is_daily":false,"chose_seed":false,"campfire_upgraded":5,"win_rate":0.0,"timestamp":1610321054,"path_taken":["M","$","?","M","?","R","M","?","T","$","R","E","?","M","R","BOSS","M","?","?","?","$","R","M","M","T","E","?","R","M","M","R","BOSS","M","AVR","?","$","?","R","M","E","T","M","E","R","M","M","R","BOSS"],"items_purchased_type":["Relic","Potion","Relic","Card","Relic","Potion"],"build_version":"2020-12-22","purchased_purges":3,"victory":false,"max_hp_per_floor":[84,84,84,84,84,84,84,84,84,84,84,84,84,84,84,84,84,84,84,84,84,84,84,84,84,84,84,84,84,84,84,84,84,84,84,84,84,84,84,84,84,84,84,84,84,84,84,84,84,84,84],"card_choices":[{"not_picked":["Dodge and Roll","Concentrate"],"picked":"Poisoned Stab","floor":1},{"not_picked":["Backflip","Hidden Blade"],"picked":"Dagger Spray","floor":4},{"not_picked":["Prepared","Underhanded Strike"],"picked":"Bane","floor":7},{"not_picked":["Flechettes","Footwork"],"picked":"Deadly Poison","floor":12},{"not_picked":["Deflect","ReplayTheSpireMod:Exploit Weakness"],"picked":"Cloak And Dagger","floor":13},{"not_picked":["Underhanded Strike","Blade Dance"],"picked":"Endless Agony","floor":14},{"not_picked":["Grand Finale","Die Die Die"],"picked":"Bullet Time","floor":16},{"not_picked":["Terror","Hidden Blade"],"picked":"Flying Knee","floor":18},{"not_picked":["Finisher","Quick Slash"],"picked":"Dagger Spray","floor":20},{"not_picked":["ReplayTheSpireMod:Scrap Shanks","Skewer"],"picked":"Dagger Spray","floor":24},{"not_picked":["Choke","Acrobatics"],"picked":"infinitespire:Neurotoxin","floor":25},{"not_picked":["hubris:SlightOfHand","Outmaneuver"],"picked":"Poisoned Stab","floor":27},{"not_picked":["hubris:Counter","Sucker Punch"],"picked":"Bane","floor":30},{"not_picked":["Setup","Tactician","Storm of Steel"],"picked":"SKIP","floor":31},{"not_picked":["Wraith Form v2","ReplayTheSpireMod:From All Sides"],"picked":"Glass Knife","floor":33},{"not_picked":["Footwork","Fluid Movement"],"picked":"Slice+1","floor":35},{"not_picked":["expansioncontent:Sear","Replay:Sssssssssstrike"],"picked":"expansioncontent:CaCaw","floor":39},{"not_picked":["Cloak And Dagger","Underhanded Strike","hubris:SlightOfHand+1"],"picked":"SKIP","floor":41},{"not_picked":["ReplayTheSpireMod:Tripwire","Predator+1","Underhanded Strike+1"],"picked":"SKIP","floor":42},{"not_picked":["Dodge and Roll+1","Cloak And Dagger+1"],"picked":"Sucker Punch+1","floor":44},{"not_picked":["Acrobatics+1","Dodge and Roll"],"picked":"Slice+1","floor":45},{"not_picked":["Poison Darts","PiercingWail","Reflex+1"],"picked":"SKIP","floor":47},{"not_picked":["Dodge and Roll+1","Distraction"],"picked":"Dagger Throw+1","floor":48}],"player_experience":470465,"relics_obtained":[{"floor":9,"key":"ReplayTheSpireMod:Lightbulb"},{"floor":12,"key":"Replay:Bottled Flurry"},{"floor":20,"key":"Red Mask"},{"floor":26,"key":"infinitespire:CheckeredPen"},{"floor":27,"key":"PreservedInsect"},{"floor":37,"key":"infinitespire:EmpoweringShard"},{"floor":42,"key":"Pantograph"},{"floor":43,"key":"hubris:MysteriousPyramids"},{"floor":45,"key":"ReplayTheSpireMod:TigerMarble"}],"event_choices":[{"damage_healed":0,"gold_gain":275,"player_choice":"Desecrate","damage_taken":0,"max_hp_gain":0,"max_hp_loss":0,"event_name":"Golden Shrine","floor":8,"gold_loss":0,"cards_obtained":["Regret"]},{"damage_healed":0,"gold_gain":0,"player_choice":"Fought Bandits","damage_taken":0,"max_hp_gain":0,"max_hp_loss":0,"event_name":"Masked Bandits","floor":20,"gold_loss":0},{"damage_healed":0,"gold_gain":0,"player_choice":"Smashed Altar","damage_taken":0,"max_hp_gain":0,"max_hp_loss":0,"event_name":"Forgotten Altar","floor":21,"gold_loss":0,"cards_obtained":["Decay"]},{"damage_healed":0,"gold_gain":0,"player_choice":"Forge","damage_taken":0,"max_hp_gain":0,"max_hp_loss":0,"event_name":"Accursed Blacksmith","floor":28,"gold_loss":0,"cards_upgraded":["Dagger Spray"]},{"damage_healed":0,"gold_gain":0,"player_choice":"Memory 1","damage_taken":0,"max_hp_gain":0,"max_hp_loss":0,"event_name":"SensoryStone","floor":39,"gold_loss":0}],"is_beta":false,"boss_relics":[{"not_picked":["ReplayTheSpireMod:DimensionalGlitch","ReplayTheSpireMod:SealedPack"],"picked":"hubris:Backtick"},{"not_picked":["Coffee Dripper","Kintsugi"],"picked":"hubris:CrackedHourglass"}],"items_purged_floors":[2,10,36],"is_endless":false,"potions_floor_spawned":[1,7,12,16,18,27,33,35,42,45,48],"killed_by":"Awakened One","ascension_level":0}}