{"host":"sxnl403xm2xmiyj1","time":1610261446,"event":{"mods":["AchievementEnabler","BaseMod","Colored Map","Keyboard Shortcuts","Minty Spire (QoL Compilation)","Quick Restart","StSLib","SuperFastMode"],"gold_per_floor":[116,116,266,266,286,320,320,320,358,385,397,54,54,70,70,148,148,148,148,148,148,148,148,148,148],"floor_reached":24,"playtime":310,"items_purged":["Doubt"],"score":427,"play_id":"2f42b029-63ec-49df-94a7-1917fac2a5a5","local_time":"20210110155046","is_ascension_mode":true,"campfire_choices":[{"data":"Dualcast","floor":7.0,"key":"SMITH"},{"data":"Hologram","floor":11.0,"key":"SMITH"},{"data":"Panache","floor":13.0,"key":"SMITH"},{"data":"Self Repair","floor":15.0,"key":"SMITH"},{"data":"Hologram","floor":23,"key":"SMITH"}],"circlet_count":0,"master_deck":["AscendersBane","Strike_B","Strike_B","Strike_B","Strike_B","Defend_B","Defend_B","Defend_B+1","Defend_B","Zap+1","Dualcast+1","Hologram+1","Ball Lightning","Sweeping Beam","Self Repair+1","Gash","Panache+1","Rebound","Seek","Leap","Hologram+1"],"relics":["Cracked Core","NeowsBlessing","Cables","MawBank","Orichalcum","Ectoplasm"],"acts_visited":["Exordium","TheCity"],"potions_floor_usage":[22],"damage_taken":[{"damage":0.0,"enemies":"Cultist","floor":1.0,"turns":1.0},{"damage":0.0,"enemies":"2 Louse","floor":5.0,"turns":1.0},{"damage":0.0,"enemies":"3 Sentries","floor":6.0,"turns":1.0},{"damage":2.0,"enemies":"Small Slimes","floor":10.0,"turns":2.0},{"damage":3.0,"enemies":"Exordium Wildlife","floor":14.0,"turns":2.0},{"damage":17.0,"enemies":"Hexaghost","floor":16.0,"turns":9.0},{"damage":1.0,"enemies":"Spheric Guardian","floor":18.0,"turns":3.0},{"damage":32.0,"enemies":"Shell Parasite","floor":21.0,"turns":5.0},{"damage":37,"enemies":"Chosen and Byrds","floor":22,"turns":6},{"damage":31,"enemies":"Slavers","floor":24,"turns":2}],"seed_played":"6811343426483074272","potions_obtained":[{"floor":10.0,"key":"SkillPotion"},{"floor":14.0,"key":"Regen Potion"}],"is_trial":false,"path_per_floor":["M","?","?","?","M","E","R","?","T","M","R","$","R","M","R","B",null,"M","?","?","M","M","R","E"],"character_chosen":"DEFECT","items_purchased":["Self Repair","Gash","Panache"],"campfire_rested":0,"item_purchase_floors":[12,12,12],"current_hp_per_floor":[64,43,43,48,48,48,48,48,48,46,46,46,46,43,43,36,66,65,65,65,43,31,31,0,0],"gold":148,"neow_bonus":"THREE_ENEMY_KILL","is_daily":false,"chose_seed":false,"campfire_upgraded":5,"win_rate":0.0,"timestamp":1610261446,"path_taken":["M","?","?","?","M","E","R","?","T","?","R","$","R","M","R","BOSS","M","?","?","M","M","R","E"],"items_purchased_type":["Card","Card","Card"],"build_version":"2020-12-22","purchased_purges":1,"victory":false,"max_hp_per_floor":[71,71,71,76,76,76,76,76,76,76,76,76,76,76,76,76,76,76,76,76,76,76,76,76,76],"card_choices":[{"not_picked":["Steam","Lockon"],"picked":"Hologram","floor":1.0},{"not_picked":["Fusion","Hologram"],"picked":"Ball Lightning","floor":5.0},{"not_picked":["Stack","Hologram"],"picked":"Ball Lightning","floor":6.0},{"not_picked":["Double Energy","Stack"],"picked":"Sweeping Beam","floor":10.0},{"not_picked":["Thunder Strike","Turbo"],"picked":"Rebound","floor":14.0},{"not_picked":["Fission","Hyperbeam"],"picked":"Seek","floor":16.0},{"not_picked":["Redo","Steam"],"picked":"Leap","floor":18.0},{"not_picked":["Scrape","Undo","Thunder Strike"],"picked":"SKIP","floor":21.0},{"not_picked":["Compile Driver","Sweeping Beam+1"],"picked":"Hologram","floor":22}],"player_experience":154727,"relics_obtained":[{"floor":6.0,"key":"Cables"},{"floor":9.0,"key":"Orichalcum"}],"event_choices":[{"damage_healed":0.0,"max_hp_gain":0.0,"max_hp_loss":0.0,"gold_gain":0.0,"event_name":"Shining Light","player_choice":"Entered Light","floor":2.0,"gold_loss":0.0,"damage_taken":21.0,"cards_upgraded":["Zap","Defend_B"]},{"damage_healed":0.0,"max_hp_gain":0.0,"max_hp_loss":0.0,"gold_gain":150.0,"event_name":"Liars Game","player_choice":"AGREE","floor":3.0,"gold_loss":0.0,"damage_taken":0.0,"cards_obtained":["Doubt"]},{"damage_healed":0.0,"max_hp_gain":5.0,"max_hp_loss":0.0,"gold_gain":0.0,"event_name":"Big Fish","player_choice":"Donut","floor":4.0,"gold_loss":0.0,"damage_taken":0.0},{"cards_removed":["Ball Lightning"],"damage_healed":0.0,"max_hp_gain":0.0,"max_hp_loss":0.0,"gold_gain":0.0,"event_name":"WeMeetAgain","player_choice":"Gave Card","floor":8.0,"gold_loss":0.0,"damage_taken":0.0,"relics_obtained":["MawBank"]},{"damage_healed":0.0,"max_hp_gain":0.0,"max_hp_loss":0.0,"gold_gain":0.0,"event_name":"Vampires","player_choice":"Ignored","floor":19.0,"gold_loss":0.0,"damage_taken":0.0},{"damage_healed":0.0,"max_hp_gain":0.0,"max_hp_loss":0.0,"gold_gain":50.0,"event_name":"Nest","player_choice":"Stole From Cult","floor":20.0,"gold_loss":0.0,"damage_taken":0.0}],"is_beta":false,"boss_relics":[{"not_picked":["Fusion Hammer","Pandora\u0027s Box"],"picked":"Ectoplasm"}],"items_purged_floors":[12],"is_endless":false,"potions_floor_spawned":[10,14],"killed_by":"Slavers","ascension_level":19}}