{"host":"n6lk97i3f9btdmiv","time":1610264670,"event":{"mods":["100% Spire Juice","BaseMod","Better Note","Colored Map","Highlight Path","Minty Spire (QoL Compilation)","StSLib"],"gold_per_floor":[111,111,186,186,186,186,220,220,247,20,20,55,71,85,85,204,204,219,419,1,1,26,26,44,44,70,111,124,124,124,144,144,264,264,277,296,355,369,384,384,403,403,403,64,127,146,190,204,204,204,204,204,7,41,41],"floor_reached":56,"playtime":2545,"items_purged":["Moonworks:Strike","Moonworks:Strike","Moonworks:EvilSpyWorkPreparation","Moonworks:EvilSpyWorkPreparation+1"],"score":1555,"play_id":"30453029-4853-4bd2-8b20-0860bf53b3cb","local_time":"20210110024430","is_ascension_mode":false,"campfire_choices":[{"floor":6.0,"key":"REST"},{"floor":8.0,"key":"REST"},{"data":"Moonworks:BigBangBell","floor":11.0,"key":"SMITH"},{"data":"Moonworks:Wanted","floor":15.0,"key":"SMITH"},{"data":"Panache","floor":23.0,"key":"SMITH"},{"data":"Panache","floor":25.0,"key":"SMITH"},{"data":"Moonworks:EvilSpyWorkPreparation","floor":32.0,"key":"SMITH"},{"floor":40.0,"key":"RECALL"},{"floor":42.0,"key":"REST"},{"floor":49.0,"key":"REST"},{"data":"Moonworks:TacticalRetreat","floor":52.0,"key":"SMITH"}],"circlet_count":0,"master_deck":["Moonworks:Defend","Moonworks:Defend","Moonworks:Defend+1","Moonworks:Defend","Moonworks:Ambush+1","Moonworks:LongDistanceShot","Moonworks:Gamble+1","Moonworks:BigBangBell+1","Moonworks:BackdoorTrade","Moonworks:Wanted+1","Moonworks:ReflectiveShell","Panache+1","Panache+1","Moonworks:TacticalRetreat+1","Moonworks:HolyNight","Moonworks:WindyEnchantment+1","Moonworks:WindyEnchantment+1","Moonworks:WindyEnchantment+1","Moonworks:BackdoorTrade+1","Moonworks:SakisCookie+1","Moonworks:Wanted","Moonworks:WindyEnchantment+1"],"relics":["Moonworks:BrokenBomb","Moonworks:Homemark","Golden Idol","Lantern","Whetstone","Anchor","White Beast Statue","Velvet Choker","Lee\u0027s Waffle","Toy Ornithopter","Empty Cage","Ginger","Moonworks:LittleGull","Membership Card","Mummified Hand","Thread and Needle","The Courier","Oddly Smooth Stone","TheAbacus","Bag of Marbles"],"acts_visited":["Exordium","TheCity","TheBeyond","TheEnding"],"potions_floor_usage":[55,55],"damage_taken":[{"damage":0.0,"enemies":"Jaw Worm","floor":1.0,"turns":1.0},{"damage":28.0,"enemies":"Lagavulin","floor":7.0,"turns":7.0},{"damage":0.0,"enemies":"Gremlin Nob","floor":12.0,"turns":1.0},{"damage":0.0,"enemies":"2 Louse","floor":13.0,"turns":4.0},{"damage":0.0,"enemies":"Small Slimes","floor":14.0,"turns":2.0},{"damage":0.0,"enemies":"Slime Boss","floor":16.0,"turns":2.0},{"damage":10.0,"enemies":"Spheric Guardian","floor":18.0,"turns":3.0},{"damage":0.0,"enemies":"Shell Parasite","floor":22.0,"turns":2.0},{"damage":10.0,"enemies":"Sentry and Sphere","floor":24.0,"turns":4.0},{"damage":0.0,"enemies":"Gremlin Leader","floor":27.0,"turns":2.0},{"damage":9.0,"enemies":"Snake Plant","floor":28.0,"turns":3.0},{"damage":0.0,"enemies":"3 Cultists","floor":31.0,"turns":4.0},{"damage":0.0,"enemies":"Champ","floor":33.0,"turns":1.0},{"damage":7.0,"enemies":"3 Shapes","floor":35.0,"turns":4.0},{"damage":10.0,"enemies":"Orb Walker","floor":36.0,"turns":3.0},{"damage":33.0,"enemies":"2 Orb Walkers","floor":37.0,"turns":4.0},{"damage":0.0,"enemies":"3 Darklings","floor":38.0,"turns":3.0},{"damage":9.0,"enemies":"4 Shapes","floor":39.0,"turns":4.0},{"damage":0.0,"enemies":"Writhing Mass","floor":41.0,"turns":2.0},{"damage":0.0,"enemies":"Mind Bloom Boss Battle","floor":45.0,"turns":2.0},{"damage":1.0,"enemies":"Sphere and 2 Shapes","floor":46.0,"turns":5.0},{"damage":0.0,"enemies":"Giant Head","floor":47.0,"turns":2.0},{"damage":0.0,"enemies":"Spire Growth","floor":48.0,"turns":2.0},{"damage":0.0,"enemies":"Donu and Deca","floor":50.0,"turns":5.0},{"damage":0.0,"enemies":"Shield and Spear","floor":54.0,"turns":2.0},{"damage":0,"enemies":"The Heart","floor":55,"turns":2}],"seed_played":"8512453202271881155","potions_obtained":[{"floor":1.0,"key":"SkillPotion"},{"floor":7.0,"key":"LiquidBronze"},{"floor":13.0,"key":"EssenceOfSteel"},{"floor":14.0,"key":"FairyPotion"},{"floor":16.0,"key":"Swift Potion"},{"floor":22.0,"key":"Fruit Juice"},{"floor":24.0,"key":"Moonworks:OneHundredPercentOrangeJuicePotion"},{"floor":27.0,"key":"Block Potion"},{"floor":28.0,"key":"Dexterity Potion"},{"floor":35.0,"key":"Regen Potion"},{"floor":46.0,"key":"Moonworks:OneHundredPercentOrangeJuicePotion"},{"floor":54.0,"key":"AttackPotion"}],"is_trial":false,"path_per_floor":["M","?","?","?","?","R","E","R","T","$","R","E","M","M","R","B",null,"M","?","$","?","M","R","M","R","T","E","M","$","?","M","R","B",null,"M","M","?","M","M","R","M","R","T","$","?","M","E","M","R","B",null,"R","$","E","B",null],"character_chosen":"THE_STARBREAKER","items_purchased":["Anchor","Lee\u0027s Waffle","Panache","Membership Card","Mummified Hand","Oddly Smooth Stone","TheAbacus"],"campfire_rested":4,"item_purchase_floors":[10,20,20,44,44,53,53],"current_hp_per_floor":[60,60,49,37,22,40,12,30,30,30,30,30,30,30,30,1,60,1,1,67,67,72,72,62,62,62,62,1,1,1,1,1,1,72,65,55,22,22,13,13,13,34,34,34,1,19,1,1,22,1,72,72,72,72,72],"gold":41,"neow_bonus":"ONE_RANDOM_RARE_CARD","is_daily":false,"chose_seed":false,"campfire_upgraded":6,"win_rate":0.0,"timestamp":1610264670,"path_taken":["M","?","?","?","?","R","E","R","T","$","R","E","M","M","R","BOSS","M","?","$","?","M","R","M","R","T","E","?","$","?","M","R","BOSS","M","M","?","M","M","R","M","R","T","$","?","M","E","M","R","BOSS","R","$","E","BOSS"],"items_purchased_type":["Relic","Relic","Card","Relic","Relic","Relic","Relic"],"build_version":"2020-12-22","purchased_purges":4,"victory":true,"max_hp_per_floor":[60,60,60,60,60,60,60,60,60,60,60,60,60,60,60,60,60,60,60,67,67,72,72,72,72,72,72,72,72,72,72,72,72,72,72,72,72,72,72,72,72,72,72,72,72,72,72,72,72,72,72,72,72,72,72],"card_choices":[{"not_picked":["Moonworks:AwakeningOfTalent","Moonworks:FullSpeedAlicianrone"],"picked":"Moonworks:BigBangBell","floor":1.0},{"not_picked":["Moonworks:ImmovableObject","Moonworks:Heat300Percent"],"picked":"Moonworks:BackdoorTrade","floor":7.0},{"not_picked":["Moonworks:SakisCookie","Moonworks:JonathanRush","Moonworks:Assault"],"picked":"SKIP","floor":12.0},{"not_picked":["Moonworks:CompletionReward","Moonworks:ScrambledEve"],"picked":"Moonworks:EvilSpyWorkPreparation","floor":13.0},{"not_picked":["Moonworks:NicePresent","Moonworks:SakisCookie"],"picked":"Moonworks:Wanted","floor":14.0},{"not_picked":["Moonworks:Blazing","Moonworks:CrystalBarrier"],"picked":"Moonworks:ReflectiveShell","floor":16.0},{"not_picked":["Moonworks:JonathanRush","Moonworks:NicePresent","Moonworks:DeployBits"],"picked":"SKIP","floor":18.0},{"not_picked":["Moonworks:UnluckyCharm","Moonworks:NicePresent+1","Moonworks:RedAndBlue"],"picked":"SKIP","floor":22.0},{"not_picked":["Moonworks:CastOff+1","Moonworks:SealedMemories","Moonworks:ReproductionOfRecords"],"picked":"SKIP","floor":24.0},{"not_picked":["Moonworks:DeployBits","Moonworks:SinkOrSwim"],"picked":"Moonworks:EvilSpyWorkPreparation","floor":27.0},{"not_picked":["Moonworks:CompletionReward","Moonworks:BigMagnum+1"],"picked":"Moonworks:TacticalRetreat","floor":28.0},{"not_picked":["Moonworks:FullSpeedAlicianrone","Moonworks:LulusLuckyEgg","Moonworks:SealedMemories"],"picked":"SKIP","floor":31.0},{"not_picked":["Moonworks:WeAreWaruda","Moonworks:SubspaceTunnel"],"picked":"Moonworks:HolyNight","floor":33.0},{"not_picked":["Moonworks:ImOnFire","Moonworks:SakisCookie+1","Moonworks:JonathanRush+1"],"picked":"SKIP","floor":35.0},{"not_picked":["Moonworks:ImmovableObject","Moonworks:NicePresent+1"],"picked":"Moonworks:WindyEnchantment+1","floor":36.0},{"not_picked":["Moonworks:IndiscriminateFireSupport+1","Moonworks:LulusLuckyEgg+1"],"picked":"Moonworks:WindyEnchantment+1","floor":37.0},{"not_picked":["Moonworks:IntelligenceOfficer+1","Moonworks:EvilSpyWorkPreparation"],"picked":"Moonworks:WindyEnchantment+1","floor":38.0},{"not_picked":["Moonworks:ImOnFire+1","Moonworks:Assault"],"picked":"Moonworks:BackdoorTrade+1","floor":39.0},{"not_picked":["Moonworks:LulusLuckyEgg","Moonworks:IndiscriminateFireSupport","Moonworks:TreasureThief"],"picked":"SKIP","floor":41.0},{"not_picked":["Moonworks:BigMagnum+1","Moonworks:LulusLuckyEgg"],"picked":"Moonworks:SakisCookie+1","floor":46.0},{"not_picked":["Moonworks:JonathanRush","Moonworks:SakisCookie"],"picked":"Moonworks:Wanted","floor":47.0},{"not_picked":["Moonworks:SakisCookie+1","Moonworks:CloudOfSeagulls+1","Moonworks:NicePresent+1"],"picked":"SKIP","floor":48.0},{"not_picked":["Moonworks:MiracleRedBeanIceCream","Moonworks:DeployBits+1"],"picked":"Moonworks:WindyEnchantment+1","floor":54.0}],"player_experience":445683,"relics_obtained":[{"floor":7.0,"key":"Lantern"},{"floor":9.0,"key":"Whetstone"},{"floor":12.0,"key":"White Beast Statue"},{"floor":27.0,"key":"Toy Ornithopter"},{"floor":37.0,"key":"Ginger"},{"floor":43.0,"key":"Moonworks:LittleGull"},{"floor":45.0,"key":"Thread and Needle"},{"floor":47.0,"key":"The Courier"},{"floor":54.0,"key":"Bag of Marbles"}],"event_choices":[{"damage_healed":0.0,"max_hp_gain":0.0,"max_hp_loss":0.0,"gold_gain":0.0,"event_name":"Living Wall","player_choice":"Grow","floor":2.0,"gold_loss":0.0,"damage_taken":0.0,"cards_upgraded":["Moonworks:Gamble"]},{"damage_healed":0.0,"max_hp_gain":0.0,"max_hp_loss":0.0,"gold_gain":75.0,"event_name":"World of Goop","player_choice":"Gather Gold","floor":3.0,"gold_loss":0.0,"damage_taken":11.0},{"damage_healed":0.0,"max_hp_gain":0.0,"max_hp_loss":0.0,"gold_gain":0.0,"event_name":"Shining Light","player_choice":"Entered Light","floor":4.0,"gold_loss":0.0,"damage_taken":12.0,"cards_upgraded":["Moonworks:Defend","Moonworks:Strike"]},{"damage_healed":0.0,"max_hp_gain":0.0,"max_hp_loss":0.0,"gold_gain":0.0,"event_name":"Golden Idol","player_choice":"Take Damage","floor":5.0,"gold_loss":0.0,"damage_taken":15.0,"relics_obtained":["Golden Idol"]},{"damage_healed":0.0,"max_hp_gain":0.0,"max_hp_loss":0.0,"gold_gain":200.0,"event_name":"Wheel of Change","player_choice":"Gold","floor":19.0,"gold_loss":0.0,"damage_taken":0.0},{"damage_healed":0.0,"max_hp_gain":0.0,"max_hp_loss":0.0,"gold_gain":0.0,"event_name":"Duplicator","player_choice":"Copied","floor":21.0,"gold_loss":0.0,"damage_taken":0.0,"cards_obtained":["Panache"]},{"damage_healed":0.0,"max_hp_gain":0.0,"max_hp_loss":0.0,"gold_gain":0.0,"event_name":"betterNote:BetterNote","player_choice":"Ignored","floor":30.0,"gold_loss":0.0,"damage_taken":0.0,"cards_obtained":["Flash of Steel"]},{"damage_healed":0.0,"max_hp_gain":0.0,"max_hp_loss":0.0,"gold_gain":0.0,"event_name":"Mysterious Sphere","player_choice":"Fight","floor":37.0,"gold_loss":0.0,"damage_taken":0.0},{"damage_healed":0.0,"max_hp_gain":0.0,"max_hp_loss":0.0,"gold_gain":0.0,"event_name":"MindBloom","player_choice":"Fight","floor":45.0,"gold_loss":0.0,"damage_taken":0.0}],"is_beta":false,"boss_relics":[{"not_picked":["Moonworks:SBBomb","Astrolabe"],"picked":"Velvet Choker"},{"not_picked":["Calling Bell","SacredBark"],"picked":"Empty Cage"}],"items_purged_floors":[10,20,44,53],"is_endless":false,"potions_floor_spawned":[1,7,13,14,16,18,22,24,27,28,31,33,35,36,37,38,39,41,45,46,47,48,54],"ascension_level":0}}