{"host":"91blwi3hgehj6ch9","time":1610244593,"event":{"mods":["2.2 Compatiblity","AchievementEnabler","BaseMod","Colored Map","DeckTracker","Keyboard Shortcuts","Minty Spire (QoL Compilation)","Permanent Neow","Quick Restart","StSLib","SuperFastMode"],"gold_per_floor":[109,109,124,124,199,199,218,237,237,237,266,266,286,286,286],"floor_reached":14,"playtime":418,"items_purged":[],"score":149,"play_id":"f1ef4c2c-6a80-4afc-a32d-e393ab54988e","local_time":"20210110110953","is_ascension_mode":true,"campfire_choices":[{"data":"Prepared","floor":6,"key":"SMITH"},{"data":"Footwork","floor":10,"key":"SMITH"}],"circlet_count":0,"master_deck":["AscendersBane","Strike_G","Strike_G","Strike_G","Strike_G","Strike_G","Defend_G","Defend_G","Defend_G","Defend_G","Defend_G","Survivor","Neutralize","Prepared+1","Noxious Fumes","Footwork+1","Acrobatics","Dodge and Roll","Reflex"],"relics":["Philosopher\u0027s Stone","Paper Crane","Blue Candle","Blood Vial"],"acts_visited":["Exordium"],"potions_floor_usage":[11,14],"damage_taken":[{"damage":3.0,"enemies":"Small Slimes","floor":1.0,"turns":3.0},{"damage":5.0,"enemies":"Cultist","floor":3.0,"turns":5.0},{"damage":0,"enemies":"2 Louse","floor":7,"turns":3},{"damage":9,"enemies":"2 Fungi Beasts","floor":8,"turns":5},{"damage":23,"enemies":"3 Sentries","floor":11,"turns":11},{"damage":6,"enemies":"Exordium Thugs","floor":13,"turns":9},{"damage":14,"enemies":"Gremlin Nob","floor":14,"turns":4}],"seed_played":"-6778903476209908152","potions_obtained":[{"floor":3.0,"key":"SneckoOil"},{"floor":8,"key":"PowerPotion"},{"floor":11,"key":"SteroidPotion"}],"is_trial":false,"path_per_floor":["M","?","M","?","?","R","M","M","T","R","E","?","M","E"],"character_chosen":"THE_SILENT","items_purchased":[],"campfire_rested":0,"item_purchase_floors":[],"current_hp_per_floor":[60,60,55,55,48,48,48,39,39,39,16,16,12,0,0],"gold":286,"neow_bonus":"BOSS_RELIC","is_daily":false,"chose_seed":false,"campfire_upgraded":2,"win_rate":0.0,"timestamp":1610244593,"path_taken":["M","?","?","?","?","R","?","M","T","R","E","?","M","E"],"items_purchased_type":[],"build_version":"2020-12-22","purchased_purges":0,"victory":false,"max_hp_per_floor":[70,70,70,70,70,70,70,70,70,70,70,70,70,70,70],"card_choices":[{"not_picked":["Outmaneuver","Distraction"],"picked":"Prepared","floor":1.0},{"not_picked":["Terror","Infinite Blades"],"picked":"Noxious Fumes","floor":3.0},{"not_picked":["Deflect","Flying Knee"],"picked":"Footwork","floor":7},{"not_picked":["Expertise","Corpse Explosion"],"picked":"Acrobatics","floor":8},{"not_picked":["Dagger Spray","Distraction"],"picked":"Dodge and Roll","floor":11},{"not_picked":["Prepared","Quick Slash"],"picked":"Reflex","floor":13}],"player_experience":143473,"relics_obtained":[{"floor":9,"key":"Paper Crane"},{"floor":11,"key":"Blue Candle"}],"event_choices":[{"damage_healed":0.0,"max_hp_gain":0.0,"max_hp_loss":0.0,"gold_gain":0.0,"event_name":"The Woman in Blue","player_choice":"Bought 0 Potions","floor":2.0,"gold_loss":0.0,"damage_taken":0.0},{"damage_healed":0.0,"max_hp_gain":0.0,"max_hp_loss":0.0,"gold_gain":0.0,"event_name":"Liars Game","player_choice":"Ignored","floor":4.0,"gold_loss":0.0,"damage_taken":0.0},{"damage_healed":0,"gold_gain":75,"player_choice":"Touch","damage_taken":7,"max_hp_gain":0,"max_hp_loss":0,"event_name":"FaceTrader","floor":5,"gold_loss":0},{"damage_healed":0,"gold_gain":0,"player_choice":"Gave Potion","damage_taken":0,"relics_obtained":["Blood Vial"],"max_hp_gain":0,"max_hp_loss":0,"event_name":"WeMeetAgain","floor":12,"gold_loss":0}],"is_beta":false,"boss_relics":[],"items_purged_floors":[],"is_endless":false,"potions_floor_spawned":[3,8,11],"killed_by":"Gremlin Nob","ascension_level":13}}