{"host":"2gujzk442f936450","time":1610301795,"event":{"mods":["Arknights The Spire","BaseMod","Decade(王小明)","Marisa（F雨　魔理沙）","Minty Spire (QoL Compilation)","Prisma Mod","Reimu（博丽灵梦）","Relic Stats","Remilia（蕾米莉亚）","StSLib","WarShipGirlsR/战舰少女R mod","Youmu（魂魄妖梦）","Yuyuko","【角色mod】十八桐人"],"gold_per_floor":[216,216,22,38,50,50,50,50,50,50,50,50,70,95,95,193,193,211,211,227,277,277],"floor_reached":21,"playtime":1268,"items_purged":[],"score":177,"play_id":"86682d26-8f76-451d-be34-87f673ebec58","local_time":"20210111020315","is_ascension_mode":false,"campfire_choices":[{"data":"ats:Flexible Camouflage","floor":6,"key":"SMITH"},{"data":"ats:Emotion Absorption","floor":8,"key":"SMITH"},{"data":"ats:Encircling Forest","floor":10,"key":"SMITH"},{"data":"ats:Part Time Job","floor":15,"key":"SMITH"}],"circlet_count":0,"master_deck":["ats:Strike C","ats:Strike G","ats:Strike S","ats:Strike V","ats:Armor Crushing Shot","ats:Defend+1","ats:Defend","ats:Defend","ats:Defend","ats:Emotion Absorption+1","ats:Assault Order","ats:Encircling Forest+1","ats:Revitalization+1","ats:Flexible Camouflage+1","ats:Sunburst","ats:Part Time Job+1","ats:Shadow Assault","ats:Consecutive Shot Auto","ats:Apocalypse"],"relics":["ats:Sanity Plus","ats:Lavender","ats:Arts","Orichalcum","Juzu Bracelet","ats:Originium","Ornamental Fan","SsserpentHead"],"acts_visited":["Exordium","TheCity"],"potions_floor_usage":[18,21,21,21],"damage_taken":[{"damage":0,"enemies":"Cultist","floor":1,"turns":3},{"damage":0,"enemies":"Small Slimes","floor":4,"turns":3},{"damage":12,"enemies":"2 Louse","floor":5,"turns":5},{"damage":9,"enemies":"2 Fungi Beasts","floor":13,"turns":5},{"damage":28,"enemies":"3 Sentries","floor":14,"turns":10},{"damage":147,"enemies":"The Guardian","floor":16,"turns":22},{"damage":39,"enemies":"2 Thieves","floor":18,"turns":5},{"damage":31,"enemies":"Spheric Guardian","floor":20,"turns":6},{"damage":51,"enemies":"Masked Bandits","floor":21,"turns":4}],"seed_played":"1218024572793658932","potions_obtained":[{"floor":4,"key":"Fire Potion"},{"floor":5,"key":"LiquidMemories"},{"floor":13,"key":"Weak Potion"},{"floor":18,"key":"ColorlessPotion"}],"is_trial":false,"path_per_floor":["M","T","$","M","M","R","?","R","T","R","?","?","M","E","R","B",null,"M","?","M","?"],"character_chosen":"DOCTOR_CLASS","items_purchased":["ats:Arts","ats:Encircling Forest"],"campfire_rested":0,"item_purchase_floors":[3,3],"current_hp_per_floor":[72,72,72,72,65,65,51,51,51,51,33,57,58,59,59,50,72,47,47,32,0,0],"gold":277,"neow_bonus":"HUNDRED_GOLD","is_daily":false,"chose_seed":false,"campfire_upgraded":4,"win_rate":0.0,"timestamp":1610301795,"path_taken":["M","?","$","M","M","R","?","R","T","R","?","?","M","E","R","BOSS","M","?","M","?"],"items_purchased_type":["Relic","Card"],"build_version":"2020-12-22","purchased_purges":0,"victory":false,"max_hp_per_floor":[72,72,72,72,72,72,72,72,72,72,72,72,72,72,72,72,72,72,72,72,72,72],"relic_stats":{"SsserpentHead":50,"counters":[9,63],"Ornamental Fan":[20],"Juzu Bracelet":1,"Orichalcum":[132],"obtain_stats":[{"SsserpentHead":19,"ats:Sanity Plus":17,"ats:Originium":14,"ats:Lavender":2,"Ornamental Fan":14,"ats:Arts":3,"Juzu Bracelet":11,"ats:Sanity":0,"Orichalcum":9},{"SsserpentHead":7,"ats:Sanity Plus":6,"ats:Originium":5,"ats:Lavender":1,"Ornamental Fan":5,"ats:Arts":1,"Juzu Bracelet":3,"ats:Sanity":0,"Orichalcum":3},{"SsserpentHead":53,"ats:Sanity Plus":48,"ats:Originium":26,"ats:Lavender":3,"Ornamental Fan":26,"ats:Arts":3,"Juzu Bracelet":11,"ats:Sanity":0,"Orichalcum":11}]},"card_choices":[{"not_picked":["ats:Explosion Area Strengthen","ats:Poison Spread"],"picked":"ats:Assault Order","floor":1},{"not_picked":["ats:Assault Order","ats:Charging Defense"],"picked":"ats:Revitalization","floor":4},{"not_picked":["ats:Healing Drone","ats:Poison Spread"],"picked":"ats:Flexible Camouflage","floor":5},{"not_picked":["ats:LN2 Cannon","ats:Powerful Strike"],"picked":"ats:Sunburst","floor":13},{"not_picked":["ats:Assault Order","ats:Demon Strength"],"picked":"ats:Part Time Job","floor":14},{"not_picked":["ats:Wolf Pack","ats:Soul Rend"],"picked":"ats:Shadow Assault","floor":16},{"not_picked":["ats:Directed Diagnosis","ats:Chain Hook"],"picked":"ats:Consecutive Shot Auto","floor":18},{"not_picked":["ats:Powerful Strike","ats:Curse Doll+1"],"picked":"ats:Apocalypse","floor":20}],"player_experience":153633,"relics_obtained":[{"floor":2,"key":"ats:Lavender"},{"floor":9,"key":"Orichalcum"},{"floor":14,"key":"ats:Originium"},{"floor":14,"key":"Ornamental Fan"}],"event_choices":[{"damage_healed":0,"gold_gain":0,"player_choice":"Entered Light","damage_taken":14,"max_hp_gain":0,"max_hp_loss":0,"event_name":"Shining Light","floor":7,"gold_loss":0,"cards_upgraded":["ats:Defend","ats:Revitalization"]},{"damage_healed":0,"gold_gain":0,"player_choice":"Success","damage_taken":18,"relics_obtained":["Juzu Bracelet"],"max_hp_gain":0,"max_hp_loss":0,"event_name":"Scrap Ooze","floor":11,"gold_loss":0},{"damage_healed":24,"gold_gain":0,"player_choice":"Banana","damage_taken":0,"max_hp_gain":0,"max_hp_loss":0,"event_name":"Big Fish","floor":12,"gold_loss":0},{"damage_healed":0,"gold_gain":0,"player_choice":"Trade","damage_taken":0,"relics_obtained":["SsserpentHead"],"max_hp_gain":0,"max_hp_loss":0,"event_name":"FaceTrader","floor":19,"gold_loss":0},{"damage_healed":0,"gold_gain":0,"player_choice":"Fought Bandits","damage_taken":0,"max_hp_gain":0,"max_hp_loss":0,"event_name":"Masked Bandits","floor":21,"gold_loss":0}],"is_beta":false,"boss_relics":[{"not_picked":["SlaversCollar","Philosopher\u0027s Stone"],"picked":"ats:Sanity Plus"}],"items_purged_floors":[],"is_endless":false,"potions_floor_spawned":[4,5,13,18],"killed_by":"Masked Bandits","ascension_level":0}}