{"host":"og6lam4kt3nibbw0","time":1610306002,"event":{"mods":["AchievementEnabler","BaseMod","Colored Map","DeckTracker","Highlight Path","Keyboard Shortcuts","Minty Spire (QoL Compilation)","Permanent Neow","Quick Restart","StSLib","SuperFastMode"],"gold_per_floor":[110,110,120,130,3,3,28,28,54,19,46,63,63,63,63,136,136,147,160,160,176,189,189,209,209,509,509,509,509,509],"floor_reached":29,"playtime":1540,"items_purged":["Strike_R"],"score":466,"play_id":"c332f7a8-09bc-40c1-b8a1-4185934c49bc","local_time":"20210111041322","is_ascension_mode":true,"campfire_choices":[{"data":"Blood for Blood","floor":6.0,"key":"SMITH"},{"data":"True Grit","floor":8.0,"key":"SMITH"},{"data":"Second Wind","floor":13.0,"key":"SMITH"},{"data":"Shrug It Off","floor":15.0,"key":"SMITH"},{"floor":23.0,"key":"REST"},{"floor":25,"key":"REST"},{"floor":28,"key":"REST"}],"circlet_count":0,"master_deck":["AscendersBane","Strike_R","Strike_R","Strike_R","Defend_R","Defend_R","Defend_R","Defend_R","Bash","Blood for Blood+1","Burning Pact","True Grit+1","Shrug It Off+1","Cleave","Second Wind+1","Exhume+1","Fire Breathing"],"relics":["Black Blood","Dead Branch","Nunchaku","Smiling Mask","Matryoshka","Old Coin","Orichalcum"],"acts_visited":["Exordium","TheCity"],"potions_floor_usage":[29],"damage_taken":[{"damage":7.0,"enemies":"2 Louse","floor":1.0,"turns":3.0},{"damage":6.0,"enemies":"Jaw Worm","floor":3.0,"turns":5.0},{"damage":10.0,"enemies":"Small Slimes","floor":4.0,"turns":3.0},{"damage":19.0,"enemies":"3 Sentries","floor":7.0,"turns":6.0},{"damage":32.0,"enemies":"Gremlin Nob","floor":11.0,"turns":4.0},{"damage":11.0,"enemies":"Exordium Thugs","floor":12.0,"turns":4.0},{"damage":37.0,"enemies":"Hexaghost","floor":16.0,"turns":11.0},{"damage":37.0,"enemies":"Spheric Guardian","floor":18.0,"turns":6.0},{"damage":35.0,"enemies":"2 Thieves","floor":19.0,"turns":5.0},{"damage":17.0,"enemies":"Snecko","floor":21.0,"turns":8.0},{"damage":16.0,"enemies":"Snake Plant","floor":22.0,"turns":6.0},{"damage":79,"enemies":"3 Cultists","floor":24,"turns":6},{"damage":48,"enemies":"Gremlin Leader","floor":29,"turns":6}],"seed_played":"-3593398064972781752","potions_obtained":[{"floor":1.0,"key":"BloodPotion"},{"floor":4.0,"key":"Strength Potion"},{"floor":11.0,"key":"Block Potion"},{"floor":21.0,"key":"ColorlessPotion"},{"floor":24,"key":"Weak Potion"}],"is_trial":false,"path_per_floor":["M","?","M","M","$","R","E","R","T","?","E","M","R","?","R","B",null,"M","M","?","M","M","R","M","R","T","?","R","E"],"character_chosen":"IRONCLAD","items_purchased":["Shrug It Off"],"campfire_rested":3,"item_purchase_floors":[5],"current_hp_per_floor":[67,72,72,68,68,68,55,55,55,73,47,42,42,42,42,11,58,33,24,24,19,15,36,17,38,38,17,40,0,0],"gold":509,"neow_bonus":"ONE_RARE_RELIC","is_daily":false,"chose_seed":false,"campfire_upgraded":4,"win_rate":0.0,"timestamp":1610306002,"path_taken":["M","?","M","M","$","R","E","R","T","?","E","M","R","?","R","BOSS","M","M","?","M","?","R","M","R","T","?","R","E"],"items_purchased_type":["Card"],"build_version":"2020-12-22","purchased_purges":1,"victory":false,"max_hp_per_floor":[68,73,73,73,73,73,73,73,73,73,73,73,73,73,73,73,73,73,73,73,73,73,73,73,73,73,78,78,78,78],"card_choices":[{"not_picked":["Wild Strike","Reckless Charge"],"picked":"Blood for Blood","floor":1.0},{"not_picked":["Warcry","Wild Strike"],"picked":"Burning Pact","floor":3.0},{"not_picked":["Warcry","Perfected Strike"],"picked":"True Grit","floor":4.0},{"not_picked":["Shrug It Off","Rupture"],"picked":"Cleave","floor":7.0},{"not_picked":["Sword Boomerang","Havoc"],"picked":"Second Wind","floor":11.0},{"not_picked":["Twin Strike","Flex","Second Wind"],"picked":"SKIP","floor":12.0},{"not_picked":["Double Tap","Limit Break"],"picked":"Exhume","floor":16.0},{"not_picked":["Armaments","Anger","Power Through"],"picked":"SKIP","floor":18.0},{"not_picked":["Perfected Strike","Thunderclap","Iron Wave"],"picked":"SKIP","floor":19.0},{"not_picked":["True Grit","Headbutt","Thunderclap"],"picked":"SKIP","floor":21.0},{"not_picked":["Flex","Anger"],"picked":"Fire Breathing","floor":22.0},{"not_picked":["Reckless Charge","Second Wind","Evolve"],"picked":"SKIP","floor":24}],"player_experience":847891,"relics_obtained":[{"floor":7.0,"key":"Nunchaku"},{"floor":9.0,"key":"Smiling Mask"},{"floor":11.0,"key":"Matryoshka"},{"floor":26,"key":"Old Coin"},{"floor":26,"key":"Orichalcum"}],"event_choices":[{"damage_healed":0.0,"max_hp_gain":5.0,"max_hp_loss":0.0,"gold_gain":0.0,"event_name":"Big Fish","player_choice":"Donut","floor":2.0,"gold_loss":0.0,"damage_taken":0.0},{"damage_healed":18.0,"max_hp_gain":0.0,"max_hp_loss":0.0,"gold_gain":0.0,"event_name":"The Cleric","player_choice":"Healed","floor":10.0,"gold_loss":35.0,"damage_taken":0.0},{"cards_removed":["Strike_R"],"damage_healed":0.0,"max_hp_gain":0.0,"max_hp_loss":0.0,"gold_gain":0.0,"event_name":"Living Wall","player_choice":"Forget","floor":14.0,"gold_loss":0.0,"damage_taken":0.0},{"damage_healed":0.0,"max_hp_gain":0.0,"max_hp_loss":0.0,"gold_gain":0.0,"event_name":"Upgrade Shrine","player_choice":"Upgraded","floor":20.0,"gold_loss":0.0,"damage_taken":0.0,"cards_upgraded":["Exhume"]},{"damage_healed":0,"gold_gain":0,"player_choice":"Shed Blood","damage_taken":26,"max_hp_gain":5,"max_hp_loss":0,"event_name":"Forgotten Altar","floor":27,"gold_loss":0}],"is_beta":false,"boss_relics":[{"not_picked":["Busted Crown","SlaversCollar"],"picked":"Black Blood"}],"items_purged_floors":[5],"is_endless":false,"potions_floor_spawned":[1,4,11,12,21,24],"killed_by":"Gremlin Leader","ascension_level":20}}