{"host":"49uampz4x074dpq4","time":1610289208,"event":{"mods":["Act Like it!","Aspiration","BaseMod","Conspire","Highlight Path","Marisa£®ÏF”Í°°ƒß¿Ì…≥£©","Minty Spire (QoL Compilation)","Pale of the Ancients","Quick Restart","Replay The Spire","Shop Mod","StSLib","vexMod"],"gold_per_floor":[119,137,151,171,185,217,217,246,246,289,289,337,337,388,388,512,512,601,635,683,700,715,789,873,873,873,962,1063,1072,1184,1242,1254,1419,1431,1492,1504,850,896,987,1056,1183,1275,1275,1284,1616,1285,1285,1425,1425,1634,1634,1690,1788,1994,1379,1379,1379,1637,1852,1875,1884,2013,1927,2131,2096,2096,2568,2568,2607,2668,2226,2226,2344,2784,2982,3226,3547,3547,3547,3681,3110,3459,3459,3600,3600,3825,3266,2782,2782,2947,3469,3650,3984,4228,4228,4228,3677,3677,3718,3718,4141,4141,4445,4518,4478,4155,4155,4679,4679,4343,4343,5366,5366,5366],"floor_reached":113,"playtime":15874,"items_purged":["StarlightTyphoon","PropBag","UltimateShortwave+1","AsteroidBelt","DarkMatter+1"],"score":4813,"play_id":"871c2b6f-62a0-4950-8fe9-feaf0d54df4b","local_time":"20210110223328","daily_mods":["Draft","Vintage","Heirloom","Time Dilation","Flight"],"is_ascension_mode":true,"campfire_choices":[{"data":"DoubleSpark","floor":7.0,"key":"SMITH"},{"data":"MagicAbsorber","floor":13.0,"key":"SMITH"},{"data":"DeepEcoloBomb","floor":15.0,"key":"SMITH"},{"data":"MillisecondPulsars","floor":29.0,"key":"SMITH"},{"data":"EnergyFlow","floor":32.0,"key":"SMITH"},{"data":"WitchOfGreed","floor":44,"key":"SMITH"},{"data":"Pot Of Greed","floor":47,"key":"SMITH"},{"data":"Pot Of Greed","floor":49,"key":"SMITH"},{"data":"Pot Of Greed","floor":57,"key":"SMITH"},{"data":"Pot Of Greed","floor":61,"key":"SMITH"},{"data":"Acceleration","floor":66,"key":"SMITH"},{"data":"WitchOfGreed","floor":78,"key":"SMITH"},{"data":"EnergyFlow","floor":79,"key":"SMITH"},{"data":"ShootTheMoon","floor":96,"key":"SMITH"},{"data":"DeepEcoloBomb+1","floor":100,"key":"SMITH"},{"data":"BlazeAway+1","floor":107,"key":"SMITH"},{"data":"BlazeAway+2","floor":109,"key":"SMITH"}],"circlet_count":0,"master_deck":["NonDirectionalLaser","MagicAbsorber+1","Singularity+1","Acceleration","NonDirectionalLaser","EnergyFlow+1","NonDirectionalLaser","ShootTheMoon+1","DoubleSpark+1","PowerUp+1","DeepEcoloBomb+2","Robbery+1","DoubleSpark+1","TreasureHunter+1","CasketOfStar+1","MillisecondPulsars+1","CasketOfStar","UnstableBomb+1","GalacticHalo+1","FairyDestructionRay+2","6A+1","Finesse","Acceleration+1","NonDirectionalLaser+1","Robbery+1","TreasureHunter+2","WitchOfGreed+1","Pot Of Greed+1","Pot Of Greed+1","Pot Of Greed+1","WitchOfGreed+1","WitchOfGreed","CollectingQuirk+1","Pot Of Greed+1","EnergyFlow+1","CollectingQuirk+1","CollectingQuirk+1","GravityBeat+1","TreasureHunter+1","EarthLightRay","EnergyFlow+1","BlazeAway+3","OortCloud+1","OortCloud+1"],"relics":["BewitchedHakkero","replay:Trail_Library","Gambling Chip","Molten Egg 2","HandmadeGrimoire","Gremlin Horn","Replay:Kaleidoscope","vexMod:MemoryStick","Centennial Puzzle","ReplayFunnel","aspiration:Lifesprig","aspiration:HatOfInfinitePower","ChewingGum","Philosopher\u0027s Stone","CeramicFish","vexMod:RedPlottingStone","vexMod:HeadHunter","Ancient Tea Set","Anchor","Happy Flower","Bottled Flame","Replay:Mystery Machine","Smiling Mask","Tiny Chest","Chameleon Ring","Art of War","Replay:Accelerometer","Blue Doll","Garlic","conspire:SlowCooker","Boot","MerchantsRug","vexMod:PlasmaPancake","Pen Nib","Orrery","Prayer Wheel","Bag of Marbles","vexMod:BarristanHead","Bottled Tornado","ReplayTheSpireMod:Shallot","Singing Bowl","Potion Belt","Pantograph","MealTicket","Grinning Jar","Blue Candle","Replay:Bronze Core","Lantern","conspire:GlowingRock","conspire:DecoderRing","Guide Book","Juzu Bracelet","Lizard Tail","ShroomBag","Dream Catcher","Oddly Smooth Stone","conspire:TopHat","Blood Vial","aspiration:ChemicalBlood","vexMod:CardConverter","RampagingMagicTools","conspire:Dentures","Ginger","Sling","Toy Ornithopter","MutagenicStrength","aspiration:HiddenCompartment","Bag of Preparation","PreservedInsect","Bronze Scales","HandDrill","vexMod:FocusSash","aspiration:FrozenJewel","conspire:InfiniteJournal","Golden Egg","ReplayTheSpireMod:TigerMarble","SlaversCollar","Counterbalance","vexMod:InvisibilityCloak","Lee\u0027s Waffle","Gremlin Food","Replay:Bandana","Akabeko","Replay:Towering Pillar of Hats","Divine Protection","Strawberry","Nunchaku","Replay:WaspNest","Medical Kit","Regal Pillow","Ornamental Fan","Coffee Dripper","paleoftheancients:Timepiece","conspire:Boomerang","paleoftheancients:SoulOfTheWokeBloke","Question Card","Vajra","TungstenRod","BreadOfAWashokuLover","Membership Card","Orichalcum","ReplayTheSpireMod:Lightbulb"],"acts_visited":["Exordium","TheCity","TheBeyond","Exordium","TheCity","TheBeyond","TheBeyond","Exordium"],"potions_floor_usage":[39,40,40,45,50,58,58,62,67,67,74,74,94,101,101,101],"damage_taken":[{"damage":0.0,"enemies":"2 Louse","floor":1.0,"turns":2.0},{"damage":3.0,"enemies":"Jaw Worm","floor":2.0,"turns":2.0},{"damage":12.0,"enemies":"conspire:RoseBush","floor":3.0,"turns":1.0},{"damage":3.0,"enemies":"Blue Slaver","floor":4.0,"turns":2.0},{"damage":0.0,"enemies":"2 Fungi Beasts","floor":5.0,"turns":1.0},{"damage":2.0,"enemies":"Lagavulin","floor":6.0,"turns":3.0},{"damage":0.0,"enemies":"Replay:BlueRogue","floor":8.0,"turns":3.0},{"damage":0.0,"enemies":"Gremlin Nob","floor":10.0,"turns":2.0},{"damage":9.0,"enemies":"3 Sentries","floor":12.0,"turns":2.0},{"damage":0.0,"enemies":"Large Slime","floor":14.0,"turns":2.0},{"damage":22.0,"enemies":"The Guardian","floor":16.0,"turns":5.0},{"damage":7.0,"enemies":"conspire:FuzzyDice","floor":18.0,"turns":2.0},{"damage":0.0,"enemies":"2 Thieves","floor":19.0,"turns":2.0},{"damage":0.0,"enemies":"Centurion and Healer","floor":20.0,"turns":2.0},{"damage":0.0,"enemies":"conspire:HollyBat","floor":21.0,"turns":2.0},{"damage":0.0,"enemies":"Cultist and Chosen","floor":22.0,"turns":1.0},{"damage":0.0,"enemies":"conspire:Head Lice","floor":23.0,"turns":2.0},{"damage":0.0,"enemies":"Gremlin Leader","floor":24.0,"turns":2.0},{"damage":4.0,"enemies":"Book of Stabbing","floor":27.0,"turns":2.0},{"damage":0.0,"enemies":"conspire:Head Lice","floor":28.0,"turns":2.0},{"damage":0.0,"enemies":"Gremlin Leader","floor":30.0,"turns":2.0},{"damage":0.0,"enemies":"Centurion and Healer","floor":31.0,"turns":2.0},{"damage":28.0,"enemies":"Pondfish","floor":33.0,"turns":7.0},{"damage":0.0,"enemies":"3 Shapes","floor":35.0,"turns":2.0},{"damage":0,"enemies":"3 Darklings","floor":38,"turns":2},{"damage":0,"enemies":"Writhing Mass","floor":39,"turns":3},{"damage":0,"enemies":"R_Hoarder","floor":40,"turns":2},{"damage":0,"enemies":"Giant Head","floor":41,"turns":5},{"damage":19,"enemies":"Nemesis","floor":42,"turns":3},{"damage":0,"enemies":"Transient","floor":45,"turns":5},{"damage":0,"enemies":"Spire Growth","floor":48,"turns":1},{"damage":0,"enemies":"Time Eater","floor":50,"turns":2},{"damage":0,"enemies":"2 Louse","floor":52,"turns":1},{"damage":0,"enemies":"Jaw Worm","floor":53,"turns":1},{"damage":0,"enemies":"Small Slimes","floor":54,"turns":1},{"damage":0,"enemies":"Lagavulin","floor":58,"turns":2},{"damage":0,"enemies":"Gremlin Nob","floor":59,"turns":3},{"damage":0,"enemies":"3 Sentries","floor":62,"turns":2},{"damage":5,"enemies":"Lagavulin","floor":64,"turns":3},{"damage":0,"enemies":"Hexaghost","floor":67,"turns":1},{"damage":0,"enemies":"3 Byrds","floor":69,"turns":1},{"damage":0,"enemies":"2 Thieves","floor":73,"turns":1},{"damage":5,"enemies":"Book of Stabbing","floor":74,"turns":3},{"damage":0,"enemies":"Replay:Snechameleon","floor":75,"turns":1},{"damage":0,"enemies":"conspire:SneckoGhost","floor":76,"turns":1},{"damage":0,"enemies":"Book of Stabbing","floor":77,"turns":1},{"damage":0,"enemies":"Snecko","floor":80,"turns":1},{"damage":0,"enemies":"Colosseum Slavers","floor":82,"turns":1},{"damage":0,"enemies":"Colosseum Nobs","floor":82,"turns":1},{"damage":0,"enemies":"Champ","floor":84,"turns":1},{"damage":0,"enemies":"Orb Walker","floor":86,"turns":1},{"damage":0,"enemies":"2 Orb Walkers","floor":90,"turns":1},{"damage":0,"enemies":"R_Hoarder","floor":91,"turns":1},{"damage":0,"enemies":"Reptomancer","floor":92,"turns":1},{"damage":0,"enemies":"R_Hoarder","floor":93,"turns":1},{"damage":0,"enemies":"Giant Head","floor":94,"turns":2},{"damage":0,"enemies":"3 Shapes","floor":99,"turns":1},{"damage":0,"enemies":"conspire:OrnateMirror","floor":101,"turns":1},{"damage":0,"enemies":"conspire:OrnateMirror","floor":103,"turns":2},{"damage":0,"enemies":"conspire:OrnateMirror","floor":104,"turns":1},{"damage":0,"enemies":"conspire:OrnateMirror","floor":108,"turns":3},{"damage":0,"enemies":"paleoftheancients:N","floor":112,"turns":2}],"seed_played":"-1402460266391581493","potions_obtained":[{"floor":4.0,"key":"EntropicBrew"},{"floor":10.0,"key":"Toxic Potion"},{"floor":11.0,"key":"Cursed Concoction"},{"floor":12.0,"key":"Weak Potion"},{"floor":16.0,"key":"Venom Potion"},{"floor":18.0,"key":"AttackPotion"},{"floor":19.0,"key":"Strength Potion"},{"floor":23.0,"key":"Fire Potion"},{"floor":33.0,"key":"Weak Potion"},{"floor":38,"key":"Swift Potion"},{"floor":39,"key":"AttackPotion"},{"floor":40,"key":"Ancient Potion"},{"floor":42,"key":"Swift Potion"},{"floor":45,"key":"Strength Potion"},{"floor":48,"key":"CultistPotion"},{"floor":50,"key":"Languid Potion"},{"floor":54,"key":"LiquidMemories"},{"floor":58,"key":"SteroidPotion"},{"floor":58,"key":"LifebloodPotion"},{"floor":59,"key":"BottledSpark"},{"floor":59,"key":"Adrenaline Potion"},{"floor":62,"key":"Venom Potion"},{"floor":64,"key":"AttackPotion"},{"floor":64,"key":"SteroidPotion"},{"floor":64,"key":"Dexterity Potion"},{"floor":67,"key":"PowerPotion"},{"floor":69,"key":"Doom Potion"},{"floor":70,"key":"GamblersBrew"},{"floor":75,"key":"Swift Potion"},{"floor":80,"key":"PowerPotion"},{"floor":82,"key":"Venom Potion"},{"floor":86,"key":"DistilledChaos"},{"floor":94,"key":"BottledSpark"},{"floor":99,"key":"AttackPotion"},{"floor":105,"key":"Adrenaline Potion"},{"floor":105,"key":"conspire:TimeTravelPotion"},{"floor":105,"key":"LifebloodPotion"}],"is_trial":true,"path_per_floor":["M","M","M","M","M","E","R","E","T","E","?","E","R","M","R","B",null,"M","M","M","M","M","E","E","?","T","E","E","R","E","M","R","B",null,"M","?","$","M","M","E","E","E","T","R","M","$","R","M","R","B",null,"M","M","M","$","?","R","E","E","T","R","E","$","E","?","R","B",null,"M","?","$","?","M","E","E","E","E","R","R","M","$","?","R","B",null,"M","$","$","?","?","E","E","E","E","?","R","$","?","M","R","B",null,"M","M","?","$","R","M","R","$","?","B",null],"character_chosen":"MARISA","items_purchased":["MerchantsRug","vexMod:PlasmaPancake","AttackPotion","Pen Nib","Orrery","Finesse","AttackPotion","vexMod:TimeEaterHat","Grinning Jar","SkillPotion","WitchOfGreed","PropBag","EnergyFlow+1","Guide Book","Juzu Bracelet","Lizard Tail","Blood Vial","Ginger","Sling","Toy Ornithopter","HandDrill","vexMod:FocusSash","aspiration:FrozenJewel","vexMod:InvisibilityCloak","Lee\u0027s Waffle","Gremlin Food","OortCloud","Replay:Bandana","Akabeko","aspiration:Nostalgia","Replay:WaspNest","Medical Kit","Regal Pillow","Vajra","TungstenRod","Membership Card","Orichalcum","ReplayTheSpireMod:Lightbulb"],"campfire_rested":0,"item_purchase_floors":[37,37,37,37,37,37,37,46,46,46,46,55,55,55,55,55,63,71,71,71,81,81,81,87,87,87,87,88,88,88,97,97,97,106,106,110,110,110],"current_hp_per_floor":[75,72,60,57,57,55,55,55,55,61,61,52,52,52,52,30,81,74,74,74,74,74,74,74,74,74,70,70,70,70,70,70,42,81,81,81,87,87,87,87,87,68,68,68,68,83,83,83,83,87,87,87,87,87,87,80,80,82,84,84,84,88,95,94,99,99,101,101,101,63,78,78,80,91,97,103,109,109,109,111,119,121,123,125,125,125,136,136,136,138,142,153,157,161,163,163,163,163,163,163,165,165,165,165,165,165,165,165,165,165,165,167,167,167],"gold":5366,"neow_bonus":"","is_daily":false,"chose_seed":false,"campfire_upgraded":17,"win_rate":0.0,"timestamp":1610289208,"path_taken":["M","M","M","M","M","E","R","E","T","E","?","E","R","M","R","BOSS","M","M","M","M","M","E","E","?","T","E","E","R","E","M","R","BOSS","M","?","$","M","M","E","E","E","T","R","M","$","R","M","R","BOSS","M","M","M","$","?","R","E","E","T","R","E","$","E","?","R","BOSS","M","?","$","?","M","E","E","E","E","R","R","M","$","?","R","BOSS","M","$","$","?","?","E","E","E","E","?","R","$","?","M","R","BOSS","M","M","?","$","R","M","R","$","?","BOSS"],"items_purchased_type":["Relic","Relic","Potion","Relic","Relic","Card","Potion","Relic","Relic","Potion","Card","Card","Card","Relic","Relic","Relic","Relic","Relic","Relic","Relic","Relic","Relic","Relic","Relic","Relic","Relic","Card","Relic","Relic","Relic","Relic","Relic","Relic","Relic","Relic","Relic","Relic","Relic"],"build_version":"2020-12-22","purchased_purges":5,"victory":false,"max_hp_per_floor":[75,75,75,75,75,75,75,75,75,81,81,81,81,81,81,81,81,81,81,81,81,81,81,81,81,81,81,81,81,81,81,81,81,81,81,81,87,87,87,87,87,87,87,87,87,87,87,87,87,87,87,87,87,87,87,87,87,89,91,91,91,95,95,99,99,99,101,101,101,103,103,103,103,107,111,115,119,119,119,119,119,121,123,125,125,125,136,136,136,138,142,153,157,161,163,163,163,163,163,163,165,165,165,165,165,165,165,165,165,165,165,167,167,167],"card_choices":[{"not_picked":["Acceleration","WitchLeyline"],"picked":"NonDirectionalLaser","floor":0.0},{"not_picked":["MysteriousBeam","WitchLeyline"],"picked":"MagicAbsorber","floor":0.0},{"not_picked":["SporeBomb","DC"],"picked":"AsteroidBelt","floor":0.0},{"not_picked":["IllusionStar","Acceleration"],"picked":"MachineGunSpark","floor":0.0},{"not_picked":["IllusionStar","PowerUp"],"picked":"Singularity","floor":0.0},{"not_picked":["MilkyWay","6A"],"picked":"Acceleration","floor":0.0},{"not_picked":["PowerUp","DC"],"picked":"NonDirectionalLaser","floor":0.0},{"not_picked":["SprinkleStarSeal","OortCloud"],"picked":"EnergyFlow","floor":0.0},{"not_picked":["SporeBomb","MachineGunSpark"],"picked":"NonDirectionalLaser","floor":0.0},{"not_picked":["Occultation","PowerUp"],"picked":"ShootTheMoon","floor":0.0},{"not_picked":["IllusionStar","PropBag"],"picked":"DoubleSpark","floor":0.0},{"not_picked":["DarkSpark","DragonMeteor"],"picked":"PowerUp","floor":0.0},{"not_picked":["LuminesStrike","MysteriousBeam"],"picked":"StarlightTyphoon","floor":0.0},{"not_picked":["GalacticHalo","MagicAbsorber"],"picked":"DeepEcoloBomb","floor":0.0},{"not_picked":["Acceleration","SporeBomb"],"picked":"DarkMatter","floor":0.0},{"not_picked":["FinalSpark+1","AsteroidBelt","PowerUp"],"picked":"SKIP","floor":6.0},{"not_picked":["WitchOfGreed","UnstableBomb+1"],"picked":"Robbery+1","floor":8.0},{"not_picked":["WitchLeyline+1","MilkyWay","MeteoricShower+1"],"picked":"SKIP","floor":10.0},{"not_picked":["DC+1","BinaryStars"],"picked":"DoubleSpark+1","floor":12.0},{"not_picked":["SuperNova","StarDustReverie"],"picked":"TreasureHunter+1","floor":16.0},{"not_picked":["MaximisePower","JA","FinalSpark"],"picked":"SKIP","floor":23.0},{"not_picked":["WitchLeyline+1","OpenUniverse+1","Acceleration"],"picked":"SKIP","floor":23.0},{"not_picked":["TreasureHunter","BlazingStar"],"picked":"CasketOfStar","floor":24.0},{"not_picked":["DarkSpark+1","LuminesStrike+1","GrandCross+1"],"picked":"SKIP","floor":24.0},{"not_picked":["AbsoluteMagnitude","StarDustReverie"],"picked":"MillisecondPulsars","floor":27.0},{"not_picked":["NonDirectionalLaser+1","DC+1"],"picked":"UltimateShortwave","floor":27.0},{"not_picked":["SuperNova","BinaryStars"],"picked":"CasketOfStar","floor":28.0},{"not_picked":["SuperNova","StarBarrage+1","AsteroidBelt+1"],"picked":"SKIP","floor":28.0},{"not_picked":["DoubleSpark+1","Occultation"],"picked":"GalacticHalo+1","floor":30.0},{"not_picked":["ManaRampage","UltimateShortwave","SuperNova"],"picked":"SKIP","floor":30.0},{"not_picked":["ShootingEcho+1","MilkyWay"],"picked":"FairyDestructionRay+1","floor":37},{"not_picked":["DarkSpark+1","MilkyWay+1"],"picked":"6A+1","floor":37},{"not_picked":["SuperNova","DeepEcoloBomb+1"],"picked":"Acceleration","floor":40},{"not_picked":["CasketOfStar","ManaRampage","JA"],"picked":"SKIP","floor":40},{"not_picked":["PowerUp+1","SatelliteIllusion"],"picked":"NonDirectionalLaser+1","floor":41},{"not_picked":["BlazingStar","CasketOfStar","MaximisePower"],"picked":"SKIP","floor":41},{"not_picked":["SporeBomb+1","FairyDestructionRay+1"],"picked":"Robbery+1","floor":42},{"not_picked":["ManaRampage","SatelliteIllusion"],"picked":"TreasureHunter","floor":42},{"not_picked":["UltimateShortwave","StarDustReverie"],"picked":"CollectingQuirk+1","floor":50},{"not_picked":["SuperNova","JA","ManaRampage"],"picked":"Singing Bowl","floor":58},{"not_picked":["RefractionSpark+1","NonDirectionalLaser+1"],"picked":"CollectingQuirk+1","floor":58},{"not_picked":["MysteriousBeam+1","MagicAbsorber","OpenUniverse"],"picked":"Singing Bowl","floor":59},{"not_picked":["SuperNova","MillisecondPulsars"],"picked":"CollectingQuirk","floor":59},{"not_picked":["NonDirectionalLaser+1","MilkyWay","EnergyRecoil"],"picked":"Singing Bowl","floor":62},{"not_picked":["StarDustReverie","MaximisePower","TreasureHunter"],"picked":"Singing Bowl","floor":62},{"not_picked":["SporeBomb","PowerUp","DoubleSpark+1"],"picked":"Singing Bowl","floor":64},{"not_picked":["BinaryStars","MillisecondPulsars","MaximisePower"],"picked":"Singing Bowl","floor":64},{"not_picked":["EscapeVelocity","MaximisePower","AbsoluteMagnitude+1"],"picked":"Singing Bowl","floor":67},{"not_picked":["DarkSpark+1","MeteoricShower+1","UnstableBomb+1"],"picked":"Singing Bowl","floor":70},{"not_picked":["EscapeVelocity","MillisecondPulsars"],"picked":"TreasureHunter","floor":74},{"not_picked":["TreasureHunter+1","EnergyRecoil+1"],"picked":"EarthLightRay","floor":74},{"not_picked":["CasketOfStar","SuperNova","MaximisePower"],"picked":"Singing Bowl","floor":75},{"not_picked":["AlicesGift+1","DragonMeteor+1"],"picked":"EnergyFlow","floor":75},{"not_picked":["JA","MaximisePower","BigCrunch"],"picked":"Singing Bowl","floor":76},{"not_picked":["IllusionStar","StarBarrage+1","MysteriousBeam+1"],"picked":"Singing Bowl","floor":76},{"not_picked":["BinaryStars","CasketOfStar","BigCrunch"],"picked":"Singing Bowl","floor":77},{"not_picked":["NonDirectionalLaser+1","ChargeUpSpray+1"],"picked":"BlazeAway+1","floor":77},{"not_picked":["IllusionStar","MeteoricShower+1","GalacticHalo+1"],"picked":"Singing Bowl","floor":82},{"not_picked":["SuperPerseids","DC+1","Acceleration"],"picked":"Singing Bowl","floor":83},{"not_picked":["AbsoluteMagnitude+1","UltimateShortwave","MaximisePower"],"picked":"Singing Bowl","floor":84},{"not_picked":["CutThroughFate+1","Occultation","Sanctity+1"],"picked":"Singing Bowl","floor":90},{"not_picked":["StarDustReverie","MillisecondPulsars","BlazingStar"],"picked":"Singing Bowl","floor":91},{"not_picked":["MilkyWay","CutThroughFate+1","ShootingEcho+1"],"picked":"Singing Bowl","floor":91},{"not_picked":["MillisecondPulsars","SatelliteIllusion","AbsoluteMagnitude"],"picked":"Singing Bowl","floor":92},{"not_picked":["FairyDestructionRay+1","JustLucky+1","NonDirectionalLaser+1"],"picked":"Singing Bowl","floor":92},{"not_picked":["CasketOfStar","StarDustReverie","AbsoluteMagnitude"],"picked":"Singing Bowl","floor":93},{"not_picked":["ChargeUpSpray+1","Dagger Throw+1","MilkyWay+1"],"picked":"Singing Bowl","floor":93},{"not_picked":["TreasureHunter","MaximisePower","MillisecondPulsars"],"picked":"Singing Bowl","floor":94},{"not_picked":["Acrobatics+1","JA+1","Flying Knee+1"],"picked":"Singing Bowl","floor":94},{"not_picked":["Good Instincts","Blind","PanicButton"],"picked":"Singing Bowl","floor":95},{"not_picked":["BlazingStar+1","AbsoluteMagnitude+1","CasketOfStar"],"picked":"Singing Bowl","floor":101},{"not_picked":["TreasureHunter+1","BlazingStar+1","MaximisePower","AbsoluteMagnitude+1"],"picked":"Singing Bowl","floor":112}],"player_experience":452015,"relics_obtained":[{"floor":1.0,"key":"Molten Egg 2"},{"floor":2.0,"key":"HandmadeGrimoire"},{"floor":3.0,"key":"Gremlin Horn"},{"floor":4.0,"key":"Replay:Kaleidoscope"},{"floor":5.0,"key":"vexMod:MemoryStick"},{"floor":6.0,"key":"Centennial Puzzle"},{"floor":8.0,"key":"ReplayFunnel"},{"floor":9.0,"key":"aspiration:Lifesprig"},{"floor":10.0,"key":"vexMod:BerryBomb"},{"floor":12.0,"key":"Matryoshka"},{"floor":14.0,"key":"aspiration:HatOfInfinitePower"},{"floor":18.0,"key":"CeramicFish"},{"floor":19.0,"key":"vexMod:RedPlottingStone"},{"floor":20.0,"key":"vexMod:HeadHunter"},{"floor":21.0,"key":"Ancient Tea Set"},{"floor":22.0,"key":"Anchor"},{"floor":23.0,"key":"Happy Flower"},{"floor":23.0,"key":"Bottled Flame"},{"floor":24.0,"key":"Replay:Mystery Machine"},{"floor":24.0,"key":"Smiling Mask"},{"floor":26.0,"key":"Tiny Chest"},{"floor":26.0,"key":"Chameleon Ring"},{"floor":27.0,"key":"Art of War"},{"floor":28.0,"key":"Replay:Accelerometer"},{"floor":28.0,"key":"Blue Doll"},{"floor":30.0,"key":"Garlic"},{"floor":30.0,"key":"MawBank"},{"floor":31.0,"key":"War Paint"},{"floor":35.0,"key":"Boot"},{"floor":38,"key":"Prayer Wheel"},{"floor":39,"key":"Omamori"},{"floor":40,"key":"Bag of Marbles"},{"floor":40,"key":"vexMod:BarristanHead"},{"floor":41,"key":"Bottled Tornado"},{"floor":42,"key":"ReplayTheSpireMod:Shallot"},{"floor":42,"key":"Singing Bowl"},{"floor":43,"key":"Potion Belt"},{"floor":43,"key":"Pantograph"},{"floor":45,"key":"MealTicket"},{"floor":48,"key":"Blue Candle"},{"floor":52,"key":"Lantern"},{"floor":53,"key":"conspire:GlowingRock"},{"floor":54,"key":"conspire:DecoderRing"},{"floor":58,"key":"ShroomBag"},{"floor":59,"key":"Dream Catcher"},{"floor":60,"key":"Oddly Smooth Stone"},{"floor":62,"key":"conspire:TopHat"},{"floor":64,"key":"aspiration:ChemicalBlood"},{"floor":67,"key":"vexMod:CardConverter"},{"floor":69,"key":"Pet Ghost"},{"floor":70,"key":"conspire:Dentures"},{"floor":73,"key":"aspiration:HiddenCompartment"},{"floor":75,"key":"Bag of Preparation"},{"floor":76,"key":"PreservedInsect"},{"floor":80,"key":"Bronze Scales"},{"floor":82,"key":"conspire:InfiniteJournal"},{"floor":82,"key":"Golden Egg"},{"floor":82,"key":"ReplayTheSpireMod:TigerMarble"},{"floor":86,"key":"Counterbalance"},{"floor":90,"key":"Replay:Towering Pillar of Hats"},{"floor":91,"key":"Divine Protection"},{"floor":92,"key":"Strawberry"},{"floor":93,"key":"Nunchaku"},{"floor":94,"key":"Whetstone"},{"floor":99,"key":"Ornamental Fan"},{"floor":103,"key":"conspire:Boomerang"},{"floor":103,"key":"paleoftheancients:SoulOfTheWokeBloke"},{"floor":104,"key":"Question Card"},{"floor":104,"key":"paleoftheancients:SoulOfTheWatcher"},{"floor":108,"key":"BreadOfAWashokuLover"},{"floor":108,"key":"paleoftheancients:SoulOfTheShrineMaiden"}],"event_choices":[{"damage_healed":0.0,"max_hp_gain":0.0,"max_hp_loss":0.0,"gold_gain":0.0,"event_name":"conspire:Investor","player_choice":"Leave","floor":25.0,"gold_loss":0.0,"damage_taken":0.0},{"damage_healed":0.0,"max_hp_gain":0.0,"max_hp_loss":0.0,"gold_gain":0.0,"event_name":"Tomb of Lord Red Mask","player_choice":"Ignored","floor":36.0,"gold_loss":0.0,"damage_taken":0.0},{"cards_removed":["PropBag"],"damage_healed":0,"gold_gain":0,"player_choice":"Card Removal","damage_taken":7,"max_hp_gain":0,"max_hp_loss":0,"event_name":"Golden Wing","floor":56,"gold_loss":0},{"damage_healed":24,"gold_gain":0,"player_choice":"Healed","damage_taken":0,"max_hp_gain":0,"max_hp_loss":0,"event_name":"The Cleric","floor":65,"gold_loss":35},{"damage_healed":0,"gold_gain":0,"player_choice":"Inject Mutagens","damage_taken":0,"relics_obtained":["MutagenicStrength"],"max_hp_gain":0,"max_hp_loss":0,"event_name":"Drug Dealer","floor":72,"gold_loss":0},{"damage_healed":0,"gold_gain":0,"player_choice":"Fight","damage_taken":0,"max_hp_gain":0,"max_hp_loss":0,"event_name":"Colosseum","floor":82,"gold_loss":0},{"damage_healed":0,"gold_gain":0,"player_choice":"Fought Nobs","damage_taken":0,"max_hp_gain":0,"max_hp_loss":0,"event_name":"Colosseum","floor":82,"gold_loss":0},{"damage_healed":0,"gold_gain":0,"player_choice":"Ignored","damage_taken":0,"max_hp_gain":0,"max_hp_loss":0,"event_name":"Tomb of Lord Red Mask","floor":89,"gold_loss":0},{"damage_healed":0,"gold_gain":0,"player_choice":"Fight","damage_taken":0,"max_hp_gain":0,"max_hp_loss":0,"event_name":"Mysterious Sphere","floor":90,"gold_loss":0},{"damage_healed":0,"gold_gain":0,"player_choice":"Memory 1","damage_taken":0,"max_hp_gain":0,"max_hp_loss":0,"event_name":"SensoryStone","floor":95,"gold_loss":0},{"cards_removed":["MachineGunSpark"],"damage_healed":0,"gold_gain":0,"player_choice":"Offered Uncommon","damage_taken":0,"max_hp_gain":0,"max_hp_loss":0,"event_name":"Bonfire Elementals","floor":98,"gold_loss":0},{"damage_healed":0,"gold_gain":0,"player_choice":"Bought 3 Potions","damage_taken":0,"max_hp_gain":0,"max_hp_loss":0,"event_name":"The Woman in Blue","floor":105,"gold_loss":0}],"is_beta":false,"boss_relics":[{"not_picked":["BewitchedHakkero","Replay:Ancient Bell"],"picked":"Replay:Grab Bag"},{"not_picked":["vexMod:RockOfEvil","vexMod:EndlessSickness"],"picked":"ChewingGum"},{"not_picked":["Busted Crown","Fusion Hammer"],"picked":"Philosopher\u0027s Stone"},{"not_picked":["Astrolabe","Empty Cage"],"picked":"aspiration:RunicSpoon"},{"not_picked":["conspire:SeveredTorchhead","aspiration:FutureDiary"],"picked":"conspire:SlowCooker"},{"not_picked":["ReplayTheSpireMod:DimensionalGlitch","Snecko Heart"],"picked":"Replay:Bronze Core"},{"not_picked":["Black Star","Replay:Ancient Bell"],"picked":"RampagingMagicTools"},{"not_picked":["Painkiller Herb","Ring of Chaos"],"picked":"SlaversCollar"},{"not_picked":["aspiration:FutureDiary","Replay:Drink Me"],"picked":"Coffee Dripper"},{"not_picked":["Empty Cage","Sozu"],"picked":"BewitchedHakkero"}],"items_purged_floors":[37,55,81,87,88],"is_endless":true,"potions_floor_spawned":[4,10,12,16,18,19,23,33,38,39,40,42,48,50,52,58,59,67,69,75,80,82,86,94,99,112],"ascension_level":1}}