{"host":"h8izngm1rsk9a7df","time":1610250724,"event":{"mods":["AchievementEnabler","BaseMod","Colored Map","Colored Powertips","DeckTracker","Downfall","Hubris","Minty Spire (QoL Compilation)","Relic Sorter","StSLib","The Bug Knight","The Disciple","The Necromancer"],"gold_per_floor":[99,99,99,99,99,24,50,70,84,94,112,37,48,62,82,179,179,179,198,215,228,228,260,260,273,273,291,302,302,302,31,13,113,113,113,133,143,155,175,190,190,201,201,201,201],"floor_reached":43,"playtime":11388,"items_purged":[],"score":425,"play_id":"b96bcb65-9501-47ef-ab95-eeba9621c0d0","local_time":"20210109195204","is_ascension_mode":false,"campfire_choices":[{"floor":1,"key":"RECALL"},{"data":"Guardian:TwinSlam","floor":6,"key":"SMITH"},{"data":"Guardian:DonusPower","floor":12,"key":"SMITH"},{"data":"Guardian:StasisStrike","floor":18,"key":"SMITH"},{"floor":26,"key":"REST"},{"floor":30,"key":"REST"},{"data":"Guardian:PrismaticBarrier","floor":35,"key":"SMITH"}],"circlet_count":0,"master_deck":["Guardian:Strike_Guardian","Guardian:Strike_Guardian","Guardian:Strike_Guardian","Guardian:Strike_Guardian","Guardian:Defend_Guardian","Guardian:Defend_Guardian","Guardian:Defend_Guardian","Guardian:CurlUp","Guardian:TwinSlam+1","Guardian:RollAttack","Guardian:DonusPower+1","Guardian:Planning","Guardian:MultiBeam","Guardian:PiercingHide","Guardian:PrismaticBarrier+1","Guardian:StasisStrike+1","CurseOfTheBell","Guardian:Clone+1","Guardian:SentryBeam","Guardian:PrismaticBeam","Guardian:CrystalBeam+1","Guardian:Repulse+1","Guardian:RefractedBeam","Guardian:EvasiveProtocol","Guardian:PrimingBeam","Guardian:ShieldCharger+1","Guardian:ChargeUp+1","Guardian:WalkerClaw+1","Guardian:Incinerate","Guardian:CrystalBeam+1"],"relics":["Guardian:ModeShifter","hubris:Icosahedron","downfall:HeartsMalice","downfall:HeartBlessingRed","downfall:HeartBlessingBlue","Calling Bell","Nunchaku","Toxic Egg 2","hubris:CuriousFeather","Orichalcum","hubris:Spice","hubris:BottledRain"],"acts_visited":["Exordium","TheCity","TheBeyond"],"potions_floor_usage":[23,27,33,37,38,42,43,43,43],"damage_taken":[{"damage":0,"enemies":"Cultist","floor":2,"turns":1},{"damage":0,"enemies":"2 Louse","floor":3,"turns":1},{"damage":0,"enemies":"Small Slimes","floor":5,"turns":1},{"damage":7,"enemies":"Blue Slaver","floor":8,"turns":3},{"damage":0,"enemies":"3 Louse","floor":9,"turns":3},{"damage":5,"enemies":"2 Fungi Beasts","floor":10,"turns":3},{"damage":0,"enemies":"Large Slime","floor":11,"turns":3},{"damage":0,"enemies":"3 Louse","floor":13,"turns":2},{"damage":7,"enemies":"2 Fungi Beasts","floor":14,"turns":3},{"damage":0,"enemies":"3 Louse","floor":15,"turns":2},{"damage":17,"enemies":"downfall:Ironclad","floor":16,"turns":8},{"damage":12,"enemies":"3 Byrds","floor":19,"turns":3},{"damage":4,"enemies":"Spheric Guardian","floor":20,"turns":3},{"damage":13,"enemies":"3 Cultists","floor":21,"turns":4},{"damage":43,"enemies":"Book of Stabbing","floor":23,"turns":7},{"damage":0,"enemies":"Snecko","floor":25,"turns":4},{"damage":11,"enemies":"Snake Plant","floor":27,"turns":4},{"damage":8,"enemies":"3 Cultists","floor":28,"turns":3},{"damage":0,"enemies":"downfall:FleeingMerchant","floor":31,"turns":4},{"damage":29,"enemies":"Cultist and Chosen","floor":32,"turns":5},{"damage":19,"enemies":"downfall:Silent","floor":33,"turns":6},{"damage":16,"enemies":"Orb Walker","floor":36,"turns":4},{"damage":13,"enemies":"3 Darklings","floor":37,"turns":3},{"damage":33,"enemies":"Transient","floor":38,"turns":5},{"damage":19,"enemies":"Jaw Worm Horde","floor":39,"turns":4},{"damage":14,"enemies":"Sphere and 2 Shapes","floor":40,"turns":5},{"damage":3,"enemies":"Maw","floor":42,"turns":7},{"damage":12,"enemies":"Writhing Mass","floor":43,"turns":2}],"seed_played":"-8720615308273561420","potions_obtained":[{"floor":8,"key":"sneckomod:MuddlingPotion"},{"floor":9,"key":"SkillPotion"},{"floor":10,"key":"DistilledChaos"},{"floor":14,"key":"Slimebound:ThreeZeroPotion"},{"floor":25,"key":"EssenceOfSteel"},{"floor":27,"key":"Guardian:BlockOnCardUsePotion"},{"floor":28,"key":"AttackPotion"},{"floor":33,"key":"Dexterity Potion"},{"floor":37,"key":"Block Potion"},{"floor":39,"key":"Strength Potion"},{"floor":42,"key":"Explosive Potion"}],"is_trial":false,"path_per_floor":["R","M","M","?","M","R","T","M","M","M","M","R","M","M","M","B",null,"R","M","M","M","?","E","T","M","R","M","M","?","R","$","M","B",null,"R","M","M","M","M","M","T","M","M"],"character_chosen":"GUARDIAN","items_purchased":["Guardian:Gem_Cyan","Guardian:Gem_Lightblue","Guardian:RefractedBeam","Guardian:EvasiveProtocol","Guardian:PrimingBeam"],"campfire_rested":2,"item_purchase_floors":[31,31,31,31,31],"current_hp_per_floor":[80,80,80,74,74,74,74,67,67,62,62,72,72,65,65,48,90,90,78,74,61,61,18,26,26,55,44,36,36,65,65,36,17,106,106,90,77,44,25,11,11,8,0,0,0],"gold":201,"neow_bonus":"THREE_ENEMY_KILL","is_daily":false,"chose_seed":false,"campfire_upgraded":4,"win_rate":0.0,"timestamp":1610250724,"path_taken":["R","M","M","?","M","R","T","M","M","M","M","R","M","M","M","BOSS","R","M","M","M","?","E","T","M","R","M","M","?","R","$","M","BOSS","R","M","M","M","M","M","T","M","M"],"items_purchased_type":["Card","Card","Card","Card","Card"],"build_version":"2020-12-22","purchased_purges":0,"victory":false,"max_hp_per_floor":[80,80,80,80,80,80,80,80,80,80,80,90,90,90,90,90,90,90,90,90,90,90,90,98,98,98,98,98,98,98,98,98,98,106,106,106,106,106,98,98,98,90,90,90,90],"card_choices":[{"not_picked":["Guardian:TemporalShield","Guardian:CrystalBeam"],"picked":"Guardian:Gem_Red","floor":2},{"not_picked":["Guardian:TemporalShield","Guardian:Suspension"],"picked":"Guardian:Gem_Green","floor":3},{"not_picked":["Guardian:Incinerate","Guardian:Planning"],"picked":"Guardian:VentSteam","floor":5},{"not_picked":["Guardian:Gem_Cyan","Guardian:Gem_Red"],"picked":"Guardian:RollAttack","floor":8},{"not_picked":["Guardian:Suspension","Guardian:VentSteam"],"picked":"Guardian:DonusPower","floor":9},{"not_picked":["Guardian:TemporalStrike","Guardian:PrimingBeam"],"picked":"Guardian:Gem_Synthetic","floor":10},{"not_picked":["Guardian:PolyBeam","Guardian:VentSteam"],"picked":"Guardian:Planning","floor":11},{"not_picked":["Guardian:Gem_Cyan","Guardian:Gem_Purple"],"picked":"Guardian:MultiBeam","floor":13},{"not_picked":["Guardian:GuardianWhirl","Guardian:FloatingOrbs"],"picked":"Guardian:PiercingHide","floor":14},{"not_picked":["Guardian:WalkerClaw","Guardian:Suspension"],"picked":"Guardian:PrismaticBarrier","floor":15},{"not_picked":["Guardian:ExploitGems","Guardian:RevengeProtocol"],"picked":"Guardian:StasisStrike","floor":16},{"not_picked":["Guardian:WalkerClaw","Guardian:TimeCapacitor+1"],"picked":"Guardian:Clone+1","floor":19},{"not_picked":["Guardian:PrimingBeam","Guardian:Planning+1"],"picked":"Guardian:SentryBeam","floor":20},{"not_picked":["Guardian:PrimingBeam","Guardian:Clone+1"],"picked":"Guardian:PrismaticBeam","floor":21},{"not_picked":["Guardian:Gem_Green","Guardian:Recover+1"],"picked":"Guardian:CrystalBeam+1","floor":23},{"not_picked":["Guardian:Emergency+1","Guardian:Planning+1"],"picked":"Guardian:Gem_Red","floor":25},{"not_picked":["Guardian:Reroute","Guardian:ChargeCore+1"],"picked":"Guardian:Repulse+1","floor":27},{"not_picked":["Guardian:RollAttack","Guardian:Preprogram+1"],"picked":"Guardian:Gem_Crimson","floor":28},{"not_picked":["Guardian:EvasiveProtocol","Guardian:AncientConstruct"],"picked":"Guardian:Gem_Crimson","floor":31},{"not_picked":["Guardian:PrimingBeam","Guardian:ChargeUp+1"],"picked":"Guardian:ShieldCharger+1","floor":32},{"not_picked":["Guardian:BaubleBeam","Guardian:StasisField+1"],"picked":"Guardian:Gem_Orange","floor":33},{"not_picked":["Guardian:Gem_Green","Guardian:PrimingBeam+1"],"picked":"Guardian:ChargeUp+1","floor":36},{"not_picked":["Guardian:BronzeOrb","Guardian:BronzeArmor+1"],"picked":"Guardian:WalkerClaw+1","floor":37},{"not_picked":["Guardian:PrimingBeam+1","Guardian:DecasProtection+1"],"picked":"Guardian:Incinerate","floor":38},{"not_picked":["Guardian:WalkerClaw","Guardian:Gem_White"],"picked":"hubris:SpiceAddiction","floor":39},{"not_picked":["Guardian:PrismaticBeam","Guardian:Reroute+1"],"picked":"Guardian:CrystalBeam+1","floor":40},{"not_picked":["Guardian:Gem_Cyan","Guardian:GuardianWhirl"],"picked":"hubris:SpiceAddiction","floor":42}],"player_experience":99473,"relics_obtained":[{"floor":17,"key":"Nunchaku"},{"floor":17,"key":"Toxic Egg 2"},{"floor":17,"key":"hubris:CuriousFeather"},{"floor":23,"key":"Orichalcum"},{"floor":24,"key":"hubris:Spice"},{"floor":41,"key":"hubris:BottledRain"}],"event_choices":[],"is_beta":false,"boss_relics":[{"not_picked":["downfall:Hecktoplasm","Black Star"],"picked":"Calling Bell"},{"not_picked":["hubris:HollowSoul","Empty Cage"],"picked":"hubris:Spice"}],"items_purged_floors":[],"is_endless":false,"potions_floor_spawned":[8,9,10,14,16,20,25,27,28,33,37,39,42],"killed_by":"Writhing Mass","ascension_level":0}}