{"host":"mcdusr64esz012l0","time":1610262692,"event":{"mods":["BaseMod","Minty Spire (QoL Compilation)","Relic Stats"],"gold_per_floor":[115,115,115,7,7,32,32,32,59,134,170,170,185,205,205,205,205],"floor_reached":16,"playtime":361,"items_purged":[],"score":312,"play_id":"fc4b95da-2802-4a6f-a10a-450abb13de6d","local_time":"20210110021132","is_ascension_mode":true,"campfire_choices":[{"data":"Wallop","floor":12,"key":"SMITH"},{"data":"CrushJoints","floor":15,"key":"SMITH"}],"circlet_count":0,"master_deck":["AscendersBane","Strike_P","Strike_P","Strike_P","Defend_P","Defend_P","Defend_P","Defend_P","Eruption","Vigilance","EmptyFist","Protect+1","CrushJoints+1","Wallop+1","Consecrate","FlurryOfBlows"],"relics":["PureWater","NeowsBlessing","Toxic Egg 2","Yang","Golden Idol","Toy Ornithopter","Vajra"],"acts_visited":["Exordium"],"potions_floor_usage":[16],"damage_taken":[{"damage":0,"enemies":"2 Louse","floor":1,"turns":1},{"damage":0,"enemies":"3 Sentries","floor":6,"turns":2},{"damage":0,"enemies":"Gremlin Nob","floor":11,"turns":1},{"damage":7,"enemies":"Jaw Worm","floor":13,"turns":4},{"damage":0,"enemies":"Small Slimes","floor":14,"turns":2},{"damage":37,"enemies":"Hexaghost","floor":16,"turns":11}],"seed_played":"4354483314854930179","potions_obtained":[{"floor":13,"key":"Dexterity Potion"}],"is_trial":false,"path_per_floor":["M","$","?","$","?","E","?","?","T","?","E","R","M","M","R","B"],"character_chosen":"WATCHER","items_purchased":["Protect+1","CrushJoints"],"campfire_rested":0,"item_purchase_floors":[4,4],"current_hp_per_floor":[61,61,43,43,36,36,36,56,56,45,45,45,38,38,38,6,6],"gold":205,"neow_bonus":"THREE_ENEMY_KILL","is_daily":false,"chose_seed":false,"campfire_upgraded":2,"win_rate":0.0,"timestamp":1610262692,"path_taken":["M","$","?","$","?","E","?","?","T","?","E","R","?","M","R","BOSS"],"items_purchased_type":["Card","Card"],"build_version":"2020-12-22","purchased_purges":0,"victory":false,"max_hp_per_floor":[68,68,68,68,68,68,62,62,62,62,62,62,62,62,62,62,62],"relic_stats":{"counters":[6,21],"Golden Idol":14,"Yang":[35],"obtain_stats":[{"NeowsBlessing":0,"Golden Idol":7,"Vajra":11,"Yang":6,"PureWater":0,"Toxic Egg 2":3,"Toy Ornithopter":9},{"NeowsBlessing":0,"Golden Idol":2,"Vajra":3,"Yang":2,"PureWater":0,"Toxic Egg 2":1,"Toy Ornithopter":2},{"NeowsBlessing":0,"Golden Idol":3,"Vajra":4,"Yang":3,"PureWater":0,"Toxic Egg 2":1,"Toy Ornithopter":3}],"Toy Ornithopter":5},"card_choices":[{"not_picked":["Study","Prostrate"],"picked":"EmptyFist","floor":1},{"not_picked":["Perseverance+1","FollowUp"],"picked":"Wallop","floor":6},{"not_picked":["EmptyFist","EmptyBody+1"],"picked":"Consecrate","floor":11},{"not_picked":["BowlingBash","Prostrate+1"],"picked":"FlurryOfBlows","floor":13},{"not_picked":["Vengeance+1","Adaptation","CutThroughFate"],"picked":"SKIP","floor":14}],"player_experience":1040042,"relics_obtained":[{"floor":6,"key":"Yang"},{"floor":9,"key":"Toy Ornithopter"},{"floor":11,"key":"Vajra"}],"event_choices":[{"damage_healed":0,"gold_gain":0,"player_choice":"Success","damage_taken":18,"relics_obtained":["Toxic Egg 2"],"max_hp_gain":0,"max_hp_loss":0,"event_name":"Scrap Ooze","floor":3,"gold_loss":0},{"cards_removed":["Strike_P"],"damage_healed":0,"gold_gain":0,"player_choice":"Card Removal","damage_taken":7,"max_hp_gain":0,"max_hp_loss":0,"event_name":"Golden Wing","floor":5,"gold_loss":0},{"damage_healed":0,"gold_gain":0,"player_choice":"Lose Max HP","damage_taken":0,"relics_obtained":["Golden Idol"],"max_hp_gain":0,"max_hp_loss":6,"event_name":"Golden Idol","floor":7,"gold_loss":0},{"damage_healed":20,"gold_gain":0,"player_choice":"Banana","damage_taken":0,"max_hp_gain":0,"max_hp_loss":0,"event_name":"Big Fish","floor":8,"gold_loss":0},{"damage_healed":0,"gold_gain":75,"player_choice":"Gather Gold","damage_taken":11,"max_hp_gain":0,"max_hp_loss":0,"event_name":"World of Goop","floor":10,"gold_loss":0}],"is_beta":false,"boss_relics":[],"items_purged_floors":[],"is_endless":false,"potions_floor_spawned":[13],"killed_by":"Hexaghost","ascension_level":20}}