{"host":"roqztpbdbchtekes","time":1610300208,"event":{"mods":["A Magickal Journey","AchievementEnabler","BaseMod","Better Note","Better Third Choice","BetterRewards","Block Reminder","Colored Map","Colored Powertips","Curses Come First","DeckTracker","Minty Spire (QoL Compilation)","Relic Stats","Spicy Shops","StSLib"],"gold_per_floor":[109,109,109,122,138,138,165,165,165,11,46,46,57,76,76,174,174,190,190,115,115,132,132,165,180,206,236,236,255,255,272,272,376,426,426,440,440,450,50,79,91,123,123,151,201,73,90,105,105,105,105,105,42,76,76],"floor_reached":56,"playtime":4055,"items_purged":["Strike_B","Strike_B","Defend_B"],"score":1586,"play_id":"26803d3a-1193-4be3-90d5-2589beb4ff77","local_time":"20210110183648","is_ascension_mode":true,"campfire_choices":[{"data":"Defragment","floor":6,"key":"SMITH"},{"data":"Fission","floor":8,"key":"SMITH"},{"data":"Genetic Algorithm","floor":12,"key":"SMITH"},{"data":"Chaos","floor":15,"key":"SMITH"},{"data":"Loop","floor":23,"key":"SMITH"},{"data":"Loop","floor":28,"key":"SMITH"},{"data":"Static Discharge","floor":30,"key":"SMITH"},{"data":"Zap","floor":32,"key":"SMITH"},{"floor":49,"key":"RECALL"},{"data":"White Noise","floor":52,"key":"SMITH"}],"circlet_count":0,"master_deck":["Defend_B","Zap+1","Dualcast","Static Discharge+1","Defragment+1","Loop+1","Fission+1","Chaos+1","Genetic Algorithm+1","Loop+1","Compile Driver","Machine Learning","Discovery","Multi-Cast+1","Undo","Heatsinks+1","Capacitor+1","White Noise+1","Electrodynamics+1","Chaos+1","Static Discharge+1","Compile Driver+1","Rainbow","White Noise+1","Static Discharge+1","White Noise"],"relics":["Cracked Core","Symbiotic Virus","Thread and Needle","TungstenRod","PreservedInsect","Strange Spoon","Bird Faced Urn","Emotion Chip","Cables","Centennial Puzzle","Empty Cage","Frozen Egg 2","DataDisk","White Beast Statue","Tiny House","Membership Card","Omamori","Toy Ornithopter","Dream Catcher","Gremlin Horn","Ice Cream","Mummified Hand","Lizard Tail","Happy Flower"],"acts_visited":["Exordium","TheCity","TheBeyond","TheEnding"],"potions_floor_usage":[27,31,38,41,55],"damage_taken":[{"damage":0,"enemies":"Small Slimes","floor":1,"turns":3},{"damage":0,"enemies":"2 Louse","floor":4,"turns":3},{"damage":0,"enemies":"Cultist","floor":5,"turns":4},{"damage":10,"enemies":"Gremlin Nob","floor":7,"turns":3},{"damage":0,"enemies":"Lagavulin","floor":11,"turns":5},{"damage":10,"enemies":"Exordium Thugs","floor":13,"turns":2},{"damage":0,"enemies":"3 Louse","floor":14,"turns":2},{"damage":11,"enemies":"Hexaghost","floor":16,"turns":5},{"damage":0,"enemies":"Shell Parasite","floor":18,"turns":4},{"damage":0,"enemies":"Chosen","floor":22,"turns":5},{"damage":18,"enemies":"Gremlin Leader","floor":24,"turns":4},{"damage":0,"enemies":"Snake Plant","floor":25,"turns":3},{"damage":14,"enemies":"Book of Stabbing","floor":27,"turns":2},{"damage":0,"enemies":"Snecko","floor":29,"turns":3},{"damage":0,"enemies":"3 Cultists","floor":31,"turns":3},{"damage":0,"enemies":"Champ","floor":33,"turns":7},{"damage":0,"enemies":"3 Shapes","floor":35,"turns":3},{"damage":0,"enemies":"Orb Walker","floor":36,"turns":3},{"damage":13,"enemies":"Spire Growth","floor":38,"turns":3},{"damage":0,"enemies":"Giant Head","floor":40,"turns":6},{"damage":11,"enemies":"Transient","floor":41,"turns":5},{"damage":8,"enemies":"Reptomancer","floor":42,"turns":3},{"damage":0,"enemies":"Nemesis","floor":44,"turns":3},{"damage":0,"enemies":"Mind Bloom Boss Battle","floor":45,"turns":3},{"damage":7,"enemies":"Writhing Mass","floor":47,"turns":2},{"damage":0,"enemies":"3 Darklings","floor":48,"turns":2},{"damage":19,"enemies":"Awakened One","floor":50,"turns":5},{"damage":0,"enemies":"Shield and Spear","floor":54,"turns":1},{"damage":49,"enemies":"The Heart","floor":55,"turns":6}],"seed_played":"-5930268325413166159","potions_obtained":[{"floor":1,"key":"Fire Potion"},{"floor":4,"key":"Ancient Potion"},{"floor":13,"key":"Regen Potion"},{"floor":16,"key":"DuplicationPotion"},{"floor":29,"key":"Explosive Potion"},{"floor":31,"key":"SpeedPotion"},{"floor":38,"key":"Fire Potion"},{"floor":41,"key":"DuplicationPotion"},{"floor":44,"key":"PotionOfCapacity"}],"is_trial":false,"path_per_floor":["M","?","?","M","M","R","E","R","T","$","E","R","M","M","R","B",null,"M","?","?","?","M","R","E","M","T","E","R","M","R","M","R","B",null,"M","M","?","M","$","E","M","E","T","E","?","$","M","M","R","B",null,"R","$","E","B",null],"character_chosen":"DEFECT","items_purchased":["Symbiotic Virus","Thread and Needle","PreservedInsect","Static Discharge","Strange Spoon","Chaos","Static Discharge+1","Membership Card","Omamori","Mummified Hand","Lizard Tail","Static Discharge+1"],"campfire_rested":0,"item_purchase_floors":[0,0,0,0,0,10,39,39,39,46,46,53],"current_hp_per_floor":[40,34,34,36,40,40,36,36,36,36,42,42,36,40,40,37,75,75,75,75,75,75,75,57,71,71,71,71,75,75,75,75,75,80,80,80,80,75,75,80,80,72,72,80,80,80,80,80,80,75,80,80,80,80,43],"gold":76,"neow_bonus":"","is_daily":false,"chose_seed":false,"campfire_upgraded":9,"win_rate":0.0,"timestamp":1610300208,"path_taken":["M","?","?","?","M","R","E","R","T","?","E","R","M","M","R","BOSS","M","?","?","?","M","R","E","M","T","E","R","M","R","M","R","BOSS","M","?","?","M","$","E","M","E","T","E","?","$","M","M","R","BOSS","R","$","E","BOSS"],"items_purchased_type":["Relic","Relic","Relic","Card","Relic","Card","Card","Relic","Relic","Relic","Relic","Card"],"build_version":"2020-12-22","purchased_purges":3,"victory":true,"max_hp_per_floor":[75,75,75,75,75,75,75,75,75,75,75,75,75,75,75,75,75,75,75,75,75,75,75,75,75,75,75,75,75,75,75,75,75,80,80,80,80,80,80,80,80,80,80,80,80,80,80,80,80,80,80,80,80,80,80],"relic_stats":{"Gremlin Horn":[3,3],"Happy Flower":[2],"counters":[29,102],"PreservedInsect":440,"Cables":[70,41,10,11,8],"Strange Spoon":[57],"Emotion Chip":[40,36,0,3,1],"Centennial Puzzle":[30],"Dream Catcher":0,"Lizard Tail":0,"Mummified Hand":[60],"Bird Faced Urn":[131],"obtain_stats":[{"Ice Cream":45,"Tiny House":34,"Gremlin Horn":44,"Happy Flower":54,"Thread and Needle":0,"PreservedInsect":0,"Omamori":39,"Frozen Egg 2":24,"Empty Cage":17,"White Beast Statue":27,"Cables":9,"Strange Spoon":0,"Emotion Chip":7,"Centennial Puzzle":11,"DataDisk":26,"Dream Catcher":42,"Lizard Tail":46,"Mummified Hand":46,"Bird Faced Urn":3,"Membership Card":39,"Cracked Core":0,"Symbiotic Virus":0,"TungstenRod":0,"Toy Ornithopter":40},{"Ice Cream":24,"Tiny House":16,"Gremlin Horn":23,"Happy Flower":28,"Thread and Needle":0,"PreservedInsect":0,"Omamori":19,"Frozen Egg 2":11,"Empty Cage":8,"White Beast Statue":13,"Cables":4,"Strange Spoon":0,"Emotion Chip":4,"Centennial Puzzle":5,"DataDisk":12,"Dream Catcher":22,"Lizard Tail":24,"Mummified Hand":24,"Bird Faced Urn":1,"Membership Card":19,"Cracked Core":0,"Symbiotic Virus":0,"TungstenRod":0,"Toy Ornithopter":20},{"Ice Cream":86,"Tiny House":57,"Gremlin Horn":83,"Happy Flower":96,"Thread and Needle":0,"PreservedInsect":0,"Omamori":66,"Frozen Egg 2":39,"Empty Cage":27,"White Beast Statue":44,"Cables":13,"Strange Spoon":0,"Emotion Chip":13,"Centennial Puzzle":18,"DataDisk":42,"Dream Catcher":80,"Lizard Tail":86,"Mummified Hand":86,"Bird Faced Urn":3,"Membership Card":66,"Cracked Core":0,"Symbiotic Virus":0,"TungstenRod":0,"Toy Ornithopter":72}],"TungstenRod":46,"Toy Ornithopter":0},"card_choices":[{"not_picked":["Turbo","Fusion","Gash"],"picked":"SKIP","floor":1},{"not_picked":["Force Field","Genetic Algorithm"],"picked":"Defragment","floor":4},{"not_picked":["Sweeping Beam","Coolheaded"],"picked":"Loop","floor":5},{"not_picked":["Beam Cell","Streamline"],"picked":"Fission","floor":7},{"not_picked":["Sweeping Beam","Rebound"],"picked":"Genetic Algorithm","floor":11},{"not_picked":["Coolheaded","Barrage"],"picked":"Loop","floor":13},{"not_picked":["Lockon","Sunder"],"picked":"Compile Driver","floor":14},{"not_picked":["Amplify","Hyperbeam"],"picked":"Machine Learning","floor":16},{"not_picked":["Recycle","Rebound+1","Coolheaded"],"picked":"SKIP","floor":18},{"not_picked":["Compile Driver","Gash+1"],"picked":"Heatsinks+1","floor":22},{"not_picked":["Leap","All For One","Blizzard"],"picked":"SKIP","floor":24},{"not_picked":["Undo","Ball Lightning"],"picked":"Capacitor+1","floor":25},{"not_picked":["Force Field","Double Energy+1","Compile Driver+1"],"picked":"SKIP","floor":27},{"not_picked":["Barrage","Compile Driver+1"],"picked":"White Noise+1","floor":29},{"not_picked":["Scrape","Barrage","Genetic Algorithm"],"picked":"SKIP","floor":31},{"not_picked":["Core Surge","Fission"],"picked":"Electrodynamics+1","floor":33},{"not_picked":["Hologram","Barrage","Rebound+1"],"picked":"SKIP","floor":35},{"not_picked":["Redo","Beam Cell+1","Hello World+1"],"picked":"SKIP","floor":36},{"not_picked":["Conserve Battery","Go for the Eyes"],"picked":"Chaos+1","floor":38},{"not_picked":["Leap+1","Barrage+1","Auto Shields+1"],"picked":"SKIP","floor":40},{"not_picked":["Capacitor+1","Go for the Eyes","Glacier+1"],"picked":"SKIP","floor":41},{"not_picked":["Compile Driver","Steam","Stack+1"],"picked":"SKIP","floor":42},{"not_picked":["Streamline","Conserve Battery"],"picked":"Compile Driver+1","floor":44},{"not_picked":["Turbo+1","Recycle+1"],"picked":"Rainbow","floor":45},{"not_picked":["Aggregate","Rip and Tear+1","Beam Cell+1"],"picked":"SKIP","floor":47},{"not_picked":["Streamline","Rebound"],"picked":"White Noise","floor":48},{"not_picked":["Chaos+1","Sunder+1"],"picked":"White Noise","floor":54}],"player_experience":289231,"relics_obtained":[{"floor":7,"key":"Emotion Chip"},{"floor":9,"key":"Cables"},{"floor":11,"key":"Centennial Puzzle"},{"floor":24,"key":"Frozen Egg 2"},{"floor":26,"key":"DataDisk"},{"floor":27,"key":"White Beast Statue"},{"floor":40,"key":"Toy Ornithopter"},{"floor":42,"key":"Dream Catcher"},{"floor":44,"key":"Gremlin Horn"},{"floor":45,"key":"Ice Cream"},{"floor":54,"key":"Happy Flower"}],"event_choices":[{"cards_removed":["Strike_B"],"damage_healed":0,"gold_gain":0,"player_choice":"Card Removal","damage_taken":7,"max_hp_gain":0,"max_hp_loss":0,"event_name":"Golden Wing","floor":2,"gold_loss":0},{"damage_healed":0,"gold_gain":0,"player_choice":"Gave Potion","damage_taken":0,"relics_obtained":["Bird Faced Urn"],"max_hp_gain":0,"max_hp_loss":0,"event_name":"WeMeetAgain","floor":3,"gold_loss":0},{"damage_healed":0,"gold_gain":0,"player_choice":"Adaptability","damage_taken":0,"max_hp_gain":0,"max_hp_loss":0,"event_name":"betterThird:BetterWriting","floor":19,"gold_loss":0},{"cards_removed":["Defend_B"],"damage_healed":0,"gold_gain":0,"player_choice":"Gave Gold","damage_taken":0,"max_hp_gain":0,"max_hp_loss":0,"event_name":"Beggar","floor":20,"gold_loss":75},{"damage_healed":0,"gold_gain":0,"player_choice":"3 cards matched","damage_taken":0,"max_hp_gain":0,"max_hp_loss":0,"event_name":"Match and Keep!","floor":21,"gold_loss":0,"cards_obtained":["Discovery","Multi-Cast","Undo"]},{"damage_healed":0,"gold_gain":0,"player_choice":"Ignored","damage_taken":0,"max_hp_gain":0,"max_hp_loss":0,"event_name":"Tomb of Lord Red Mask","floor":37,"gold_loss":0},{"damage_healed":0,"gold_gain":0,"player_choice":"Fight","damage_taken":0,"max_hp_gain":0,"max_hp_loss":0,"event_name":"MindBloom","floor":45,"gold_loss":0}],"is_beta":false,"boss_relics":[{"not_picked":["SacredBark","Calling Bell"],"picked":"Empty Cage"},{"not_picked":["Velvet Choker","Busted Crown"],"picked":"Tiny House"}],"items_purged_floors":[0,10,39],"is_endless":false,"potions_floor_spawned":[1,4,13,16,18,29,31,33,35,36,38,40,41,42,44,45,47,48,54],"ascension_level":3}}