{"host":"jkgg7n5hn1slsm35","time":1610273270,"event":{"mods":["Aspiration","BaseMod","BetterRewards","Conspire","Googly Eyes","Gremlin Skip","Halation","Highlight Path","Hubris","Infinite Spire","Minty Spire (QoL Compilation)","Permanent Neow","StSLib","SuperFastMode","vexMod"],"gold_per_floor":[114,126,138,138,27,27,27,27,27,27,47,61,80,113,113,190,190,210,94,113,132,132,132,161,161,161,161,161],"floor_reached":27,"playtime":716,"items_purged":["Strike_G"],"score":502,"play_id":"30875d46-c031-4538-a19c-62c2c8fe44b1","local_time":"20210110110750","is_ascension_mode":true,"campfire_choices":[{"data":"Terror","floor":6,"key":"SMITH"},{"data":"Poisoned Stab","floor":8,"key":"SMITH"},{"data":"Poisoned Stab","floor":10,"key":"SMITH"},{"floor":15,"key":"REST"},{"floor":23,"key":"REST"},{"floor":25,"key":"REST"}],"circlet_count":0,"master_deck":["AscendersBane","Strike_G","Strike_G","Strike_G","Strike_G","Defend_G","Defend_G","Defend_G","Defend_G","Defend_G","Survivor","Neutralize","Terror+1","Poisoned Stab+1","Deflect","Poisoned Stab+1","Bane","Poisoned Stab","Footwork","Leg Sweep","Poisoned Stab","Backflip"],"relics":["Ring of the Snake","Juzu Bracelet","vexMod:MemoryStick","Ice Cream","Blue Candle"],"acts_visited":["Exordium","TheCity"],"potions_floor_usage":[14,14,14,24,24],"damage_taken":[{"damage":3,"enemies":"Small Slimes","floor":1,"turns":4},{"damage":3,"enemies":"Cultist","floor":2,"turns":5},{"damage":3,"enemies":"2 Louse","floor":3,"turns":4},{"damage":8,"enemies":"2 Fungi Beasts","floor":11,"turns":3},{"damage":10,"enemies":"3 Louse","floor":12,"turns":4},{"damage":0,"enemies":"Blue Slaver","floor":13,"turns":3},{"damage":3,"enemies":"Lagavulin","floor":14,"turns":4},{"damage":54,"enemies":"Hexaghost","floor":16,"turns":13},{"damage":45,"enemies":"3 Byrds","floor":18,"turns":7},{"damage":27,"enemies":"conspire:FuzzyDice","floor":20,"turns":8},{"damage":0,"enemies":"Cultist and Chosen","floor":21,"turns":1},{"damage":15,"enemies":"conspire:SneckoGhost","floor":24,"turns":8},{"damage":36,"enemies":"conspire:Head Lice","floor":27,"turns":8}],"seed_played":"-7392660978184108640","potions_obtained":[{"floor":12,"key":"Swift Potion"},{"floor":13,"key":"EntropicBrew"},{"floor":14,"key":"Swift Potion"},{"floor":20,"key":"GhostInAJar"}],"is_trial":false,"path_per_floor":["M","M","M","?","$","R","?","R","T","R","M","M","M","E","R","B",null,"M","$","M","M","?","R","E","R","T","E"],"character_chosen":"THE_SILENT","items_purchased":["Deflect","Poisoned Stab","Leg Sweep"],"campfire_rested":3,"item_purchase_floors":[5,5,19],"current_hp_per_floor":[56,53,50,50,50,50,50,50,56,56,48,38,38,35,56,2,55,10,10,6,6,6,27,12,33,33,0,0],"gold":161,"neow_bonus":"RANDOM_COMMON_RELIC","is_daily":false,"chose_seed":false,"campfire_upgraded":3,"win_rate":0.0,"timestamp":1610273270,"path_taken":["M","M","M","?","$","R","?","R","T","R","M","M","M","E","R","BOSS","M","$","M","M","?","R","E","R","T","E"],"items_purchased_type":["Card","Card","Card"],"build_version":"2020-12-22","purchased_purges":1,"victory":false,"max_hp_per_floor":[66,66,66,66,66,66,66,66,72,72,72,72,72,72,72,72,72,72,72,72,72,72,72,72,72,72,72,72],"card_choices":[{"not_picked":["Endless Agony","Calculated Gamble"],"picked":"Terror","floor":1},{"not_picked":["Backflip","PiercingWail","Dagger Throw"],"picked":"SKIP","floor":2},{"not_picked":["Sucker Punch","Outmaneuver"],"picked":"Poisoned Stab","floor":3},{"not_picked":["Finisher","Eviscerate","Backflip"],"picked":"SKIP","floor":11},{"not_picked":["Deflect","Flying Knee"],"picked":"Bane","floor":12},{"not_picked":["Predator","Concentrate"],"picked":"Poisoned Stab","floor":13},{"not_picked":["Distraction","Reflex"],"picked":"Footwork","floor":14},{"not_picked":["Flying Knee","Predator+1","Acrobatics"],"picked":"SKIP","floor":18},{"not_picked":["hubris:SlightOfHand","Underhanded Strike+1","Finisher+1"],"picked":"SKIP","floor":20},{"not_picked":["Slice","Acrobatics"],"picked":"Poisoned Stab","floor":21},{"not_picked":["Well Laid Plans","Blade Dance+1"],"picked":"Backflip","floor":24}],"player_experience":1828960,"relics_obtained":[{"floor":9,"key":"vexMod:BerryBomb"},{"floor":14,"key":"vexMod:MemoryStick"},{"floor":24,"key":"Ice Cream"},{"floor":26,"key":"Blue Candle"}],"event_choices":[{"damage_healed":0,"gold_gain":0,"player_choice":"Ignored","damage_taken":0,"max_hp_gain":0,"max_hp_loss":0,"event_name":"Transmorgrifier","floor":4,"gold_loss":0}],"is_beta":false,"boss_relics":[{"not_picked":["vexMod:FluxCapacitor","Coffee Dripper","aspiration:RunicSpoon"]}],"items_purged_floors":[19],"is_endless":false,"potions_floor_spawned":[12,13,14,20],"killed_by":"conspire:Head Lice","ascension_level":17}}