{"host":"t7mx8yfj1no5p62f","time":1610238599,"event":{"mods":["BaseMod","Colored Map","Colored Powertips","Minty Spire (QoL Compilation)","Relic Stats","StSLib"],"gold_per_floor":[112,112,112,122,122,122,153,172,172,182,213,213,239,270,270,348,348,362,377,92,92,109,109,109,109],"floor_reached":24,"playtime":685,"items_purged":["Strike_B"],"score":478,"play_id":"b91abf9f-06fd-443f-b755-8d03216e34c2","local_time":"20210109192959","is_ascension_mode":true,"campfire_choices":[{"data":"Defragment","floor":6,"key":"SMITH"},{"data":"Melter","floor":12,"key":"SMITH"},{"data":"Cold Snap","floor":15,"key":"SMITH"},{"data":"Seek","floor":23,"key":"SMITH"}],"circlet_count":0,"master_deck":["AscendersBane","Strike_B+1","Strike_B+1","Strike_B+1","Defend_B+1","Defend_B+1","Defend_B+1","Defend_B+1","Zap","Dualcast","Cold Snap+1","Defragment+1","Cold Snap","Melter+1","Auto Shields","Sweeping Beam","Biased Cognition","Core Surge","Genetic Algorithm+1","Compile Driver","Seek+1","Loop","Steam+1"],"relics":["Cracked Core","NeowsBlessing","Kunai","Tiny Chest","Pear","Bronze Scales","Akabeko","Regal Pillow","Coffee Dripper"],"acts_visited":["Exordium","TheCity"],"potions_floor_usage":[8,14,22],"damage_taken":[{"damage":0,"enemies":"Jaw Worm","floor":1,"turns":1},{"damage":0,"enemies":"2 Louse","floor":4,"turns":1},{"damage":0,"enemies":"Lagavulin","floor":7,"turns":1},{"damage":8,"enemies":"Small Slimes","floor":8,"turns":4},{"damage":3,"enemies":"Looter","floor":10,"turns":3},{"damage":3,"enemies":"3 Sentries","floor":11,"turns":14},{"damage":14,"enemies":"Lagavulin","floor":14,"turns":6},{"damage":16,"enemies":"The Guardian","floor":16,"turns":10},{"damage":13,"enemies":"Shell Parasite","floor":18,"turns":5},{"damage":3,"enemies":"3 Byrds","floor":19,"turns":4},{"damage":16,"enemies":"Snake Plant","floor":22,"turns":4},{"damage":44,"enemies":"Slavers","floor":24,"turns":3}],"seed_played":"-3160748617834225211","potions_obtained":[{"floor":7,"key":"Swift Potion"},{"floor":10,"key":"Fire Potion"},{"floor":11,"key":"Dexterity Potion"},{"floor":16,"key":"FocusPotion"}],"is_trial":false,"path_per_floor":["M","?","?","M","?","R","E","M","T","M","E","R","T","E","R","B",null,"M","M","$","?","M","R","E"],"character_chosen":"DEFECT","items_purchased":["Seek","Loop"],"campfire_rested":0,"item_purchase_floors":[20,20],"current_hp_per_floor":[64,69,43,43,43,43,43,35,45,42,39,39,39,25,25,9,67,54,51,51,51,35,35,0,0],"gold":109,"neow_bonus":"THREE_ENEMY_KILL","is_daily":false,"chose_seed":false,"campfire_upgraded":4,"win_rate":0.0,"timestamp":1610238599,"path_taken":["M","?","?","M","?","R","E","M","T","M","E","R","?","E","R","BOSS","M","M","$","?","M","R","E"],"items_purchased_type":["Card","Card"],"build_version":"2020-12-22","purchased_purges":1,"victory":false,"max_hp_per_floor":[71,76,76,76,76,76,76,76,86,86,86,86,86,86,86,86,86,86,86,86,86,86,86,86,86],"relic_stats":{"Regal Pillow":0,"counters":[12,55],"Bronze Scales":[139],"Tiny Chest":0,"Kunai":[8],"obtain_stats":[{"Regal Pillow":14,"Pear":9,"NeowsBlessing":0,"Bronze Scales":11,"Tiny Chest":7,"Coffee Dripper":17,"Kunai":3,"Cracked Core":0,"Akabeko":13},{"Regal Pillow":7,"Pear":4,"NeowsBlessing":0,"Bronze Scales":6,"Tiny Chest":3,"Coffee Dripper":8,"Kunai":1,"Cracked Core":0,"Akabeko":6},{"Regal Pillow":30,"Pear":7,"NeowsBlessing":0,"Bronze Scales":24,"Tiny Chest":3,"Coffee Dripper":40,"Kunai":1,"Cracked Core":0,"Akabeko":24}]},"card_choices":[{"not_picked":["Leap","Chill"],"picked":"Cold Snap","floor":1},{"not_picked":["Rip and Tear","Go for the Eyes"],"picked":"Defragment","floor":4},{"not_picked":["White Noise","Turbo"],"picked":"Cold Snap","floor":7},{"not_picked":["Darkness","Ball Lightning"],"picked":"Melter","floor":8},{"not_picked":["Steam","Hello World"],"picked":"Auto Shields","floor":10},{"not_picked":["Double Energy","Auto Shields"],"picked":"Sweeping Beam","floor":11},{"not_picked":["Beam Cell","Leap"],"picked":"Biased Cognition","floor":14},{"not_picked":["Thunder Strike","Hyperbeam"],"picked":"Core Surge","floor":16},{"not_picked":["Chill","Beam Cell"],"picked":"Genetic Algorithm+1","floor":18},{"not_picked":["Steam","Hello World"],"picked":"Compile Driver","floor":19},{"not_picked":["Storm","Auto Shields"],"picked":"Steam+1","floor":22}],"player_experience":1699595,"relics_obtained":[{"floor":7,"key":"Tiny Chest"},{"floor":9,"key":"Pear"},{"floor":11,"key":"Bronze Scales"},{"floor":13,"key":"Akabeko"},{"floor":14,"key":"Regal Pillow"}],"event_choices":[{"damage_healed":0,"gold_gain":0,"player_choice":"Donut","damage_taken":0,"max_hp_gain":5,"max_hp_loss":0,"event_name":"Big Fish","floor":2,"gold_loss":0},{"damage_healed":0,"gold_gain":0,"player_choice":"Success","damage_taken":26,"relics_obtained":["Kunai"],"max_hp_gain":0,"max_hp_loss":0,"event_name":"Scrap Ooze","floor":3,"gold_loss":0},{"damage_healed":0,"gold_gain":0,"player_choice":"Ignored","damage_taken":0,"max_hp_gain":0,"max_hp_loss":0,"event_name":"Liars Game","floor":5,"gold_loss":0},{"damage_healed":0,"gold_gain":0,"player_choice":"Simplicity","damage_taken":0,"max_hp_gain":0,"max_hp_loss":0,"event_name":"Back to Basics","floor":21,"gold_loss":0,"cards_upgraded":["Strike_B","Strike_B","Strike_B","Defend_B","Defend_B","Defend_B","Defend_B"]}],"is_beta":false,"boss_relics":[{"not_picked":["Tiny House","Astrolabe"],"picked":"Coffee Dripper"}],"items_purged_floors":[20],"is_endless":false,"potions_floor_spawned":[7,10,11,16,18],"killed_by":"Slavers","ascension_level":20}}