{"host":"7po9pgh86bqe2blc","time":1610282967,"event":{"mods":["BaseMod","ChefMod","Colored Map","Colored Powertips","Hermit","Koishi","Minty Spire (QoL Compilation)","StSLib","The Cursed","The Disciple","The Hierophant","The Runesmith"],"gold_per_floor":[117,134,59,73,85,112,112,112,112,125,137,137,170,188,188,188,188],"floor_reached":16,"playtime":2267,"items_purged":["Strike_Br"],"score":114,"play_id":"d1a436e3-aa12-4e19-9e51-3a5313b96c07","local_time":"20210110134927","is_ascension_mode":false,"campfire_choices":[{"data":"ExoVibe","floor":7,"key":"SMITH"},{"floor":12,"key":"REST"},{"data":"LockedLightning","floor":15,"key":"SMITH"}],"circlet_count":0,"master_deck":["Strike_Br","Strike_Br","Strike_Br","Defend_Br","Defend_Br","Defend_Br","SecondHand","PatternShift","PrimeTime","ExoVibe+27","LockedLightning+1","LockedBlood","SlimeSpray"],"relics":["Chronometer","Potion Belt","Blue Candle","Gambling Chip"],"acts_visited":["Exordium"],"potions_floor_usage":[13,16,16],"damage_taken":[{"damage":11,"enemies":"Jaw Worm","floor":1,"turns":7},{"damage":2,"enemies":"Cultist","floor":2,"turns":4},{"damage":0,"enemies":"2 Louse","floor":4,"turns":5},{"damage":0,"enemies":"Looter","floor":5,"turns":3},{"damage":23,"enemies":"Gremlin Nob","floor":6,"turns":10},{"damage":2,"enemies":"Exordium Thugs","floor":10,"turns":7},{"damage":0,"enemies":"3 Louse","floor":11,"turns":7},{"damage":14,"enemies":"Lagavulin","floor":13,"turns":12},{"damage":0,"enemies":"Blue Slaver","floor":14,"turns":6},{"damage":72,"enemies":"Hexaghost","floor":16,"turns":24}],"seed_played":"-1986410847338143127","potions_obtained":[{"floor":4,"key":"SteroidPotion"},{"floor":5,"key":"Dexterity Potion"},{"floor":10,"key":"Ancient Potion"},{"floor":13,"key":"EssenceOfSteel"},{"floor":14,"key":"FairyPotion"}],"is_trial":false,"path_per_floor":["M","M","$","M","M","E","R","?","T","M","M","R","E","M","R","B"],"character_chosen":"CHRONO_CLASS","items_purchased":[],"campfire_rested":1,"item_purchase_floors":[],"current_hp_per_floor":[54,52,52,52,52,29,29,29,29,27,27,46,38,44,44,0,0],"gold":188,"neow_bonus":"REMOVE_CARD","is_daily":false,"chose_seed":false,"campfire_upgraded":2,"win_rate":0.0,"timestamp":1610282967,"path_taken":["M","M","$","M","M","E","R","?","T","M","?","R","E","M","R","BOSS"],"items_purchased_type":[],"build_version":"2020-12-13","purchased_purges":1,"victory":false,"max_hp_per_floor":[65,65,65,65,65,65,65,65,65,65,65,65,65,65,65,65,65],"card_choices":[{"not_picked":["LockedAnchor","BeatsPerMinute"],"picked":"PrimeTime","floor":1},{"not_picked":["LockedMedicine","LockedBlood"],"picked":"ExoVibe","floor":2},{"not_picked":["ReapSow","CrunchTime","Engulf"],"picked":"SKIP","floor":4},{"not_picked":["Break","LockedMawBank","LockedTurtyl"],"picked":"SKIP","floor":5},{"not_picked":["LockedAnchor","FormalWear","BiteCommand"],"picked":"SKIP","floor":6},{"not_picked":["Stagnate","DaylightSavings"],"picked":"LockedLightning","floor":10},{"not_picked":["Echoward","LockedScales"],"picked":"LockedBlood","floor":11},{"not_picked":["BackFourSeconds","LockedWhetstone","CrunchTime"],"picked":"SKIP","floor":13},{"not_picked":["Parity","HandsUpB"],"picked":"SlimeSpray","floor":14}],"player_experience":338801,"relics_obtained":[{"floor":6,"key":"Potion Belt"},{"floor":9,"key":"Blue Candle"},{"floor":13,"key":"Gambling Chip"}],"event_choices":[{"damage_healed":0,"gold_gain":0,"player_choice":"Ignored","damage_taken":0,"max_hp_gain":0,"max_hp_loss":0,"event_name":"NoteForYourself","floor":8,"gold_loss":0}],"is_beta":false,"boss_relics":[],"items_purged_floors":[3],"is_endless":false,"potions_floor_spawned":[4,5,10,13,14],"killed_by":"Hexaghost","ascension_level":0}}