{"host":"vwj4euiqi5aslltv","time":1610247685,"event":{"mods":["BaseMod","Colored Map","Colored Powertips","Highlight Path","Minty Spire (QoL Compilation)","Quick Restart","Shop Mod","StSLib","SuperFastMode","UnlockEverythingMod"],"gold_per_floor":[118,129,140,140,151,178,178,211,211,245,61,73,106,162,162,260,260,278,298,107,132,132,132,159,169,242,261,56,56,56,69,69,171,171,181,80,80,80,99,149,149,371,371,371,371,371,371,384,384,384,384,384,234,262,262],"floor_reached":56,"playtime":3335,"items_purged":[],"score":1216,"play_id":"fd38bc70-c2c3-4e40-a1df-836215921afc","local_time":"20210110110125","is_ascension_mode":false,"campfire_choices":[{"floor":7.0,"key":"RECALL"},{"floor":15.0,"key":"REST"},{"data":"1","floor":23.0,"key":"LIFT"},{"data":"2","floor":30.0,"key":"LIFT"},{"data":"3","floor":32.0,"key":"LIFT"},{"floor":41.0,"key":"REST"},{"data":"Heavy Blade","floor":44.0,"key":"SMITH"},{"data":"Searing Blow+1","floor":46.0,"key":"SMITH"},{"data":"Flex","floor":49.0,"key":"SMITH"},{"data":"Rage","floor":52.0,"key":"SMITH"}],"circlet_count":0,"master_deck":["Strike_R","Strike_R","Strike_R","Strike_R","Strike_R","Defend_R","Defend_R","Defend_R","Defend_R","Bash","Rampage","Metallicize","Cleave","Rage+1","Clash","Intimidate","Flex+1","Pommel Strike","Shrug It Off","Flash of Steel","Carnage","Heavy Blade+1","Pommel Strike","Feed","Searing Blow+2","Clothesline+1","Entrench","Pommel Strike+1","Battle Trance","Combust+1","Blind","Shrug It Off","Barricade+1","Flame Barrier+1","Inflame+1","Violence","Dark Shackles","Hemokinesis","Intimidate","Metallicize+1","Flame Barrier","Iron Wave","Flame Barrier","Pommel Strike","Dark Embrace+1"],"relics":["Burning Blood","NeowsBlessing","Happy Flower","Omamori","Juzu Bracelet","Self Forming Clay","Velvet Choker","Membership Card","MerchantsRug","Red Mask","Bottled Tornado","Frozen Egg 2","Mark of Pain","StoneCalendar","Lizard Tail","Gremlin Horn","Bronze Scales","FossilizedHelix"],"acts_visited":["Exordium","TheCity","TheBeyond","TheEnding"],"potions_floor_usage":[],"damage_taken":[{"damage":0.0,"enemies":"Small Slimes","floor":1.0,"turns":1.0},{"damage":0.0,"enemies":"Jaw Worm","floor":2.0,"turns":1.0},{"damage":0.0,"enemies":"2 Louse","floor":3.0,"turns":1.0},{"damage":0.0,"enemies":"Large Slime","floor":5.0,"turns":6.0},{"damage":19.0,"enemies":"3 Sentries","floor":6.0,"turns":9.0},{"damage":4.0,"enemies":"Lagavulin","floor":8.0,"turns":6.0},{"damage":22.0,"enemies":"3 Sentries","floor":10.0,"turns":8.0},{"damage":0.0,"enemies":"Exordium Wildlife","floor":12.0,"turns":3.0},{"damage":10.0,"enemies":"Lagavulin","floor":13.0,"turns":5.0},{"damage":16.0,"enemies":"Gremlin Nob","floor":14.0,"turns":3.0},{"damage":39.0,"enemies":"Slime Boss","floor":16.0,"turns":12.0},{"damage":14.0,"enemies":"3 Byrds","floor":18.0,"turns":8.0},{"damage":14.0,"enemies":"2 Thieves","floor":19.0,"turns":4.0},{"damage":14.0,"enemies":"Masked Bandits","floor":21.0,"turns":5.0},{"damage":18.0,"enemies":"Book of Stabbing","floor":24.0,"turns":5.0},{"damage":9.0,"enemies":"Snake Plant","floor":25.0,"turns":3.0},{"damage":5.0,"enemies":"Snecko","floor":27.0,"turns":4.0},{"damage":11.0,"enemies":"Centurion and Healer","floor":31.0,"turns":4.0},{"damage":27.0,"enemies":"Automaton","floor":33.0,"turns":9.0},{"damage":10.0,"enemies":"3 Shapes","floor":35.0,"turns":5.0},{"damage":6.0,"enemies":"Orb Walker","floor":39.0,"turns":4.0},{"damage":33.0,"enemies":"Mind Bloom Boss Battle","floor":40.0,"turns":7.0},{"damage":8.0,"enemies":"Maw","floor":48.0,"turns":7.0},{"damage":49.0,"enemies":"Time Eater","floor":50.0,"turns":13.0},{"damage":63.0,"enemies":"Shield and Spear","floor":54.0,"turns":9.0},{"damage":103,"enemies":"The Heart","floor":55,"turns":14}],"seed_played":"1740735050843580245","potions_obtained":[{"floor":1.0,"key":"HeartOfIron"},{"floor":6.0,"key":"Ancient Potion"},{"floor":8.0,"key":"DistilledChaos"},{"floor":10.0,"key":"Block Potion"},{"floor":12.0,"key":"Strength Potion"},{"floor":13.0,"key":"SteroidPotion"},{"floor":16.0,"key":"DuplicationPotion"},{"floor":19.0,"key":"BloodPotion"},{"floor":31.0,"key":"Explosive Potion"},{"floor":35.0,"key":"LiquidBronze"}],"is_trial":false,"path_per_floor":["M","M","M","?","M","E","R","E","T","E","$","M","E","?","R","B",null,"M","M","$","?","?","R","E","M","T","M","$","?","R","M","R","B",null,"M","$","?","?","M","?","R","?","T","R","?","R","?","M","R","B",null,"R","$","E","B",null],"character_chosen":"IRONCLAD","items_purchased":["Pommel Strike","Shrug It Off","Flash of Steel","Membership Card","MerchantsRug","Combust+1","Strawberry","Blind","FairyPotion","Inflame+1","StoneCalendar","FairyPotion","Bronze Scales","Iron Wave","Flame Barrier","Pommel Strike"],"campfire_rested":2,"item_purchase_floors":[11,11,11,20,20,28,28,28,28,36,36,36,53,53,53,53],"current_hp_per_floor":[80,80,80,68,74,61,61,63,63,47,47,53,49,39,63,30,80,75,67,67,62,86,86,74,71,71,72,79,79,79,92,92,71,93,89,89,84,84,84,57,84,84,84,84,84,84,84,82,82,39,93,93,93,36,11],"gold":262,"neow_bonus":"THREE_ENEMY_KILL","is_daily":false,"chose_seed":false,"campfire_upgraded":4,"win_rate":0.0,"timestamp":1610247685,"path_taken":["M","M","M","?","M","E","R","E","T","E","$","M","E","?","R","BOSS","M","M","$","?","?","R","E","M","T","M","?","?","R","M","R","BOSS","M","$","?","?","M","?","R","?","T","R","?","R","?","M","R","BOSS","R","$","E","BOSS"],"items_purchased_type":["Card","Card","Card","Relic","Relic","Card","Relic","Card","Potion","Card","Relic","Potion","Relic","Card","Card","Card"],"build_version":"2020-12-22","purchased_purges":0,"victory":true,"max_hp_per_floor":[80,80,80,80,80,80,80,80,80,80,80,80,80,80,80,80,80,83,83,83,86,86,86,86,86,86,86,93,93,93,93,93,93,93,93,93,93,93,93,93,93,93,93,93,93,93,93,93,93,93,93,93,93,93,93],"card_choices":[{"not_picked":["Warcry","True Grit"],"picked":"Rampage","floor":1.0},{"not_picked":["Evolve","Twin Strike"],"picked":"Metallicize","floor":2.0},{"not_picked":["Flame Barrier","Power Through"],"picked":"Cleave","floor":3.0},{"not_picked":["True Grit","Hemokinesis"],"picked":"Rage","floor":5.0},{"not_picked":["Perfected Strike","Body Slam"],"picked":"Clash","floor":6.0},{"not_picked":["Disarm","Searing Blow"],"picked":"Intimidate","floor":8.0},{"not_picked":["Corruption","Warcry"],"picked":"Flex","floor":10.0},{"not_picked":["Dropkick","Shrug It Off"],"picked":"Carnage","floor":12.0},{"not_picked":["Perfected Strike","Pommel Strike"],"picked":"Heavy Blade","floor":13.0},{"not_picked":["Dark Embrace","Perfected Strike"],"picked":"Pommel Strike","floor":14.0},{"not_picked":["Exhume","Berserk"],"picked":"Feed","floor":16.0},{"not_picked":["Entrench","Sword Boomerang"],"picked":"Havoc","floor":18.0},{"not_picked":["Armaments","Feel No Pain"],"picked":"Searing Blow+1","floor":19.0},{"not_picked":["Perfected Strike+1","Twin Strike"],"picked":"Clothesline+1","floor":21.0},{"not_picked":["Offering","Sword Boomerang"],"picked":"Entrench","floor":24.0},{"not_picked":["Armaments+1","Wild Strike+1"],"picked":"Pommel Strike+1","floor":25.0},{"not_picked":["Wild Strike","Shrug It Off"],"picked":"Battle Trance","floor":27.0},{"not_picked":["Battle Trance","True Grit"],"picked":"Shrug It Off","floor":31.0},{"not_picked":["Corruption+1","Fiend Fire"],"picked":"Barricade+1","floor":33.0},{"not_picked":["Cleave+1","Warcry+1"],"picked":"Flame Barrier+1","floor":35.0},{"not_picked":["Discovery","Deep Breath"],"picked":"Violence","floor":37.0},{"not_picked":["Panacea","Purity"],"picked":"Dark Shackles","floor":37.0},{"not_picked":["Entrench","Sword Boomerang+1"],"picked":"Hemokinesis","floor":39.0},{"not_picked":["Pommel Strike","True Grit+1"],"picked":"Intimidate","floor":40.0},{"not_picked":["Offering","Twin Strike"],"picked":"Flame Barrier","floor":48.0},{"not_picked":["Uppercut","Twin Strike+1"],"picked":"Dark Embrace+1","floor":54.0}],"player_experience":20735,"relics_obtained":[{"floor":6.0,"key":"Omamori"},{"floor":8.0,"key":"Girya"},{"floor":10.0,"key":"Art of War"},{"floor":13.0,"key":"Juzu Bracelet"},{"floor":21.0,"key":"Red Mask"},{"floor":24.0,"key":"Bottled Tornado"},{"floor":26.0,"key":"Frozen Egg 2"},{"floor":40.0,"key":"Lizard Tail"},{"floor":43.0,"key":"Gremlin Horn"},{"floor":54.0,"key":"FossilizedHelix"}],"event_choices":[{"damage_healed":0.0,"max_hp_gain":0.0,"max_hp_loss":0.0,"gold_gain":0.0,"event_name":"Scrap Ooze","player_choice":"Success","floor":4.0,"gold_loss":0.0,"damage_taken":12.0,"relics_obtained":["Happy Flower"]},{"damage_healed":0.0,"max_hp_gain":0.0,"max_hp_loss":0.0,"gold_gain":0.0,"event_name":"Dead Adventurer","player_choice":"Searched \u00272\u0027 times","floor":14.0,"gold_loss":0.0,"damage_taken":0.0,"relics_obtained":["Self Forming Clay"]},{"damage_healed":0.0,"max_hp_gain":0.0,"max_hp_loss":0.0,"gold_gain":0.0,"event_name":"Masked Bandits","player_choice":"Fought Bandits","floor":21.0,"gold_loss":0.0,"damage_taken":0.0},{"damage_healed":28.0,"max_hp_gain":0.0,"max_hp_loss":0.0,"gold_gain":0.0,"event_name":"The Library","player_choice":"Heal","floor":22.0,"gold_loss":0.0,"damage_taken":0.0},{"damage_healed":0.0,"max_hp_gain":0.0,"max_hp_loss":0.0,"gold_gain":0.0,"event_name":"Vampires","player_choice":"Ignored","floor":29.0,"gold_loss":0.0,"damage_taken":0.0},{"damage_healed":0.0,"max_hp_gain":0.0,"max_hp_loss":0.0,"gold_gain":0.0,"event_name":"SensoryStone","player_choice":"Memory 2","floor":37.0,"gold_loss":0.0,"damage_taken":5.0},{"damage_healed":0.0,"max_hp_gain":0.0,"max_hp_loss":0.0,"gold_gain":0.0,"event_name":"The Woman in Blue","player_choice":"Bought 0 Potions","floor":38.0,"gold_loss":0.0,"damage_taken":0.0},{"damage_healed":0.0,"max_hp_gain":0.0,"max_hp_loss":0.0,"gold_gain":0.0,"event_name":"MindBloom","player_choice":"Fight","floor":40.0,"gold_loss":0.0,"damage_taken":0.0},{"damage_healed":0.0,"max_hp_gain":0.0,"max_hp_loss":0.0,"gold_gain":222.0,"event_name":"Tomb of Lord Red Mask","player_choice":"Wore Mask","floor":42.0,"gold_loss":0.0,"damage_taken":0.0},{"damage_healed":0.0,"max_hp_gain":0.0,"max_hp_loss":0.0,"gold_gain":0.0,"cards_transformed":["Havoc"],"event_name":"Transmorgrifier","player_choice":"Transformed","floor":45.0,"gold_loss":0.0,"damage_taken":0.0,"cards_obtained":["Metallicize"]},{"damage_healed":0.0,"max_hp_gain":0.0,"max_hp_loss":0.0,"gold_gain":0.0,"event_name":"Mysterious Sphere","player_choice":"Ignored","floor":47.0,"gold_loss":0.0,"damage_taken":0.0}],"is_beta":false,"boss_relics":[{"not_picked":["Sozu","Runic Pyramid"],"picked":"Velvet Choker"},{"not_picked":["Empty Cage","Fusion Hammer"],"picked":"Mark of Pain"}],"items_purged_floors":[],"is_endless":false,"potions_floor_spawned":[1,6,8,10,12,13,16,19,21,24,31,35,40],"ascension_level":0}}