{"host":"2c1pg2m9wpz3w4c0","time":1610316454,"event":{"mods":["AchievementEnabler","Act Like it!","Aspiration","BaseMod","Better Note","BetterRewards","Curses Come First","Disable Question Mark Monsters","Halation","Hubris","Infinite Spire","Lotus Mark","Marisa????????","Minty Spire (QoL Compilation)","Replay The Spire","StSLib","SuperFastMode","The Clintock","The Jungle","The Marked","The Runesmith","Transform Curses"],"gold_per_floor":[115,115,290,290,290,290,304,304,304,327,327,208,219,32,32,132,132,148,166,166,166,192,192,210,210,236,270,270,220,237,257,257,353,353,370,147,147,147,158,158,178,212,239,239,289,289,242,242,242,242,242],"floor_reached":50,"playtime":1554,"items_purged":[],"score":797,"play_id":"c33a56e9-9d2b-4a23-a6b1-5038fa2b3336","local_time":"20210110150734","is_ascension_mode":false,"campfire_choices":[{"data":"Runesmith:Fortify","floor":6,"key":"SMITH"},{"data":"Runesmith:CreatorForm","floor":11,"key":"SMITH"},{"floor":15,"key":"REST"},{"data":"Apotheosis","floor":23,"key":"SMITH"},{"floor":25,"key":"REST"},{"floor":32,"key":"REST"},{"data":"Runesmith:DoubleUp","floor":40,"key":"SMITH"},{"floor":46,"key":"REST"},{"data":"Runesmith:LithiumIon","floor":49,"key":"SMITH"}],"circlet_count":0,"master_deck":["Runesmith:Strike_RS","Runesmith:Strike_RS","Runesmith:Strike_RS","Runesmith:Strike_RS","Runesmith:Defend_RS","Runesmith:Defend_RS","Runesmith:Defend_RS","Runesmith:Defend_RS","Runesmith:CraftFirestone","Runesmith:Fortify+1","Runesmith:HammerThrow+1","Runesmith:LithiumIon+1","Flash of Steel","Runesmith:EarthShield","Runesmith:CreatorForm+1","Runesmith:CraftProtectio","Runesmith:PoweredAnvil","Runesmith:BackupBattery","Apotheosis+1","Runesmith:GrandSlam","Runesmith:Grindstone","Runesmith:CraftProtectio+1","Runesmith:HammerThrow","Runesmith:BackupBattery+1","Runesmith:DoubleUp+1","Runesmith:EnergizedChisel","Runesmith:CreatorForm","Runesmith:ChiselStab+1","Runesmith:PerfectChisel","Runesmith:StaticCage","Runesmith:Fortify","Runesmith:EarthShield","Runesmith:HeatedChisel+1","Runesmith:LithiumIon+1","Runesmith:Firestorm","Runesmith:LithiumIon+1","Rampage+1"],"relics":["Runesmith:BrokenRuby","Quantum Egg","Replay:Baseball","halation:PinkSoulGem","hubris:BottledRain","hubris:SlimyHat","Bird Faced Urn","Bronze Scales","Omamori","Bag of Marbles","Cursed Key","Lantern","Blue Doll","Pet Ghost","halation:PapillonHeart","Gambling Chip"],"acts_visited":["Exordium","theJungle:Jungle","TheBeyond"],"potions_floor_usage":[16,16,27,33,33,33,33,33,33,42,45],"damage_taken":[{"damage":4,"enemies":"Jaw Worm","floor":1,"turns":4},{"damage":0,"enemies":"2 Louse","floor":7,"turns":2},{"damage":0,"enemies":"Cultist","floor":13,"turns":3},{"damage":0,"enemies":"Slime Boss","floor":16,"turns":7},{"damage":6,"enemies":"Shell Parasite","floor":18,"turns":8},{"damage":5,"enemies":"theJungle:5_Spyders","floor":19,"turns":9},{"damage":42,"enemies":"theJungle:2_Snecko_Cultists","floor":24,"turns":7},{"damage":39,"enemies":"theJungle:MamaSnecko","floor":27,"turns":8},{"damage":0,"enemies":"theJungle:SlimyTreeVines","floor":30,"turns":6},{"damage":0,"enemies":"theJungle:Snecko_Cultist_And_Trap","floor":31,"turns":6},{"damage":0,"enemies":"theJungle:FunGuy","floor":33,"turns":8},{"damage":25,"enemies":"3 Shapes","floor":35,"turns":5},{"damage":6,"enemies":"3 Darklings","floor":39,"turns":6},{"damage":8,"enemies":"Spire Growth","floor":41,"turns":7},{"damage":20,"enemies":"Reptomancer","floor":42,"turns":4},{"damage":2,"enemies":"Mind Bloom Boss Battle","floor":45,"turns":7},{"damage":64,"enemies":"Time Eater","floor":50,"turns":5}],"seed_played":"-1410626306383228937","potions_obtained":[{"floor":7,"key":"Energy Potion"},{"floor":16,"key":"Strength Potion"},{"floor":24,"key":"AttackPotion"},{"floor":28,"key":"GamblersBrew"},{"floor":28,"key":"PowerPotion"},{"floor":28,"key":"EntropicBrew"},{"floor":35,"key":"SneckoOil"},{"floor":41,"key":"Toxic Potion"},{"floor":42,"key":"BlessingOfTheForge"}],"is_trial":false,"path_per_floor":["M","$","?","?","?","R","M","?","T","T","R","$","M","$","R","B",null,"M","M","?","?","T","R","M","R","T","E","?","?","M","M","R","B",null,"M","$","?","?","M","R","M","E","T","?","?","R","$","?","R","B"],"character_chosen":"RUNESMITH_CLASS","items_purchased":["Quantum Egg","Runesmith:HammerThrow+1","Runesmith:LithiumIon","SkillPotion","Flash of Steel","Runesmith:CraftProtectio","Runesmith:PoweredAnvil","Apotheosis","Lantern","Runesmith:PerfectChisel","Runesmith:LithiumIon+1"],"campfire_rested":4,"item_purchase_floors":[0,0,0,0,0,12,12,14,36,36,47],"current_hp_per_floor":[50,50,50,50,50,50,50,57,57,57,57,57,57,57,70,70,70,64,59,59,59,59,59,19,40,40,5,5,5,17,21,42,52,70,47,47,47,47,45,45,43,25,25,25,29,48,48,48,48,0,0],"gold":242,"neow_bonus":"","is_daily":false,"chose_seed":false,"campfire_upgraded":5,"win_rate":0.0,"timestamp":1610316454,"path_taken":["M","$","?","?","?","R","?","?","T","?","R","$","?","$","R","BOSS","M","M","?","?","?","R","M","R","T","E","?","?","M","M","R","BOSS","M","$","?","?","M","R","?","E","T","?","?","R","?","?","R","BOSS"],"items_purchased_type":["Relic","Card","Card","Potion","Card","Card","Card","Card","Relic","Card","Card"],"build_version":"2020-12-22","purchased_purges":0,"victory":false,"max_hp_per_floor":[70,70,70,70,70,70,70,70,70,70,70,70,70,70,70,70,70,70,70,70,70,70,70,70,70,70,70,70,70,70,70,70,70,70,70,70,70,70,70,70,70,70,70,66,66,66,66,66,66,66,66],"card_choices":[{"not_picked":["Runesmith:UnstableHammer","Runesmith:HeatedChisel"],"picked":"Runesmith:EarthShield","floor":1},{"not_picked":["Runesmith:Repurpose","Runesmith:DoubleUp"],"picked":"Runesmith:CreatorForm","floor":7},{"not_picked":["Runesmith:RuneHurl","Runesmith:HeatedChisel"],"picked":"Runesmith:BackupBattery","floor":13},{"not_picked":["Runesmith:Duplicate","Runesmith:CreatorForm"],"picked":"Runesmith:GrandSlam","floor":16},{"not_picked":["Runesmith:HammerAndChisel","Runesmith:CraftProtectio"],"picked":"Runesmith:Grindstone","floor":18},{"not_picked":["Runesmith:UnstableHammer","Runesmith:NegativeSpace+1"],"picked":"Runesmith:CraftProtectio+1","floor":19},{"not_picked":["Runesmith:Malloc","Runesmith:Overpower+1"],"picked":"Runesmith:HammerThrow","floor":24},{"not_picked":["Runesmith:ArcReactor","Runesmith:ShiftingStrike"],"picked":"Runesmith:BackupBattery+1","floor":27},{"not_picked":["Runesmith:ElementalConversion","Runesmith:Grindstone"],"picked":"Runesmith:DoubleUp","floor":30},{"not_picked":["Runesmith:Firewall","Runesmith:HeatedChisel"],"picked":"Runesmith:EnergizedChisel","floor":31},{"not_picked":["Runesmith:FissionHammer","Runesmith:Duplicate"],"picked":"Runesmith:CreatorForm","floor":33},{"not_picked":["Runesmith:Overpower+1","Runesmith:StaticCage"],"picked":"Runesmith:ChiselStab+1","floor":35},{"not_picked":["Runesmith:ShiftingStrike+1","Runesmith:ChiselStab+1"],"picked":"Runesmith:EarthShield","floor":39},{"not_picked":["Runesmith:UnstableHammer","Runesmith:Discharge+1"],"picked":"Runesmith:HeatedChisel+1","floor":41},{"not_picked":["Runesmith:PerfectChisel","Runesmith:CraftProtectio"],"picked":"Runesmith:LithiumIon+1","floor":42},{"not_picked":["Runesmith:PerfectChisel","Runesmith:Augment+1"],"picked":"Runesmith:Firestorm","floor":45}],"player_experience":1163954,"relics_obtained":[{"floor":4,"key":"Replay:Baseball"},{"floor":9,"key":"hubris:BottledRain"},{"floor":10,"key":"hubris:SlimyHat"},{"floor":22,"key":"Bronze Scales"},{"floor":26,"key":"Omamori"},{"floor":27,"key":"Bag of Marbles"},{"floor":42,"key":"Blue Doll"},{"floor":43,"key":"Pet Ghost"},{"floor":45,"key":"Gambling Chip"}],"event_choices":[{"damage_healed":0,"gold_gain":175,"player_choice":"AGREE","damage_taken":0,"max_hp_gain":0,"max_hp_loss":0,"event_name":"Liars Game","floor":3,"gold_loss":0,"cards_obtained":["Doubt"]},{"damage_healed":0,"gold_gain":0,"player_choice":"Gave Potion","damage_taken":0,"relics_obtained":["Bird Faced Urn"],"max_hp_gain":0,"max_hp_loss":0,"event_name":"WeMeetAgain","floor":20,"gold_loss":0},{"cards_removed":["Doubt"],"damage_healed":0,"gold_gain":0,"player_choice":"Removed Curses","damage_taken":0,"max_hp_gain":0,"max_hp_loss":0,"event_name":"Fountain of Cleansing","floor":21,"gold_loss":0},{"damage_healed":0,"gold_gain":0,"player_choice":"Got Potions","damage_taken":0,"max_hp_gain":0,"max_hp_loss":0,"event_name":"Lab","floor":28,"gold_loss":0},{"damage_healed":0,"gold_gain":0,"player_choice":"1 cards matched","damage_taken":0,"max_hp_gain":0,"max_hp_loss":0,"event_name":"Match and Keep!","floor":38,"gold_loss":0,"cards_obtained":["Runesmith:Fortify"]},{"damage_healed":0,"gold_gain":0,"player_choice":"Fight","damage_taken":0,"max_hp_gain":0,"max_hp_loss":0,"event_name":"MindBloom","floor":45,"gold_loss":0},{"cards_removed":["Apotheosis"],"damage_healed":0,"gold_gain":0,"player_choice":"Take \u0026 Give","damage_taken":0,"max_hp_gain":0,"max_hp_loss":0,"event_name":"betterNote:BetterNote","floor":48,"gold_loss":0,"cards_obtained":["Rampage"]}],"is_beta":false,"boss_relics":[{"not_picked":["Honey Jar","Replay:Fungal Core","halation:MonkeysPaw"]},{"not_picked":["aspiration:WatcherSkillbook","halation:PinkAlligatorPlush"],"picked":"Cursed Key"}],"items_purged_floors":[],"is_endless":false,"potions_floor_spawned":[7,16,24,30,35,41,42],"killed_by":"Time Eater","ascension_level":0}}