{"host":"b3qi48j7z53ln4gi","time":1610287511,"event":{"mods":["100% Spire Juice","2.2 Compatiblity","AchievementEnabler","Act Like it!","Aspiration","BaseMod","Better Note","Better Third Choice","BetterRewards","CapriCore","Card Forge","Colored Powertips","Curses Come First","Dota2Spire","Friendly Minions","Gensokyo","Gold Saver","GungeonMod","HololiveMod","Infinite Spire","Koishi","Minty Spire (QoL Compilation)","Permanent Neow","Prisma Mod","Reimu£¨ÚÏ???£©","Relic Stats","Remilia£¨?Ú·×é?£©","Remove Card Discount Mod","Say the Spire","Shade Mod","Shop Mod","Spicy Shops","StSLib","Td1madao Mod","The Administrix","The Construct","The Dragon Tamer","The Immortal","The Jungle","The Saiyan","The Senshi","The Servant 0.9.4","Yakumo Yukari mod","Yohane!","¡¼?Úª?ø«¡½REMEMod"],"gold_per_floor":[167,88,99,115,115,133,133,177,200,244,244],"floor_reached":10,"playtime":1626,"items_purged":["DTMod:LightShield","Yohane:Defend_Grey","Yohane:Defend_Grey","Yohane:Strike_Grey","Yohane:Defend_Grey","Yohane:Strike_Grey"],"score":153,"play_id":"e62b0bff-fab5-4683-b550-4fd052c2fd86","local_time":"20210110230511","is_ascension_mode":false,"campfire_choices":[{"data":"infinitespire:Oblivion","floor":7,"key":"SMITH"}],"circlet_count":0,"master_deck":["Yohane:Strike_Grey+1","Yohane:Strike_Grey","Yohane:Defend_Grey+1","Yohane:Little_Demon_Lily","Yohane:Well_Laid_Ambush+1","Yohane:Grace_Under_Fire+1","PrismaMod:IllyaInstallAlterEgo","infinitespire:FutureSight","infinitespire:Oblivion+1","Yohane:Mijuku_Dreamer","Yohane:Hakodate","Yohane:Culinary_Genius"],"relics":["Yohane:AngelWings","Hammer of Thor","Seething Fire","Anvil of the Gods","REME_ComplimentaryCards","DemoMod:SerJunkan","Dota2Spire:OctarineCore","DemoMod:VorpalBullet","Sling","Golden Idol","DemoMod:GlassGuonStoneRelic","DemoMod:Junk"],"acts_visited":["Exordium"],"potions_floor_usage":[8,8,8],"damage_taken":[{"damage":2,"enemies":"2 Louse","floor":1,"turns":3},{"damage":0,"enemies":"Small Slimes","floor":3,"turns":2},{"damage":0,"enemies":"Cultist","floor":4,"turns":3},{"damage":6,"enemies":"Looter","floor":6,"turns":2},{"damage":0,"enemies":"Lagavulin","floor":8,"turns":2},{"damage":0,"enemies":"Gremlin Nob","floor":10,"turns":2}],"seed_played":"1261303494986935683","potions_obtained":[{"floor":1,"key":"Regen Potion"},{"floor":4,"key":"DemoMod:LeadSkinPotion"},{"floor":6,"key":"Dota2Spire:Clarity"}],"is_trial":false,"path_per_floor":["M","$","M","M","?","M","R","E","T","E"],"character_chosen":"FallenAngel","items_purchased":["DemoMod:SerJunkan","DemoMod:VorpalBullet","Sling"],"campfire_rested":0,"item_purchase_floors":[0,0,2],"current_hp_per_floor":[58,58,58,58,43,37,37,42,42,42,42],"gold":244,"neow_bonus":"","is_daily":false,"chose_seed":false,"campfire_upgraded":1,"win_rate":0.0,"timestamp":1610287511,"path_taken":["M","$","M","M","?","M","R","E","T","E"],"items_purchased_type":["Relic","Relic","Relic"],"build_version":"2020-12-22","purchased_purges":6,"victory":false,"max_hp_per_floor":[60,60,60,60,60,60,60,60,60,60,60],"relic_stats":{"counters":[36,99],"Golden Idol":22,"obtain_stats":[{"infinitespire:BottledMercury":8,"DemoMod:BlueGuonStone":27,"Gremlin Horn":44,"Dota2Spire:ArmletOfMordiggian":23,"FairyMaid":3,"aspiration:TomeofQuesting":36,"DemoMod:GlassGuonStoneRelic":2,"Sling":2,"ScarletHat":0,"PrismaMod:PrismaTraceOn":0,"Blood Vial":48,"Centennial Puzzle":43,"PrismaMod:PrismaTraceOnUpgrade":51,"DollysMirror":48,"HandDrill":36,"DemoMod:Junk":8,"aspiration:Nostalgia":0,"Golden Idol":5,"Dota2Spire:Dagon":9,"aspiration:RunicSpoon":17,"Letter Opener":13,"Shuriken":19,"DemoMod:SerJunkan":0,"Coffee Dripper":34,"Dota2Spire:OctarineCore":0,"DemoMod:VorpalBullet":0,"REME_ComplimentaryCards":0},{"infinitespire:BottledMercury":5,"DemoMod:BlueGuonStone":17,"Gremlin Horn":26,"Dota2Spire:ArmletOfMordiggian":15,"FairyMaid":2,"aspiration:TomeofQuesting":21,"DemoMod:GlassGuonStoneRelic":2,"Sling":31,"ScarletHat":0,"PrismaMod:PrismaTraceOn":0,"Blood Vial":27,"Centennial Puzzle":25,"PrismaMod:PrismaTraceOnUpgrade":28,"DollysMirror":27,"HandDrill":21,"DemoMod:Junk":35,"aspiration:Nostalgia":0,"Golden Idol":33,"Dota2Spire:Dagon":5,"aspiration:RunicSpoon":10,"Letter Opener":8,"Shuriken":11,"DemoMod:SerJunkan":30,"Coffee Dripper":20,"Dota2Spire:OctarineCore":30,"DemoMod:VorpalBullet":30,"REME_ComplimentaryCards":0},{"infinitespire:BottledMercury":9,"DemoMod:BlueGuonStone":45,"Gremlin Horn":77,"Dota2Spire:ArmletOfMordiggian":39,"FairyMaid":4,"aspiration:TomeofQuesting":60,"DemoMod:GlassGuonStoneRelic":4,"Sling":88,"ScarletHat":0,"PrismaMod:PrismaTraceOn":0,"Blood Vial":79,"Centennial Puzzle":72,"PrismaMod:PrismaTraceOnUpgrade":82,"DollysMirror":79,"HandDrill":60,"DemoMod:Junk":97,"aspiration:Nostalgia":0,"Golden Idol":93,"Dota2Spire:Dagon":9,"aspiration:RunicSpoon":23,"Letter Opener":17,"Shuriken":26,"DemoMod:SerJunkan":85,"Coffee Dripper":55,"Dota2Spire:OctarineCore":85,"DemoMod:VorpalBullet":85,"REME_ComplimentaryCards":0}]},"card_choices":[{"not_picked":["Yohane:Angel_Tears","Yohane:Miracle_Wave","Yohane:Backfoot"],"picked":"SKIP","floor":1},{"not_picked":["Yohane:Academic_Prowess","Yohane:Dark_Rest"],"picked":"Yohane:Mijuku_Dreamer","floor":3},{"not_picked":["Yohane:Misfortune","Yohane:Energy_Change","Yohane:Fallen_Dragon_Phoenix_Hold"],"picked":"SKIP","floor":4},{"not_picked":["Yohane:Dark_Shield","Yohane:Academic_Prowess"],"picked":"Yohane:Hakodate","floor":6},{"not_picked":["Yohane:Envious","Yohane:Unstable_World","Yohane:Adept_Technology"],"picked":"SKIP","floor":8},{"not_picked":["Yohane:Hell_Zone","Yohane:Yousoro"],"picked":"Yohane:Culinary_Genius","floor":10}],"player_experience":121002,"relics_obtained":[{"floor":8,"key":"DemoMod:Junk"},{"floor":10,"key":"DemoMod:Junk"}],"event_choices":[{"damage_healed":0,"gold_gain":0,"player_choice":"Take Damage","damage_taken":15,"relics_obtained":["Golden Idol"],"max_hp_gain":0,"max_hp_loss":0,"event_name":"Golden Idol","floor":5,"gold_loss":0}],"is_beta":false,"boss_relics":[],"items_purged_floors":[0,0,0,0,2,2],"is_endless":false,"potions_floor_spawned":[1,4,6],"killed_by":"Gremlin Nob","ascension_level":0}}