{"host":"yptvp0rjza9g9li7","time":1610258340,"event":{"mods":["AchievementEnabler","BaseMod","Colored Map","Colored Powertips","DeckTracker","Minty Spire (QoL Compilation)","SuperFastMode"],"gold_per_floor":[366,384,484,502,73,73,88,38,38,38,38],"floor_reached":10,"playtime":205,"items_purged":[],"score":58,"play_id":"49eaee50-857b-43fc-9622-de4e6871b5a4","local_time":"20210110145900","is_ascension_mode":false,"campfire_choices":[{"data":"Searing Blow","floor":6,"key":"SMITH"}],"circlet_count":0,"master_deck":["Strike_R","Strike_R","Strike_R","Strike_R","Defend_R","Defend_R","Defend_R","Defend_R","Bash","Searing Blow+1","Inflame","Evolve","Double Tap","Feel No Pain","Combust"],"relics":["Burning Blood","Sundial","Gambling Chip"],"acts_visited":["Exordium"],"potions_floor_usage":[10],"damage_taken":[{"damage":0,"enemies":"2 Louse","floor":1,"turns":2},{"damage":1,"enemies":"Cultist","floor":2,"turns":3},{"damage":13,"enemies":"Jaw Worm","floor":4,"turns":4},{"damage":31,"enemies":"Exordium Wildlife","floor":7,"turns":5},{"damage":39,"enemies":"3 Sentries","floor":10,"turns":4}],"seed_played":"6680549681636401218","potions_obtained":[{"floor":2,"key":"Energy Potion"}],"is_trial":false,"path_per_floor":["M","M","?","M","$","R","M","?","T","E"],"character_chosen":"IRONCLAD","items_purchased":["Double Tap","Feel No Pain","Sundial"],"campfire_rested":0,"item_purchase_floors":[5,5,5],"current_hp_per_floor":[62,67,67,60,60,60,35,35,35,0,0],"gold":38,"neow_bonus":"TWO_FIFTY_GOLD","is_daily":false,"chose_seed":false,"campfire_upgraded":1,"win_rate":0.0,"timestamp":1610258340,"path_taken":["M","M","?","?","$","R","M","?","T","E"],"items_purchased_type":["Card","Card","Relic"],"build_version":"2020-12-22","purchased_purges":0,"victory":false,"max_hp_per_floor":[80,80,80,80,80,80,80,80,80,80,80],"card_choices":[{"not_picked":["Heavy Blade","Pommel Strike"],"picked":"Searing Blow","floor":1},{"not_picked":["Pommel Strike","Bloodletting"],"picked":"Inflame","floor":2},{"not_picked":["Clash","Cleave"],"picked":"Evolve","floor":4},{"not_picked":["Blood for Blood","Battle Trance"],"picked":"Combust","floor":7}],"player_experience":187421,"relics_obtained":[{"floor":9,"key":"Gambling Chip"}],"event_choices":[{"damage_healed":0,"gold_gain":100,"player_choice":"Pray","damage_taken":0,"max_hp_gain":0,"max_hp_loss":0,"event_name":"Golden Shrine","floor":3,"gold_loss":0},{"cards_removed":["Strike_R"],"damage_healed":0,"gold_gain":0,"player_choice":"Card Removal","damage_taken":0,"max_hp_gain":0,"max_hp_loss":0,"event_name":"The Cleric","floor":8,"gold_loss":50}],"is_beta":false,"boss_relics":[],"items_purged_floors":[],"is_endless":false,"potions_floor_spawned":[2],"killed_by":"3 Sentries","ascension_level":0}}