{"host":"skvwuvqqk8x6jusd","time":1610303370,"event":{"mods":["AchievementEnabler","BaseMod","Colored Map","Colored Powertips","Highlight Path","Minty Spire (QoL Compilation)","Relic Stats","Slay-I"],"gold_per_floor":[361,379,379,390,401,401,110,110,110,123,123,140,157,171,171,268,268,281,281,127,127,140,140,168,185,212,87,97,30,30,40,40,143,143,159,178,178,178,198,198,198,198,222,131,131,131,79,96,96,96],"floor_reached":51,"playtime":3817,"items_purged":["Strike_R","Strike_R","Bash"],"score":634,"play_id":"64a88af1-87a7-4c5a-a187-80b7546f2b25","local_time":"20210110182930","is_ascension_mode":false,"campfire_choices":[{"data":"Body Slam","floor":6.0,"key":"SMITH"},{"data":"Mayhem","floor":11.0,"key":"SMITH"},{"data":"Entrench","floor":15.0,"key":"SMITH"},{"data":"Brutality","floor":23.0,"key":"SMITH"},{"data":"True Grit","floor":30.0,"key":"SMITH"},{"data":"Entrench","floor":32.0,"key":"SMITH"},{"data":"Barricade","floor":40.0,"key":"SMITH"},{"data":"Shrug It Off","floor":42.0,"key":"SMITH"},{"data":"PanicButton","floor":45.0,"key":"SMITH"},{"floor":49.0,"key":"REST"}],"circlet_count":0,"master_deck":["Defend_R","Defend_R","Defend_R","Body Slam+1","Armaments+1","Battle Trance","Shrug It Off+1","Mayhem+1","Entrench+1","Headbutt","Shrug It Off","Brutality+1","Ghostly Armor","Ghostly Armor","True Grit+1","Entrench+1","Barricade+1","PanicButton+1"],"relics":["Burning Blood"],"acts_visited":["Exordium","TheCity","TheBeyond"],"potions_floor_usage":[50,50,50],"damage_taken":[{"damage":3.0,"enemies":"Jaw Worm","floor":1.0,"turns":4.0},{"damage":6.0,"enemies":"2 Louse","floor":2.0,"turns":3.0},{"damage":0.0,"enemies":"Cultist","floor":4.0,"turns":3.0},{"damage":39.0,"enemies":"Exordium Thugs","floor":5.0,"turns":6.0},{"damage":0.0,"enemies":"Looter","floor":10.0,"turns":3.0},{"damage":0.0,"enemies":"Blue Slaver","floor":12.0,"turns":3.0},{"damage":0.0,"enemies":"Exordium Thugs","floor":13.0,"turns":4.0},{"damage":0.0,"enemies":"Gremlin Gang","floor":14.0,"turns":6.0},{"damage":9.0,"enemies":"The Guardian","floor":16.0,"turns":11.0},{"damage":0.0,"enemies":"Spheric Guardian","floor":18.0,"turns":4.0},{"damage":3.0,"enemies":"Shell Parasite","floor":22.0,"turns":5.0},{"damage":15.0,"enemies":"Book of Stabbing","floor":24.0,"turns":9.0},{"damage":8.0,"enemies":"Snecko","floor":25.0,"turns":9.0},{"damage":9.0,"enemies":"Shelled Parasite and Fungi","floor":28.0,"turns":7.0},{"damage":4.0,"enemies":"3 Cultists","floor":31.0,"turns":5.0},{"damage":31.0,"enemies":"Collector","floor":33.0,"turns":11.0},{"damage":4.0,"enemies":"Orb Walker","floor":35.0,"turns":5.0},{"damage":23.0,"enemies":"3 Darklings","floor":36.0,"turns":10.0},{"damage":5.0,"enemies":"Jaw Worm Horde","floor":39.0,"turns":6.0},{"damage":15.0,"enemies":"4 Shapes","floor":48.0,"turns":6.0},{"damage":12,"enemies":"Awakened One","floor":50,"turns":6}],"seed_played":"-9007270337578062568","potions_obtained":[{"floor":2.0,"key":"BloodPotion"},{"floor":5.0,"key":"Block Potion"},{"floor":10.0,"key":"Fire Potion"},{"floor":12.0,"key":"Swift Potion"},{"floor":16.0,"key":"Weak Potion"},{"floor":24.0,"key":"Explosive Potion"},{"floor":25.0,"key":"Fire Potion"},{"floor":33.0,"key":"Swift Potion"},{"floor":48.0,"key":"Ancient Potion"}],"is_trial":false,"path_per_floor":["M","M","?","M","M","R","$","?","T","M","R","M","M","M","R","B",null,"M","?","$","?","M","R","E","M","T","$","M","$","R","M","R","B",null,"M","M","?","?","M","R","T","R","T","$","R","?","$","M","R","B",null],"character_chosen":"IRONCLAD","items_purchased":["Shrug It Off","Mayhem","Shrug It Off","Entrench","PanicButton","Block Potion"],"campfire_rested":1,"item_purchase_floors":[7,7,20,29,44,47],"current_hp_per_floor":[59,59,59,65,48,48,48,48,48,54,54,60,66,72,72,69,80,80,80,80,80,80,80,71,69,69,69,66,66,66,68,68,43,80,80,63,63,63,64,64,64,64,64,64,64,64,64,55,79,73],"gold":96,"neow_bonus":"TWO_FIFTY_GOLD","is_daily":false,"chose_seed":false,"campfire_upgraded":9,"win_rate":0.0,"timestamp":1610303370,"path_taken":["M","M","?","M","M","R","$","?","T","M","R","M","?","M","R","BOSS","M","?","$","?","M","R","E","M","T","$","M","?","R","?","R","BOSS","M","?","?","?","M","R","?","R","T","$","R","?","$","?","R","BOSS"],"items_purchased_type":["Card","Card","Card","Card","Card","Potion"],"build_version":"2020-12-22","purchased_purges":3,"victory":true,"max_hp_per_floor":[80,80,80,80,80,80,80,80,80,80,80,80,80,80,80,80,80,80,80,80,80,80,80,80,80,80,80,80,80,80,80,80,80,80,80,80,80,80,80,80,80,80,80,80,80,80,80,80,80,80],"relic_stats":{"counters":[21,126],"obtain_stats":[{"Burning Blood":0},{"Burning Blood":0},{"Burning Blood":0}],"Burning Blood":115},"card_choices":[{"not_picked":["Iron Wave","Dual Wield"],"picked":"Body Slam","floor":1.0},{"not_picked":["Wild Strike","Flex"],"picked":"Armaments","floor":2.0},{"not_picked":["Thunderclap","Intimidate","Evolve"],"picked":"SKIP","floor":4.0},{"not_picked":["Thunderclap","Anger"],"picked":"Battle Trance","floor":5.0},{"not_picked":["Burning Pact","Perfected Strike","Carnage"],"picked":"SKIP","floor":10.0},{"not_picked":["Whirlwind","Flex"],"picked":"Entrench","floor":12.0},{"not_picked":["Anger","Searing Blow","Warcry"],"picked":"SKIP","floor":13.0},{"not_picked":["Warcry","Wild Strike","Flex"],"picked":"SKIP","floor":14.0},{"not_picked":["Second Wind","Thunderclap+1"],"picked":"Headbutt","floor":18.0},{"not_picked":["Iron Wave+1","Bloodletting+1","Warcry+1"],"picked":"SKIP","floor":22.0},{"not_picked":["Infernal Blade","Wild Strike"],"picked":"Ghostly Armor","floor":24.0},{"not_picked":["Armaments","Battle Trance"],"picked":"True Grit","floor":25.0},{"not_picked":["Dropkick+1","Blood for Blood","Clash"],"picked":"SKIP","floor":28.0},{"not_picked":["Hemokinesis","Havoc","Second Wind+1"],"picked":"SKIP","floor":31.0},{"not_picked":["Reaper","Immolate"],"picked":"Barricade","floor":33.0},{"not_picked":["Iron Wave","Rampage+1","Twin Strike"],"picked":"SKIP","floor":35.0},{"not_picked":["True Grit","Searing Blow","Heavy Blade"],"picked":"SKIP","floor":36.0},{"not_picked":["Warcry","Shrug It Off+1","Inflame"],"picked":"SKIP","floor":39.0},{"not_picked":["Rampage","True Grit","Second Wind+1"],"picked":"SKIP","floor":48.0}],"player_experience":599465,"relics_obtained":[],"event_choices":[{"damage_healed":0.0,"max_hp_gain":0.0,"max_hp_loss":0.0,"gold_gain":0.0,"event_name":"Living Wall","player_choice":"Grow","floor":3.0,"gold_loss":0.0,"damage_taken":0.0,"cards_upgraded":["Armaments"]},{"cards_removed":["Strike_R"],"damage_healed":0.0,"max_hp_gain":0.0,"max_hp_loss":0.0,"gold_gain":0.0,"event_name":"Bonfire Elementals","player_choice":"Offered Basic","floor":8.0,"gold_loss":0.0,"damage_taken":0.0},{"damage_healed":0.0,"max_hp_gain":0.0,"max_hp_loss":0.0,"gold_gain":0.0,"event_name":"Cursed Tome","player_choice":"Ignored","floor":19.0,"gold_loss":0.0,"damage_taken":0.0},{"damage_healed":0.0,"max_hp_gain":0.0,"max_hp_loss":0.0,"gold_gain":0.0,"cards_transformed":["Strike_R","Strike_R"],"event_name":"Drug Dealer","player_choice":"Became Test Subject","floor":21.0,"gold_loss":0.0,"damage_taken":0.0,"cards_obtained":["Brutality","Ghostly Armor"]},{"damage_healed":0.0,"max_hp_gain":0.0,"max_hp_loss":0.0,"gold_gain":0.0,"event_name":"SensoryStone","player_choice":"Memory 1","floor":37.0,"gold_loss":0.0,"damage_taken":0.0},{"cards_removed":["Defend_R"],"damage_healed":0.0,"max_hp_gain":0.0,"max_hp_loss":0.0,"gold_gain":0.0,"event_name":"Falling","player_choice":"Removed Skill","floor":38.0,"gold_loss":0.0,"damage_taken":0.0},{"damage_healed":0.0,"max_hp_gain":0.0,"max_hp_loss":0.0,"gold_gain":0.0,"event_name":"Wheel of Change","player_choice":"Relic","floor":46.0,"gold_loss":0.0,"damage_taken":0.0}],"is_beta":false,"boss_relics":[{"not_picked":["Velvet Choker","Cursed Key","Coffee Dripper"]},{"not_picked":["Runic Cube","SlaversCollar","Mark of Pain"]}],"items_purged_floors":[7,20,27],"is_endless":false,"potions_floor_spawned":[2,5,10,12,16,24,25,33,48],"ascension_level":0}}