{"host":"gvmmh8a4dbuurnvz","time":1610273785,"event":{"mods":["AchievementEnabler","Aspiration","BaseMod","Better Vampires","BetterRewards","Colored Powertips","Highlight Path","Minty Spire (QoL Compilation)","Spicy Shops","StSLib","¡¾ÒÅÎï¿¨ÅÆ¡¿REMEMod"],"gold_per_floor":[115,135,150,1,15,15,45,61,87,87,12,12,25,25,25,121,121,132,148,148,247,12,12,12,26,26,46,46,64,64,92,92,194,194,194,194,164,179,197,215,127,127,200,51,67,79,105,118,118,118],"floor_reached":51,"playtime":2430,"items_purged":["Strike_P","Defend_P","Defend_P","Defend_P"],"score":901,"play_id":"dafd8dab-eb58-4b58-97b1-37cff2c71f35","local_time":"20210110181625","is_ascension_mode":false,"campfire_choices":[{"data":"Eruption","floor":6.0,"key":"SMITH"},{"floor":12.0,"key":"REST"},{"floor":15.0,"key":"REST"},{"data":"MentalFortress","floor":23.0,"key":"SMITH"},{"floor":30.0,"key":"REST"},{"data":"InnerPeace","floor":32.0,"key":"SMITH"},{"data":"Master of Strategy","floor":42,"key":"SMITH"},{"data":"Strike_P","floor":49,"key":"SMITH"}],"circlet_count":0,"master_deck":["Strike_P+1","Eruption+1","Vigilance+1","Judgement+1","InnerPeace+1","MentalFortress+1","Adaptation+1","Offering+1","Limit Break+1","Rupture+1","Master of Strategy+1"],"relics":["PureWater","REME_ComplimentaryCards","CloakClasp","Membership Card","aspiration:StickyExplosives_weak","REME_HandOfSuture","Shuriken","War Paint","aspiration:IroncladSkillbook","FossilizedHelix","PrismaticShard","Gremlin Horn","Bag of Marbles","Astrolabe","Eternal Feather","REME_CardOfGreed","CaptainsWheel"],"acts_visited":["Exordium","TheCity","TheBeyond"],"potions_floor_usage":[45,50,50],"damage_taken":[{"damage":0.0,"enemies":"2 Louse","floor":1.0,"turns":2.0},{"damage":0.0,"enemies":"Cultist","floor":2.0,"turns":1.0},{"damage":0.0,"enemies":"Small Slimes","floor":3.0,"turns":2.0},{"damage":9.0,"enemies":"3 Louse","floor":5.0,"turns":2.0},{"damage":38.0,"enemies":"Lagavulin","floor":7.0,"turns":6.0},{"damage":0.0,"enemies":"2 Fungi Beasts","floor":8.0,"turns":2.0},{"damage":3.0,"enemies":"Large Slime","floor":13.0,"turns":5.0},{"damage":29.0,"enemies":"The Guardian","floor":16.0,"turns":12.0},{"damage":12.0,"enemies":"2 Thieves","floor":18.0,"turns":3.0},{"damage":12.0,"enemies":"3 Byrds","floor":19.0,"turns":3.0},{"damage":0.0,"enemies":"Snecko","floor":25.0,"turns":4.0},{"damage":0.0,"enemies":"Centurion and Healer","floor":27.0,"turns":3.0},{"damage":0.0,"enemies":"Sentry and Sphere","floor":29.0,"turns":2.0},{"damage":4.0,"enemies":"Slavers","floor":31.0,"turns":5.0},{"damage":33.0,"enemies":"Automaton","floor":33.0,"turns":8.0},{"damage":0.0,"enemies":"Orb Walker","floor":35.0,"turns":1.0},{"damage":0.0,"enemies":"3 Shapes","floor":38.0,"turns":1.0},{"damage":0.0,"enemies":"Transient","floor":39.0,"turns":1.0},{"damage":0,"enemies":"Sphere and 2 Shapes","floor":40,"turns":1},{"damage":0,"enemies":"Writhing Mass","floor":45,"turns":1},{"damage":0,"enemies":"Transient","floor":46,"turns":1},{"damage":0,"enemies":"Reptomancer","floor":47,"turns":1},{"damage":0,"enemies":"3 Darklings","floor":48,"turns":1},{"damage":0,"enemies":"Awakened One","floor":50,"turns":2}],"seed_played":"-3821966906078656365","potions_obtained":[{"floor":1.0,"key":"BlessingOfTheForge"},{"floor":7.0,"key":"ColorlessPotion"},{"floor":8.0,"key":"SteroidPotion"},{"floor":13.0,"key":"Ancient Potion"},{"floor":16.0,"key":"LiquidMemories"},{"floor":18.0,"key":"BottledMiracle"},{"floor":31.0,"key":"SmokeBomb"},{"floor":33.0,"key":"PowerPotion"},{"floor":37.0,"key":"DuplicationPotion"},{"floor":37.0,"key":"Strength Potion"},{"floor":38.0,"key":"Fruit Juice"},{"floor":40,"key":"ColorlessPotion"},{"floor":45,"key":"ColorlessPotion"}],"is_trial":false,"path_per_floor":["M","M","M","$","M","R","E","M","T","?","$","R","M","$","R","B",null,"M","M","?","?","$","R","?","M","T","M","?","M","R","E","R","B",null,"M","?","?","M","M","M","$","R","T","$","M","M","E","M","R","B",null],"character_chosen":"WATCHER","items_purchased":["Membership Card","War Paint","FossilizedHelix","Swift Potion","REME_CardOfGreed"],"campfire_rested":3,"item_purchase_floors":[4,11,22,41,44],"current_hp_per_floor":[65,65,65,65,56,56,18,18,18,18,18,37,34,34,53,24,65,57,49,49,49,49,49,41,45,45,49,38,42,63,63,63,34,70,70,70,70,75,75,75,75,75,75,75,75,75,75,75,75,75],"gold":118,"neow_bonus":"ONE_RARE_RELIC","is_daily":false,"chose_seed":false,"campfire_upgraded":5,"win_rate":0.0,"timestamp":1610273785,"path_taken":["M","M","M","$","M","R","E","M","T","?","?","R","?","$","R","BOSS","M","M","?","?","$","R","?","M","T","M","?","M","R","E","R","BOSS","M","?","?","M","?","M","$","R","T","$","M","M","E","M","R","BOSS"],"items_purchased_type":["Relic","Relic","Relic","Potion","Relic"],"build_version":"2020-12-22","purchased_purges":4,"victory":true,"max_hp_per_floor":[65,65,65,65,65,65,65,65,65,65,65,65,65,65,65,65,65,65,65,65,65,65,65,65,65,65,65,70,70,70,70,70,70,70,70,70,70,75,75,75,75,75,75,75,75,75,75,75,75,75],"card_choices":[{"not_picked":["Perseverance","ClearTheMind","Prostrate"],"picked":"SKIP","floor":1.0},{"not_picked":["Pray","Perseverance"],"picked":"InnerPeace","floor":2.0},{"not_picked":["FlyingSleeves","ThirdEye","FollowUp"],"picked":"SKIP","floor":3.0},{"not_picked":["Crescendo","ThirdEye","Vengeance"],"picked":"SKIP","floor":5.0},{"not_picked":["FlyingSleeves","Halt","BowlingBash"],"picked":"SKIP","floor":7.0},{"not_picked":["CutThroughFate","Conclude"],"picked":"MentalFortress","floor":8.0},{"not_picked":["REME_WorshipGod","ThirdEye","FearNoEvil"],"picked":"SKIP","floor":13.0},{"not_picked":["Body Slam+1","Perfected Strike","ClearTheMind","Shrug It Off"],"picked":"SKIP","floor":18.0},{"not_picked":["Shrug It Off","Rupture","Headbutt","Body Slam"],"picked":"SKIP","floor":19.0},{"not_picked":["Envenom","EmptyBody","LikeWater","Crippling Poison"],"picked":"SKIP","floor":25.0},{"not_picked":["Streamline","Steam","JustLucky","Sucker Punch+1"],"picked":"SKIP","floor":27.0},{"not_picked":["Go for the Eyes","Sword Boomerang","Corpse Explosion","Crescendo"],"picked":"SKIP","floor":29.0},{"not_picked":["Footwork","CutThroughFate","Steam Power"],"picked":"Adaptation+1","floor":31.0},{"not_picked":["Thinking Ahead","Bandage Up","REME_BodyOfCthun"],"picked":"Master of Strategy","floor":36.0},{"not_picked":["Backflip","Turbo+1","Accuracy+1","Prostrate+1"],"picked":"SKIP","floor":38.0},{"not_picked":["Slice","Quick Slash","FearNoEvil+1","REME_SelfUpgrade"],"picked":"SKIP","floor":39.0},{"not_picked":["Armaments","CrushJoints+1","REME_Repentance+1","Prostrate+1"],"picked":"SKIP","floor":40},{"not_picked":["CarveReality+1","Creative AI","Dash+1","Leap+1"],"picked":"SKIP","floor":45},{"not_picked":["Twin Strike+1","ThirdEye+1","Inflame+1","Creative AI"],"picked":"SKIP","floor":46},{"not_picked":["Bouncing Flask","Streamline+1","Heavy Blade","REME_SelfUpgrade"],"picked":"SKIP","floor":47},{"not_picked":["Crescendo","ThirdEye","Clothesline+1","Steam"],"picked":"SKIP","floor":48}],"player_experience":262555,"relics_obtained":[{"floor":7.0,"key":"aspiration:StickyExplosives_weak"},{"floor":9.0,"key":"REME_HandOfSuture"},{"floor":24.0,"key":"PrismaticShard"},{"floor":26.0,"key":"Gremlin Horn"},{"floor":31.0,"key":"Bag of Marbles"},{"floor":43,"key":"Eternal Feather"},{"floor":47,"key":"CaptainsWheel"}],"event_choices":[{"damage_healed":0.0,"max_hp_gain":0.0,"max_hp_loss":0.0,"gold_gain":0.0,"event_name":"WeMeetAgain","player_choice":"Gave Potion","floor":10.0,"gold_loss":0.0,"damage_taken":0.0,"relics_obtained":["Shuriken"]},{"damage_healed":0.0,"max_hp_gain":0.0,"max_hp_loss":0.0,"gold_gain":0.0,"event_name":"Vampires","player_choice":"Ignored","floor":20.0,"gold_loss":0.0,"damage_taken":0.0},{"damage_healed":0.0,"max_hp_gain":0.0,"max_hp_loss":0.0,"gold_gain":99.0,"event_name":"Nest","player_choice":"Stole From Cult","floor":21.0,"gold_loss":0.0,"damage_taken":0.0},{"damage_healed":0.0,"max_hp_gain":5.0,"max_hp_loss":0.0,"gold_gain":0.0,"event_name":"Forgotten Altar","player_choice":"Shed Blood","floor":28.0,"gold_loss":0.0,"damage_taken":16.0},{"damage_healed":0.0,"max_hp_gain":0.0,"max_hp_loss":0.0,"gold_gain":0.0,"event_name":"SensoryStone","player_choice":"Memory 1","floor":36.0,"gold_loss":0.0,"damage_taken":0.0},{"damage_healed":0.0,"max_hp_gain":0.0,"max_hp_loss":0.0,"gold_gain":0.0,"event_name":"The Woman in Blue","player_choice":"Bought 2 Potions","floor":37.0,"gold_loss":0.0,"damage_taken":0.0}],"is_beta":false,"boss_relics":[{"not_picked":["Tiny House","aspiration:SilentSkillbook"],"picked":"aspiration:IroncladSkillbook"},{"not_picked":["Pandora\u0027s Box","REME_LowDesire"],"picked":"Astrolabe"}],"items_purged_floors":[22,22,41,44],"is_endless":false,"potions_floor_spawned":[1,7,8,13,16,18,31,33,38,40,45],"ascension_level":0}}