{"host":"wbdly04l9mkn9nrc","time":1610264584,"event":{"mods":["AchievementEnabler","BaseMod","BetterRewards","Minty Spire (QoL Compilation)","Replay The Spire","StSLib","[IsaacMod]ÒÔÈö¼âËþ"],"gold_per_floor":[111,111,111,68,87,113,113,142,142,155,178,200,223,248,248,352,361,389,411,166,106,106,106,106,106,106,142,160,36,36,54,54,159,159,181,194,203,11,11,46,46,75,151,151,71,90,103,120,120,120],"floor_reached":51,"playtime":2863,"items_purged":["Strike_P","Defend_P"],"score":1198,"play_id":"1cf04e03-5d0a-4d07-9b51-c4835d9d7cb5","local_time":"20210110154304","is_ascension_mode":true,"campfire_choices":[{"data":"Eruption","floor":7.0,"key":"SMITH"},{"floor":15.0,"key":"REST"},{"data":"Devotion","floor":23.0,"key":"SMITH"},{"data":"Collect","floor":25.0,"key":"SMITH"},{"data":"TalkToTheHand","floor":32.0,"key":"SMITH"},{"data":"Discovery","floor":41.0,"key":"SMITH"},{"floor":49,"key":"REST"}],"circlet_count":0,"master_deck":["Strike_P","Strike_P","Defend_P","Defend_P","Eruption+1","Vigilance","SashWhip+1","SandsOfTime+1","Indignation+1","ThirdEye","Sanctity","ClearTheMind","Tantrum","CrushJoints","CutThroughFate","Collect+1","InnerPeace","Devotion+1","Brilliance","EmptyBody","ReachHeaven","Worship+1","TalkToTheHand+1","SpiritShield","Protect","Scrawl","Prostrate+1","Discovery+1","DeusExMachina+1","Replay:DivineShield+1","Wallop+1"],"relics":["HolyWater","HushsDoor","SatanicBible","Pet Ghost","Bag of Marbles","Vajra","The Courier","CeramicFish","Replay:Accelerometer","Onion Ring","Torii","Replay:Purple Gloves","Blue Doll","SharpPlug","Pen Nib","Lantern","Replay:Bronze Core","Damaru","Ring of Misfortune","Ring of Fury","GuppysTail","Omamori","Ornamental Fan"],"acts_visited":["Exordium","TheCity","TheBeyond"],"potions_floor_usage":[50,50],"damage_taken":[{"damage":0.0,"enemies":"2 Louse","floor":1.0,"turns":2.0},{"damage":0.0,"enemies":"Small Slimes","floor":5.0,"turns":1.0},{"damage":0.0,"enemies":"Lagavulin","floor":6.0,"turns":3.0},{"damage":5.0,"enemies":"3 Sentries","floor":8.0,"turns":3.0},{"damage":0.0,"enemies":"Cultist","floor":10.0,"turns":2.0},{"damage":0.0,"enemies":"Blue Slaver","floor":11.0,"turns":1.0},{"damage":0.0,"enemies":"Looter","floor":12.0,"turns":1.0},{"damage":0.0,"enemies":"Lots of Slimes","floor":13.0,"turns":2.0},{"damage":0.0,"enemies":"Fading Forest","floor":16.0,"turns":11.0},{"damage":1.0,"enemies":"2 Thieves","floor":18.0,"turns":2.0},{"damage":0.0,"enemies":"3 Byrds","floor":19.0,"turns":2.0},{"damage":26.0,"enemies":"Book of Stabbing","floor":27.0,"turns":4.0},{"damage":0.0,"enemies":"3 Cultists","floor":28.0,"turns":2.0},{"damage":22.0,"enemies":"Collector","floor":33.0,"turns":5.0},{"damage":0.0,"enemies":"3 Darklings","floor":35.0,"turns":2.0},{"damage":1.0,"enemies":"Orb Walker","floor":36.0,"turns":2.0},{"damage":8.0,"enemies":"Nemesis","floor":40.0,"turns":3.0},{"damage":0.0,"enemies":"Giant Head","floor":42.0,"turns":4.0},{"damage":0.0,"enemies":"Spire Growth","floor":46.0,"turns":2.0},{"damage":0.0,"enemies":"Transient","floor":47.0,"turns":5.0},{"damage":15,"enemies":"Writhing Mass","floor":48,"turns":3},{"damage":0,"enemies":"Donu and Deca","floor":50,"turns":5}],"seed_played":"101056071648101517","potions_obtained":[{"floor":1.0,"key":"Swift Potion"},{"floor":5.0,"key":"BlessingOfTheForge"},{"floor":6.0,"key":"Energy Potion"},{"floor":11.0,"key":"Venom Potion"},{"floor":27.0,"key":"Fire Potion"},{"floor":33.0,"key":"AttackPotion"},{"floor":42.0,"key":"PowerPotion"},{"floor":46.0,"key":"AttackPotion"},{"floor":47.0,"key":"Dexterity Potion"}],"is_trial":false,"path_per_floor":["M","?","?","$","M","E","R","E","T","M","M","M","M","?","R","B",null,"M","M","$","?","?","R","?","R","T","E","M","$","?","?","R","B",null,"M","M","?","$","?","E","R","E","T","?","$","M","M","M","R","B",null],"character_chosen":"WATCHER","items_purchased":["SashWhip+1","Pet Ghost","Bag of Marbles","Vajra","SandsOfTime+1","Indignation+1","ThirdEye","ClearTheMind","Brilliance","Replay:Purple Gloves","Lantern","TalkToTheHand","Damaru","DeusExMachina+1"],"campfire_rested":2,"item_purchase_floors":[0,0,0,0,0,0,0,4,17,20,29,29,38,38],"current_hp_per_floor":[40,40,40,40,40,40,40,35,35,35,35,35,35,17,38,50,64,63,63,63,63,63,63,63,63,63,37,37,37,37,37,37,15,55,55,54,54,54,54,46,46,46,46,46,46,46,46,31,50,50],"gold":120,"neow_bonus":"","is_daily":false,"chose_seed":false,"campfire_upgraded":5,"win_rate":0.0,"timestamp":1610264584,"path_taken":["M","?","?","$","M","E","R","E","T","M","M","M","?","?","R","BOSS","M","M","$","?","?","R","?","R","T","E","M","$","?","?","R","BOSS","M","M","?","$","?","E","R","E","T","?","$","M","M","M","R","BOSS"],"items_purchased_type":["Card","Relic","Relic","Relic","Card","Card","Card","Card","Card","Relic","Relic","Card","Relic","Card"],"build_version":"2020-12-22","purchased_purges":2,"victory":true,"max_hp_per_floor":[72,72,72,72,72,72,72,72,72,72,72,72,72,72,72,72,68,68,68,68,68,68,68,68,68,68,68,68,68,68,68,68,68,68,68,68,68,68,68,68,68,68,68,65,65,65,65,65,65,65],"card_choices":[{"not_picked":["FlurryOfBlows","Nirvana"],"picked":"Sanctity","floor":1.0},{"not_picked":["MentalFortress","SashWhip"],"picked":"Tantrum","floor":5.0},{"not_picked":["Bomb","Replay:AtTheReady","BowlingBash"],"picked":"SKIP","floor":6.0},{"not_picked":["Replay:DivineShield","Replay:ManipulateFuture","FollowUp"],"picked":"SKIP","floor":8.0},{"not_picked":["FlurryOfBlows","Replay:ManipulateFuture","Indignation"],"picked":"SKIP","floor":10.0},{"not_picked":["ThirdEye","Brilliance"],"picked":"CrushJoints","floor":11.0},{"not_picked":["Worship","Replay:Vibes"],"picked":"CutThroughFate","floor":12.0},{"not_picked":["Prostrate","SignatureMove"],"picked":"Collect","floor":13.0},{"not_picked":["CrushJoints","CutThroughFate"],"picked":"InnerPeace","floor":14.0},{"not_picked":["ConjureBlade","Brilliance"],"picked":"Devotion","floor":16.0},{"not_picked":["DeceiveReality","CrushJoints"],"picked":"EmptyBody","floor":18.0},{"not_picked":["Prostrate","Replay:Vibes"],"picked":"ReachHeaven","floor":19.0},{"not_picked":["Perseverance+1","Vengeance+1"],"picked":"Worship","floor":27.0},{"not_picked":["EmptyBody+1","CrushJoints+1","Study"],"picked":"SKIP","floor":28.0},{"not_picked":["SpiritShield","Replay:AllIn"],"picked":"Scrawl","floor":33.0},{"not_picked":["TalkToTheHand+1","Protect"],"picked":"Prostrate+1","floor":35.0},{"not_picked":["Replay:AtTheReady","Fasting2+1","WreathOfFlame"],"picked":"SKIP","floor":36.0},{"not_picked":["Specialist","Dark Shackles"],"picked":"Discovery","floor":37.0},{"not_picked":["Protect+1","Meditate+1"],"picked":"Replay:DivineShield+1","floor":40.0},{"not_picked":["CrushJoints+1","FlyingSleeves","JustLucky+1"],"picked":"SKIP","floor":42.0},{"not_picked":["Wireheading","WaveOfTheHand"],"picked":"Wallop+1","floor":46.0},{"not_picked":["EmptyBody+1","BowlingBash","Wallop"],"picked":"SKIP","floor":47.0},{"not_picked":["Replay:BluntJabs","JustLucky","Replay:AllIn"],"picked":"SKIP","floor":48}],"player_experience":223625,"relics_obtained":[{"floor":6.0,"key":"CeramicFish"},{"floor":8.0,"key":"Replay:Accelerometer"},{"floor":9.0,"key":"Onion Ring"},{"floor":14.0,"key":"Torii"},{"floor":26.0,"key":"SharpPlug"},{"floor":27.0,"key":"Pen Nib"},{"floor":39.0,"key":"Ring of Misfortune"},{"floor":39.0,"key":"Ring of Fury"},{"floor":40.0,"key":"GuppysTail"},{"floor":42.0,"key":"Omamori"},{"floor":43.0,"key":"Ornamental Fan"}],"event_choices":[{"damage_healed":0.0,"max_hp_gain":0.0,"max_hp_loss":0.0,"gold_gain":0.0,"event_name":"Big Fish","player_choice":"Box","floor":2.0,"gold_loss":0.0,"damage_taken":0.0,"relics_obtained":["The Courier"],"cards_obtained":["Regret"]},{"cards_removed":["Regret"],"damage_healed":0.0,"max_hp_gain":0.0,"max_hp_loss":0.0,"gold_gain":0.0,"event_name":"Living Wall","player_choice":"Forget","floor":3.0,"gold_loss":0.0,"damage_taken":0.0},{"damage_healed":0.0,"max_hp_gain":0.0,"max_hp_loss":0.0,"gold_gain":0.0,"event_name":"Vampires","player_choice":"Ignored","floor":22.0,"gold_loss":0.0,"damage_taken":0.0},{"damage_healed":0.0,"max_hp_gain":0.0,"max_hp_loss":0.0,"gold_gain":0.0,"event_name":"The Mausoleum","player_choice":"Opened","floor":24.0,"gold_loss":0.0,"damage_taken":0.0,"relics_obtained":["Blue Doll"]},{"damage_healed":0.0,"max_hp_gain":0.0,"max_hp_loss":0.0,"gold_gain":0.0,"event_name":"Accursed Blacksmith","player_choice":"Forge","floor":30.0,"gold_loss":0.0,"damage_taken":0.0,"cards_upgraded":["Worship"]},{"damage_healed":0.0,"max_hp_gain":0.0,"max_hp_loss":0.0,"gold_gain":0.0,"cards_transformed":["Strike_P","Defend_P"],"event_name":"Drug Dealer","player_choice":"Became Test Subject","floor":31.0,"gold_loss":0.0,"damage_taken":0.0,"cards_obtained":["SpiritShield","Protect"]},{"damage_healed":0.0,"max_hp_gain":0.0,"max_hp_loss":0.0,"gold_gain":0.0,"event_name":"SensoryStone","player_choice":"Memory 1","floor":37.0,"gold_loss":0.0,"damage_taken":0.0},{"damage_healed":0.0,"max_hp_gain":0.0,"max_hp_loss":3.0,"gold_gain":0.0,"event_name":"Winding Halls","player_choice":"Max HP","floor":44.0,"gold_loss":0.0,"damage_taken":0.0}],"is_beta":false,"boss_relics":[{"not_picked":["Replay:Drink Me","Ring of Chaos"],"picked":"HolyWater"},{"not_picked":[]},{"not_picked":["Honey Jar","Astrolabe"],"picked":"Replay:Bronze Core"},{"not_picked":[]}],"items_purged_floors":[0,45],"is_endless":false,"potions_floor_spawned":[1,5,6,11,27,33,42,46,47],"ascension_level":5}}