{"host":"7k7fhzlbqzyu5ijh","time":1610263097,"event":{"mods":["AchievementEnabler","BaseMod","Bestiary","Colored Powertips","Filter the Spire","Highlight Path","Minty Spire (QoL Compilation)","Potion Indicator Mod","RNG Fix","Relic Stats"],"gold_per_floor":[115,115,115,134,152,186,186,199,223,223,257,257,282,282,282,380,380,397,307,71,81,81,81,111,111,134,134,166,186,512,512,512,512,512],"floor_reached":33,"playtime":1877,"items_purged":["Strike_G"],"score":415,"play_id":"20d1607d-472c-47b0-ab3f-95cbf73f9db8","local_time":"20210110021817","is_ascension_mode":true,"campfire_choices":[{"data":"Neutralize","floor":7,"key":"SMITH"},{"data":"Dagger Spray","floor":10,"key":"SMITH"},{"data":"Backstab","floor":12,"key":"SMITH"},{"floor":15,"key":"REST"},{"data":"Blade Dance","floor":23,"key":"SMITH"},{"floor":25,"key":"REST"},{"floor":32,"key":"REST"}],"circlet_count":0,"master_deck":["Strike_G+1","Defend_G+1","Defend_G+1","Defend_G+1","Defend_G+1","Defend_G+1","Survivor","Neutralize+1","Deadly Poison+1","Masterful Stab","Flying Knee","Dagger Throw","Dagger Spray+1","Backstab+1","Cloak And Dagger","After Image","Blade Dance+1","Infinite Blades","Backflip","Blade Dance","PiercingWail+1","Accuracy+1","Envenom","Blade Dance+1"],"relics":["Ring of the Snake","NeowsBlessing","NlothsMask","Sundial","Omamori","The Courier","Runic Dome","HandDrill","MealTicket","Centennial Puzzle","Snake Skull","Old Coin"],"acts_visited":["Exordium","TheCity"],"potions_floor_usage":[11,11,16,30,30,33],"damage_taken":[{"damage":0,"enemies":"Small Slimes","floor":1,"turns":1},{"damage":0,"enemies":"Jaw Worm","floor":4,"turns":1},{"damage":0,"enemies":"Cultist","floor":5,"turns":1},{"damage":13,"enemies":"Gremlin Nob","floor":6,"turns":4},{"damage":0,"enemies":"Exordium Thugs","floor":8,"turns":4},{"damage":9,"enemies":"3 Sentries","floor":11,"turns":7},{"damage":17,"enemies":"Lagavulin","floor":13,"turns":5},{"damage":27,"enemies":"Hexaghost","floor":16,"turns":10},{"damage":3,"enemies":"Spheric Guardian","floor":18,"turns":5},{"damage":0,"enemies":"3 Byrds","floor":21,"turns":4},{"damage":16,"enemies":"Slavers","floor":24,"turns":6},{"damage":24,"enemies":"Gremlin Leader","floor":28,"turns":7},{"damage":24,"enemies":"Snake Plant","floor":29,"turns":3},{"damage":5,"enemies":"Slavers","floor":30,"turns":5},{"damage":36,"enemies":"Automaton","floor":33,"turns":6}],"seed_played":"9008651903990911507","potions_obtained":[{"floor":1,"key":"LiquidBronze"},{"floor":6,"key":"AttackPotion"},{"floor":8,"key":"Poison Potion"},{"floor":28,"key":"PowerPotion"},{"floor":29,"key":"LiquidBronze"},{"floor":30,"key":"SpeedPotion"}],"is_trial":false,"path_per_floor":["M","?","?","M","M","E","R","M","T","R","E","R","E","?","R","B",null,"M","?","$","M","?","R","E","R","T","?","E","M","E","?","R","B"],"character_chosen":"THE_SILENT","items_purchased":["HandDrill","Infinite Blades"],"campfire_rested":3,"item_purchase_floors":[20,20],"current_hp_per_floor":[63,68,68,68,68,55,55,55,55,55,46,46,29,22,44,17,61,58,58,58,58,58,58,42,64,64,64,40,16,11,11,33,0,0],"gold":512,"neow_bonus":"THREE_ENEMY_KILL","is_daily":false,"chose_seed":false,"campfire_upgraded":4,"win_rate":0.0,"timestamp":1610263097,"path_taken":["M","?","?","?","M","E","R","M","T","R","E","R","E","?","R","BOSS","M","?","$","M","?","R","E","R","T","?","E","M","E","?","R","BOSS"],"items_purchased_type":["Relic","Card"],"build_version":"2020-12-22","purchased_purges":1,"victory":false,"max_hp_per_floor":[70,75,75,75,75,75,75,75,75,75,75,75,75,75,75,75,75,75,75,75,75,75,75,75,75,75,75,75,75,75,75,75,75,75],"relic_stats":{"Centennial Puzzle":[12],"counters":[15,69],"Sundial":[8],"MealTicket":0,"Snake Skull":[28],"HandDrill":[20],"obtain_stats":[{"Runic Dome":17,"Centennial Puzzle":26,"NeowsBlessing":0,"Sundial":6,"MealTicket":24,"The Courier":13,"Snake Skull":28,"Omamori":11,"HandDrill":20,"Ring of the Snake":0,"NlothsMask":3,"Old Coin":30},{"Runic Dome":8,"Centennial Puzzle":11,"NeowsBlessing":0,"Sundial":4,"MealTicket":11,"The Courier":7,"Snake Skull":12,"Omamori":6,"HandDrill":9,"Ring of the Snake":0,"NlothsMask":1,"Old Coin":14},{"Runic Dome":33,"Centennial Puzzle":48,"NeowsBlessing":0,"Sundial":7,"MealTicket":48,"The Courier":23,"Snake Skull":55,"Omamori":18,"HandDrill":38,"Ring of the Snake":0,"NlothsMask":1,"Old Coin":63}],"Ring of the Snake":[30]},"card_choices":[{"not_picked":["Deflect","Prepared"],"picked":"Deadly Poison","floor":1},{"not_picked":["Quick Slash","Outmaneuver"],"picked":"Masterful Stab","floor":4},{"not_picked":["Backflip","PiercingWail"],"picked":"Flying Knee","floor":5},{"not_picked":["Prepared","Escape Plan"],"picked":"Dagger Throw","floor":6},{"not_picked":["Setup","Acrobatics"],"picked":"Dagger Spray","floor":8},{"not_picked":["Deflect","Distraction"],"picked":"Backstab","floor":11},{"not_picked":["Heel Hook","Dodge and Roll"],"picked":"Cloak And Dagger","floor":13},{"not_picked":["Venomology","Glass Knife"],"picked":"After Image","floor":16},{"not_picked":["Underhanded Strike","Bane"],"picked":"Blade Dance","floor":18},{"not_picked":["Flying Knee","Poisoned Stab"],"picked":"Backflip","floor":21},{"not_picked":["Outmaneuver+1","Accuracy"],"picked":"PiercingWail+1","floor":24},{"not_picked":["Terror","Catalyst+1"],"picked":"Accuracy+1","floor":28},{"not_picked":["Dagger Spray","Terror"],"picked":"Envenom","floor":29},{"not_picked":["Dagger Spray+1","Skewer"],"picked":"Blade Dance+1","floor":30}],"player_experience":400755,"relics_obtained":[{"floor":6,"key":"Sundial"},{"floor":11,"key":"Omamori"},{"floor":13,"key":"The Courier"},{"floor":24,"key":"MealTicket"},{"floor":26,"key":"Centennial Puzzle"},{"floor":28,"key":"Snake Skull"},{"floor":30,"key":"Old Coin"}],"event_choices":[{"damage_healed":0,"gold_gain":0,"player_choice":"Donut","damage_taken":0,"max_hp_gain":5,"max_hp_loss":0,"event_name":"Big Fish","floor":2,"gold_loss":0},{"damage_healed":0,"gold_gain":0,"player_choice":"Trade","damage_taken":0,"relics_obtained":["NlothsMask"],"max_hp_gain":0,"max_hp_loss":0,"event_name":"FaceTrader","floor":3,"gold_loss":0},{"cards_removed":["Strike_G"],"damage_healed":0,"gold_gain":0,"player_choice":"Card Removal","damage_taken":7,"max_hp_gain":0,"max_hp_loss":0,"event_name":"Golden Wing","floor":14,"gold_loss":0},{"cards_removed":["Strike_G"],"damage_healed":0,"gold_gain":0,"player_choice":"Upgrade and Remove","damage_taken":0,"max_hp_gain":0,"max_hp_loss":0,"event_name":"Designer","floor":19,"gold_loss":90,"cards_upgraded":["Deadly Poison"]},{"damage_healed":0,"gold_gain":0,"player_choice":"Read","damage_taken":0,"max_hp_gain":0,"max_hp_loss":0,"event_name":"The Library","floor":22,"gold_loss":0,"cards_obtained":["Blade Dance"]},{"cards_removed":["Strike_G"],"damage_healed":0,"gold_gain":0,"player_choice":"Offered Basic","damage_taken":0,"max_hp_gain":0,"max_hp_loss":0,"event_name":"Bonfire Elementals","floor":27,"gold_loss":0},{"damage_healed":0,"gold_gain":0,"player_choice":"Simplicity","damage_taken":0,"max_hp_gain":0,"max_hp_loss":0,"event_name":"Back to Basics","floor":31,"gold_loss":0,"cards_upgraded":["Strike_G","Defend_G","Defend_G","Defend_G","Defend_G","Defend_G"]}],"is_beta":false,"boss_relics":[{"not_picked":["Sozu","Pandora\u0027s Box"],"picked":"Runic Dome"}],"items_purged_floors":[20],"is_endless":false,"potions_floor_spawned":[1,6,8,28,29,30],"killed_by":"Automaton","ascension_level":6}}