{"host":"1yemetsqamtkb9ct","time":1610238160,"event":{"mods":["AchievementEnabler","BaseMod","Colored Map","Custom Start","KOR Keyword Fix","Lobotomy","Minty Spire (QoL Compilation)","Quick Restart","Random Character Button","StSLib","SuperFastMode"],"gold_per_floor":[20,33,33,45,62,62,91,91,171,191,204,204,232,232,241,343,393,406,406,441,460,310,319,244,244,244,244,266,275,318,335,335,335,335],"floor_reached":33,"playtime":1091,"items_purged":[],"score":325,"play_id":"437bed8d-153b-4ba0-9f04-c7f76bf846d9","local_time":"20210110092240","is_ascension_mode":false,"campfire_choices":[],"circlet_count":0,"master_deck":["SpecialBullet","SpecialBullet","SpecialBullet","SpecialBullet","SpecialBullet","SpecialBullet","SpecialBullet","InformationCode","SecurityCode","TrainingCode","Justitia+1","VoidDream","Wingbeat+1","BlackArmy","UniverseFragment","OldLady","RedShoes","TodaysExpression","QueenBee","ControlCode","TT2Protocol","SpecialBullet","WelfareCode","MeltingLove","DisciplinaryCode","BlackSwan_ego"],"relics":["CogitoBucket","StoneCalendar","InkBottle","LuminousBracelet","CeramicFish","Tiny House","Enchiridion","Red Mask","AspirationHeart","ClockworkSouvenir","Prayer Wheel","Eternal Feather"],"acts_visited":["Exordium","TheCity"],"potions_floor_usage":[33],"damage_taken":[{"damage":10.0,"enemies":"Small Slimes","floor":1.0,"turns":3.0},{"damage":6.0,"enemies":"Cultist","floor":2.0,"turns":3.0},{"damage":0.0,"enemies":"2 Louse","floor":4.0,"turns":1.0},{"damage":14.0,"enemies":"Exordium Thugs","floor":5.0,"turns":3.0},{"damage":25.0,"enemies":"Lagavulin","floor":7.0,"turns":5.0},{"damage":0.0,"enemies":"2 Fungi Beasts","floor":10.0,"turns":1.0},{"damage":5.0,"enemies":"3 Louse","floor":11.0,"turns":2.0},{"damage":10.0,"enemies":"3 Sentries","floor":13.0,"turns":4.0},{"damage":113.0,"enemies":"The Guardian","floor":16.0,"turns":11.0},{"damage":75.0,"enemies":"3 Byrds","floor":18.0,"turns":7.0},{"damage":27.0,"enemies":"Masked Bandits","floor":20.0,"turns":4.0},{"damage":71.0,"enemies":"Shell Parasite","floor":21.0,"turns":6.0},{"damage":25.0,"enemies":"Snecko","floor":28.0,"turns":5.0},{"damage":25.0,"enemies":"Gremlin Leader","floor":30.0,"turns":8.0},{"damage":32.0,"enemies":"Chosen and Byrds","floor":31.0,"turns":6.0},{"damage":111,"enemies":"Champ","floor":33,"turns":5}],"seed_played":"4379348140942452434","potions_obtained":[{"floor":2.0,"key":"AttackPotion"},{"floor":3.0,"key":"Regen Potion"},{"floor":3.0,"key":"DistilledChaos"},{"floor":10.0,"key":"Fire Potion"},{"floor":13.0,"key":"Regen Potion"},{"floor":21.0,"key":"SkillPotion"}],"is_trial":false,"path_per_floor":["M","M","?","M","M","R","E","R","T","M","M","R","E","?","R","B",null,"M","?","?","M","$","R","?","$","T","?","M","R","E","M","R","B"],"character_chosen":"Angela","items_purchased":["ClockworkSouvenir"],"campfire_rested":0,"item_purchase_floors":[22],"current_hp_per_floor":[68,70,70,70,65,65,53,53,53,82,85,85,85,85,85,27,90,89,73,62,100,100,100,100,100,100,100,93,93,94,85,100,0,0],"gold":335,"neow_bonus":"THREE_RARE_CARDS","is_daily":false,"chose_seed":false,"campfire_upgraded":0,"win_rate":0.0,"timestamp":1610238160,"path_taken":["M","M","?","M","M","R","E","R","T","?","M","R","E","?","R","BOSS","M","?","?","M","$","R","?","$","T","?","M","R","E","M","R","BOSS"],"items_purchased_type":["Relic"],"build_version":"2020-12-22","purchased_purges":0,"victory":false,"max_hp_per_floor":[70,70,70,70,70,70,70,70,70,85,85,85,85,85,85,85,90,90,90,90,100,100,100,100,100,100,100,100,100,100,100,100,100,100],"card_choices":[{"not_picked":["Pinks","ParadiseLost"],"picked":"Justitia","floor":0.0},{"not_picked":["InTheNameOfLoveAndHate","Wingbeat"],"picked":"SKIP","floor":1.0},{"not_picked":["ShyLook","PunishingBird"],"picked":"VoidDream","floor":2.0},{"not_picked":["Logging"],"picked":"Wingbeat","floor":2.0},{"not_picked":["PunishingBird","BlackSwan"],"picked":"BlackArmy","floor":4.0},{"not_picked":["FourthMatchFlame","CUTE"],"picked":"SKIP","floor":4.0},{"not_picked":["FourthMatchFlame","CUTE"],"picked":"SKIP","floor":4.0},{"not_picked":["Mercenary","FairyFestival"],"picked":"UniverseFragment","floor":5.0},{"not_picked":["Galaxy","Beak"],"picked":"SKIP","floor":5.0},{"not_picked":["Variant","Bloodbath"],"picked":"OldLady","floor":7.0},{"not_picked":["WristCuter","Soda"],"picked":"SKIP","floor":7.0},{"not_picked":["MeatLantern","BigBird"],"picked":"RedShoes","floor":10.0},{"not_picked":["Wingbeat"],"picked":"TodaysExpression","floor":10.0},{"not_picked":["MHz","FairyFestival"],"picked":"QueenBee","floor":11.0},{"not_picked":["Harvest","Adoration"],"picked":"SKIP","floor":11.0},{"not_picked":["GrinderMk4","Laetitia_ego"],"picked":"SKIP","floor":13.0},{"not_picked":["Reverberation","TodaysExpression+1"],"picked":"SKIP","floor":18.0},{"not_picked":["Pleasure","RapturousDream"],"picked":"SKIP","floor":21.0},{"not_picked":["HeroicMonk","OSAHOGD"],"picked":"MeltingLove","floor":28.0},{"not_picked":["Loneliness+1","WristCuter"],"picked":"SKIP","floor":28.0},{"not_picked":["SomewhereSpear","Tough+1"],"picked":"SKIP","floor":28.0},{"not_picked":["BlackSwan_ego","CherryBlossom+1"],"picked":"SKIP","floor":30.0},{"not_picked":["BlackSwan_ego","CherryBlossom+1"],"picked":"SKIP","floor":30.0},{"not_picked":["CherryBlossom+1"],"picked":"BlackSwan_ego","floor":30.0},{"not_picked":["CUTE","Horn"],"picked":"SKIP","floor":31.0},{"not_picked":["Harmony+1","RedEyes"],"picked":"SKIP","floor":31.0}],"player_experience":602619,"relics_obtained":[{"floor":7.0,"key":"StoneCalendar"},{"floor":9.0,"key":"InkBottle"},{"floor":13.0,"key":"CeramicFish"},{"floor":19.0,"key":"Enchiridion"},{"floor":20.0,"key":"Red Mask"},{"floor":26.0,"key":"Prayer Wheel"},{"floor":30.0,"key":"Eternal Feather"}],"event_choices":[{"damage_healed":0.0,"max_hp_gain":0.0,"max_hp_loss":0.0,"gold_gain":0.0,"event_name":"Lab","player_choice":"Got Potions","floor":3.0,"gold_loss":0.0,"damage_taken":0.0},{"damage_healed":0.0,"max_hp_gain":0.0,"max_hp_loss":0.0,"gold_gain":0.0,"event_name":"Upgrade Shrine","player_choice":"Upgraded","floor":14.0,"gold_loss":0.0,"damage_taken":0.0,"cards_upgraded":["Justitia"]},{"damage_healed":0.0,"max_hp_gain":0.0,"max_hp_loss":0.0,"gold_gain":0.0,"event_name":"Cursed Tome","player_choice":"Obtained Book","floor":19.0,"gold_loss":0.0,"damage_taken":16.0},{"damage_healed":0.0,"max_hp_gain":0.0,"max_hp_loss":0.0,"gold_gain":0.0,"event_name":"Masked Bandits","player_choice":"Fought Bandits","floor":20.0,"gold_loss":0.0,"damage_taken":0.0},{"cards_removed":["SpecialBullet"],"damage_healed":0.0,"max_hp_gain":0.0,"max_hp_loss":0.0,"gold_gain":0.0,"event_name":"Beggar","player_choice":"Gave Gold","floor":24.0,"gold_loss":75.0,"damage_taken":0.0},{"damage_healed":0.0,"max_hp_gain":0.0,"max_hp_loss":0.0,"gold_gain":0.0,"event_name":"Ghosts","player_choice":"Ignored","floor":27.0,"gold_loss":0.0,"damage_taken":0.0}],"is_beta":false,"boss_relics":[{"not_picked":["Sozu","Runic Pyramid"],"picked":"Tiny House"}],"items_purged_floors":[],"is_endless":false,"potions_floor_spawned":[2,10,13,16,18,21],"killed_by":"Champ","ascension_level":0}}