{"host":"x5anfo2w8aotfuta","time":1610238499,"event":{"mods":["AchievementEnabler","BaseMod","Bestiary","Block Reminder","Colored Map","Colored Powertips","DeckTracker","Highlight Path","Minty Spire (QoL Compilation)","Quick Restart","Rare Cards Sparkle","Relic Stats","StSLib"],"gold_per_floor":[211,386,1,35,62,62,116,184,210,188,188,227,227,296,296,425,425,467,216,233,274,274,329,339,339,339,108,127,193,272,106,106,232,232,276,321,170,213,57,85,85,235,235,244,244,312,312,383,383,408,408,408,22,50,75],"floor_reached":56,"playtime":6850,"items_purged":["Doubt","Strike_R","Bite","Bite","Bite"],"score":1652,"play_id":"3287fff1-1237-4d1d-8a65-6d5c3ce46a1f","local_time":"20210109162819","is_ascension_mode":true,"campfire_choices":[{"data":"HandOfGreed","floor":6,"key":"SMITH"},{"data":"Flame Barrier","floor":11,"key":"SMITH"},{"data":"Shockwave","floor":13,"key":"SMITH"},{"data":"Shrug It Off","floor":15,"key":"SMITH"},{"data":"Barricade","floor":25,"key":"SMITH"},{"data":"Spot Weakness","floor":32,"key":"SMITH"},{"data":"Disarm","floor":41,"key":"SMITH"},{"floor":45,"key":"RECALL"},{"data":"True Grit","floor":49,"key":"SMITH"},{"data":"Shrug It Off","floor":52,"key":"SMITH"}],"circlet_count":0,"master_deck":["Defend_R","Defend_R","Defend_R","Defend_R","Bash","Disarm+1","HandOfGreed+1","Spot Weakness+1","Shockwave+1","Flame Barrier+1","Shrug It Off+1","Barricade+1","Ghostly Armor","Shrug It Off+1","Enlightenment","True Grit+1","Armaments+1","Bite","Bite","Immolate","Master of Strategy","Burning Pact","Pommel Strike+1"],"relics":["Burning Blood","Vajra","Matryoshka","Paper Frog","Anchor","Cursed Key","Nunchaku","Membership Card","PreservedInsect","Akabeko","TheAbacus","Busted Crown","Medical Kit","Torii","Centennial Puzzle","Champion Belt","CeramicFish","Juzu Bracelet","Thread and Needle","Calipers","Oddly Smooth Stone"],"acts_visited":["Exordium","TheCity","TheBeyond","TheEnding"],"potions_floor_usage":[16,21,23,24,30,35,48,54,55,55,55],"damage_taken":[{"damage":4,"enemies":"2 Louse","floor":1,"turns":3},{"damage":11,"enemies":"Jaw Worm","floor":4,"turns":5},{"damage":26,"enemies":"Lagavulin","floor":7,"turns":7},{"damage":1,"enemies":"Small Slimes","floor":8,"turns":9},{"damage":0,"enemies":"Looter","floor":12,"turns":2},{"damage":0,"enemies":"2 Fungi Beasts","floor":14,"turns":4},{"damage":2,"enemies":"The Guardian","floor":16,"turns":13},{"damage":1,"enemies":"2 Thieves","floor":18,"turns":5},{"damage":0,"enemies":"Shell Parasite","floor":20,"turns":6},{"damage":0,"enemies":"3 Cultists","floor":21,"turns":5},{"damage":0,"enemies":"Book of Stabbing","floor":23,"turns":7},{"damage":38,"enemies":"Sentry and Sphere","floor":24,"turns":8},{"damage":13,"enemies":"Cultist and Chosen","floor":28,"turns":6},{"damage":0,"enemies":"Centurion and Healer","floor":29,"turns":11},{"damage":2,"enemies":"Slavers","floor":30,"turns":5},{"damage":14,"enemies":"Champ","floor":33,"turns":23},{"damage":0,"enemies":"Orb Walker","floor":35,"turns":8},{"damage":4,"enemies":"3 Shapes","floor":36,"turns":7},{"damage":0,"enemies":"Writhing Mass","floor":38,"turns":15},{"damage":7,"enemies":"Nemesis","floor":40,"turns":9},{"damage":12,"enemies":"Mind Bloom Boss Battle","floor":42,"turns":21},{"damage":0,"enemies":"Reptomancer","floor":46,"turns":13},{"damage":1,"enemies":"Jaw Worm Horde","floor":48,"turns":8},{"damage":0,"enemies":"Time Eater","floor":50,"turns":13},{"damage":40,"enemies":"Shield and Spear","floor":54,"turns":26},{"damage":64,"enemies":"The Heart","floor":55,"turns":12}],"seed_played":"-2648808230616076101","potions_obtained":[{"floor":4,"key":"FearPotion"},{"floor":7,"key":"SpeedPotion"},{"floor":12,"key":"Block Potion"},{"floor":18,"key":"Block Potion"},{"floor":20,"key":"Weak Potion"},{"floor":21,"key":"Fruit Juice"},{"floor":24,"key":"Energy Potion"},{"floor":30,"key":"LiquidBronze"},{"floor":35,"key":"LiquidBronze"},{"floor":38,"key":"Regen Potion"},{"floor":40,"key":"Swift Potion"},{"floor":48,"key":"Energy Potion"},{"floor":54,"key":"Strength Potion"}],"is_trial":false,"path_per_floor":["M","?","$","M","T","R","E","M","T","?","R","M","R","M","R","B",null,"M","$","M","M","?","E","M","R","T","$","M","M","E","$","R","B",null,"M","M","$","M","$","E","R","?","T","?","R","E","?","M","R","B",null,"R","$","E","B",null],"character_chosen":"IRONCLAD","items_purchased":["HandOfGreed","Spot Weakness","Shockwave","Shrug It Off","Enlightenment","Membership Card","PreservedInsect","TheAbacus","Dexterity Potion","Medical Kit","Torii","Thread and Needle","Calipers"],"campfire_rested":0,"item_purchase_floors":[3,3,3,19,19,27,27,31,31,37,39,53,53],"current_hp_per_floor":[74,74,74,69,69,69,49,54,54,54,54,60,60,66,66,70,78,80,80,80,80,56,56,39,39,39,39,44,56,56,56,56,56,56,61,61,61,61,61,61,61,61,61,61,61,61,61,61,61,61,61,61,61,61,16],"gold":75,"neow_bonus":"HUNDRED_GOLD","is_daily":false,"chose_seed":false,"campfire_upgraded":9,"win_rate":0.0,"timestamp":1610238499,"path_taken":["M","?","$","M","?","R","E","M","T","?","R","M","R","M","R","BOSS","M","$","M","M","?","E","M","R","T","$","M","M","E","$","R","BOSS","M","M","$","M","$","E","R","?","T","?","R","E","?","M","R","BOSS","R","$","E","BOSS"],"items_purchased_type":["Card","Card","Card","Card","Card","Relic","Relic","Relic","Potion","Relic","Relic","Relic","Relic"],"build_version":"2020-12-22","purchased_purges":5,"victory":true,"max_hp_per_floor":[80,80,80,80,80,80,80,80,80,80,80,80,80,80,80,80,80,80,80,80,80,56,56,56,56,56,56,56,56,56,56,56,56,56,61,61,61,61,61,61,61,61,61,61,61,61,61,61,61,61,61,61,61,61,61],"relic_stats":{"Torii":32,"counters":[26,251],"CeramicFish":27,"PreservedInsect":213,"Juzu Bracelet":0,"Cursed Key":1,"Medical Kit":[21],"Burning Blood":70,"Nunchaku":[18],"Centennial Puzzle":[12],"TheAbacus":[462],"Busted Crown":18,"Champion Belt":[20],"obtain_stats":[{"Calipers":53,"Torii":39,"CeramicFish":43,"Vajra":5,"Oddly Smooth Stone":54,"Thread and Needle":53,"PreservedInsect":27,"Juzu Bracelet":46,"Cursed Key":17,"Medical Kit":37,"Burning Blood":0,"Akabeko":30,"Anchor":9,"Nunchaku":23,"Centennial Puzzle":40,"Matryoshka":7,"TheAbacus":31,"Busted Crown":34,"Membership Card":27,"Champion Belt":42,"Paper Frog":9},{"Calipers":24,"Torii":19,"CeramicFish":21,"Vajra":2,"Oddly Smooth Stone":25,"Thread and Needle":24,"PreservedInsect":12,"Juzu Bracelet":22,"Cursed Key":7,"Medical Kit":18,"Burning Blood":0,"Akabeko":15,"Anchor":4,"Nunchaku":11,"Centennial Puzzle":20,"Matryoshka":3,"TheAbacus":15,"Busted Crown":16,"Membership Card":12,"Champion Belt":21,"Paper Frog":4},{"Calipers":213,"Torii":149,"CeramicFish":179,"Vajra":8,"Oddly Smooth Stone":239,"Thread and Needle":213,"PreservedInsect":74,"Juzu Bracelet":192,"Cursed Key":43,"Medical Kit":134,"Burning Blood":0,"Akabeko":96,"Anchor":24,"Nunchaku":66,"Centennial Puzzle":158,"Matryoshka":15,"TheAbacus":96,"Busted Crown":119,"Membership Card":74,"Champion Belt":179,"Paper Frog":24}]},"card_choices":[{"not_picked":["Sword Boomerang","Headbutt"],"picked":"Disarm","floor":1},{"not_picked":["Perfected Strike","Flame Barrier","Dropkick"],"picked":"SKIP","floor":4},{"not_picked":["Whirlwind","Sword Boomerang"],"picked":"Flame Barrier","floor":7},{"not_picked":["Fire Breathing","Carnage","Infernal Blade"],"picked":"SKIP","floor":8},{"not_picked":["Dropkick","Rage"],"picked":"Shrug It Off","floor":12},{"not_picked":["Warcry","Thunderclap","Clash"],"picked":"SKIP","floor":14},{"not_picked":["Brutality","Bludgeon"],"picked":"Barricade","floor":16},{"not_picked":["Cleave","Uppercut"],"picked":"Ghostly Armor","floor":18},{"not_picked":["Havoc","Sword Boomerang+1"],"picked":"True Grit","floor":20},{"not_picked":["Whirlwind","Clash+1"],"picked":"Armaments+1","floor":21},{"not_picked":["Twin Strike","Fiend Fire"],"picked":"Immolate","floor":23},{"not_picked":["Sword Boomerang+1","Perfected Strike","Evolve"],"picked":"SKIP","floor":24},{"not_picked":["Anger","True Grit","Dual Wield+1"],"picked":"SKIP","floor":28},{"not_picked":["Blood for Blood+1","Whirlwind","Cleave"],"picked":"SKIP","floor":29},{"not_picked":["Anger","Disarm","Fire Breathing"],"picked":"SKIP","floor":30},{"not_picked":["Infernal Blade"],"picked":"SKIP","floor":35},{"not_picked":["Anger+1"],"picked":"SKIP","floor":36},{"not_picked":["Dropkick+1"],"picked":"SKIP","floor":38},{"not_picked":["Sword Boomerang"],"picked":"SKIP","floor":40},{"not_picked":[],"picked":"Master of Strategy","floor":44},{"not_picked":[],"picked":"Burning Pact","floor":46},{"not_picked":[],"picked":"Pommel Strike+1","floor":48},{"not_picked":["Sword Boomerang"],"picked":"SKIP","floor":54}],"player_experience":436228,"relics_obtained":[{"floor":5,"key":"Vajra"},{"floor":7,"key":"Matryoshka"},{"floor":9,"key":"Paper Frog"},{"floor":9,"key":"Anchor"},{"floor":23,"key":"Nunchaku"},{"floor":30,"key":"Akabeko"},{"floor":40,"key":"Centennial Puzzle"},{"floor":42,"key":"Champion Belt"},{"floor":43,"key":"CeramicFish"},{"floor":46,"key":"Juzu Bracelet"},{"floor":54,"key":"Oddly Smooth Stone"}],"event_choices":[{"damage_healed":0,"gold_gain":175,"player_choice":"AGREE","damage_taken":0,"max_hp_gain":0,"max_hp_loss":0,"event_name":"Liars Game","floor":2,"gold_loss":0,"cards_obtained":["Doubt"]},{"damage_healed":0,"gold_gain":0,"player_choice":"Left Gold","damage_taken":0,"max_hp_gain":0,"max_hp_loss":0,"event_name":"World of Goop","floor":10,"gold_loss":22},{"damage_healed":0,"gold_gain":0,"player_choice":"Became a vampire","damage_taken":0,"max_hp_gain":0,"max_hp_loss":24,"event_name":"Vampires","floor":22,"gold_loss":0,"cards_obtained":["Bite","Bite","Bite","Bite","Bite"]},{"damage_healed":0,"gold_gain":0,"player_choice":"Fight","damage_taken":0,"max_hp_gain":0,"max_hp_loss":0,"event_name":"MindBloom","floor":42,"gold_loss":0},{"damage_healed":0,"gold_gain":0,"player_choice":"Memory 1","damage_taken":0,"max_hp_gain":0,"max_hp_loss":0,"event_name":"SensoryStone","floor":44,"gold_loss":0},{"cards_removed":["Doubt"],"damage_healed":0,"gold_gain":0,"player_choice":"Purged","damage_taken":0,"max_hp_gain":0,"max_hp_loss":0,"event_name":"Purifier","floor":47,"gold_loss":0}],"is_beta":false,"boss_relics":[{"not_picked":["Runic Pyramid","Black Blood"],"picked":"Cursed Key"},{"not_picked":["Coffee Dripper","Sozu"],"picked":"Busted Crown"}],"items_purged_floors":[3,19,31,37,53],"is_endless":false,"potions_floor_spawned":[4,7,12,18,20,21,24,30,35,38,40,48,54],"ascension_level":7}}