{"host":"0e6ybu7maraz26aa","time":1610281446,"event":{"mods":["BaseMod","BetterRewards","Colored Powertips","Downfall","Duelist Mod","Jorbs\u0027s Wanderer Trilogy","Marisa????????","Minty Spire (QoL Compilation)","Replay The Spire","StSLib","The Blackbeard","The Bladedancer","The Cursed","The Hierophant","The Necromancer","The Servant 0.9.4","Unceasing Turn Reminder"],"gold_per_floor":[115,129,76,95,95,127,127,140,140,166,166,166,201,201,201,300,300,312,236,253,253,253,278,278,297,322,322,335,335,250,269,269,370,420,430,441,451,463,368,397,417,417,417,437,437,437,487,538,538,538,538,538,32,66,66],"floor_reached":56,"playtime":2819,"items_purged":[],"score":1190,"play_id":"0287fe2e-3efe-4a20-8d57-e1d1f47a6443","local_time":"20210110222406","is_ascension_mode":false,"campfire_choices":[{"floor":7,"key":"REST"},{"data":"Blade Dance","floor":11,"key":"SMITH"},{"floor":15,"key":"REST"},{"floor":24,"key":"REST"},{"floor":29,"key":"REST"},{"floor":32,"key":"RECALL"},{"floor":42,"key":"REST"},{"data":"Cloak And Dagger","floor":46,"key":"SMITH"},{"data":"Cloak And Dagger","floor":49,"key":"SMITH"},{"data":"Backflip","floor":52,"key":"SMITH"}],"circlet_count":0,"master_deck":["Strike_G+1","Strike_G+1","Strike_G+1","Strike_G+1","Strike_G+1","Defend_G+1","Defend_G+1","Defend_G+1","Defend_G+1","Defend_G+1","Survivor","Neutralize+1","Backflip+1","Blade Dance+1","Finisher","ReplayTheSpireMod:Speed Training","Blade Dance+1","Dagger Spray","Cloak And Dagger+1","Envenom+1","Slice","Infinite Blades+1","stsjorbsmod:Procrastination","After Image+1","Cloak And Dagger+1","Parasite","Cloak And Dagger+1","Quick Slash+1","Blade Dance+1"],"relics":["Ring of the Serpent","Darkstone Periapt","Golden Egg","Juzu Bracelet","Shuriken","Bird Faced Urn","Blood Vial","Oddly Smooth Stone","BranchBurnRelic","Tiny House","Replay:Bottled Steam","Quantum Egg","Thread and Needle","CatCart","Lantern","Chameleon Ring","Ice Cream"],"acts_visited":["Exordium","TheCity","TheBeyond","TheEnding"],"potions_floor_usage":[48,55],"damage_taken":[{"damage":5,"enemies":"Small Slimes","floor":1,"turns":4},{"damage":0,"enemies":"Cultist","floor":2,"turns":5},{"damage":9,"enemies":"Jaw Worm","floor":4,"turns":4},{"damage":23,"enemies":"Gremlin Nob","floor":6,"turns":4},{"damage":2,"enemies":"3 Louse","floor":8,"turns":2},{"damage":7,"enemies":"3 Sentries","floor":10,"turns":9},{"damage":30,"enemies":"Gremlin Nob","floor":13,"turns":4},{"damage":27,"enemies":"The Guardian","floor":16,"turns":10},{"damage":10,"enemies":"Spheric Guardian","floor":18,"turns":3},{"damage":0,"enemies":"3 Byrds","floor":20,"turns":4},{"damage":47,"enemies":"Gremlin Leader","floor":23,"turns":5},{"damage":16,"enemies":"Snake Plant","floor":25,"turns":4},{"damage":22,"enemies":"Centurion and Healer","floor":28,"turns":4},{"damage":5,"enemies":"Cultist and Chosen","floor":31,"turns":5},{"damage":43,"enemies":"Collector","floor":33,"turns":6},{"damage":0,"enemies":"Orb Walker","floor":35,"turns":3},{"damage":18,"enemies":"3 Darklings","floor":36,"turns":5},{"damage":24,"enemies":"4 Shapes","floor":37,"turns":5},{"damage":0,"enemies":"Writhing Mass","floor":38,"turns":6},{"damage":60,"enemies":"Nemesis","floor":40,"turns":9},{"damage":1,"enemies":"Spire Growth","floor":41,"turns":4},{"damage":17,"enemies":"Transient","floor":44,"turns":5},{"damage":15,"enemies":"Mind Bloom Boss Battle","floor":47,"turns":5},{"damage":22,"enemies":"Orin","floor":48,"turns":8},{"damage":33,"enemies":"Donu and Deca","floor":50,"turns":7},{"damage":41,"enemies":"Shield and Spear","floor":54,"turns":5},{"damage":118,"enemies":"The Heart","floor":55,"turns":8}],"seed_played":"1553327558791161703","potions_obtained":[{"floor":1,"key":"LiquidBronze"},{"floor":2,"key":"Adrenaline Potion"},{"floor":6,"key":"CunningPotion"},{"floor":10,"key":"LiquidMemories"}],"is_trial":false,"path_per_floor":["M","M","$","M","?","E","R","M","T","E","R","$","E","?","R","B",null,"M","$","M","?","?","E","R","M","T","T","M","R","?","M","R","B",null,"M","M","M","M","$","E","M","R","T","M","?","R","?","?","R","B",null,"R","$","E","B",null],"character_chosen":"THE_SILENT","items_purchased":["Prepared","Infinite Blades","FairyPotion","Blade Dance","Lantern","Chameleon Ring","BlessingOfTheForge"],"campfire_rested":5,"item_purchase_floors":[3,19,39,53,53,53,53],"current_hp_per_floor":[72,72,72,63,68,45,68,66,66,59,59,59,29,14,37,10,77,67,67,67,73,73,30,54,44,44,44,28,52,52,53,53,31,88,88,72,56,70,70,18,25,53,53,59,59,59,66,50,50,40,94,94,94,61,16],"gold":66,"neow_bonus":"TEN_PERCENT_HP_BONUS","is_daily":false,"chose_seed":false,"campfire_upgraded":4,"win_rate":0.0,"timestamp":1610281446,"path_taken":["M","M","$","M","?","E","R","M","T","E","R","?","E","?","R","BOSS","M","$","M","?","?","E","R","M","T","?","M","R","?","M","R","BOSS","M","M","M","M","$","E","M","R","T","M","?","R","?","?","R","BOSS","R","$","E","BOSS"],"items_purchased_type":["Card","Card","Potion","Card","Relic","Relic","Potion"],"build_version":"2020-12-22","purchased_purges":0,"victory":true,"max_hp_per_floor":[77,77,77,77,77,77,77,77,77,77,77,77,77,77,77,77,77,77,77,77,83,83,83,83,83,83,83,83,83,83,83,83,83,88,88,88,88,94,94,94,94,94,94,94,94,94,94,94,94,94,94,94,94,94,94],"card_choices":[{"not_picked":["Leg Sweep","Backstab"],"picked":"Backflip","floor":1},{"not_picked":["Flying Knee","Skewer"],"picked":"Blade Dance","floor":2},{"not_picked":["Skewer","Leg Sweep"],"picked":"Finisher","floor":4},{"not_picked":["Reflex","Tactician"],"picked":"ReplayTheSpireMod:Speed Training","floor":6},{"not_picked":["Slice","Poisoned Stab"],"picked":"Blade Dance","floor":8},{"not_picked":["Outmaneuver","Wraith Form v2"],"picked":"Dagger Spray","floor":10},{"not_picked":["Bane","Dagger Throw"],"picked":"Cloak And Dagger","floor":13},{"not_picked":["Phantasmal Killer","Night Terror"],"picked":"Envenom","floor":16},{"not_picked":["Flying Knee","Riddle With Holes"],"picked":"Slice","floor":18},{"not_picked":["Sneak Up","Deadly Poison","ReplayTheSpireMod:Exploit Weakness"],"picked":"SKIP","floor":20},{"not_picked":["Deadly Poison+1","Catalyst","Dodge and Roll"],"picked":"SKIP","floor":23},{"not_picked":["Dagger Throw","Deflect","Sucker Punch"],"picked":"SKIP","floor":25},{"not_picked":["Deflect+1","Masterful Stab","ReplayTheSpireMod:The Works"],"picked":"SKIP","floor":28},{"not_picked":["Backflip","Draining Mist","Well Laid Plans"],"picked":"SKIP","floor":31},{"not_picked":["Poison Darts","ReplayTheSpireMod:From All Sides"],"picked":"After Image","floor":33},{"not_picked":["Masterful Stab","Expertise+1","Blur+1"],"picked":"SKIP","floor":35},{"not_picked":["Poisoned Stab+1","Flying Knee"],"picked":"Cloak And Dagger+1","floor":36},{"not_picked":["Prepared","Heel Hook","Flying Knee"],"picked":"SKIP","floor":37},{"not_picked":["Poisoned Stab","Dodge and Roll","Toxin Wave"],"picked":"SKIP","floor":38},{"not_picked":["Flying Knee+1","Backstab+1"],"picked":"Cloak And Dagger","floor":40},{"not_picked":["Backflip","Catalyst"],"picked":"Quick Slash+1","floor":41},{"not_picked":["Malaise","Blur+1","Quick Slash+1"],"picked":"SKIP","floor":44},{"not_picked":["Corpse Explosion","Dagger Throw","Backstab"],"picked":"SKIP","floor":54}],"player_experience":136034,"relics_obtained":[{"floor":6,"key":"Darkstone Periapt"},{"floor":9,"key":"Golden Egg"},{"floor":10,"key":"Juzu Bracelet"},{"floor":13,"key":"Shuriken"},{"floor":23,"key":"Blood Vial"},{"floor":26,"key":"Oddly Smooth Stone"},{"floor":40,"key":"Replay:Bottled Steam"},{"floor":43,"key":"Quantum Egg"},{"floor":47,"key":"Thread and Needle"},{"floor":48,"key":"CatCart"},{"floor":54,"key":"Ice Cream"}],"event_choices":[{"cards_removed":["Prepared"],"damage_healed":5,"gold_gain":0,"player_choice":"Offered Common","damage_taken":0,"max_hp_gain":0,"max_hp_loss":0,"event_name":"Bonfire Elementals","floor":5,"gold_loss":0},{"cards_removed":["Prepared"],"damage_healed":5,"gold_gain":0,"player_choice":"Offered Special","damage_taken":0,"max_hp_gain":0,"max_hp_loss":0,"event_name":"Bonfire Elementals","floor":5,"gold_loss":0},{"damage_healed":0,"gold_gain":0,"player_choice":"Entered Light","damage_taken":15,"max_hp_gain":0,"max_hp_loss":0,"event_name":"Shining Light","floor":14,"gold_loss":0,"cards_upgraded":["Neutralize","Strike_G"]},{"damage_healed":0,"gold_gain":0,"player_choice":"Simplicity","damage_taken":0,"max_hp_gain":0,"max_hp_loss":0,"event_name":"Back to Basics","floor":22,"gold_loss":0,"cards_upgraded":["Strike_G","Strike_G","Strike_G","Strike_G","Defend_G","Defend_G","Defend_G","Defend_G","Defend_G"]},{"damage_healed":0,"gold_gain":0,"player_choice":"Obtained Relic","damage_taken":0,"relics_obtained":["Dead Branch"],"max_hp_gain":0,"max_hp_loss":0,"event_name":"Addict","floor":30,"gold_loss":85},{"damage_healed":0,"gold_gain":0,"player_choice":"Got Potions","damage_taken":0,"max_hp_gain":0,"max_hp_loss":0,"event_name":"Lab","floor":45,"gold_loss":0},{"damage_healed":0,"gold_gain":0,"player_choice":"Fight","damage_taken":0,"max_hp_gain":0,"max_hp_loss":0,"event_name":"MindBloom","floor":47,"gold_loss":0},{"damage_healed":0,"gold_gain":0,"player_choice":"Fight","damage_taken":0,"max_hp_gain":0,"max_hp_loss":0,"event_name":"OrinTheCat","floor":48,"gold_loss":0}],"is_beta":false,"boss_relics":[{"not_picked":["Ring of Chaos","ChewingGum"],"picked":"Ring of the Serpent"},{"not_picked":["HoveringKite","Sozu"],"picked":"Tiny House"}],"items_purged_floors":[],"is_endless":false,"potions_floor_spawned":[1,2,6,10,20,23,28,36,37,38,47],"ascension_level":0}}