{"host":"kw4o7b3ro2ktmmbe","time":1610276279,"event":{"mods":["BaseMod","Evolution","Minty Spire (QoL Compilation)","StSLib","The Gatherer"],"gold_per_floor":[113,63,63,63,81,114,114,114,140,140,140,153,171,183,183,281,281,301,301,316,16,29,54,65,65,89,89,108,142,8,8,8,8],"floor_reached":31,"playtime":1980,"items_purged":[],"score":314,"play_id":"c03b9647-0e42-4998-a8c6-b7b3ca637536","local_time":"20210110235759","is_ascension_mode":true,"metric_token":337,"campfire_choices":[{"floor":7.0,"key":"REST"},{"floor":11.0,"key":"REST"},{"floor":15.0,"key":"REST"},{"floor":27,"key":"REST"}],"circlet_count":0,"master_deck":["Gatherer:FragileHammer","Gatherer:Strike_Gatherer","Gatherer:Strike_Gatherer","Gatherer:Strike_Gatherer+1","Gatherer:Strike_Gatherer+1","Gatherer:Defend_Gatherer","Gatherer:Defend_Gatherer","Gatherer:Defend_Gatherer","Gatherer:Defend_Gatherer","Gatherer:Defend_Gatherer","Gatherer:FlowerWhip","Gatherer:RottenStipe","Gatherer:FlowerPower","Gatherer:MiningStrike","Gatherer:Enchant","Gatherer:LuckyClover","Gatherer:AlchemyTrial+1","Gatherer:FruitForce+1","Gatherer:RecoveryHerb","Gatherer:ScherryThrow+1","Gatherer:Uplift+1"],"relics":["EVO:Axolotl","Fusion Hammer","Shuriken","Boot","SlaversCollar","Mango","Frozen Egg 2","Ancient Tea Set","MawBank","ClockworkSouvenir"],"acts_visited":["Exordium","TheCity"],"potions_floor_usage":[23,28],"damage_taken":[{"damage":0.0,"enemies":"Jaw Worm","floor":1.0,"turns":3.0},{"damage":0.0,"enemies":"Small Slimes","floor":5.0,"turns":2.0},{"damage":39.0,"enemies":"Lagavulin","floor":6.0,"turns":8.0},{"damage":0.0,"enemies":"2 Louse","floor":12.0,"turns":1.0},{"damage":0.0,"enemies":"Gremlin Gang","floor":13.0,"turns":3.0},{"damage":7.0,"enemies":"Red Slaver","floor":14.0,"turns":2.0},{"damage":46.0,"enemies":"The Guardian","floor":16.0,"turns":8.0},{"damage":10.0,"enemies":"3 Byrds","floor":18.0,"turns":3.0},{"damage":10.0,"enemies":"Shell Parasite","floor":20.0,"turns":6.0},{"damage":12.0,"enemies":"Cultist and Chosen","floor":22.0,"turns":6.0},{"damage":20,"enemies":"Gremlin Leader","floor":23,"turns":6},{"damage":21,"enemies":"3 Cultists","floor":24,"turns":5},{"damage":16,"enemies":"Snake Plant","floor":28,"turns":3},{"damage":41,"enemies":"Book of Stabbing","floor":29,"turns":5},{"damage":12,"enemies":"Centurion and Healer","floor":31,"turns":1}],"seed_played":"115502624867684613","potions_obtained":[{"floor":1.0,"key":"BloodPotion"},{"floor":13.0,"key":"Explosive Potion"},{"floor":22.0,"key":"SteroidPotion"},{"floor":24,"key":"SneckoOil"}],"is_trial":false,"path_per_floor":["M","?","?","$","M","E","R","?","T","?","R","M","M","M","R","B",null,"M","?","M","$","M","E","M","$","T","R","M","E","$","M"],"character_chosen":"THE_GATHERER","items_purchased":["Mango","ClockworkSouvenir"],"campfire_rested":4,"item_purchase_floors":[21,30],"current_hp_per_floor":[72,72,58,58,58,33,54,54,54,59,77,77,77,70,77,31,77,67,67,57,71,59,43,22,22,22,50,40,7,7,0,0,0],"gold":8,"neow_bonus":"BOSS_RELIC","is_daily":false,"chose_seed":false,"campfire_upgraded":0,"win_rate":0.0,"timestamp":1610276279,"path_taken":["M","?","?","?","M","E","R","?","T","?","R","M","M","M","R","BOSS","M","?","M","$","M","E","?","$","T","R","M","E","$","M"],"items_purchased_type":["Relic","Relic"],"build_version":"2020-12-22","purchased_purges":0,"victory":false,"max_hp_per_floor":[72,72,72,72,72,72,72,72,72,77,77,77,77,77,77,77,77,77,77,77,91,91,95,95,95,95,95,95,95,95,95,95,95],"card_choices":[{"not_picked":["Gatherer:ScrollOfWall","Gatherer:Pollute"],"picked":"Gatherer:RottenStipe","floor":1.0},{"not_picked":["Gatherer:EnergyBasket","Gatherer:AromaProtection"],"picked":"Gatherer:FlowerPower","floor":5.0},{"not_picked":["Gatherer:ScentOfRosmari","Gatherer:RecipeChange","Gatherer:TacticalStrike"],"picked":"SKIP","floor":6.0},{"not_picked":["Gatherer:ScherryThrow","Gatherer:GatherMaterial"],"picked":"Gatherer:MiningStrike","floor":12.0},{"not_picked":["Gatherer:TreeGrowth","Gatherer:CarefulStrike","Gatherer:Convert"],"picked":"SKIP","floor":13.0},{"not_picked":["Gatherer:PotentialSlash","Gatherer:SaveValuables"],"picked":"Gatherer:Enchant","floor":14.0},{"not_picked":["Gatherer:FinishingStrike","Gatherer:Bulldoze"],"picked":"Gatherer:LuckyClover","floor":16.0},{"not_picked":["Gatherer:EnergyBasket","Gatherer:AcidicSpray","Gatherer:BambuSword"],"picked":"SKIP","floor":18.0},{"not_picked":["Gatherer:Snatch","Gatherer:PotentialSlash"],"picked":"Gatherer:AlchemyTrial+1","floor":20.0},{"not_picked":["Gatherer:FlowerFalling","Gatherer:GatherMaterial+1","Gatherer:ScherryThrow"],"picked":"SKIP","floor":22.0},{"not_picked":["Gatherer:RecoveryHerb","Gatherer:PotentialSlash"],"picked":"Gatherer:FruitForce+1","floor":23},{"not_picked":["Gatherer:Polymorphism","Gatherer:Misfortune"],"picked":"Gatherer:RecoveryHerb","floor":24},{"not_picked":["Gatherer:BambuSword","Gatherer:CollectorsShot"],"picked":"Gatherer:ScherryThrow+1","floor":28},{"not_picked":["Gatherer:Convert","Gatherer:DrugPower"],"picked":"Gatherer:Uplift+1","floor":29}],"player_experience":1813336,"relics_obtained":[{"floor":6.0,"key":"Shuriken"},{"floor":9.0,"key":"Boot"},{"floor":23,"key":"Frozen Egg 2"},{"floor":26,"key":"Ancient Tea Set"},{"floor":29,"key":"MawBank"}],"event_choices":[{"cards_removed":["Gatherer:Centralize"],"damage_healed":0.0,"max_hp_gain":0.0,"max_hp_loss":0.0,"gold_gain":0.0,"event_name":"The Cleric","player_choice":"Card Removal","floor":2.0,"gold_loss":50.0,"damage_taken":0.0},{"damage_healed":0.0,"max_hp_gain":0.0,"max_hp_loss":0.0,"gold_gain":0.0,"event_name":"Shining Light","player_choice":"Entered Light","floor":3.0,"gold_loss":0.0,"damage_taken":14.0,"cards_upgraded":["Gatherer:Strike_Gatherer","Gatherer:Strike_Gatherer"]},{"damage_healed":0.0,"max_hp_gain":0.0,"max_hp_loss":0.0,"gold_gain":0.0,"event_name":"Liars Game","player_choice":"Ignored","floor":8.0,"gold_loss":0.0,"damage_taken":0.0},{"damage_healed":0.0,"max_hp_gain":5.0,"max_hp_loss":0.0,"gold_gain":0.0,"event_name":"Big Fish","player_choice":"Donut","floor":10.0,"gold_loss":0.0,"damage_taken":0.0},{"damage_healed":0.0,"max_hp_gain":0.0,"max_hp_loss":0.0,"gold_gain":0.0,"event_name":"N\u0027loth","player_choice":"Ignored","floor":19.0,"gold_loss":0.0,"damage_taken":0.0}],"is_beta":false,"boss_relics":[{"not_picked":["Pandora\u0027s Box","Empty Cage"],"picked":"SlaversCollar"}],"items_purged_floors":[],"is_endless":false,"potions_floor_spawned":[1,13,22,24],"killed_by":"Centurion and Healer","ascension_level":1}}