{"host":"0ndhasp09f4rkdar","time":1610297567,"event":{"mods":["BaseMod","Dio Mod","Hermit","Hero for Fun","Lobotomy","Minty Spire (QoL Compilation)","Replay The Spire","StSLib","SuperFastMode","The Bladedancer"],"gold_per_floor":[114,114,133,146,421,451,469,488,562,574,574,592,592,592,592,696,696,707,717,520,520,538,538,425,440,516,549,549,549,563,563,563,563,563],"floor_reached":33,"playtime":2569,"items_purged":["Voices"],"score":299,"play_id":"dac9fee1-7ae6-476a-9ea3-9ce9e592ef08","local_time":"20210111005247","is_ascension_mode":false,"campfire_choices":[{"floor":11,"key":"REST"},{"floor":13,"key":"REST"},{"floor":15,"key":"REST"},{"floor":23,"key":"REST"},{"floor":29,"key":"REST"}],"circlet_count":0,"master_deck":["hermit:Strike_Hermit","hermit:Strike_Hermit","hermit:Strike_Hermit","hermit:Strike_Hermit","hermit:Defend_Hermit","hermit:Defend_Hermit","hermit:Defend_Hermit","hermit:Defend_Hermit","hermit:Snapshot","hermit:Covet","hermit:Vantage","hermit:Glare","Hallucinations","hermit:Brawl","hermit:GoldenBullet","Regret","Pot Of Greed","Pot Of Greed","hermit:WideOpen","hermit:LoneWolf","hermit:Headshot","hermit:Gambit+1","hermit:FullyLoaded","hermit:TakeCover","hermit:EyeOfTheStorm","Pot Of Greed","hermit:TrackingShot","hermit:OverwhelmingPower+1","hermit:GoldenBullet+1","hermit:Snipe","hermit:Showdown","hermit:Glare+1","hermit:HighCaliber","hermit:CalledShot","hermit:PistolWhip+1","hermit:HighCaliber+1","hermit:BigShot","hermit:BigShot+1","Pot Of Greed","hermit:Combo","hermit:Determination+1"],"relics":["hermit:Momento","Prayer Wheel","Ring of Panic","ReplayTheSpireMod:Ring of Exchange","Grinning Jar","Mummified Hand","Ring of Chaos","Guide Book","Replay:WaspNest","Red Mask","Lantern"],"acts_visited":["Exordium","TheCity"],"potions_floor_usage":[16,27],"damage_taken":[{"damage":0.0,"enemies":"2 Louse","floor":1.0,"turns":2.0},{"damage":0.0,"enemies":"Cultist","floor":3.0,"turns":5.0},{"damage":10,"enemies":"Jaw Worm","floor":4,"turns":4},{"damage":41,"enemies":"Lagavulin","floor":6,"turns":7},{"damage":13,"enemies":"2 Fungi Beasts","floor":7,"turns":5},{"damage":7,"enemies":"Looter","floor":8,"turns":2},{"damage":0,"enemies":"Blue Slaver","floor":10,"turns":3},{"damage":7,"enemies":"3 Louse","floor":12,"turns":3},{"damage":48,"enemies":"Fading Forest","floor":16,"turns":11},{"damage":26,"enemies":"Shell Parasite","floor":18,"turns":5},{"damage":18,"enemies":"Chosen","floor":19,"turns":4},{"damage":15,"enemies":"Snake Plant","floor":22,"turns":4},{"damage":21,"enemies":"Snecko","floor":25,"turns":4},{"damage":26,"enemies":"Masked Bandits","floor":27,"turns":4},{"damage":40,"enemies":"3 Cultists","floor":30,"turns":4},{"damage":5,"enemies":"Snake Plant","floor":33,"turns":1}],"seed_played":"2222275631767172915","potions_obtained":[{"floor":6,"key":"FairyPotion"},{"floor":7,"key":"Swift Potion"},{"floor":10,"key":"FearPotion"},{"floor":18,"key":"Fire Potion"},{"floor":27,"key":"Elixir"},{"floor":30,"key":"Death Potion"}],"is_trial":false,"path_per_floor":["M","?","M","M","?","E","M","M","T","M","R","M","R","?","R","B",null,"M","M","$","?","M","R","$","M","T","?","T","R","M","PTL","PTL","M"],"character_chosen":"HERMIT","items_purchased":["Guide Book","hermit:HighCaliber","hermit:BigShot"],"campfire_rested":5,"item_purchase_floors":[20,20,24],"current_hp_per_floor":[75,75,75,65,65,24,11,4,4,4,26,19,41,41,63,27,75,49,31,31,31,16,38,38,17,17,20,20,42,2,2,2,0,0],"gold":563,"neow_bonus":"ONE_RARE_RELIC","is_daily":false,"chose_seed":false,"campfire_upgraded":0,"win_rate":0.0,"timestamp":1610297567,"path_taken":["M","?","M","M","?","E","M","?","T","M","R","M","R","?","R","BOSS","M","M","$","?","M","R","$","M","T","?","?","R","M","PTL","PTL","M"],"items_purchased_type":["Relic","Card","Card"],"build_version":"2020-12-22","purchased_purges":1,"victory":false,"max_hp_per_floor":[75,75,75,75,75,75,75,75,75,75,75,75,75,75,75,75,75,75,75,75,75,75,75,75,75,75,75,75,75,75,75,75,75,75],"card_choices":[{"not_picked":["hermit:Coalescence","hermit:Virtue"],"picked":"hermit:Vantage","floor":1.0},{"not_picked":["hermit:Misfire","hermit:ItchyTrigger"],"picked":"hermit:Glare","floor":1.0},{"not_picked":["hermit:Dive","hermit:Desperado"],"picked":"hermit:Brawl","floor":3.0},{"not_picked":["hermit:EternalForm","hermit:Cheat"],"picked":"hermit:GoldenBullet","floor":3.0},{"not_picked":["hermit:Midnight","hermit:Roulette","hermit:Scavenge"],"picked":"SKIP","floor":4},{"not_picked":["hermit:Glare","hermit:NoHoldsBarred","hermit:BodyArmor"],"picked":"SKIP","floor":4},{"not_picked":["hermit:Glare","hermit:ItchyTrigger"],"picked":"hermit:WideOpen","floor":6},{"not_picked":["hermit:ItchyTrigger","hermit:BodyArmor"],"picked":"hermit:LoneWolf","floor":7},{"not_picked":["hermit:Midnight","hermit:ItchyTrigger"],"picked":"hermit:Headshot","floor":7},{"not_picked":["hermit:Snipe","hermit:FullyLoaded"],"picked":"hermit:Gambit","floor":8},{"not_picked":["hermit:HoleUp","hermit:Cheat","hermit:SprayPray"],"picked":"SKIP","floor":8},{"not_picked":["hermit:Coalescence","hermit:Spite"],"picked":"hermit:FullyLoaded","floor":10},{"not_picked":["hermit:ItchyTrigger","hermit:NoHoldsBarred"],"picked":"hermit:TakeCover","floor":10},{"not_picked":["hermit:Misfire","hermit:TrackingShot"],"picked":"hermit:EyeOfTheStorm","floor":12},{"not_picked":["hermit:PistolWhip","hermit:Midnight"],"picked":"hermit:TrackingShot","floor":12},{"not_picked":["hermit:Adapt","hermit:RoundhouseKick"],"picked":"hermit:OverwhelmingPower","floor":16},{"not_picked":["hermit:Malice","hermit:Desperado"],"picked":"hermit:GoldenBullet+1","floor":18},{"not_picked":["hermit:DeadMansHand","hermit:Horror"],"picked":"hermit:Snipe","floor":18},{"not_picked":["hermit:EyeOfTheStorm","hermit:PistolWhip"],"picked":"hermit:Showdown","floor":19},{"not_picked":["hermit:Manifest","hermit:Quickdraw"],"picked":"hermit:Glare+1","floor":19},{"not_picked":["hermit:Desperado","hermit:EyeOfTheStorm"],"picked":"hermit:PistolWhip+1","floor":22},{"not_picked":["hermit:Misfire","hermit:Manifest"],"picked":"hermit:HighCaliber+1","floor":22},{"not_picked":["hermit:TakeAim","hermit:Roulette"],"picked":"hermit:BigShot+1","floor":25},{"not_picked":["hermit:LowProfile+1","hermit:Spite+1","hermit:ItchyTrigger+1"],"picked":"SKIP","floor":25},{"not_picked":["hermit:FlashPowder+1","hermit:Showdown"],"picked":"hermit:Combo","floor":27},{"not_picked":["hermit:Snipe","hermit:CalledShot+1"],"picked":"hermit:Determination+1","floor":30},{"not_picked":["hermit:Virtue+1","hermit:EyeOfTheStorm","hermit:Cheat"],"picked":"SKIP","floor":30}],"player_experience":194603,"relics_obtained":[{"floor":2.0,"key":"Ring of Panic"},{"floor":2.0,"key":"ReplayTheSpireMod:Ring of Exchange"},{"floor":6,"key":"Grinning Jar"},{"floor":9,"key":"Mummified Hand"},{"floor":26,"key":"Replay:WaspNest"},{"floor":27,"key":"Red Mask"},{"floor":28,"key":"Lantern"}],"event_choices":[{"damage_healed":0,"gold_gain":275,"player_choice":"Desecrate","damage_taken":0,"max_hp_gain":0,"max_hp_loss":0,"event_name":"Golden Shrine","floor":5,"gold_loss":0,"cards_obtained":["Regret"]},{"damage_healed":0,"gold_gain":0,"player_choice":"Ignored","damage_taken":0,"max_hp_gain":0,"max_hp_loss":0,"event_name":"Liars Game","floor":14,"gold_loss":0},{"damage_healed":0,"gold_gain":0,"player_choice":"Read","damage_taken":0,"max_hp_gain":0,"max_hp_loss":0,"event_name":"The Library","floor":21,"gold_loss":0,"cards_obtained":["hermit:CalledShot"]},{"damage_healed":0,"gold_gain":0,"player_choice":"Fought Bandits","damage_taken":0,"max_hp_gain":0,"max_hp_loss":0,"event_name":"Masked Bandits","floor":27,"gold_loss":0}],"is_beta":false,"boss_relics":[{"not_picked":["Lee\u0027s Waffle","Tiny House"],"picked":"Ring of Chaos"}],"items_purged_floors":[24],"is_endless":false,"potions_floor_spawned":[6,7,10,12,18,22,27,30],"killed_by":"Snake Plant","ascension_level":0}}