{"host":"Leo","time":1610313085,"event":{"mods":["Act Like it!","Astrologer","BaseMod","Challenge The Spire","Colored Map","Colored Powertips","Downfall","Gensokyo","Hubris","Infinite Spire","KinomotoSakuraMod(ñÿîVñ{?)","Koishi","KomeijiMod","MarisaÅiñ∂âJÅ@ñÇóùçπÅj","Minty Spire (QoL Compilation)","Pale of the Ancients","Prisma Mod","Quick Restart","Random Character Mod","Rare Cards Sparkle","Replay The Spire","StSLib","The Jungle","TheBandit"],"gold_per_floor":[111,131,131,144,158,65,35,54,54,54,54,81,139,158,158,263,263,278,34,48,48,59,59,92,92,92,92,92],"floor_reached":27,"playtime":4562,"items_purged":[],"score":233,"play_id":"68cb5e70-ed20-4bc1-aaca-6e02d27b46d5","local_time":"20210110161125","is_ascension_mode":false,"campfire_choices":[{"data":"PrismaMod:MiyuUberAttack","floor":10,"key":"SMITH"},{"data":"PrismaMod:MiyuDefenseExplosion","floor":15,"key":"SMITH"},{"data":"PrismaMod:MiyuCheapChannelDefend","floor":23,"key":"SMITH"}],"circlet_count":0,"master_deck":["PrismaMod:MiyuCommonDefend","PrismaMod:MiyuCommonDefend","PrismaMod:MiyuCommonDefend","PrismaMod:MiyuCommonDefend","PrismaMod:MiyuCommonDefend","PrismaMod:MiyuCommonAttack","PrismaMod:MiyuCommonAttack","PrismaMod:MiyuCommonAttack","PrismaMod:MiyuCommonAttack","PrismaMod:MiyuCommonAttack","PrismaMod:MiyuCheapChannelAttack","PrismaMod:MiyuEvokeCheapAttack","PrismaMod:MiyuDefenseExplosion+1","PrismaMod:MiyuCheapStrBuff","PrismaMod:MiyuUncommonDefend","PrismaMod:MiyuCheapChannelWeak","PrismaMod:MiyuUncommonAOEAttack","PrismaMod:MiyuUberAttack+1","PrismaMod:MiyuAttackChannelWeak","PrismaMod:MiyuCheapStrBuff","PrismaMod:MiyuCarnivalDefend","PrismaMod:MiyuEvokeBuffDex+1","PrismaMod:MiyuCheapAttack1+1","PrismaMod:MiyuCommonAOEAttack+1","PrismaMod:MiyuUberAOEAttack","hubris:DuctTapeCard"],"relics":["PrismaMod:PrismaSapphire","infinitespire:Eraser","ThirstyCross","hubris:Backtick","Burning Blood","Membership Card","Anchor","Replay:WaspNest","Nloth\u0027s Gift","hubris:DuctTape"],"acts_visited":["Exordium","TheCity"],"potions_floor_usage":[],"damage_taken":[{"damage":2,"enemies":"Jaw Worm","floor":1,"turns":5},{"damage":0,"enemies":"Cultist","floor":2,"turns":4},{"damage":2,"enemies":"Small Slimes","floor":4,"turns":3},{"damage":6,"enemies":"3 Louse","floor":5,"turns":4},{"damage":0,"enemies":"Looter","floor":7,"turns":4},{"damage":9,"enemies":"Lots of Slimes","floor":8,"turns":4},{"damage":3,"enemies":"Replay:BlueRogue","floor":12,"turns":6},{"damage":0,"enemies":"2 Fungi Beasts","floor":14,"turns":2},{"damage":24,"enemies":"The Guardian","floor":16,"turns":14},{"damage":18,"enemies":"Spheric Guardian","floor":18,"turns":4},{"damage":5,"enemies":"Shell Parasite","floor":20,"turns":5},{"damage":16,"enemies":"Centurion and Healer","floor":22,"turns":8},{"damage":17,"enemies":"Gremlin Leader","floor":24,"turns":8},{"damage":23,"enemies":"Cultist and Chosen","floor":27,"turns":5}],"seed_played":"-1035404117633847887","potions_obtained":[{"floor":3,"key":"EntropicBrew"},{"floor":3,"key":"ColorlessPotion"},{"floor":3,"key":"CalmPotion"},{"floor":4,"key":"FairyPotion"},{"floor":5,"key":"Elixir"},{"floor":8,"key":"ColorlessPotion"},{"floor":12,"key":"champ:CounterPotion"},{"floor":24,"key":"DistilledChaos"}],"is_trial":false,"path_per_floor":["M","M","?","M","M","$","M","M","T","R","?","E","?","M","R","B",null,"M","$","M","?","M","R","E","?","T","M"],"character_chosen":"MIYU","items_purchased":["PrismaMod:MiyuUncommonDefend","PrismaMod:MiyuCheapChannelWeak","Membership Card","PrismaMod:MiyuEvokeBuffDex+1","Anchor"],"campfire_rested":0,"item_purchase_floors":[6,6,19,19,19],"current_hp_per_floor":[73,73,73,71,65,65,65,56,56,56,56,57,57,61,61,41,75,63,63,68,75,69,69,18,18,18,0,0],"gold":92,"neow_bonus":"","is_daily":false,"chose_seed":false,"campfire_upgraded":3,"win_rate":0.0,"timestamp":1610313085,"path_taken":["M","M","?","?","M","$","?","M","T","R","?","E","?","M","R","BOSS","M","$","M","?","M","R","E","?","T","M"],"items_purchased_type":["Card","Card","Relic","Card","Relic"],"build_version":"2020-11-17","purchased_purges":0,"victory":false,"max_hp_per_floor":[75,75,75,75,75,75,75,75,75,75,75,75,75,75,75,75,75,75,75,75,75,75,75,75,75,75,75,75],"card_choices":[{"not_picked":["PrismaMod:MiyuMaid","PrismaMod:MiyuCheapEvoke"],"picked":"PrismaMod:MiyuEvokeCheapAttack","floor":1},{"not_picked":["PrismaMod:MiyuMaid","PrismaMod:MiyuCheapEvoke","PrismaMod:MiyuEvokeBuffStr"],"picked":"SKIP","floor":2},{"not_picked":["PrismaMod:MiyuEvokeBuffDex","PrismaMod:MiyuCheapAttack1"],"picked":"PrismaMod:MiyuDefenseExplosion","floor":4},{"not_picked":["PrismaMod:MiyuCheapEvoke","PrismaMod:MiyuDefenseExplosion"],"picked":"PrismaMod:MiyuCheapStrBuff","floor":5},{"not_picked":["PrismaMod:MiyuDefenseRemoval","PrismaMod:MiyuCheapAttack2"],"picked":"PrismaMod:MiyuUncommonAOEAttack","floor":7},{"not_picked":["PrismaMod:MiyuChannelAttackEvoke","PrismaMod:MiyuMaid"],"picked":"PrismaMod:MiyuUberAttack","floor":8},{"not_picked":["PrismaMod:MiyuAttackChannelAttack","PrismaMod:MiyuUncommonPlate"],"picked":"PrismaMod:MiyuAttackChannelWeak","floor":12},{"not_picked":["PrismaMod:MiyuAttackChannelWeak","PrismaMod:MiyuEvokeBuffStr"],"picked":"PrismaMod:MiyuCheapStrBuff","floor":14},{"not_picked":["PrismaMod:MiyuEvokeAllAttack","PrismaMod:MiyuCheapDefend2"],"picked":"PrismaMod:MiyuCarnivalDefend","floor":16},{"not_picked":["PrismaMod:MiyuCheapChannelVul","PrismaMod:MiyuAttackChannelVul"],"picked":"PrismaMod:MiyuCommonAOEAttack+1","floor":18},{"not_picked":["PrismaMod:MiyuCheapEvoke","PrismaMod:MiyuCheapChannelVul+1"],"picked":"PrismaMod:MiyuCheapAttack1+1","floor":20},{"not_picked":["PrismaMod:MiyuCheapDefend1","PrismaMod:MiyuDevil"],"picked":"PrismaMod:MiyuCommonAOEAttack+1","floor":22},{"not_picked":["PrismaMod:MiyuUncommonPlate","PrismaMod:MiyuCheapAttack1"],"picked":"PrismaMod:MiyuUberAOEAttack","floor":24}],"player_experience":0,"relics_obtained":[{"floor":9,"key":"infinitespire:Eraser"},{"floor":12,"key":"hubris:ToyBattleship"},{"floor":24,"key":"Replay:WaspNest"},{"floor":26,"key":"hubris:DuctTape"}],"event_choices":[{"damage_healed":0,"gold_gain":0,"player_choice":"Got Potions","damage_taken":0,"max_hp_gain":0,"max_hp_loss":0,"event_name":"Lab","floor":3,"gold_loss":0},{"damage_healed":0,"gold_gain":58,"player_choice":"Gained Gold","damage_taken":0,"max_hp_gain":0,"max_hp_loss":0,"event_name":"Golden Wing","floor":13,"gold_loss":0},{"damage_healed":0,"gold_gain":0,"player_choice":"Traded Relic","damage_taken":0,"relics_obtained":["Nloth\u0027s Gift"],"max_hp_gain":0,"max_hp_loss":0,"event_name":"N\u0027loth","floor":25,"relics_lost":["hubris:ToyBattleship"],"gold_loss":0}],"is_beta":true,"boss_relics":[{"not_picked":["Snecko Eye","Ectoplasm"],"picked":"hubris:Backtick"}],"items_purged_floors":[],"is_endless":false,"potions_floor_spawned":[4,5,8,12,16,22,24],"killed_by":"Cultist and Chosen","ascension_level":0}}