{"host":"adv1uqz3812gqgbw","time":1610257474,"event":{"mods":["BaseMod","Better Note","Colored Powertips","Custom Start","GifTheSpireLib","Hermit","Minty Spire (QoL Compilation)","SacredBarkPlus","StSLib","The Runesmith","Uncapped"],"gold_per_floor":[159,219,261,261,261,348,438,531,578,578,617,617,704,749,761,986,998,1043,1085,1097,1109,1121,1511,1628,1640,1701,1815,1872,1959,1971,2025,2037,2280,2292,2349,2436,2493,2262,2099,2099,2135,2135,2135,2174,2225,2321,2360,2462,2462,2462,2462],"floor_reached":52,"playtime":1362,"items_purged":[],"score":3090,"play_id":"e467c73e-1685-4751-9b47-2dd9c67d97b7","local_time":"20210110034434","daily_mods":["Diverse","Colorless Cards","Time Dilation","DeadlyEvents","Binary","Elite Swarm","Lethality","Midas","Uncertain Future"],"is_ascension_mode":true,"campfire_choices":[{"floor":10,"key":"REST"},{"floor":15,"key":"REST"},{"floor":25,"key":"REST"},{"floor":30,"key":"REST"},{"floor":32,"key":"REST"},{"floor":40,"key":"REST"},{"floor":42,"key":"REST"},{"floor":49,"key":"REST"}],"circlet_count":0,"master_deck":["Impervious+1","Body Slam+1","Body Slam+1","Body Slam+1","BootSequence+1","BootSequence+1","BootSequence+1","Chill+1","Chill+1"],"relics":["Burning Blood","Mango","hermit:DentedPlate","Anchor","Calipers","CaptainsWheel","Singing Bowl","Pear","Bag of Marbles","Bag of Preparation","Ring of the Snake","Strawberry","Bottled Lightning","Lee\u0027s Waffle","Bronze Scales","CloakClasp","Runic Pyramid","DataDisk","Brimstone","Vajra","Paper Frog","Oddly Smooth Stone","Runesmith:Nanobots","Runesmith:AutoHammer","Unceasing Top","WristBlade","Lantern","CeramicFish","Molten Egg 2","War Paint","Akabeko","MawBank","Old Coin","Self Forming Clay","Magic Flower","Membership Card","Potion Belt","Sling","PreservedInsect"],"acts_visited":["Exordium","TheCity","TheBeyond"],"potions_floor_usage":[51,51,51],"damage_taken":[{"damage":0,"enemies":"Cultist","floor":1,"turns":1},{"damage":0,"enemies":"Jaw Worm","floor":2,"turns":1},{"damage":0,"enemies":"Small Slimes","floor":3,"turns":1},{"damage":0,"enemies":"3 Sentries","floor":6,"turns":1},{"damage":0,"enemies":"Lagavulin","floor":7,"turns":1},{"damage":0,"enemies":"Gremlin Nob","floor":8,"turns":1},{"damage":0,"enemies":"3 Louse","floor":11,"turns":1},{"damage":0,"enemies":"3 Sentries","floor":13,"turns":1},{"damage":0,"enemies":"Blue Slaver","floor":14,"turns":1},{"damage":0,"enemies":"Slime Boss","floor":16,"turns":1},{"damage":0,"enemies":"Shell Parasite","floor":18,"turns":1},{"damage":0,"enemies":"3 Byrds","floor":19,"turns":1},{"damage":0,"enemies":"Slavers","floor":23,"turns":1},{"damage":0,"enemies":"Book of Stabbing","floor":24,"turns":1},{"damage":0,"enemies":"Gremlin Leader","floor":27,"turns":1},{"damage":0,"enemies":"Snake Plant","floor":28,"turns":1},{"damage":0,"enemies":"Slavers","floor":29,"turns":1},{"damage":0,"enemies":"Centurion and Healer","floor":31,"turns":1},{"damage":0,"enemies":"Collector","floor":33,"turns":1},{"damage":0,"enemies":"Orb Walker","floor":35,"turns":1},{"damage":0,"enemies":"Mind Bloom Boss Battle","floor":36,"turns":1},{"damage":0,"enemies":"3 Darklings","floor":37,"turns":1},{"damage":0,"enemies":"Maw","floor":41,"turns":1},{"damage":0,"enemies":"Spire Growth","floor":44,"turns":1},{"damage":0,"enemies":"Transient","floor":45,"turns":1},{"damage":0,"enemies":"Reptomancer","floor":46,"turns":1},{"damage":0,"enemies":"Sphere and 2 Shapes","floor":47,"turns":1},{"damage":0,"enemies":"Giant Head","floor":48,"turns":1},{"damage":0,"enemies":"Time Eater","floor":50,"turns":1},{"damage":0,"enemies":"Donu and Deca","floor":51,"turns":2}],"seed_played":"1328404817789175432","potions_obtained":[{"floor":1,"key":"ColorlessPotion"},{"floor":3,"key":"SteroidPotion"},{"floor":29,"key":"SteroidPotion"}],"is_trial":true,"path_per_floor":["M","M","M","$","?","E","E","E","T","R","M","$","E","M","R","B",null,"M","M","?","$","?","E","E","R","T","E","M","E","R","M","R","B",null,"M","?","M","$","$","R","M","R","T","M","M","E","M","E","R","B","B",null],"character_chosen":"IRONCLAD","items_purchased":["Membership Card","Potion Belt","Strength Potion","CultistPotion","Sling"],"campfire_rested":8,"item_purchase_floors":[38,38,39,39,39],"current_hp_per_floor":[73,75,77,77,77,79,81,83,83,83,85,85,87,89,89,91,91,93,95,95,95,95,97,99,99,99,101,103,105,105,107,107,109,109,111,113,115,115,115,115,117,117,117,119,121,123,125,127,127,127,127],"gold":2462,"neow_bonus":"","is_daily":false,"chose_seed":false,"campfire_upgraded":0,"win_rate":0.0,"timestamp":1610257474,"path_taken":["M","M","M","?","?","E","?","E","T","R","M","$","E","M","R","BOSS","M","M","?","$","?","E","?","R","T","E","M","E","R","M","R","BOSS","M","?","M","?","$","R","M","R","T","?","M","E","M","E","R","BOSS","BOSS"],"items_purchased_type":["Relic","Relic","Potion","Potion","Relic"],"build_version":"2020-12-22","purchased_purges":0,"victory":true,"max_hp_per_floor":[73,75,77,77,77,79,81,83,83,83,85,85,87,89,89,91,91,93,95,95,95,95,97,99,99,99,101,103,105,105,107,107,109,109,111,113,115,115,115,115,117,117,117,119,121,123,125,127,127,127,127],"card_choices":[{"not_picked":["Dark Shackles","PanicButton"],"picked":"Singing Bowl","floor":1},{"not_picked":["Quick Slash","hermit:Deadeye"],"picked":"Singing Bowl","floor":2},{"not_picked":["Crescendo","hermit:Midnight"],"picked":"Singing Bowl","floor":3},{"not_picked":["Runesmith:Supernova","hermit:Roughhouse"],"picked":"Singing Bowl","floor":6},{"not_picked":["Amplify","Master of Strategy"],"picked":"Singing Bowl","floor":7},{"not_picked":["Runesmith:DuctTape","Wraith Form v2"],"picked":"Singing Bowl","floor":8},{"not_picked":["Footwork","hermit:Feint"],"picked":"Singing Bowl","floor":11},{"not_picked":["Runesmith:FissionHammer+1","Impervious"],"picked":"Singing Bowl","floor":13},{"not_picked":["Runesmith:ShiftingStrike+1","Collect"],"picked":"Singing Bowl","floor":14},{"not_picked":["hermit:OverwhelmingPower","Creative AI"],"picked":"Singing Bowl","floor":16},{"not_picked":["hermit:DeadMansHand+1","Hologram+1"],"picked":"Singing Bowl","floor":18},{"not_picked":["Quick Slash+1","Bouncing Flask"],"picked":"Singing Bowl","floor":19},{"not_picked":["Immolate+1","Runesmith:CreatorForm"],"picked":"Singing Bowl","floor":23},{"not_picked":["Core Surge+1","Runesmith:ArcReactor"],"picked":"Singing Bowl","floor":24},{"not_picked":["Thunder Strike+1","Runesmith:CraftIndustria"],"picked":"Singing Bowl","floor":27},{"not_picked":["Havoc","Compile Driver+1"],"picked":"Singing Bowl","floor":28},{"not_picked":["Juggernaut","Bludgeon+1"],"picked":"Singing Bowl","floor":29},{"not_picked":["Thunderclap+1","hermit:BodyArmor+1"],"picked":"Singing Bowl","floor":31},{"not_picked":["Devotion","hermit:FatalDesire"],"picked":"Singing Bowl","floor":33},{"not_picked":["Outmaneuver","hermit:Vantage"],"picked":"Singing Bowl","floor":35},{"not_picked":["Crescendo","Genetic Algorithm+1"],"picked":"Singing Bowl","floor":36},{"not_picked":["hermit:Malice+1","Runesmith:NanitesCloud"],"picked":"Singing Bowl","floor":37},{"not_picked":["Ball Lightning+1","Twin Strike+1"],"picked":"Singing Bowl","floor":41},{"not_picked":["Blade Dance+1","Runesmith:FieryHammer+1"],"picked":"Singing Bowl","floor":44},{"not_picked":["Streamline+1","Endless Agony+1"],"picked":"Singing Bowl","floor":45},{"not_picked":["Ragnarok+1","Metamorphosis"],"picked":"Singing Bowl","floor":46},{"not_picked":["hermit:LowProfile","Reinforced Body"],"picked":"Singing Bowl","floor":47},{"not_picked":["Double Tap","Runesmith:FissionHammer+1"],"picked":"Singing Bowl","floor":48}],"player_experience":352730,"relics_obtained":[{"floor":6,"key":"CeramicFish"},{"floor":7,"key":"Molten Egg 2"},{"floor":8,"key":"War Paint"},{"floor":9,"key":"Akabeko"},{"floor":13,"key":"MawBank"},{"floor":23,"key":"Old Coin"},{"floor":27,"key":"Self Forming Clay"},{"floor":36,"key":"Magic Flower"},{"floor":43,"key":"PreservedInsect"}],"event_choices":[{"damage_healed":0,"gold_gain":0,"player_choice":"Got Potions","damage_taken":0,"max_hp_gain":0,"max_hp_loss":0,"event_name":"Lab","floor":5,"gold_loss":0},{"cards_removed":["Chill"],"damage_healed":0,"gold_gain":0,"player_choice":"Offered Uncommon","damage_taken":0,"max_hp_gain":0,"max_hp_loss":0,"event_name":"Bonfire Elementals","floor":20,"gold_loss":0},{"damage_healed":0,"gold_gain":0,"player_choice":"Ignored","damage_taken":0,"max_hp_gain":0,"max_hp_loss":0,"event_name":"betterNote:BetterNote","floor":22,"gold_loss":0,"cards_obtained":["Clash"]},{"damage_healed":0,"gold_gain":0,"player_choice":"Fight","damage_taken":0,"max_hp_gain":0,"max_hp_loss":0,"event_name":"MindBloom","floor":36,"gold_loss":0}],"is_beta":false,"boss_relics":[{"not_picked":["Ectoplasm","Philosopher\u0027s Stone","Velvet Choker"]},{"not_picked":["Coffee Dripper","Runic Dome","Mark of Pain"]}],"items_purged_floors":[],"is_endless":false,"potions_floor_spawned":[1,3,11,13,16,27,28,29,31,36,45,46,47],"ascension_level":20}}