{"host":"ig7tc0uedzltt2sr","time":1610238747,"event":{"mods":["BaseMod","Better Twitch Integration","Block Reminder","Colored Map","Colored Powertips","Communication Mod","Current Relic Mod","GifTheSpireLib","HexUI Lib","Minty Spire (QoL Compilation)","Quick Restart","Random Character Button","Rare Cards Sparkle","Relic Sorter","Relic Stats","Slay the Relics Exporter","StSLib","SuperFastMode","Synergy Search","Twitch Decklist","Twitch Utils","everything is the same but u backflip on backflip","slay the spire mod where everything is the same but ironclad has a cowboy hat"],"gold_per_floor":[114,127,127,147,122,122,122],"floor_reached":6,"playtime":29,"items_purged":[],"score":38,"play_id":"dd600c4e-8333-4fe0-bee2-58f2ed75a4f6","local_time":"20210109163227","is_ascension_mode":false,"campfire_choices":[],"circlet_count":0,"master_deck":["Strike_R","Strike_R","Strike_R","Strike_R","Strike_R","Defend_R","Defend_R","Defend_R","Bash","Anger"],"relics":["Burning Blood","NeowsBlessing"],"acts_visited":["Exordium"],"potions_floor_usage":[],"damage_taken":[{"damage":0,"enemies":"Cultist","floor":1,"turns":1},{"damage":0,"enemies":"2 Louse","floor":2,"turns":1},{"damage":0,"enemies":"Jaw Worm","floor":4,"turns":1},{"damage":32,"enemies":"Exordium Thugs","floor":5,"turns":5},{"damage":54,"enemies":"3 Sentries","floor":6,"turns":4}],"seed_played":"1726587741697504476","potions_obtained":[{"floor":2,"key":"Weak Potion"},{"floor":5,"key":"LiquidMemories"}],"is_trial":false,"path_per_floor":["M","M","?","M","M","E"],"character_chosen":"IRONCLAD","items_purchased":[],"campfire_rested":0,"item_purchase_floors":[],"current_hp_per_floor":[80,80,80,80,54,0,0],"gold":122,"neow_bonus":"THREE_ENEMY_KILL","is_daily":false,"chose_seed":false,"campfire_upgraded":0,"win_rate":0.0,"timestamp":1610238747,"path_taken":["M","M","?","M","M","E"],"items_purchased_type":[],"build_version":"2020-12-22","purchased_purges":0,"victory":false,"max_hp_per_floor":[80,80,80,80,80,80,80],"relic_stats":{"counters":[5,12],"obtain_stats":[{"NeowsBlessing":0,"Burning Blood":0},{"NeowsBlessing":0,"Burning Blood":0},{"NeowsBlessing":0,"Burning Blood":0}],"Burning Blood":6},"card_choices":[{"not_picked":["Clash","Rupture","Iron Wave"],"picked":"SKIP","floor":1},{"not_picked":["Shockwave","Flame Barrier","Heavy Blade"],"picked":"SKIP","floor":2},{"not_picked":["Iron Wave","Dropkick","Havoc"],"picked":"SKIP","floor":4},{"not_picked":["Combust","Shrug It Off","Feel No Pain"],"picked":"SKIP","floor":5}],"player_experience":1477027,"relics_obtained":[],"event_choices":[{"damage_healed":0,"gold_gain":0,"cards_transformed":["Defend_R"],"player_choice":"Transformed","damage_taken":0,"max_hp_gain":0,"max_hp_loss":0,"event_name":"Transmorgrifier","floor":3,"gold_loss":0,"cards_obtained":["Anger"]}],"is_beta":false,"boss_relics":[],"items_purged_floors":[],"is_endless":false,"potions_floor_spawned":[2,5],"killed_by":"3 Sentries","ascension_level":0}}