{"host":"ewfe3cr33ktd9xzj","time":1610252431,"event":{"mods":["AchievementEnabler","BaseMod","Colored Map","Custom Start","DeckTracker","Minty Spire (QoL Compilation)","Permanent Neow","Rare Cards Sparkle","StSLib","everything is the same but u backflip on backflip"],"gold_per_floor":[111,123,48,48,66,99,99,125,194,43,70,70,134,109,109,183,183,202,252,302,302,302],"floor_reached":21,"playtime":486,"items_purged":["Fasting2","Strike_P"],"score":540,"play_id":"b11ca5ac-2554-4069-9a8f-d5d9e8240301","local_time":"20210110132031","is_ascension_mode":true,"campfire_choices":[{"data":"Eruption","floor":7.0,"key":"SMITH"},{"data":"Alpha","floor":12.0,"key":"SMITH"},{"floor":15.0,"key":"REST"}],"circlet_count":0,"master_deck":["AscendersBane","Strike_P","Defend_P","Defend_P","Defend_P","Eruption+1","Vigilance","Wallop","EmptyFist","CrushJoints","Alpha+1","JustLucky","Wireheading","SpiritShield","Pray+1"],"relics":["PureWater","SsserpentHead","Ice Cream","Pen Nib","Darkstone Periapt","Blue Candle","Black Star"],"acts_visited":["Exordium","TheCity"],"potions_floor_usage":[],"damage_taken":[{"damage":0.0,"enemies":"Small Slimes","floor":1.0,"turns":2.0},{"damage":6.0,"enemies":"Cultist","floor":2.0,"turns":3.0},{"damage":9.0,"enemies":"2 Louse","floor":5.0,"turns":3.0},{"damage":7.0,"enemies":"Lagavulin","floor":6.0,"turns":5.0},{"damage":0.0,"enemies":"Gremlin Nob","floor":8.0,"turns":3.0},{"damage":18.0,"enemies":"3 Sentries","floor":11.0,"turns":7.0},{"damage":0.0,"enemies":"Large Slime","floor":13.0,"turns":4.0},{"damage":0.0,"enemies":"Slime Boss","floor":16.0,"turns":5.0},{"damage":15.0,"enemies":"3 Byrds","floor":18.0,"turns":3.0},{"damage":12,"enemies":"Chosen","floor":21,"turns":3}],"seed_played":"-5995986078523087539","potions_obtained":[{"floor":1.0,"key":"Swift Potion"},{"floor":6.0,"key":"LiquidBronze"},{"floor":13.0,"key":"SkillPotion"}],"is_trial":false,"path_per_floor":["M","M","$","?","M","E","R","E","T","$","E","R","M","?","R","B",null,"M","?","?","M"],"character_chosen":"WATCHER","items_purchased":["JustLucky"],"campfire_rested":1,"item_purchase_floors":[10],"current_hp_per_floor":[43,37,37,37,28,21,21,21,21,21,3,3,3,3,23,23,57,42,42,23,11,11],"gold":302,"neow_bonus":"TRANSFORM_TWO_CARDS","is_daily":false,"chose_seed":false,"campfire_upgraded":2,"win_rate":0.0,"timestamp":1610252431,"path_taken":["M","M","$","?","M","E","R","E","T","$","E","R","?","?","R","BOSS","M","?","?","M"],"items_purchased_type":["Card"],"build_version":"2020-12-22","purchased_purges":2,"victory":false,"max_hp_per_floor":[68,68,68,68,68,68,68,68,68,68,68,68,68,68,68,68,68,68,68,73,73,73],"card_choices":[{"not_picked":["BattleHymn","EmptyBody"],"picked":"EmptyFist","floor":1.0},{"not_picked":["Crescendo","CutThroughFate"],"picked":"CrushJoints","floor":2.0},{"not_picked":["Halt","JustLucky","Crescendo"],"picked":"SKIP","floor":5.0},{"not_picked":["Perseverance","JustLucky","Evaluate"],"picked":"SKIP","floor":6.0},{"not_picked":["EmptyFist","WreathOfFlame"],"picked":"Alpha","floor":8.0},{"not_picked":["Wallop","FlurryOfBlows"],"picked":"Wireheading","floor":11.0},{"not_picked":["BowlingBash","Crescendo","EmptyFist"],"picked":"SKIP","floor":13.0},{"not_picked":["Brilliance","Blasphemy"],"picked":"SpiritShield","floor":16.0},{"not_picked":["SashWhip","CarveReality"],"picked":"Pray+1","floor":18.0}],"player_experience":33353,"relics_obtained":[{"floor":6.0,"key":"Ice Cream"},{"floor":8.0,"key":"Pen Nib"},{"floor":9.0,"key":"Darkstone Periapt"},{"floor":11.0,"key":"Blue Candle"}],"event_choices":[{"damage_healed":0.0,"max_hp_gain":0.0,"max_hp_loss":0.0,"gold_gain":0.0,"event_name":"FaceTrader","player_choice":"Trade","floor":4.0,"gold_loss":0.0,"damage_taken":0.0,"relics_obtained":["SsserpentHead"]},{"cards_removed":["Strike_P"],"damage_healed":0.0,"max_hp_gain":0.0,"max_hp_loss":0.0,"gold_gain":0.0,"event_name":"The Cleric","player_choice":"Card Removal","floor":14.0,"gold_loss":75.0,"damage_taken":0.0},{"damage_healed":0,"gold_gain":0,"player_choice":"Ignored","damage_taken":0,"max_hp_gain":0,"max_hp_loss":0,"event_name":"Ghosts","floor":19,"gold_loss":0},{"damage_healed":0,"gold_gain":0,"player_choice":"Shed Blood","damage_taken":24,"max_hp_gain":5,"max_hp_loss":0,"event_name":"Forgotten Altar","floor":20,"gold_loss":0}],"is_beta":false,"boss_relics":[{"not_picked":["SlaversCollar","Fusion Hammer"],"picked":"Black Star"}],"items_purged_floors":[3,10],"is_endless":false,"potions_floor_spawned":[1,6,13],"killed_by":"Chosen","ascension_level":20}}