{"host":"qbvxbacgnxuisbbe","time":1610262320,"event":{"mods":["AchievementEnabler","Alarm Clock","Ascension Unlocker","BaseMod","Block Reminder","Highlight Path","Minty Spire (QoL Compilation)","Poem Panic","Spicy Shops","StSLib","The Grandmaster","The Hydrologist","Uncapped"],"gold_per_floor":[111,111,111,386,18,47,64,64,87,3,38,54,66,86,86,157,157,167,179,196,214,228,228,228,228],"floor_reached":24,"playtime":5444,"items_purged":["Regret"],"score":470,"play_id":"ed63fe9c-579a-4ea5-9f61-84b9ef9292a4","local_time":"20210110070520","is_ascension_mode":true,"campfire_choices":[{"data":"hydrologistmod:Dehydrate","floor":8.0,"key":"SMITH"},{"data":"hydrologistmod:Cascade","floor":15.0,"key":"SMITH"},{"data":"hydrologistmod:Transfusion","floor":23,"key":"SMITH"}],"circlet_count":0,"master_deck":["AscendersBane","hydrologistmod:Strike_Hydrologist","hydrologistmod:Strike_Hydrologist","hydrologistmod:Strike_Hydrologist","hydrologistmod:FrostWhip+1","hydrologistmod:Hydraulics","hydrologistmod:Defend_Hydrologist","hydrologistmod:Defend_Hydrologist","hydrologistmod:Defend_Hydrologist","hydrologistmod:UnstableDefend","hydrologistmod:UnstableDefend","hydrologistmod:Cascade","hydrologistmod:Dehydrate+1","hydrologistmod:Dehydrate","hydrologistmod:Cascade+1","hydrologistmod:FlowingCurrents","hydrologistmod:Transfusion+1","hydrologistmod:FlowingForm+1","hydrologistmod:HotSprings+1"],"relics":["Coffee Dripper","Membership Card","Frozen Egg 2","hydrologistmod:PreciousNecklace","Vajra","hydrologistmod:SpiritMask","Pen Nib","Potion Belt","Sozu"],"acts_visited":["Exordium","TheCity"],"potions_floor_usage":[18,21,24],"damage_taken":[{"damage":0.0,"enemies":"Jaw Worm","floor":1.0,"turns":3.0},{"damage":0.0,"enemies":"Lagavulin","floor":6.0,"turns":6.0},{"damage":11.0,"enemies":"2 Louse","floor":7.0,"turns":3.0},{"damage":12.0,"enemies":"3 Sentries","floor":11.0,"turns":6.0},{"damage":0.0,"enemies":"Cultist","floor":12.0,"turns":2.0},{"damage":8.0,"enemies":"Exordium Thugs","floor":13.0,"turns":2.0},{"damage":0.0,"enemies":"Red Slaver","floor":14.0,"turns":3.0},{"damage":1.0,"enemies":"Hexaghost","floor":16.0,"turns":8.0},{"damage":3,"enemies":"Shell Parasite","floor":18,"turns":2},{"damage":10,"enemies":"2 Thieves","floor":19,"turns":3},{"damage":14,"enemies":"Centurion and Healer","floor":20,"turns":5},{"damage":7,"enemies":"Sentry and Sphere","floor":21,"turns":6},{"damage":37,"enemies":"Cultist and Chosen","floor":22,"turns":6},{"damage":13,"enemies":"Slavers","floor":24,"turns":1}],"seed_played":"-1334936472072358933","potions_obtained":[{"floor":6.0,"key":"SteroidPotion"},{"floor":11.0,"key":"LiquidMemories"},{"floor":12.0,"key":"ColorlessPotion"},{"floor":14.0,"key":"GamblersBrew"}],"is_trial":false,"path_per_floor":["M","?","?","?","$","E","M","R","T","$","E","M","M","M","R","B",null,"M","M","M","M","M","R","E"],"character_chosen":"HYDROLOGIST_CLASS","items_purchased":["Membership Card","hydrologistmod:Dehydrate","Frozen Egg 2","hydrologistmod:SpiritMask","Pen Nib"],"campfire_rested":0,"item_purchase_floors":[5,5,5,10,10],"current_hp_per_floor":[65,65,65,65,65,65,54,54,54,54,42,42,34,34,34,36,65,62,55,44,37,9,9,0,0],"gold":228,"neow_bonus":"BOSS_RELIC","is_daily":false,"chose_seed":false,"campfire_upgraded":3,"win_rate":0.0,"timestamp":1610262320,"path_taken":["M","?","?","?","$","E","?","R","T","?","E","?","M","?","R","BOSS","BOSS","M","M","M","?","M","R","E"],"items_purchased_type":["Relic","Card","Relic","Relic","Relic"],"build_version":"2020-12-22","purchased_purges":1,"victory":false,"max_hp_per_floor":[72,72,72,72,72,72,72,72,72,72,72,72,72,72,72,75,75,75,78,81,81,84,84,84,84],"card_choices":[{"not_picked":["hydrologistmod:SearingSynthesis","hydrologistmod:Liquidation"],"picked":"hydrologistmod:Cascade","floor":1.0},{"not_picked":["hydrologistmod:SearingSynthesis","hydrologistmod:HeatBlast"],"picked":"hydrologistmod:Dehydrate","floor":6.0},{"not_picked":["hydrologistmod:GhostlyMist","hydrologistmod:EveningMist"],"picked":"hydrologistmod:Cascade","floor":7.0},{"not_picked":["hydrologistmod:OccludingMist","hydrologistmod:Cryogenics"],"picked":"hydrologistmod:FlowingCurrents","floor":11.0},{"not_picked":["hydrologistmod:Cryogenics","hydrologistmod:SearingSynthesis","hydrologistmod:PureWater"],"picked":"SKIP","floor":12.0},{"not_picked":["hydrologistmod:ViscousShell","hydrologistmod:Dehydrate"],"picked":"hydrologistmod:Transfusion","floor":13.0},{"not_picked":["hydrologistmod:DimensionalIcicles","hydrologistmod:SteamPower","hydrologistmod:Solidification"],"picked":"SKIP","floor":14.0},{"not_picked":["hydrologistmod:CrystalLattice","hydrologistmod:PersonalRaincloud"],"picked":"hydrologistmod:FlowingForm+1","floor":16},{"not_picked":["hydrologistmod:Drench","hydrologistmod:SearingSynthesis","hydrologistmod:GhostlyMist"],"picked":"SKIP","floor":18},{"not_picked":["hydrologistmod:Upstream","hydrologistmod:SoggySynthesis","hydrologistmod:Debilitate"],"picked":"SKIP","floor":19},{"not_picked":["hydrologistmod:PressureBuildup+1","hydrologistmod:WaterWheel","hydrologistmod:ViscousShell"],"picked":"SKIP","floor":20},{"not_picked":["hydrologistmod:PressureBuildup+1","hydrologistmod:WaterWheel","hydrologistmod:ViscousShell"],"picked":"SKIP","floor":20},{"not_picked":["hydrologistmod:PureSteam","hydrologistmod:Sublimation"],"picked":"hydrologistmod:PurifyingSteam","floor":21},{"not_picked":["hydrologistmod:FrozenCapsule","hydrologistmod:ViscousShell"],"picked":"hydrologistmod:HotSprings+1","floor":22}],"player_experience":124749,"relics_obtained":[{"floor":6.0,"key":"hydrologistmod:PreciousNecklace"},{"floor":9.0,"key":"Vajra"},{"floor":11.0,"key":"Potion Belt"}],"event_choices":[{"damage_healed":0.0,"max_hp_gain":0.0,"max_hp_loss":0.0,"gold_gain":0.0,"event_name":"Golden Wing","player_choice":"Ignored","floor":2.0,"gold_loss":0.0,"damage_taken":0.0},{"damage_healed":0.0,"max_hp_gain":0.0,"max_hp_loss":0.0,"gold_gain":0.0,"event_name":"Living Wall","player_choice":"Grow","floor":3.0,"gold_loss":0.0,"damage_taken":0.0,"cards_upgraded":["hydrologistmod:FrostWhip"]},{"damage_healed":0.0,"max_hp_gain":0.0,"max_hp_loss":0.0,"gold_gain":275.0,"event_name":"Golden Shrine","player_choice":"Desecrate","floor":4.0,"gold_loss":0.0,"damage_taken":0.0,"cards_obtained":["Regret"]}],"is_beta":false,"boss_relics":[{"not_picked":["Fusion Hammer","Tiny House"],"picked":"Sozu"}],"items_purged_floors":[5],"is_endless":false,"potions_floor_spawned":[6,11,12,14,18,19,20],"killed_by":"Slavers","ascension_level":20}}