{"host":"1mv6gj0zv8k9e9tz","time":1610297687,"event":{"mods":["AchievementEnabler","BaseMod","Better Third Choice","Colored Map","KOR Keyword Fix","Minty Spire (QoL Compilation)","Permanent Neow","Rare Cards Sparkle","StSLib"],"gold_per_floor":[116,0,10,10,28,28,60,78,103,130,130,162,162,176,176,276,276,292,325,424,44,56,89,89,89,89,119,119,131,149,161,161,266,266,311,325,295,338,387,387,206,249,323,371,371,427,427,469,469,469,469,469,32,65,65],"floor_reached":56,"playtime":4076,"items_purged":["Defend_P","ReachHeaven+1","Wish+1"],"score":1384,"play_id":"5b9fc1fd-1829-4c59-af14-3ddf550d22e2","local_time":"20210111015447","is_ascension_mode":true,"campfire_choices":[{"data":"Eruption","floor":6.0,"key":"SMITH"},{"data":"MentalFortress","floor":11.0,"key":"SMITH"},{"floor":13.0,"key":"REST"},{"data":"Adaptation","floor":15.0,"key":"SMITH"},{"data":"Vault","floor":24.0,"key":"SMITH"},{"floor":28.0,"key":"REST"},{"data":"Adaptation","floor":32.0,"key":"SMITH"},{"data":"MentalFortress","floor":40.0,"key":"SMITH"},{"data":"FearNoEvil","floor":45.0,"key":"SMITH"},{"data":"Vault","floor":47.0,"key":"SMITH"},{"floor":49.0,"key":"RECALL"},{"data":"InnerPeace","floor":52.0,"key":"SMITH"}],"circlet_count":0,"master_deck":["Strike_P","Strike_P","Defend_P+1","Defend_P","Eruption+1","Vigilance+1","MentalFortress+1","FearNoEvil+1","FollowUp","Consecrate","Vault+1","Adaptation+1","Adaptation+1","MentalFortress+1","Vault+1","Vengeance+1","InnerPeace+1","ClearTheMind+1"],"relics":["PureWater","Bird Faced Urn","Oddly Smooth Stone","Omamori","Toy Ornithopter","Bag of Preparation","Black Star","Red Mask","Sundial","Kunai","Happy Flower","MutagenicStrength","Bag of Marbles","Art of War","Potion Belt","Astrolabe","Ancient Tea Set","MealTicket","Pen Nib","War Paint","Ornamental Fan"],"acts_visited":["Exordium","TheCity","TheBeyond","TheEnding"],"potions_floor_usage":[55,55,55,55,55],"damage_taken":[{"damage":4.0,"enemies":"Jaw Worm","floor":1.0,"turns":3.0},{"damage":5.0,"enemies":"2 Louse","floor":3.0,"turns":5.0},{"damage":0.0,"enemies":"Small Slimes","floor":5.0,"turns":3.0},{"damage":21.0,"enemies":"Lagavulin","floor":7.0,"turns":7.0},{"damage":1.0,"enemies":"2 Fungi Beasts","floor":8.0,"turns":3.0},{"damage":5.0,"enemies":"3 Sentries","floor":10.0,"turns":2.0},{"damage":21.0,"enemies":"Gremlin Nob","floor":12.0,"turns":5.0},{"damage":0.0,"enemies":"Lots of Slimes","floor":14.0,"turns":3.0},{"damage":15.0,"enemies":"The Guardian","floor":16.0,"turns":12.0},{"damage":6.0,"enemies":"3 Byrds","floor":18.0,"turns":5.0},{"damage":14.0,"enemies":"Masked Bandits","floor":19.0,"turns":5.0},{"damage":11.0,"enemies":"2 Thieves","floor":22.0,"turns":4.0},{"damage":37.0,"enemies":"Slavers","floor":23.0,"turns":6.0},{"damage":23.0,"enemies":"Gremlin Leader","floor":27.0,"turns":5.0},{"damage":7.0,"enemies":"Snake Plant","floor":29.0,"turns":4.0},{"damage":0.0,"enemies":"Cultist and Chosen","floor":30.0,"turns":4.0},{"damage":0.0,"enemies":"Chosen and Byrds","floor":31.0,"turns":5.0},{"damage":47.0,"enemies":"Champ","floor":33.0,"turns":14.0},{"damage":13.0,"enemies":"3 Shapes","floor":35.0,"turns":6.0},{"damage":0.0,"enemies":"3 Darklings","floor":36.0,"turns":4.0},{"damage":0.0,"enemies":"Maw","floor":38.0,"turns":7.0},{"damage":0.0,"enemies":"Sphere and 2 Shapes","floor":39.0,"turns":3.0},{"damage":0.0,"enemies":"Transient","floor":42.0,"turns":6.0},{"damage":22.0,"enemies":"Maw","floor":44.0,"turns":6.0},{"damage":9.0,"enemies":"Reptomancer","floor":46.0,"turns":6.0},{"damage":2.0,"enemies":"Writhing Mass","floor":48.0,"turns":4.0},{"damage":58.0,"enemies":"Time Eater","floor":50.0,"turns":11.0},{"damage":0.0,"enemies":"Shield and Spear","floor":54.0,"turns":3.0},{"damage":42,"enemies":"The Heart","floor":55,"turns":10}],"seed_played":"-8999884603698912403","potions_obtained":[{"floor":5.0,"key":"SkillPotion"},{"floor":7.0,"key":"DuplicationPotion"},{"floor":8.0,"key":"AttackPotion"},{"floor":12.0,"key":"SpeedPotion"},{"floor":16.0,"key":"Fire Potion"},{"floor":23.0,"key":"Dexterity Potion"},{"floor":27.0,"key":"DuplicationPotion"},{"floor":30.0,"key":"Regen Potion"},{"floor":35.0,"key":"SteroidPotion"},{"floor":37.0,"key":"Weak Potion"},{"floor":37.0,"key":"Fruit Juice"},{"floor":38.0,"key":"DuplicationPotion"},{"floor":44.0,"key":"PowerPotion"}],"is_trial":false,"path_per_floor":["M","$","M","$","M","R","E","M","T","E","R","E","R","M","R","B",null,"M","?","?","$","M","E","R","?","T","E","R","M","M","M","R","B",null,"M","M","?","M","M","R","$","M","T","M","R","E","R","M","R","B",null,"R","$","E","B",null],"character_chosen":"WATCHER","items_purchased":["MentalFortress","FearNoEvil","Adaptation","Sundial","InnerPeace","Fruit Juice","SkillPotion","Pen Nib"],"campfire_rested":2,"item_purchase_floors":[2,2,21,21,41,53,53,53],"current_hp_per_floor":[47,47,44,44,46,46,27,28,28,23,23,4,25,27,27,16,72,71,60,60,60,53,22,22,22,22,5,26,27,35,48,48,26,72,61,69,77,77,77,77,77,77,77,55,55,54,54,60,60,15,77,77,82,82,55],"gold":65,"neow_bonus":"ONE_RARE_RELIC","is_daily":false,"chose_seed":false,"campfire_upgraded":9,"win_rate":0.0,"timestamp":1610297687,"path_taken":["M","$","M","$","M","R","E","M","T","E","R","E","R","M","R","BOSS","M","?","?","$","?","E","R","?","T","E","R","M","M","M","R","BOSS","M","M","?","M","?","R","$","M","T","M","R","E","R","M","R","BOSS","R","$","E","BOSS"],"items_purchased_type":["Card","Card","Card","Relic","Card","Potion","Potion","Relic"],"build_version":"2020-12-22","purchased_purges":3,"victory":true,"max_hp_per_floor":[72,72,72,72,72,72,72,72,72,72,72,72,72,72,72,72,72,72,72,72,72,72,72,72,72,72,72,72,72,72,72,72,72,72,72,72,77,77,77,77,77,77,77,77,77,77,77,77,77,77,77,77,82,82,82],"card_choices":[{"not_picked":["Evaluate","CutThroughFate","Prostrate"],"picked":"SKIP","floor":1.0},{"not_picked":["Protect","EmptyBody"],"picked":"FollowUp","floor":3.0},{"not_picked":["Nirvana","Wallop","Evaluate"],"picked":"SKIP","floor":5.0},{"not_picked":["Meditate","EmptyFist"],"picked":"Consecrate","floor":7.0},{"not_picked":["CutThroughFate","Nirvana","FollowUp"],"picked":"SKIP","floor":8.0},{"not_picked":["EmptyFist","Nirvana","Meditate"],"picked":"SKIP","floor":10.0},{"not_picked":["Swivel","MasterReality"],"picked":"Vault","floor":12.0},{"not_picked":["Consecrate","CarveReality"],"picked":"Adaptation","floor":14.0},{"not_picked":["CutThroughFate","Protect","BowlingBash"],"picked":"SKIP","floor":18.0},{"not_picked":["Protect","Pray","BowlingBash"],"picked":"SKIP","floor":22.0},{"not_picked":["WreathOfFlame+1","Worship+1","EmptyFist"],"picked":"SKIP","floor":23.0},{"not_picked":["Brilliance","Collect+1"],"picked":"MentalFortress","floor":27.0},{"not_picked":["BowlingBash+1","EmptyBody","Adaptation+1"],"picked":"SKIP","floor":29.0},{"not_picked":["Halt","Brilliance","PathToVictory"],"picked":"SKIP","floor":30.0},{"not_picked":["ClearTheMind","Halt","Worship"],"picked":"SKIP","floor":31.0},{"not_picked":["DevaForm","Devotion"],"picked":"Vault","floor":33.0},{"not_picked":["SashWhip","FollowUp","Prostrate"],"picked":"SKIP","floor":35.0},{"not_picked":["Halt+1","FlyingSleeves","EmptyFist+1"],"picked":"SKIP","floor":36.0},{"not_picked":["SashWhip+1","DevaForm","Prostrate"],"picked":"SKIP","floor":38.0},{"not_picked":["Protect+1","PathToVictory+1","SashWhip+1"],"picked":"SKIP","floor":39.0},{"not_picked":["SashWhip+1","FlurryOfBlows","Consecrate+1"],"picked":"SKIP","floor":42.0},{"not_picked":["Sanctity","SashWhip+1","CutThroughFate"],"picked":"SKIP","floor":44.0},{"not_picked":["BowlingBash","Halt+1","Prostrate+1"],"picked":"SKIP","floor":46.0},{"not_picked":["Conclude","EmptyBody+1"],"picked":"ClearTheMind+1","floor":48.0},{"not_picked":["Wish","FollowUp+1","Evaluate+1"],"picked":"SKIP","floor":54.0}],"player_experience":508811,"relics_obtained":[{"floor":7.0,"key":"Oddly Smooth Stone"},{"floor":9.0,"key":"Omamori"},{"floor":10.0,"key":"Toy Ornithopter"},{"floor":12.0,"key":"Bag of Preparation"},{"floor":19.0,"key":"Red Mask"},{"floor":23.0,"key":"Kunai"},{"floor":23.0,"key":"Happy Flower"},{"floor":26.0,"key":"Bag of Marbles"},{"floor":27.0,"key":"Art of War"},{"floor":27.0,"key":"Potion Belt"},{"floor":46.0,"key":"Ancient Tea Set"},{"floor":46.0,"key":"MealTicket"},{"floor":54.0,"key":"War Paint"},{"floor":54.0,"key":"Ornamental Fan"}],"event_choices":[{"damage_healed":0.0,"max_hp_gain":0.0,"max_hp_loss":0.0,"gold_gain":0.0,"event_name":"Masked Bandits","player_choice":"Fought Bandits","floor":19.0,"gold_loss":0.0,"damage_taken":0.0},{"damage_healed":0.0,"max_hp_gain":0.0,"max_hp_loss":0.0,"gold_gain":99.0,"event_name":"betterThird:BetterNest","player_choice":"Steal","floor":20.0,"gold_loss":0.0,"damage_taken":0.0},{"damage_healed":0.0,"max_hp_gain":0.0,"max_hp_loss":0.0,"gold_gain":0.0,"event_name":"Drug Dealer","player_choice":"Inject Mutagens","floor":25.0,"gold_loss":0.0,"damage_taken":0.0,"relics_obtained":["MutagenicStrength"]},{"damage_healed":0.0,"max_hp_gain":0.0,"max_hp_loss":0.0,"gold_gain":0.0,"event_name":"The Woman in Blue","player_choice":"Bought 2 Potions","floor":37.0,"gold_loss":0.0,"damage_taken":0.0}],"is_beta":false,"boss_relics":[{"not_picked":["SacredBark","Calling Bell"],"picked":"Black Star"},{"not_picked":["Pandora\u0027s Box","Velvet Choker"],"picked":"Astrolabe"}],"items_purged_floors":[21,41,53],"is_endless":false,"potions_floor_spawned":[5,7,8,12,16,23,27,30,35,38,44,48],"ascension_level":3}}