{"host":"w9yruvs4bqht6bhw","time":1610241274,"event":{"mods":["BaseMod","Colored Powertips","Minty Spire (QoL Compilation)"],"gold_per_floor":[112,72,84,84,99,99,111,111,111,111,131,153,29,42,42,141,141,156,156,156,167,16,16,30,30,30,30,59,59,78,107,107,107,107],"floor_reached":33,"playtime":1067,"items_purged":["Strike_R","Strike_R"],"score":335,"play_id":"88374f8c-75e0-4ce1-8cb1-2efaab988540","local_time":"20210109201434","is_ascension_mode":true,"campfire_choices":[{"data":"Shrug It Off","floor":6,"key":"SMITH"},{"data":"Shrug It Off","floor":8,"key":"SMITH"},{"floor":10,"key":"REST"},{"data":"Defend_R","floor":15,"key":"SMITH"},{"data":"Juggernaut","floor":23,"key":"SMITH"},{"floor":25,"key":"REST"},{"floor":27,"key":"REST"},{"data":"Shrug It Off","floor":29,"key":"SMITH"},{"data":"Juggernaut","floor":32,"key":"SMITH"}],"circlet_count":0,"master_deck":["Strike_R","Strike_R","Strike_R","Defend_R","Defend_R","Defend_R","Defend_R+1","Bash","Juggernaut+1","Body Slam+1","Shrug It Off+1","Shrug It Off+1","Ghostly Armor","Inflame","Limit Break","Shrug It Off+1","Thunderclap","Iron Wave","Body Slam+1","Juggernaut+1"],"relics":["Black Blood","Mercury Hourglass","Odd Mushroom","CeramicFish"],"acts_visited":["Exordium","TheCity"],"potions_floor_usage":[12,12,16,16,16,18,21,24,31,33],"damage_taken":[{"damage":0,"enemies":"2 Louse","floor":1,"turns":4},{"damage":0,"enemies":"Cultist","floor":3,"turns":4},{"damage":12,"enemies":"Jaw Worm","floor":5,"turns":4},{"damage":23,"enemies":"Large Slime","floor":7,"turns":6},{"damage":0,"enemies":"Exordium Wildlife","floor":11,"turns":3},{"damage":2,"enemies":"The Mushroom Lair","floor":12,"turns":4},{"damage":6,"enemies":"Looter","floor":14,"turns":3},{"damage":51,"enemies":"Slime Boss","floor":16,"turns":10},{"damage":19,"enemies":"3 Byrds","floor":18,"turns":5},{"damage":12,"enemies":"Shell Parasite","floor":21,"turns":6},{"damage":37,"enemies":"Centurion and Healer","floor":24,"turns":8},{"damage":27,"enemies":"Snake Plant","floor":28,"turns":4},{"damage":38,"enemies":"Sentry and Sphere","floor":30,"turns":6},{"damage":5,"enemies":"Shelled Parasite and Fungi","floor":31,"turns":4},{"damage":74,"enemies":"Automaton","floor":33,"turns":6}],"seed_played":"-3767760730937945208","potions_obtained":[{"floor":1,"key":"Energy Potion"},{"floor":2,"key":"CultistPotion"},{"floor":2,"key":"SkillPotion"},{"floor":12,"key":"Weak Potion"},{"floor":16,"key":"Regen Potion"},{"floor":18,"key":"SpeedPotion"},{"floor":24,"key":"EssenceOfSteel"},{"floor":30,"key":"Strength Potion"}],"is_trial":false,"path_per_floor":["M","?","M","?","M","R","M","R","T","R","M","?","$","M","R","B",null,"M","?","?","M","$","R","M","R","T","R","M","R","M","M","R","B"],"character_chosen":"IRONCLAD","items_purchased":["AttackPotion","Block Potion"],"campfire_rested":3,"item_purchase_floors":[13,22],"current_hp_per_floor":[57,57,63,63,57,57,40,40,40,64,70,74,74,74,74,29,67,74,74,59,59,59,59,34,59,59,84,69,69,43,50,50,0,0],"gold":107,"neow_bonus":"THREE_RARE_CARDS","is_daily":false,"chose_seed":false,"campfire_upgraded":6,"win_rate":0.0,"timestamp":1610241274,"path_taken":["M","?","?","?","M","R","M","R","T","R","M","?","?","M","R","BOSS","M","?","?","M","$","R","M","R","T","R","M","R","M","M","R","BOSS"],"items_purchased_type":["Potion","Potion"],"build_version":"2020-12-22","purchased_purges":2,"victory":false,"max_hp_per_floor":[80,80,80,80,80,80,80,80,80,80,80,80,80,80,80,80,80,80,80,85,85,85,85,85,85,85,85,85,85,85,85,85,85,85],"card_choices":[{"not_picked":["Berserk","Feed"],"picked":"Juggernaut","floor":0},{"not_picked":["Feel No Pain","Shrug It Off"],"picked":"Body Slam","floor":1},{"not_picked":["Clothesline","Shockwave","Pommel Strike"],"picked":"SKIP","floor":3},{"not_picked":["Rupture","Thunderclap"],"picked":"Shrug It Off","floor":5},{"not_picked":["Clash","Power Through"],"picked":"Shrug It Off","floor":7},{"not_picked":["Armaments","Second Wind"],"picked":"Ghostly Armor","floor":11},{"not_picked":["Twin Strike","Reckless Charge"],"picked":"Inflame","floor":12},{"not_picked":["Seeing Red","Wild Strike","Sword Boomerang"],"picked":"SKIP","floor":14},{"not_picked":["Fiend Fire","Berserk"],"picked":"Limit Break","floor":16},{"not_picked":["Headbutt","Sword Boomerang","Heavy Blade"],"picked":"SKIP","floor":18},{"not_picked":["Wild Strike","Havoc"],"picked":"Thunderclap","floor":21},{"not_picked":["Flex+1","True Grit"],"picked":"Iron Wave","floor":24},{"not_picked":["Sword Boomerang+1","Anger"],"picked":"Body Slam+1","floor":28},{"not_picked":["Headbutt","Havoc","Clash+1"],"picked":"SKIP","floor":30},{"not_picked":["Flex","Sword Boomerang"],"picked":"Juggernaut","floor":31}],"player_experience":363321,"relics_obtained":[{"floor":9,"key":"Mercury Hourglass"},{"floor":12,"key":"Odd Mushroom"},{"floor":26,"key":"CeramicFish"}],"event_choices":[{"damage_healed":0,"gold_gain":0,"player_choice":"Bought 3 Potions","damage_taken":0,"max_hp_gain":0,"max_hp_loss":0,"event_name":"The Woman in Blue","floor":2,"gold_loss":0},{"damage_healed":0,"gold_gain":0,"player_choice":"Grow","damage_taken":0,"max_hp_gain":0,"max_hp_loss":0,"event_name":"Living Wall","floor":4,"gold_loss":0,"cards_upgraded":["Body Slam"]},{"damage_healed":0,"gold_gain":0,"player_choice":"Fought Mushrooms","damage_taken":0,"max_hp_gain":0,"max_hp_loss":0,"event_name":"Mushrooms","floor":12,"gold_loss":0},{"damage_healed":0,"gold_gain":0,"player_choice":"Read","damage_taken":0,"max_hp_gain":0,"max_hp_loss":0,"event_name":"The Library","floor":19,"gold_loss":0,"cards_obtained":["Shrug It Off"]},{"damage_healed":0,"gold_gain":0,"player_choice":"Shed Blood","damage_taken":20,"max_hp_gain":5,"max_hp_loss":0,"event_name":"Forgotten Altar","floor":20,"gold_loss":0}],"is_beta":false,"boss_relics":[{"not_picked":["Calling Bell","Philosopher\u0027s Stone"],"picked":"Black Blood"}],"items_purged_floors":[13,22],"is_endless":false,"potions_floor_spawned":[1,12,14,16,18,24,30],"killed_by":"Automaton","ascension_level":8}}