{"host":"ii5w5xfjx95sugaa","time":1610249833,"event":{"mods":["BaseMod","Minty Spire (QoL Compilation)","Quick Restart","Replay The Spire","SOS（斯巴达之子）","StSLib","The Bladedancer"],"gold_per_floor":[119,131,131,131,131,164,184,184,259,287,305,305,322,337,337,438,438,456,143,162,178,178,190,190,190],"floor_reached":24,"playtime":1227,"items_purged":["Regret"],"score":260,"play_id":"c55f2dfd-afbd-4850-8fe0-1ee071114f20","local_time":"20210110113713","is_ascension_mode":false,"campfire_choices":[{"data":"Shrug It Off","floor":12.0,"key":"SMITH"},{"floor":15.0,"key":"DIG"}],"circlet_count":0,"master_deck":["Strike_R","Strike_R","Strike_R","Strike_R","Defend_R","Defend_R","Defend_R","Defend_R","Bash+1","Shrug It Off+1","Shrug It Off","Replay:Many Hands","Dropkick","Bludgeon+1","Metallicize","Demonic Infusion","Flex","Inflame","ReplayReversal","Decay"],"relics":["Burning Blood","NeowsBlessing","Red Skull","Singing Bowl","The Courier","Smiling Mask","Juzu Bracelet","SlaversCollar","TheAbacus"],"acts_visited":["Exordium","TheCity"],"potions_floor_usage":[20,20,21,23],"damage_taken":[{"damage":0.0,"enemies":"2 Louse","floor":1.0,"turns":1.0},{"damage":0.0,"enemies":"Small Slimes","floor":2.0,"turns":2.0},{"damage":0.0,"enemies":"Replay:BlueRogue","floor":6.0,"turns":1.0},{"damage":6.0,"enemies":"Cultist","floor":7.0,"turns":6.0},{"damage":4.0,"enemies":"Gremlin Nob","floor":10.0,"turns":3.0},{"damage":9.0,"enemies":"Looter","floor":11.0,"turns":4.0},{"damage":3.0,"enemies":"Large Slime","floor":13.0,"turns":4.0},{"damage":17.0,"enemies":"2 Fungi Beasts","floor":14.0,"turns":5.0},{"damage":65.0,"enemies":"The Guardian","floor":16.0,"turns":12.0},{"damage":23.0,"enemies":"Chosen","floor":18.0,"turns":7.0},{"damage":10,"enemies":"2 Thieves","floor":20,"turns":3},{"damage":18,"enemies":"Snake Plant","floor":21,"turns":5},{"damage":24,"enemies":"Cultist and Chosen","floor":23,"turns":7},{"damage":52,"enemies":"Slavers","floor":24,"turns":3}],"seed_played":"-6869386835064920827","potions_obtained":[{"floor":6.0,"key":"Flashbang"},{"floor":7.0,"key":"LiquidMemories"},{"floor":13.0,"key":"Explosive Potion"},{"floor":16.0,"key":"Fire Potion"},{"floor":21,"key":"AttackPotion"}],"is_trial":false,"path_per_floor":["M","M","?","?","?","E","M","?","T","E","M","R","M","M","R","B",null,"M","$","M","M","?","M","E"],"character_chosen":"IRONCLAD","items_purchased":["TheAbacus","Flex","Inflame","Adrenaline Potion"],"campfire_rested":0,"item_purchase_floors":[19,19,19,19],"current_hp_per_floor":[80,80,80,80,80,80,80,80,80,82,81,81,84,75,75,16,86,71,71,67,57,57,41,0,0],"gold":190,"neow_bonus":"THREE_ENEMY_KILL","is_daily":false,"chose_seed":false,"campfire_upgraded":1,"win_rate":0.0,"timestamp":1610249833,"path_taken":["M","M","?","?","?","E","?","?","T","E","M","R","M","M","R","BOSS","M","$","M","M","?","M","E"],"items_purchased_type":["Relic","Card","Card","Potion"],"build_version":"2020-12-22","purchased_purges":1,"victory":false,"max_hp_per_floor":[80,80,80,80,80,80,80,80,80,82,84,84,84,86,86,86,86,88,88,88,90,90,92,92,92],"card_choices":[{"not_picked":["Replay:Undeath\u0027s Touch","Thunderclap"],"picked":"Shrug It Off","floor":1.0},{"not_picked":["Body Slam","Sentinel"],"picked":"Shrug It Off","floor":2.0},{"not_picked":["Massacre","Abandon"],"picked":"Rage","floor":6.0},{"not_picked":["Dual Wield","Iron Wave"],"picked":"Dropkick","floor":7.0},{"not_picked":["Evolve","Feed","Whirlwind"],"picked":"Singing Bowl","floor":10.0},{"not_picked":["Power Through","Twin Strike","Clothesline"],"picked":"Singing Bowl","floor":11.0},{"not_picked":["Run Through","Uppercut"],"picked":"Metallicize","floor":13.0},{"not_picked":["Feel No Pain","ReplayTheSpireMod:Corrosion Curse","Power Through"],"picked":"Singing Bowl","floor":14.0},{"not_picked":["Bludgeon","Juggernaut"],"picked":"Demonic Infusion","floor":16.0},{"not_picked":["Twin Strike+1","Pummel","Replay:Undeath\u0027s Touch+1"],"picked":"Singing Bowl","floor":18.0},{"not_picked":["Headbutt","Uppercut"],"picked":"ReplayReversal","floor":20},{"not_picked":["Carnage","Warcry","Thunderclap+1"],"picked":"Singing Bowl","floor":21},{"not_picked":["Inflame","Carnage","Rage+1"],"picked":"Singing Bowl","floor":23}],"player_experience":99987,"relics_obtained":[{"floor":6.0,"key":"Singing Bowl"},{"floor":9.0,"key":"The Courier"},{"floor":10.0,"key":"Smiling Mask"},{"floor":15.0,"key":"Juzu Bracelet"}],"event_choices":[{"damage_healed":0.0,"max_hp_gain":0.0,"max_hp_loss":0.0,"gold_gain":0.0,"cards_transformed":["Strike_R"],"event_name":"Living Wall","player_choice":"Change","floor":3.0,"gold_loss":0.0,"damage_taken":0.0,"cards_obtained":["Replay:Many Hands"]},{"damage_healed":0.0,"max_hp_gain":0.0,"max_hp_loss":0.0,"gold_gain":0.0,"event_name":"Big Fish","player_choice":"Box","floor":4.0,"gold_loss":0.0,"damage_taken":0.0,"relics_obtained":["Red Skull"],"cards_obtained":["Regret"]},{"damage_healed":0.0,"max_hp_gain":0.0,"max_hp_loss":0.0,"gold_gain":0.0,"event_name":"Upgrade Shrine","player_choice":"Upgraded","floor":5.0,"gold_loss":0.0,"damage_taken":0.0,"cards_upgraded":["Bash"]},{"damage_healed":0,"gold_gain":0,"player_choice":"Smashed Altar","damage_taken":0,"max_hp_gain":0,"max_hp_loss":0,"event_name":"Forgotten Altar","floor":22,"gold_loss":0,"cards_obtained":["Decay"]}],"is_beta":false,"boss_relics":[{"not_picked":["Tiny House","ReplayTheSpireMod:DimensionalGlitch"],"picked":"SlaversCollar"}],"items_purged_floors":[19],"is_endless":false,"potions_floor_spawned":[6,7,13,14,16,21],"killed_by":"Slavers","ascension_level":0}}