{"host":"qvjm1ppyz58jture","time":1610240832,"event":{"mods":["2.2 Compatiblity","AchievementEnabler","Act Like it!","Bard","Bartender","BaseMod","Downfall","Friendly Minions","Gensokyo","GifTheSpireLib","Gremlin Mod","GungeonMod","Hallownest","Hermit","Marisa????????","Minty Spire (QoL Compilation)","Permanent Neow","Practice Mode","Quick Restart","Rare Cards Sparkle","Replay The Spire","Robot Space Explorer","SIMod","StSLib","The Bug Knight","The Dragon Tamer","The Hayseed","The Senshi","The Wild Card","TheBandit"],"gold_per_floor":[112,27,37,50,110,110,110],"floor_reached":6,"playtime":502,"items_purged":[],"score":38,"play_id":"c5d07175-a0ef-4a64-b90c-23bf715421dc","local_time":"20210109170712","is_ascension_mode":true,"campfire_choices":[],"circlet_count":0,"master_deck":["DemoMod:Strike_Huntress","DemoMod:Strike_Huntress","DemoMod:Strike_Huntress","DemoMod:Defend_Huntress","DemoMod:Defend_Huntress","DemoMod:Defend_Huntress","DemoMod:Defend_Huntress","DemoMod:Roll","DemoMod:ManualReload+1","DemoMod:RustySidearm","DemoMod:CrossBow","DemoMod:ConditionalReflex","DemoMod:TeaPot","DemoMod:ConditionalReflex","DemoMod:EasyReloadBullets"],"relics":["DemoMod:Dog","Vajra"],"acts_visited":["Exordium"],"potions_floor_usage":[],"damage_taken":[{"damage":6,"enemies":"Cultist","floor":1,"turns":3},{"damage":5,"enemies":"2 Louse","floor":3,"turns":2},{"damage":0,"enemies":"Small Slimes","floor":4,"turns":3},{"damage":35,"enemies":"3 Sentries","floor":6,"turns":6}],"seed_played":"-3774020415511266686","potions_obtained":[{"floor":5,"key":"FairyPotion"},{"floor":5,"key":"AttackPotion"}],"is_trial":false,"path_per_floor":["M","?","M","M","?","E"],"character_chosen":"HUNTRESS","items_purchased":[],"campfire_rested":0,"item_purchase_floors":[],"current_hp_per_floor":[64,64,59,59,42,7,7],"gold":110,"neow_bonus":"UPGRADE_CARD","is_daily":false,"chose_seed":false,"campfire_upgraded":0,"win_rate":0.0,"timestamp":1610240832,"path_taken":["M","?","M","M","?","E"],"items_purchased_type":[],"build_version":"2020-12-22","purchased_purges":0,"victory":false,"max_hp_per_floor":[70,70,70,70,70,70,70],"card_choices":[{"not_picked":["DemoMod:PotionOfGunFriendShip","DemoMod:Ejector"],"picked":"DemoMod:ConditionalReflex","floor":1},{"not_picked":["DemoMod:BattleInHaste","DemoMod:MachoBrace"],"picked":"DemoMod:TeaPot","floor":3},{"not_picked":["DemoMod:PotionOfGunFriendShip","DemoMod:Rummage"],"picked":"DemoMod:ConditionalReflex","floor":4},{"not_picked":["DemoMod:SniperShot","DemoMod:FortunesFavor"],"picked":"DemoMod:EasyReloadBullets","floor":5}],"player_experience":259368,"relics_obtained":[{"floor":5,"key":"Vajra"}],"event_choices":[],"is_beta":false,"boss_relics":[],"items_purged_floors":[],"is_endless":false,"potions_floor_spawned":[],"killed_by":"3 Sentries","ascension_level":1}}