{"host":"8rqsnaeml9gxb0kp","time":1610244326,"event":{"mods":["AchievementEnabler","BaseMod","Dark Map","Minty Spire (QoL Compilation)","StSLib"],"gold_per_floor":[110,125,75,150,150,179,179,190,262,115,148,163,163,192,192,291,291,311,331,348,263,273,273,308,308,308],"floor_reached":25,"playtime":2155,"items_purged":[],"score":306,"play_id":"e09a5c57-13ec-4820-b1a6-1f9a4954f5d0","local_time":"20210109180526","is_ascension_mode":true,"campfire_choices":[{"floor":7.0,"key":"REST"},{"floor":13.0,"key":"REST"},{"floor":15.0,"key":"REST"},{"data":"Burst","floor":23,"key":"SMITH"}],"circlet_count":0,"master_deck":["Strike_G","Defend_G","Defend_G","Defend_G","Defend_G","Defend_G","Survivor","Neutralize","Burst+1","Caltrops","Expertise","Dagger Throw","Sucker Punch","Dagger Throw","Backflip","Noxious Fumes+1","Backflip","Backstab","Blur","Caltrops+1","Malaise","Corpse Explosion","Venomology+1","Heel Hook+1","Finisher+1","Well Laid Plans+1","Crippling Poison","Flechettes+1","Caltrops+1","Prepared+1"],"relics":["Ring of the Snake","Bronze Scales","Thread and Needle","Frozen Egg 2","Orrery","Darkstone Periapt","Bottled Flame","Astrolabe","Torii","Orichalcum"],"acts_visited":["Exordium","TheCity"],"potions_floor_usage":[20,20,20,22,24,24,25],"damage_taken":[{"damage":1.0,"enemies":"Jaw Worm","floor":1.0,"turns":7.0},{"damage":0.0,"enemies":"2 Louse","floor":2.0,"turns":3.0},{"damage":31.0,"enemies":"3 Sentries","floor":6.0,"turns":11.0},{"damage":0.0,"enemies":"Small Slimes","floor":8.0,"turns":3.0},{"damage":9.0,"enemies":"Lagavulin","floor":11.0,"turns":5.0},{"damage":0.0,"enemies":"Exordium Wildlife","floor":12.0,"turns":3.0},{"damage":21.0,"enemies":"Gremlin Nob","floor":14.0,"turns":4.0},{"damage":0.0,"enemies":"Hexaghost","floor":16.0,"turns":9.0},{"damage":0,"enemies":"3 Byrds","floor":18,"turns":2},{"damage":4,"enemies":"Shell Parasite","floor":19,"turns":7},{"damage":8,"enemies":"Sentry and Sphere","floor":20,"turns":6},{"damage":2,"enemies":"Cultist and Chosen","floor":22,"turns":4},{"damage":37,"enemies":"Slavers","floor":24,"turns":5},{"damage":12,"enemies":"Snecko","floor":25,"turns":5}],"seed_played":"-22381544288988743","potions_obtained":[{"floor":1.0,"key":"SmokeBomb"},{"floor":2.0,"key":"LiquidBronze"},{"floor":12.0,"key":"Energy Potion"},{"floor":14.0,"key":"Fire Potion"},{"floor":16.0,"key":"Ancient Potion"},{"floor":18,"key":"Dexterity Potion"},{"floor":20,"key":"Weak Potion"}],"is_trial":false,"path_per_floor":["M","M","?","?","?","E","R","M","T","$","E","M","R","E","R","B",null,"M","M","M","?","M","R","E","M"],"character_chosen":"THE_SILENT","items_purchased":["Orrery"],"campfire_rested":3,"item_purchase_floors":[10],"current_hp_per_floor":[62,62,62,51,48,17,35,35,35,35,26,26,44,23,41,41,63,63,59,51,51,49,49,12,0,0],"gold":308,"neow_bonus":"THREE_RARE_CARDS","is_daily":false,"chose_seed":false,"campfire_upgraded":1,"win_rate":0.0,"timestamp":1610244326,"path_taken":["M","M","?","?","?","E","R","M","T","$","E","M","R","E","R","BOSS","M","M","M","?","M","R","E","M"],"items_purchased_type":["Relic"],"build_version":"2020-12-22","purchased_purges":0,"victory":false,"max_hp_per_floor":[63,63,63,63,63,63,63,63,63,63,63,63,63,63,63,63,63,63,63,63,63,63,63,63,63,63],"card_choices":[{"not_picked":["Malaise","Tools of the Trade"],"picked":"Burst","floor":0.0},{"not_picked":["Dash","Underhanded Strike"],"picked":"Caltrops","floor":1.0},{"not_picked":["Poisoned Stab","Slice"],"picked":"Expertise","floor":2.0},{"not_picked":["Heel Hook","Flying Knee"],"picked":"Dagger Throw","floor":6.0},{"not_picked":["After Image","Dash"],"picked":"Sucker Punch","floor":8.0},{"not_picked":["Deadly Poison","Bane"],"picked":"Dagger Throw","floor":10.0},{"not_picked":["Quick Slash","Catalyst"],"picked":"Backflip","floor":10.0},{"not_picked":["Envenom+1","Adrenaline"],"picked":"Noxious Fumes+1","floor":10.0},{"not_picked":["Predator","Phantasmal Killer"],"picked":"Backflip","floor":10.0},{"not_picked":["Dagger Spray","Deadly Poison"],"picked":"Backstab","floor":10.0},{"not_picked":["Wraith Form v2+1","Endless Agony"],"picked":"Blur","floor":11.0},{"not_picked":["Acrobatics","Dodge and Roll"],"picked":"Caltrops+1","floor":12.0},{"not_picked":["Quick Slash","Catalyst"],"picked":"Malaise","floor":14.0},{"not_picked":["Adrenaline","Tools of the Trade+1"],"picked":"Corpse Explosion","floor":16.0},{"not_picked":["Sucker Punch","Choke+1"],"picked":"Well Laid Plans+1","floor":18},{"not_picked":["Backflip","Sucker Punch"],"picked":"Crippling Poison","floor":19},{"not_picked":["Choke+1","Bane"],"picked":"Flechettes+1","floor":20},{"not_picked":["Deflect","Sucker Punch"],"picked":"Caltrops+1","floor":22},{"not_picked":["Backflip","Blur"],"picked":"Prepared+1","floor":24}],"player_experience":34087,"relics_obtained":[{"floor":6.0,"key":"Thread and Needle"},{"floor":9.0,"key":"Frozen Egg 2"},{"floor":11.0,"key":"Darkstone Periapt"},{"floor":14.0,"key":"Bottled Flame"},{"floor":24,"key":"Orichalcum"}],"event_choices":[{"cards_removed":["Strike_G"],"damage_healed":0.0,"max_hp_gain":0.0,"max_hp_loss":0.0,"gold_gain":0.0,"event_name":"The Cleric","player_choice":"Card Removal","floor":3.0,"gold_loss":50.0,"damage_taken":0.0},{"damage_healed":0.0,"max_hp_gain":0.0,"max_hp_loss":0.0,"gold_gain":75.0,"event_name":"World of Goop","player_choice":"Gather Gold","floor":4.0,"gold_loss":0.0,"damage_taken":11.0},{"damage_healed":0.0,"max_hp_gain":0.0,"max_hp_loss":0.0,"gold_gain":0.0,"event_name":"Scrap Ooze","player_choice":"Success","floor":5.0,"gold_loss":0.0,"damage_taken":3.0,"relics_obtained":["Bronze Scales"]},{"damage_healed":0,"gold_gain":0,"player_choice":"Obtained Relic","damage_taken":0,"relics_obtained":["Torii"],"max_hp_gain":0,"max_hp_loss":0,"event_name":"Addict","floor":21,"gold_loss":85}],"is_beta":false,"boss_relics":[{"not_picked":["Ectoplasm","SacredBark"],"picked":"Astrolabe"}],"items_purged_floors":[],"is_endless":false,"potions_floor_spawned":[1,2,12,14,16,18,19,20],"killed_by":"Snecko","ascension_level":1}}