{"host":"wy5pcbg592uilh9l","time":1610241397,"event":{"mods":["AchievementEnabler","Act Like it!","BaseMod","BetterRewards","Curses Come First","Gensokyo","Hubris","Infinite Spire","Marisa????????","Minty Spire (QoL Compilation)","Permanent Neow","Replay The Spire","StSLib"],"gold_per_floor":[149,177,177,201,230,298,298,360,360,387,262,324,374,415,415,543,543,567,592,353,483,433,433,483,499,499,499,499],"floor_reached":27,"playtime":2504,"items_purged":["Strike_MRS","Strike_MRS","hubris:Greed"],"score":310,"play_id":"f463f388-8608-40c4-b644-4c2d71c42a81","local_time":"20210109191637","is_ascension_mode":false,"campfire_choices":[{"floor":7,"key":"REST"},{"floor":23,"key":"REST"}],"circlet_count":0,"master_deck":["Strike_MRS+1","Strike_MRS","Defend_MRS","Defend_MRS","Defend_MRS","Defend_MRS","MasterSpark","UpSweep","Acceleration+1","WitchOfGreed+1","hubris:Greed","ManaRampage","FairyDestructionRay+1","MysteriousBeam","TreasureHunter","Gensokyo:BlemishedSteel","Orbital","SporeBomb","hubris:Greed"],"relics":["MiniHakkero","BargainBundle","ReplayTheSpireMod:TigerMarble","ReplayTheSpireMod:CursedCoin","Gremlin Horn","Guide Book","Question Card","infinitespire:Bottled Soul","Singing Bowl","Replay:Rubber Ducky","hubris:Backtick","The Courier","DollysMirror","Prayer Wheel","Calipers","Golden Egg","Pondfish Scales"],"acts_visited":["Exordium","Gensokyo:Gensokyo"],"potions_floor_usage":[1,2,6,8,10,12,13,16,16,16,19,19,24,24,25],"damage_taken":[{"damage":0,"enemies":"Gensokyo:2_Kodama","floor":1,"turns":2},{"damage":7,"enemies":"Gensokyo:Gryphon","floor":2,"turns":2},{"damage":0,"enemies":"Gensokyo:Python","floor":5,"turns":2},{"damage":0,"enemies":"Gensokyo:Cirno","floor":6,"turns":4},{"damage":16,"enemies":"Gensokyo:Mamizou","floor":8,"turns":3},{"damage":0,"enemies":"Gensokyo:2_Rabbits","floor":10,"turns":2},{"damage":0,"enemies":"Gensokyo:Cirno","floor":12,"turns":4},{"damage":4,"enemies":"Gensokyo:3_Kodama","floor":13,"turns":3},{"damage":12,"enemies":"Gensokyo:Kitsune","floor":14,"turns":2},{"damage":16,"enemies":"Gensokyo:Kokoro","floor":16,"turns":7},{"damage":0,"enemies":"Gensokyo:CosmicMonolith","floor":18,"turns":1},{"damage":0,"enemies":"Gensokyo:AngelMirror","floor":19,"turns":1},{"damage":47,"enemies":"Gensokyo:AngelMirror","floor":21,"turns":9},{"damage":20,"enemies":"Gensokyo:Monolith_and_Dog","floor":24,"turns":4},{"damage":43,"enemies":"Gensokyo:Swordslinger","floor":25,"turns":4},{"damage":16,"enemies":"Gensokyo:Mirror_and_Dog","floor":27,"turns":2}],"seed_played":"8803376422016337870","potions_obtained":[{"floor":1,"key":"Swift Potion"},{"floor":2,"key":"BottledSpark"},{"floor":6,"key":"LiquidBronze"},{"floor":8,"key":"Energy Potion"},{"floor":12,"key":"ShroomBrew"},{"floor":13,"key":"Reflective Coating"},{"floor":13,"key":"Milkshake"},{"floor":14,"key":"Flashbang"},{"floor":14,"key":"infinitespire:BlackPotion"},{"floor":16,"key":"AttackPotion"},{"floor":18,"key":"Fire Potion"},{"floor":21,"key":"Block Potion"},{"floor":21,"key":"Dexterity Potion"},{"floor":24,"key":"Milkshake"}],"is_trial":false,"path_per_floor":["M","M","?","T","M","E","R","E","T","M","$","E","M","M","R","B",null,"M","M","COS","?","?","R","M","M","T","M"],"character_chosen":"MARISA","items_purchased":["BargainBundle","ReplayTheSpireMod:TigerMarble","Death Potion","Swift Potion","Fire Potion","Acceleration","WitchOfGreed+1","ReplayTheSpireMod:CursedCoin","Gremlin Horn","Guide Book"],"campfire_rested":2,"item_purchase_floors":[0,0,0,0,0,0,0,0,0,0],"current_hp_per_floor":[32,25,25,25,25,25,47,31,31,31,31,33,31,21,45,29,81,83,85,85,38,45,72,54,15,15,0,0],"gold":499,"neow_bonus":"","is_daily":false,"chose_seed":false,"campfire_upgraded":0,"win_rate":0.0,"timestamp":1610241397,"path_taken":["M","M","?","?","M","E","R","E","T","M","?","E","M","M","R","BOSS","M","M","COS","?","?","R","?","M","T","M"],"items_purchased_type":["Relic","Relic","Potion","Potion","Potion","Card","Card","Relic","Relic","Relic"],"build_version":"2020-12-22","purchased_purges":3,"victory":false,"max_hp_per_floor":[75,75,75,75,75,75,75,75,75,75,75,77,79,81,81,81,81,83,85,85,85,92,92,94,98,98,98,98],"card_choices":[{"not_picked":["WitchLeyline","Acceleration","EnergyRecoil"],"picked":"SKIP","floor":1},{"not_picked":["GrandCross","LuminesStrike"],"picked":"ManaRampage","floor":2},{"not_picked":["LuminesStrike","MeteoricShower","UnstableBomb"],"picked":"SKIP","floor":5},{"not_picked":["WitchLeyline","GalacticHalo","Singularity"],"picked":"SKIP","floor":6},{"not_picked":["DarkMatter","IllusionStar","UnstableBomb"],"picked":"FairyDestructionRay","floor":8},{"not_picked":["GravityBeat","WitchLeyline","ChargeUpSpray"],"picked":"MysteriousBeam","floor":10},{"not_picked":["RefractionSpark","MagicAbsorber","DC","StarBarrage"],"picked":"Singing Bowl","floor":12},{"not_picked":["EnergyRecoil","DoubleSpark","Orbital","BinaryStars"],"picked":"Singing Bowl","floor":13},{"not_picked":["ChargingUp","MagicAbsorber","OpenUniverse","MeteoricShower"],"picked":"Singing Bowl","floor":14},{"not_picked":["CollectingQuirk","MillisecondPulsars","BlazingStar"],"picked":"TreasureHunter","floor":16},{"not_picked":["GrandCross","MysteriousBeam","Acceleration","RefractionSpark"],"picked":"Singing Bowl","floor":18},{"not_picked":["IllusionStar","DC","GravityBeat","GalacticHalo"],"picked":"Singing Bowl","floor":19},{"not_picked":["PulseMagic","GrandCross","CollectingQuirk"],"picked":"Orbital","floor":21},{"not_picked":["GrandCross","MysteriousBeam","DoubleSpark"],"picked":"SporeBomb","floor":24},{"not_picked":["EnergyFlow","IllusionStar","WitchLeyline+1","EnergyRecoil"],"picked":"Singing Bowl","floor":24},{"not_picked":["Robbery","DC+1","SporeBomb","DeepEcoloBomb"],"picked":"Singing Bowl","floor":25},{"not_picked":["6A","GravityBeat","AlicesGift","UnstableBomb"],"picked":"Singing Bowl","floor":25}],"player_experience":231469,"relics_obtained":[{"floor":6,"key":"Question Card"},{"floor":8,"key":"infinitespire:Bottled Soul"},{"floor":9,"key":"Singing Bowl"},{"floor":12,"key":"Replay:Rubber Ducky"},{"floor":21,"key":"Prayer Wheel"},{"floor":21,"key":"Calipers"},{"floor":26,"key":"Golden Egg"}],"event_choices":[],"is_beta":false,"boss_relics":[{"not_picked":["Tiny House","Replay:Grab Bag"],"picked":"hubris:Backtick"}],"items_purged_floors":[0,0,11],"is_endless":false,"potions_floor_spawned":[1,2,5,13,14,18,21],"killed_by":"Gensokyo:Mirror_and_Dog","ascension_level":0}}