{"host":"fxrgx7wt2cpkbhka","time":1610268157,"event":{"mods":["AchievementEnabler","BaseMod","Colored Powertips","Minty Spire (QoL Compilation)","Permanent Neow","Slay-I","StSLib","Waifu the Spire"],"gold_per_floor":[115,126,126,301,175,501,207,217,242,242,242,254,318,348,348,447,447,464,464,127,143,65,98,98,129,177,177,177,177],"floor_reached":28,"playtime":883,"items_purged":["Regret","Doubt"],"score":459,"play_id":"d17d0b44-4a64-4b21-9809-470b1bdcdaa3","local_time":"20210110004237","is_ascension_mode":true,"campfire_choices":[{"data":"Inflame","floor":10,"key":"SMITH"},{"data":"Metallicize","floor":15,"key":"SMITH"},{"floor":24,"key":"REST"}],"circlet_count":0,"master_deck":["AscendersBane","Strike_R","Strike_R","Strike_R","Strike_R","Strike_R","Defend_R+1","Defend_R","Defend_R","Defend_R+1","Bash","Flame Barrier+1","Inflame+1","Clash","Flex","Metallicize+1","Immolate","Spot Weakness","Reaper","Inflame","Metallicize"],"relics":["Burning Blood","NeowsBlessing","Art of War","Old Coin","Strawberry","War Paint","Magic Flower","Nloth\u0027s Gift","HornCleat","Juzu Bracelet","Centennial Puzzle","Akabeko"],"acts_visited":["Exordium","TheCity"],"potions_floor_usage":[28,28],"damage_taken":[{"damage":0,"enemies":"2 Louse","floor":1,"turns":1},{"damage":0,"enemies":"Small Slimes","floor":2,"turns":1},{"damage":0,"enemies":"3 Sentries","floor":6,"turns":2},{"damage":2,"enemies":"Jaw Worm","floor":8,"turns":5},{"damage":7,"enemies":"Exordium Thugs","floor":12,"turns":5},{"damage":23,"enemies":"Lagavulin","floor":14,"turns":8},{"damage":28,"enemies":"Slime Boss","floor":16,"turns":12},{"damage":4,"enemies":"3 Byrds","floor":18,"turns":3},{"damage":33,"enemies":"Chosen","floor":21,"turns":7},{"damage":58,"enemies":"Gremlin Leader","floor":23,"turns":11},{"damage":39,"enemies":"Slavers","floor":25,"turns":6},{"damage":17,"enemies":"Centurion and Healer","floor":28,"turns":1}],"seed_played":"5345406289780283703","potions_obtained":[{"floor":2,"key":"SteroidPotion"},{"floor":6,"key":"HeartOfIron"}],"is_trial":false,"path_per_floor":["M","M","?","?","$","E","$","M","T","R","?","M","?","E","R","B",null,"M","?","$","M","$","E","R","E","T","?","M"],"character_chosen":"IRONCLAD","items_purchased":["Clash","Strawberry","Flex","Reaper","HornCleat","Inflame"],"campfire_rested":1,"item_purchase_floors":[5,7,7,20,20,22],"current_hp_per_floor":[78,80,80,80,80,80,87,87,87,87,87,86,86,69,69,50,78,83,83,83,59,59,37,63,33,33,16,0,0],"gold":177,"neow_bonus":"THREE_ENEMY_KILL","is_daily":false,"chose_seed":false,"campfire_upgraded":2,"win_rate":0.0,"timestamp":1610268157,"path_taken":["M","M","?","?","$","E","$","M","T","R","?","M","?","E","R","BOSS","M","?","$","M","?","E","R","E","T","?","M"],"items_purchased_type":["Card","Relic","Card","Card","Relic","Card"],"build_version":"2020-12-22","purchased_purges":2,"victory":false,"max_hp_per_floor":[80,80,80,80,80,80,87,87,87,87,87,87,87,87,87,87,87,87,87,87,87,87,87,87,87,87,92,92,92],"card_choices":[{"not_picked":["Whirlwind","Seeing Red"],"picked":"Flame Barrier","floor":1},{"not_picked":["Armaments","Heavy Blade"],"picked":"Inflame","floor":2},{"not_picked":["Rampage","Iron Wave","Anger"],"picked":"SKIP","floor":6},{"not_picked":["Wild Strike","Sever Soul","Twin Strike"],"picked":"SKIP","floor":8},{"not_picked":["Headbutt","Ghostly Armor"],"picked":"Metallicize","floor":12},{"not_picked":["Infernal Blade","Body Slam","Shrug It Off"],"picked":"SKIP","floor":14},{"not_picked":["Offering","Bludgeon"],"picked":"Immolate","floor":16},{"not_picked":["Body Slam","Blood for Blood+1"],"picked":"Spot Weakness","floor":18},{"not_picked":["Pommel Strike","Searing Blow+1","Cleave"],"picked":"SKIP","floor":21},{"not_picked":["Warcry","Anger","Bloodletting"],"picked":"SKIP","floor":23},{"not_picked":["Fire Breathing","Berserk"],"picked":"Metallicize","floor":25}],"player_experience":695209,"relics_obtained":[{"floor":6,"key":"Old Coin"},{"floor":9,"key":"War Paint"},{"floor":14,"key":"Magic Flower"},{"floor":23,"key":"Juzu Bracelet"},{"floor":25,"key":"Centennial Puzzle"},{"floor":26,"key":"Akabeko"}],"event_choices":[{"damage_healed":0,"gold_gain":0,"player_choice":"Box","damage_taken":0,"relics_obtained":["Art of War"],"max_hp_gain":0,"max_hp_loss":0,"event_name":"Big Fish","floor":3,"gold_loss":0,"cards_obtained":["Regret"]},{"damage_healed":0,"gold_gain":175,"player_choice":"AGREE","damage_taken":0,"max_hp_gain":0,"max_hp_loss":0,"event_name":"Liars Game","floor":4,"gold_loss":0,"cards_obtained":["Doubt"]},{"damage_healed":0,"gold_gain":0,"player_choice":"Grow","damage_taken":0,"max_hp_gain":0,"max_hp_loss":0,"event_name":"Living Wall","floor":11,"gold_loss":0,"cards_upgraded":["Flame Barrier"]},{"damage_healed":0,"gold_gain":64,"player_choice":"Gained Gold","damage_taken":0,"max_hp_gain":0,"max_hp_loss":0,"event_name":"Golden Wing","floor":13,"gold_loss":0},{"damage_healed":0,"gold_gain":0,"player_choice":"Traded Relic","damage_taken":0,"relics_obtained":["Nloth\u0027s Gift"],"max_hp_gain":0,"max_hp_loss":0,"event_name":"N\u0027loth","floor":19,"relics_lost":["Mark of Pain"],"gold_loss":0},{"damage_healed":0,"gold_gain":0,"player_choice":"Shed Blood","damage_taken":22,"max_hp_gain":5,"max_hp_loss":0,"event_name":"Forgotten Altar","floor":27,"gold_loss":0}],"is_beta":false,"boss_relics":[{"not_picked":["Fusion Hammer","Busted Crown"],"picked":"Mark of Pain"}],"items_purged_floors":[5,7],"is_endless":false,"potions_floor_spawned":[1,2,6,16,23,25],"killed_by":"Centurion and Healer","ascension_level":12}}