{"host":"exy3zpg5dyhzfzxn","time":1610315869,"event":{"mods":["2.2 Compatiblity","Aspiration","BaseMod","Better Third Choice","BetterRewards","Energized Spire","GifTheSpireLib","Hubris","Infinite Spire","Jedi Mod","Minty Spire (QoL Compilation)","Replay The Spire","StSLib","The Poker Player","vexMod"],"gold_per_floor":[119,119,119,119,139,168,168,194,219,249,260,278,278,310,310,409,409,427,427,441,454,470,500,512,544,544,544,571,571,589,623,623,722,722,740,752,28,28,46,81,95,125,149,149,149,161,180,229,229,229,229,229],"floor_reached":50,"playtime":2913,"items_purged":["PokerPlayerMod:Spade1"],"score":883,"play_id":"ab02671d-b118-49a4-ae77-10c13490d43f","local_time":"20210111005749","is_ascension_mode":true,"metric_token":993,"campfire_choices":[{"data":"PokerPlayerMod:Raise","floor":7,"key":"SMITH"},{"data":"PokerPlayerMod:Sharpen","floor":13,"key":"SMITH"},{"data":"PokerPlayerMod:Harden","floor":15,"key":"SMITH"},{"data":"PokerPlayerMod:DamnStraight","floor":27,"key":"SMITH"},{"data":"PokerPlayerMod:Sharpen","floor":29,"key":"SMITH"},{"data":"PokerPlayerMod:ItsShowtime","floor":32,"key":"SMITH"},{"floor":45,"key":"REST"},{"floor":49,"key":"REST"}],"circlet_count":0,"master_deck":["PokerPlayerMod:Diamond1","PokerPlayerMod:Diamond2","PokerPlayerMod:Diamond3","PokerPlayerMod:Diamond4","PokerPlayerMod:Diamond5","PokerPlayerMod:Spade2","PokerPlayerMod:Spade3","PokerPlayerMod:Spade4","PokerPlayerMod:Club1","PokerPlayerMod:Club2","PokerPlayerMod:Heart2","PokerPlayerMod:TrumpStrike+1","PokerPlayerMod:BadJoker+1","PokerPlayerMod:Mulligan+1","PokerPlayerMod:Club9","PokerPlayerMod:Sharpen+1","PokerPlayerMod:Overdeal","PokerPlayerMod:Heart2","PokerPlayerMod:Raise+1","PokerPlayerMod:Harden+1","PokerPlayerMod:Heart3","PokerPlayerMod:Promotion","PokerPlayerMod:Diamond8","PokerPlayerMod:Diamond9","PokerPlayerMod:DamnStraight+1","PokerPlayerMod:Heart3","PokerPlayerMod:Diamond4","PokerPlayerMod:Heart4","PokerPlayerMod:Spade8","PokerPlayerMod:ItsShowtime+1","PokerPlayerMod:Sharpen+1","PokerPlayerMod:SecretDealer","PokerPlayerMod:Club4","PokerPlayerMod:Diamond7","PokerPlayerMod:Diamond6","PokerPlayerMod:FakeSymbols","PokerPlayerMod:Heart3","PokerPlayerMod:Heart4","PokerPlayerMod:ClubShade","PokerPlayerMod:SecretDealer","PokerPlayerMod:Heart9"],"relics":["PokerPlayerMod:DeckCase","hubris:EmptyBottle","Replay:Wax Seal","War Paint","Du-Vu Doll","Replay:Accelerometer","Bottled Lightning","Bottled Flame","infinitespire:PuzzleCube","Ring of Chaos","Shuriken","vexMod:HeadHunter","PreservedInsect","Potion Belt","PokerPlayerMod:FairLicense","Medical Kit","PokerPlayerMod:ClubPass","hubris:SphereOfDissonance","Replay:Baseball","Pondfish Scales","CeramicFish","Molten Egg 2"],"acts_visited":["Exordium","TheCity","TheBeyond"],"potions_floor_usage":[5,5,6,6,6,6,6,6,6,6,6,6,14,14,14,14,20,20,23,23,24,25,25,25,31,33,33,33,33,35,39,39,39,46,46,48,48,48],"damage_taken":[{"damage":0,"enemies":"Small Slimes","floor":1,"turns":2},{"damage":0,"enemies":"Jaw Worm","floor":5,"turns":1},{"damage":1,"enemies":"Lagavulin","floor":6,"turns":5},{"damage":0,"enemies":"Replay:BlueRogue","floor":8,"turns":3},{"damage":8,"enemies":"Gremlin Nob","floor":10,"turns":3},{"damage":0,"enemies":"2 Louse","floor":11,"turns":1},{"damage":4,"enemies":"Blue Slaver","floor":12,"turns":2},{"damage":9,"enemies":"3 Sentries","floor":14,"turns":3},{"damage":15,"enemies":"Fading Forest","floor":16,"turns":11},{"damage":0,"enemies":"3 Byrds","floor":18,"turns":2},{"damage":22,"enemies":"2 Thieves","floor":20,"turns":3},{"damage":9,"enemies":"Cultist and Chosen","floor":21,"turns":4},{"damage":12,"enemies":"Centurion and Healer","floor":22,"turns":4},{"damage":11,"enemies":"Slavers","floor":23,"turns":4},{"damage":3,"enemies":"Snecko","floor":24,"turns":3},{"damage":26,"enemies":"Gremlin Leader","floor":25,"turns":7},{"damage":30,"enemies":"Slavers","floor":28,"turns":4},{"damage":21,"enemies":"Snake Plant","floor":30,"turns":2},{"damage":18,"enemies":"Replay:Snechameleon","floor":31,"turns":4},{"damage":30,"enemies":"Automaton","floor":33,"turns":6},{"damage":4,"enemies":"Orb Walker","floor":35,"turns":2},{"damage":0,"enemies":"3 Shapes","floor":36,"turns":3},{"damage":5,"enemies":"Maw","floor":39,"turns":4},{"damage":18,"enemies":"Nemesis","floor":40,"turns":3},{"damage":27,"enemies":"Sphere and 2 Shapes","floor":41,"turns":4},{"damage":43,"enemies":"Reptomancer","floor":42,"turns":5},{"damage":0,"enemies":"Jaw Worm Horde","floor":46,"turns":3},{"damage":9,"enemies":"Writhing Mass","floor":47,"turns":3},{"damage":68,"enemies":"Giant Head","floor":48,"turns":9},{"damage":86,"enemies":"Donu and Deca","floor":50,"turns":4}],"seed_played":"7613661241445958270","potions_obtained":[{"floor":1,"key":"EntropicBrew"},{"floor":10,"key":"BlessingOfTheForge"},{"floor":11,"key":"SteroidPotion"},{"floor":14,"key":"EssenceOfSteel"},{"floor":18,"key":"Strength Potion"},{"floor":21,"key":"Adrenaline Potion"},{"floor":23,"key":"Milkshake"},{"floor":28,"key":"Regen Potion"},{"floor":30,"key":"Energy Potion"},{"floor":31,"key":"Fire Potion"},{"floor":33,"key":"LiquidMemories"},{"floor":36,"key":"jedi:StrikingPotion"},{"floor":42,"key":"PowerPotion"},{"floor":46,"key":"Dexterity Potion"}],"is_trial":false,"path_per_floor":["M","?","?","?","M","E","R","E","T","E","M","M","R","E","R","B",null,"M","?","M","M","M","E","M","E","T","R","E","R","M","E","R","B",null,"M","M","$","?","M","E","M","E","T","?","R","M","M","E","R","B"],"character_chosen":"THE_POKER_PLAYER","items_purchased":["hubris:EmptyBottle","Replay:Wax Seal","War Paint","PokerPlayerMod:Club9","PokerPlayerMod:Sharpen","DuplicationPotion","Medical Kit","PokerPlayerMod:ClubPass","hubris:SphereOfDissonance"],"campfire_rested":2,"item_purchase_floors":[0,0,0,0,0,0,37,37,37],"current_hp_per_floor":[31,31,31,36,36,41,41,52,52,44,52,52,52,52,52,52,52,52,52,30,38,42,44,52,44,44,44,42,42,31,38,38,38,52,48,52,52,52,52,52,42,20,20,25,40,52,48,15,30,0,0,0],"gold":229,"neow_bonus":"","is_daily":false,"chose_seed":false,"campfire_upgraded":6,"win_rate":0.0,"timestamp":1610315869,"path_taken":["M","?","?","?","?","E","R","E","T","E","M","M","R","E","R","BOSS","M","?","?","M","M","E","M","E","T","R","E","R","M","E","R","BOSS","M","M","$","?","M","E","M","E","T","?","R","M","M","E","R","BOSS"],"items_purchased_type":["Relic","Relic","Relic","Card","Card","Potion","Relic","Relic","Relic"],"build_version":"2020-12-22","purchased_purges":1,"victory":false,"max_hp_per_floor":[52,52,52,52,52,52,52,52,52,52,52,52,52,52,52,52,52,52,52,52,52,52,52,52,52,52,52,52,52,52,52,52,52,52,52,52,52,52,52,52,52,52,52,52,52,52,52,52,52,52,52,52],"card_choices":[{"not_picked":["PokerPlayerMod:Diamond2","PokerPlayerMod:JackOfSpades"],"picked":"PokerPlayerMod:Overdeal","floor":1},{"not_picked":["PokerPlayerMod:Trickery","PokerPlayerMod:Club1"],"picked":"PokerPlayerMod:Heart2","floor":5},{"not_picked":["PokerPlayerMod:Spade10+","PokerPlayerMod:FakeSymbols"],"picked":"PokerPlayerMod:Raise","floor":6},{"not_picked":["PokerPlayerMod:RiskyBet","PokerPlayerMod:Raise"],"picked":"PokerPlayerMod:Harden","floor":8},{"not_picked":["PokerPlayerMod:DiamondStrike","PokerPlayerMod:Trickery"],"picked":"PokerPlayerMod:Heart3","floor":10},{"not_picked":["PokerPlayerMod:Configure","PokerPlayerMod:Diamond3"],"picked":"PokerPlayerMod:Promotion","floor":11},{"not_picked":["PokerPlayerMod:Configure","PokerPlayerMod:SpadeStrike","PokerPlayerMod:Diamond2"],"picked":"SKIP","floor":12},{"not_picked":["PokerPlayerMod:Diamond2","PokerPlayerMod:HotShotCut"],"picked":"PokerPlayerMod:Diamond8","floor":14},{"not_picked":["PokerPlayerMod:Spade10+","PokerPlayerMod:Duplicate"],"picked":"PokerPlayerMod:Diamond9","floor":16},{"not_picked":["PokerPlayerMod:Extraction","PokerPlayerMod:Overdeal"],"picked":"PokerPlayerMod:DamnStraight","floor":18},{"not_picked":["PokerPlayerMod:MagicTrick","PokerPlayerMod:PoorCopy+1"],"picked":"PokerPlayerMod:Heart3","floor":20},{"not_picked":["PokerPlayerMod:ClubsClub+1","PokerPlayerMod:MagicTrick"],"picked":"PokerPlayerMod:Diamond4","floor":21},{"not_picked":["PokerPlayerMod:CloakAndDiamond","PokerPlayerMod:Diamond1","PokerPlayerMod:SpadeStrike"],"picked":"SKIP","floor":22},{"not_picked":["PokerPlayerMod:Promotion","PokerPlayerMod:Spade5","PokerPlayerMod:MagicTrick"],"picked":"SKIP","floor":23},{"not_picked":["PokerPlayerMod:CardBurn+1","PokerPlayerMod:Heart2"],"picked":"PokerPlayerMod:Heart4","floor":24},{"not_picked":["PokerPlayerMod:DartThrow+1","PokerPlayerMod:CardBurn"],"picked":"PokerPlayerMod:Spade8","floor":25},{"not_picked":["PokerPlayerMod:WasteCollection","PokerPlayerMod:ChangeRules"],"picked":"PokerPlayerMod:ItsShowtime","floor":28},{"not_picked":["PokerPlayerMod:FakeSymbols","PokerPlayerMod:Harden"],"picked":"PokerPlayerMod:Sharpen","floor":28},{"not_picked":["PokerPlayerMod:Diamond4","PokerPlayerMod:SpadeStrike","PokerPlayerMod:CloakAndDiamond"],"picked":"SKIP","floor":30},{"not_picked":["PokerPlayerMod:TheDieIsCast","PokerPlayerMod:ChangeRules"],"picked":"PokerPlayerMod:SecretDealer","floor":31},{"not_picked":["PokerPlayerMod:DartThrow","PokerPlayerMod:Diamond3"],"picked":"PokerPlayerMod:Club4","floor":31},{"not_picked":["PokerPlayerMod:DartThrow","PokerPlayerMod:Heart1","PokerPlayerMod:CardPrinter"],"picked":"SKIP","floor":35},{"not_picked":["PokerPlayerMod:Fold","PokerPlayerMod:Diamond2"],"picked":"PokerPlayerMod:Diamond7","floor":36},{"not_picked":["PokerPlayerMod:PoorCopy+1","PokerPlayerMod:MagicTrick+1"],"picked":"PokerPlayerMod:Diamond6","floor":39},{"not_picked":["PokerPlayerMod:Duplicate","PokerPlayerMod:ChangeRules"],"picked":"PokerPlayerMod:FakeSymbols","floor":40},{"not_picked":["PokerPlayerMod:Club1","PokerPlayerMod:FillThePot+1"],"picked":"PokerPlayerMod:Heart3","floor":40},{"not_picked":["PokerPlayerMod:Diamond3","PokerPlayerMod:CloakAndDiamond"],"picked":"PokerPlayerMod:Heart4","floor":41},{"not_picked":["PokerPlayerMod:Duplicate","PokerPlayerMod:TheDieIsCast","PokerPlayerMod:ChangeRules"],"picked":"SKIP","floor":42},{"not_picked":["PokerPlayerMod:Spade4","PokerPlayerMod:PoorCopy+1","PokerPlayerMod:Spade3"],"picked":"SKIP","floor":42},{"not_picked":["PokerPlayerMod:SpadeStrike","PokerPlayerMod:Club1","PokerPlayerMod:Diamond2"],"picked":"SKIP","floor":46},{"not_picked":["PokerPlayerMod:PoorCopy","PokerPlayerMod:Club2"],"picked":"PokerPlayerMod:ClubShade","floor":47},{"not_picked":["PokerPlayerMod:WildCard","PokerPlayerMod:TheDieIsCast"],"picked":"PokerPlayerMod:SecretDealer","floor":48},{"not_picked":["PokerPlayerMod:Spade3","PokerPlayerMod:Overdeal+1"],"picked":"PokerPlayerMod:Heart9","floor":48}],"player_experience":405178,"relics_obtained":[{"floor":6,"key":"Replay:Accelerometer"},{"floor":8,"key":"Bottled Lightning"},{"floor":10,"key":"Bottled Flame"},{"floor":14,"key":"infinitespire:PuzzleCube"},{"floor":23,"key":"Shuriken"},{"floor":25,"key":"vexMod:HeadHunter"},{"floor":26,"key":"PreservedInsect"},{"floor":28,"key":"Potion Belt"},{"floor":31,"key":"PokerPlayerMod:FairLicense"},{"floor":40,"key":"Replay:Baseball"},{"floor":42,"key":"Pondfish Scales"},{"floor":43,"key":"CeramicFish"},{"floor":48,"key":"Molten Egg 2"}],"event_choices":[{"damage_healed":0,"gold_gain":0,"player_choice":"Ignored","damage_taken":0,"max_hp_gain":0,"max_hp_loss":0,"event_name":"N\u0027loth","floor":19,"gold_loss":0},{"damage_healed":0,"gold_gain":0,"player_choice":"Memory 1","damage_taken":0,"max_hp_gain":0,"max_hp_loss":0,"event_name":"SensoryStone","floor":38,"gold_loss":0}],"is_beta":false,"boss_relics":[{"not_picked":["hubris:GrandSneckoEye","ChewingGum"],"picked":"Ring of Chaos"},{"not_picked":["vexMod:TanglingVine","hubris:BlackHole","Fusion Hammer"]}],"items_purged_floors":[37],"is_endless":false,"potions_floor_spawned":[1,10,11,14,18,21,23,28,30,31,33,36,42,46],"killed_by":"Donu and Deca","ascension_level":1}}