{"host":"y76clbnovzmw9ubx","time":1610314063,"event":{"mods":["AchievementEnabler","BaseMod","Minty Spire (QoL Compilation)","Permanent Neow","Relic Stats"],"gold_per_floor":[110,129,147,106,130,130,162,162,162,181,211,20,36,49,49,120,120,136,61,75,125,136,136,136],"floor_reached":23,"playtime":1250,"items_purged":["Strike_G"],"score":406,"play_id":"80a51224-792a-4df4-8871-5f657a2e0c69","local_time":"20210110162743","is_ascension_mode":true,"campfire_choices":[{"data":"All Out Attack","floor":6,"key":"SMITH"},{"data":"Footwork","floor":8,"key":"SMITH"},{"data":"Catalyst","floor":15,"key":"SMITH"}],"circlet_count":0,"master_deck":["AscendersBane","Strike_G","Strike_G","Defend_G","Defend_G","Defend_G","Defend_G","Defend_G","Survivor","Neutralize","All Out Attack+1","Sucker Punch","Quick Slash","Footwork+1","Deadly Poison","Venomology","Catalyst+1","Well Laid Plans","Footwork","Corpse Explosion","Backflip","Deadly Poison","Doppelganger"],"relics":["Ring of the Snake","Meat on the Bone","Art of War","Omamori","Fusion Hammer"],"acts_visited":["Exordium","TheCity"],"potions_floor_usage":[7,16,22,23],"damage_taken":[{"damage":2,"enemies":"2 Louse","floor":1,"turns":3},{"damage":7,"enemies":"Jaw Worm","floor":2,"turns":9},{"damage":1,"enemies":"Cultist","floor":3,"turns":4},{"damage":29,"enemies":"Gremlin Nob","floor":7,"turns":4},{"damage":0,"enemies":"2 Fungi Beasts","floor":10,"turns":4},{"damage":9,"enemies":"3 Sentries","floor":11,"turns":7},{"damage":2,"enemies":"Looter","floor":13,"turns":5},{"damage":7,"enemies":"Exordium Wildlife","floor":14,"turns":5},{"damage":18,"enemies":"Hexaghost","floor":16,"turns":12},{"damage":25,"enemies":"Spheric Guardian","floor":18,"turns":5},{"damage":20,"enemies":"2 Thieves","floor":20,"turns":4},{"damage":14,"enemies":"Snecko","floor":22,"turns":6},{"damage":60,"enemies":"Gremlin Leader","floor":23,"turns":5}],"seed_played":"-109634274612739142","potions_obtained":[{"floor":1,"key":"Dexterity Potion"},{"floor":3,"key":"SteroidPotion"},{"floor":14,"key":"FairyPotion"},{"floor":16,"key":"FearPotion"}],"is_trial":false,"path_per_floor":["M","M","M","?","T","R","E","R","T","M","E","$","M","M","R","B",null,"M","?","M","?","M","E"],"character_chosen":"THE_SILENT","items_purchased":["Catalyst","Well Laid Plans"],"campfire_rested":0,"item_purchase_floors":[12,12],"current_hp_per_floor":[57,50,49,49,49,49,20,20,20,32,35,35,45,38,38,32,58,45,45,37,37,35,0,0],"gold":136,"neow_bonus":"REMOVE_CARD","is_daily":false,"chose_seed":false,"campfire_upgraded":3,"win_rate":0.0,"timestamp":1610314063,"path_taken":["M","M","M","?","?","R","E","R","T","?","E","$","M","M","R","BOSS","M","?","M","?","M","E"],"items_purchased_type":["Card","Card"],"build_version":"2020-12-22","purchased_purges":1,"victory":false,"max_hp_per_floor":[66,66,66,66,66,66,66,66,66,66,66,66,66,66,66,66,66,66,66,66,66,66,66,66],"relic_stats":{"counters":[13,73],"Art of War":[9],"obtain_stats":[{"Fusion Hammer":17,"Art of War":9,"Omamori":11,"Ring of the Snake":0,"Meat on the Bone":7},{"Fusion Hammer":9,"Art of War":4,"Omamori":6,"Ring of the Snake":0,"Meat on the Bone":4},{"Fusion Hammer":53,"Art of War":20,"Omamori":31,"Ring of the Snake":0,"Meat on the Bone":20}],"Ring of the Snake":[26],"Meat on the Bone":84},"card_choices":[{"not_picked":["Cloak And Dagger","Underhanded Strike"],"picked":"All Out Attack","floor":1},{"not_picked":["Blade Dance","Underhanded Strike"],"picked":"Sucker Punch","floor":2},{"not_picked":["Underhanded Strike","Distraction"],"picked":"Quick Slash","floor":3},{"not_picked":["Quick Slash","Cloak And Dagger"],"picked":"Footwork","floor":7},{"not_picked":["Dagger Throw","Poisoned Stab"],"picked":"Deadly Poison","floor":10},{"not_picked":["Backstab","Deadly Poison"],"picked":"Venomology","floor":11},{"not_picked":["Deadly Poison","Cloak And Dagger"],"picked":"Footwork","floor":13},{"not_picked":["Blade Dance","Cloak And Dagger","Eviscerate"],"picked":"SKIP","floor":14},{"not_picked":["Unload","Wraith Form v2"],"picked":"Corpse Explosion","floor":16},{"not_picked":["Flechettes","Dodge and Roll"],"picked":"Backflip","floor":18},{"not_picked":["Distraction","Masterful Stab"],"picked":"Deadly Poison","floor":20},{"not_picked":["Cloak And Dagger","Quick Slash"],"picked":"Doppelganger","floor":22}],"player_experience":3043020,"relics_obtained":[{"floor":7,"key":"Meat on the Bone"},{"floor":9,"key":"Art of War"},{"floor":11,"key":"Omamori"}],"event_choices":[{"damage_healed":0,"gold_gain":0,"player_choice":"Left Gold","damage_taken":0,"max_hp_gain":0,"max_hp_loss":0,"event_name":"World of Goop","floor":4,"gold_loss":41},{"cards_removed":["Strike_G"],"damage_healed":0,"gold_gain":0,"player_choice":"Gave Gold","damage_taken":0,"max_hp_gain":0,"max_hp_loss":0,"event_name":"Beggar","floor":19,"gold_loss":75},{"damage_healed":0,"gold_gain":50,"player_choice":"Stole From Cult","damage_taken":0,"max_hp_gain":0,"max_hp_loss":0,"event_name":"Nest","floor":21,"gold_loss":0}],"is_beta":false,"boss_relics":[{"not_picked":["HoveringKite","Runic Dome"],"picked":"Fusion Hammer"}],"items_purged_floors":[12],"is_endless":false,"potions_floor_spawned":[1,3,14,16,18],"killed_by":"Gremlin Leader","ascension_level":20}}