{"host":"1z4hbl9vfqrhg136","time":1610322861,"event":{"mods":["BaseMod","Minty Spire (QoL Compilation)"],"gold_per_floor":[113,113,7,24,24,50,50,82,82,82,116,116,71,98,110,122,122],"floor_reached":16,"playtime":738,"items_purged":[],"score":278,"play_id":"c37834d1-ed6a-47e7-b702-1471515e75db","local_time":"20210110235421","is_ascension_mode":true,"campfire_choices":[{"data":"True Grit","floor":7,"key":"SMITH"},{"data":"Wild Strike","floor":12,"key":"SMITH"},{"floor":15,"key":"REST"}],"circlet_count":0,"master_deck":["AscendersBane","Strike_R","Strike_R","Strike_R","Strike_R","Defend_R","Defend_R","Defend_R","Defend_R","Bash","Exhume","Wild Strike+1","Shrug It Off","True Grit+1","Body Slam","Feel No Pain","Thunderclap","Metallicize"],"relics":["Burning Blood","NeowsBlessing","Boot","Question Card","Omamori","Mummified Hand","Blue Candle","Pen Nib","MawBank"],"acts_visited":["Exordium"],"potions_floor_usage":[8,11],"damage_taken":[{"damage":0,"enemies":"Cultist","floor":1,"turns":1},{"damage":0,"enemies":"Jaw Worm","floor":4,"turns":1},{"damage":0,"enemies":"Gremlin Nob","floor":6,"turns":1},{"damage":30,"enemies":"3 Sentries","floor":8,"turns":14},{"damage":34,"enemies":"Gremlin Nob","floor":11,"turns":5},{"damage":55,"enemies":"Slime Boss","floor":16,"turns":8}],"seed_played":"412033742505897600","potions_obtained":[{"floor":1,"key":"Ancient Potion"},{"floor":6,"key":"SneckoOil"},{"floor":8,"key":"Ancient Potion"}],"is_trial":false,"path_per_floor":["M","?","$","M","T","E","R","E","T","?","E","R","$","T","R","B"],"character_chosen":"IRONCLAD","items_purchased":["Wild Strike","Shrug It Off","Metallicize"],"campfire_rested":1,"item_purchase_floors":[3,3,13],"current_hp_per_floor":[74,74,74,75,75,75,75,51,51,51,23,23,23,23,45,0,0],"gold":122,"neow_bonus":"THREE_ENEMY_KILL","is_daily":false,"chose_seed":false,"campfire_upgraded":2,"win_rate":0.0,"timestamp":1610322861,"path_taken":["M","?","$","M","?","E","R","E","T","?","E","R","$","?","R","BOSS"],"items_purchased_type":["Card","Card","Card"],"build_version":"2020-12-22","purchased_purges":0,"victory":false,"max_hp_per_floor":[75,75,75,75,75,75,75,75,75,75,75,75,75,75,75,75,75],"card_choices":[{"not_picked":["Clash","Combust","Flex"],"picked":"SKIP","floor":1},{"not_picked":["Sever Soul","Warcry"],"picked":"True Grit","floor":4},{"not_picked":["Shrug It Off","Dual Wield"],"picked":"Body Slam","floor":6},{"not_picked":["Iron Wave","Spot Weakness","Double Tap"],"picked":"Feel No Pain","floor":8},{"not_picked":["Sword Boomerang","Anger","Warcry"],"picked":"Thunderclap","floor":11}],"player_experience":1876399,"relics_obtained":[{"floor":5,"key":"Boot"},{"floor":6,"key":"Question Card"},{"floor":8,"key":"Omamori"},{"floor":9,"key":"Mummified Hand"},{"floor":11,"key":"Pen Nib"},{"floor":14,"key":"MawBank"}],"event_choices":[{"damage_healed":0,"gold_gain":0,"cards_transformed":["Strike_R"],"player_choice":"Change","damage_taken":0,"max_hp_gain":0,"max_hp_loss":0,"event_name":"Living Wall","floor":2,"gold_loss":0,"cards_obtained":["Exhume"]},{"damage_healed":0,"gold_gain":0,"player_choice":"Box","damage_taken":0,"relics_obtained":["Blue Candle"],"max_hp_gain":0,"max_hp_loss":0,"event_name":"Big Fish","floor":10,"gold_loss":0,"cards_obtained":["Regret"]}],"is_beta":false,"boss_relics":[],"items_purged_floors":[],"is_endless":false,"potions_floor_spawned":[1,6,8],"killed_by":"Slime Boss","ascension_level":20}}