{"host":"1x0iiauhsd6tfigj","time":1610309145,"event":{"mods":["AchievementEnabler","BaseMod","Block Reminder","Colored Map","Colored Powertips","DeckTracker","Googly Eyes","Highlight Path","Minty Spire (QoL Compilation)","Permanent Neow","Quick Restart","Relic Sorter","Relic Stats","Slay-I","StSLib"],"gold_per_floor":[113,133,153,171,171,186,186,213,213,181,181,198,216,216,216,216,216],"floor_reached":16,"playtime":1633,"items_purged":[],"score":120,"play_id":"16a88138-12ed-498c-a971-eb93ac2f8df6","local_time":"20210110130545","is_ascension_mode":true,"campfire_choices":[{"floor":7,"key":"REST"},{"floor":15,"key":"REST"}],"circlet_count":0,"master_deck":["Strike_P","Strike_P","Strike_P","Defend_P","Defend_P","Defend_P","Defend_P","Eruption","Vigilance","Consecrate","ReachHeaven","FollowUp","CutThroughFate","FlurryOfBlows","FearNoEvil","FlurryOfBlows"],"relics":["PureWater","Centennial Puzzle","Gremlin Horn","TeardropLocket"],"acts_visited":["Exordium"],"potions_floor_usage":[8,8],"damage_taken":[{"damage":6,"enemies":"Small Slimes","floor":1,"turns":3},{"damage":1,"enemies":"Cultist","floor":2,"turns":3},{"damage":14,"enemies":"2 Louse","floor":3,"turns":2},{"damage":0,"enemies":"Exordium Thugs","floor":4,"turns":4},{"damage":8,"enemies":"Large Slime","floor":6,"turns":5},{"damage":32,"enemies":"Gremlin Nob","floor":8,"turns":4},{"damage":2,"enemies":"Looter","floor":12,"turns":4},{"damage":8,"enemies":"Blue Slaver","floor":13,"turns":3},{"damage":56,"enemies":"The Guardian","floor":16,"turns":13}],"seed_played":"4464992984807394740","potions_obtained":[{"floor":3,"key":"SteroidPotion"},{"floor":6,"key":"Regen Potion"},{"floor":8,"key":"SneckoOil"}],"is_trial":false,"path_per_floor":["M","M","M","M","?","M","R","E","T","?","?","M","M","?","R","B"],"character_chosen":"WATCHER","items_purchased":[],"campfire_rested":2,"item_purchase_floors":[],"current_hp_per_floor":[66,65,51,51,51,43,64,43,43,43,43,41,33,33,54,0,0],"gold":216,"neow_bonus":"RANDOM_COMMON_RELIC","is_daily":false,"chose_seed":false,"campfire_upgraded":0,"win_rate":0.0,"timestamp":1610309145,"path_taken":["M","M","M","M","?","?","R","E","T","?","?","M","?","?","R","BOSS"],"items_purchased_type":[],"build_version":"2020-12-22","purchased_purges":0,"victory":false,"max_hp_per_floor":[72,72,72,72,72,72,72,72,72,72,72,72,72,72,72,72,72],"relic_stats":{"Centennial Puzzle":[24],"Gremlin Horn":[0,0],"counters":[9,41],"obtain_stats":[{"Centennial Puzzle":0,"Gremlin Horn":8,"TeardropLocket":9,"PureWater":0},{"Centennial Puzzle":0,"Gremlin Horn":6,"TeardropLocket":6,"PureWater":0},{"Centennial Puzzle":0,"Gremlin Horn":21,"TeardropLocket":21,"PureWater":0}]},"card_choices":[{"not_picked":["SandsOfTime","Pray"],"picked":"Consecrate","floor":1},{"not_picked":["PathToVictory","Evaluate"],"picked":"ReachHeaven","floor":2},{"not_picked":["Collect","Prostrate"],"picked":"FollowUp","floor":3},{"not_picked":["Prostrate","WreathOfFlame"],"picked":"CutThroughFate","floor":4},{"not_picked":["FlyingSleeves","PathToVictory"],"picked":"FlurryOfBlows","floor":6},{"not_picked":["PathToVictory","Alpha"],"picked":"FearNoEvil","floor":8},{"not_picked":["Wireheading","EmptyFist"],"picked":"FlurryOfBlows","floor":12},{"not_picked":["InnerPeace","Study","ClearTheMind"],"picked":"SKIP","floor":13}],"player_experience":1548541,"relics_obtained":[{"floor":8,"key":"Gremlin Horn"},{"floor":9,"key":"TeardropLocket"}],"event_choices":[{"damage_healed":0,"gold_gain":0,"player_choice":"0 cards matched","damage_taken":0,"max_hp_gain":0,"max_hp_loss":0,"event_name":"Match and Keep!","floor":5,"gold_loss":0,"cards_obtained":[]},{"damage_healed":0,"gold_gain":0,"player_choice":"Left Gold","damage_taken":0,"max_hp_gain":0,"max_hp_loss":0,"event_name":"World of Goop","floor":10,"gold_loss":32},{"cards_removed":["Strike_P"],"damage_healed":0,"gold_gain":0,"player_choice":"Purged","damage_taken":0,"max_hp_gain":0,"max_hp_loss":0,"event_name":"Purifier","floor":11,"gold_loss":0},{"damage_healed":0,"gold_gain":0,"player_choice":"Ignored","damage_taken":0,"max_hp_gain":0,"max_hp_loss":0,"event_name":"Golden Idol","floor":14,"gold_loss":0}],"is_beta":false,"boss_relics":[],"items_purged_floors":[],"is_endless":false,"potions_floor_spawned":[3,6,8],"killed_by":"The Guardian","ascension_level":3}}