{"host":"whe4vf9w0yuhsr02","time":1610296005,"event":{"mods":["BaseMod","Highlight Path","Hubris","Lobotomy","LobotomyExtend","Minty Spire (QoL Compilation)","Quick Restart","Replay The Spire","StSLib","The Animator","The Factory","The Jungle","vexMod"],"gold_per_floor":[117,117,130,151,169,169,169,169,169,331,381,381,381,402,513,641,641,664,664,68,82,82,122,122,122,122,136,136,150,171,171,171,302,302,365,365,384,139,139,139,158,0,0,0,15,15,348,348,348,348],"floor_reached":51,"playtime":2872,"items_purged":["hubris:Wrath","animator:Curse_Greed"],"score":926,"play_id":"f7046a9c-6658-41e8-9866-531db8d4e15b","local_time":"20210110182645","is_ascension_mode":false,"campfire_choices":[{"data":"Dualcast","floor":6.0,"key":"SMITH"},{"data":"White Noise","floor":8.0,"key":"SMITH"},{"data":"Sweeping Beam","floor":13.0,"key":"SMITH"},{"floor":24.0,"key":"REST"},{"floor":28.0,"key":"DIG"},{"floor":32.0,"key":"REST"},{"data":"Strike_B","floor":40.0,"key":"PURGE"},{"data":"Swift Strike","floor":49,"key":"SMITH"}],"circlet_count":1,"master_deck":["Swift Strike+1","Poisoned Strike","Panacea"],"relics":["Cracked Core","CogitoBucket","LetterFromLob","ReplayTheSpireMod:CursedCoin","hubris:Icosahedron","vexMod:Dragonfruit","Juzu Bracelet","Blood Vial","vexMod:BigBerry","BehaviorAdjustment","Strange Spoon","hubris:SlimyHat","Prayer Wheel","ReplayTheSpireMod:Ring of Challenge","Replay:Multitool","Circlet","hubris:BottledRain","Anchor","vexMod:CardConverter","AspirationHeart","Sozu","hubris:Towel","Chemical X","Red Mask","Unceasing Top","RabbitCall","RabbitCall","RabbitCall","RabbitCall","RabbitCall","Theresia","AtMidnight"],"acts_visited":["Exordium","TheCity","TheBeyond"],"potions_floor_usage":[45],"damage_taken":[{"damage":0.0,"enemies":"Small Slimes","floor":1.0,"turns":2.0},{"damage":9.0,"enemies":"Jaw Worm","floor":3.0,"turns":4.0},{"damage":2.0,"enemies":"2 Louse","floor":5.0,"turns":3.0},{"damage":17.0,"enemies":"3 Sentries","floor":10.0,"turns":4.0},{"damage":2.0,"enemies":"2 Fungi Beasts","floor":14.0,"turns":2.0},{"damage":16.0,"enemies":"Fading Forest","floor":16.0,"turns":11.0},{"damage":12.0,"enemies":"Chosen","floor":18.0,"turns":3.0},{"damage":52.0,"enemies":"2 Thieves","floor":21.0,"turns":5.0},{"damage":45.0,"enemies":"Book of Stabbing","floor":23.0,"turns":5.0},{"damage":8.0,"enemies":"Centurion and Healer","floor":27.0,"turns":4.0},{"damage":12.0,"enemies":"Snake Plant","floor":29.0,"turns":4.0},{"damage":61.0,"enemies":"Chosen and Byrds","floor":30.0,"turns":10.0},{"damage":7.0,"enemies":"Champ","floor":33.0,"turns":14.0},{"damage":17.0,"enemies":"Orb Walker","floor":35.0,"turns":6.0},{"damage":20.0,"enemies":"3 Darklings","floor":37.0,"turns":5.0},{"damage":37.0,"enemies":"Transient","floor":41.0,"turns":5.0},{"damage":37,"enemies":"Maw","floor":45,"turns":26},{"damage":96,"enemies":"Time Eater","floor":50,"turns":6},{"damage":33,"enemies":"Malkuth","floor":51,"turns":5},{"damage":99,"enemies":"Yesod","floor":51,"turns":1}],"seed_played":"-1720422955761049123","potions_obtained":[{"floor":1.0,"key":"Adrenaline Potion"},{"floor":5.0,"key":"Regen Potion"},{"floor":11.0,"key":"SkillPotion"},{"floor":11.0,"key":"SmokeBomb"},{"floor":16.0,"key":"PowerPotion"},{"floor":27.0,"key":"Regen Potion"},{"floor":29.0,"key":"Death Potion"},{"floor":30.0,"key":"SteroidPotion"},{"floor":33.0,"key":"FearPotion"}],"is_trial":false,"path_per_floor":["M","?","M","$","M","R","?","R","T","?","?","?","R","M","R","B",null,"M","?","$","M","?","E","R","?","T","M","R","M","M","?","R","B",null,"M","?","M","$","?","R","M","?","T","R","M","?","R","?","R","B",null],"character_chosen":"DEFECT","items_purchased":["ReplayTheSpireMod:CursedCoin","Streamline","Dead Branch","Strange Spoon","hubris:SlimyHat","Chemical X"],"campfire_rested":2,"item_purchase_floors":[4,4,20,20,20,38],"current_hp_per_floor":[75,75,66,66,64,64,64,64,69,64,64,64,64,64,64,60,110,98,98,98,48,48,5,38,38,38,44,44,50,22,22,60,72,130,117,117,99,99,99,99,81,81,81,81,74,166,166,162,162,70],"gold":348,"neow_bonus":"","is_daily":false,"chose_seed":false,"campfire_upgraded":4,"win_rate":0.0,"timestamp":1610296005,"path_taken":["M","?","M","$","M","R","?","R","T","?","?","?","R","M","R","BOSS","M","?","$","M","?","E","R","?","T","M","R","M","M","?","R","BOSS","M","?","M","$","?","R","M","?","T","R","M","?","R","?","R","BOSS"],"items_purchased_type":["Relic","Card","Relic","Relic","Relic","Relic"],"build_version":"2020-12-22","purchased_purges":2,"victory":true,"max_hp_per_floor":[75,75,75,75,75,75,75,75,80,80,80,80,80,80,80,80,110,110,110,110,110,110,110,110,110,110,110,110,114,128,128,128,130,130,134,134,134,134,134,134,136,136,136,136,166,166,166,172,172,172],"card_choices":[{"not_picked":["hubris:Ukulele","Go for the Eyes"],"picked":"Sweeping Beam","floor":1.0},{"not_picked":["ReplayTheSpireMod:Repulse","Creative AI"],"picked":"White Noise","floor":3.0},{"not_picked":["Stack","Hologram"],"picked":"Defragment","floor":5.0},{"not_picked":["Barrage","Rebound"],"picked":"Steam","floor":10.0},{"not_picked":["Go for the Eyes","BasicCrystalCard"],"picked":"Ball Lightning","floor":11.0},{"not_picked":["FTL","ReplaySort"],"picked":"Auto Shields","floor":14.0},{"not_picked":["Amplify","Electrodynamics"],"picked":"ReplayTheSpireMod:Fabricate Wheel","floor":16.0},{"not_picked":["Heatsinks","Biased Cognition"],"picked":"Genetic Algorithm+1","floor":18.0},{"not_picked":["CherryBlossoms","NakedNest"],"picked":"OSAHOGD","floor":21.0},{"not_picked":["Ball Lightning","Hologram","BasicCrystalCard+1"],"picked":"SKIP","floor":21.0},{"not_picked":["Static Discharge","Redo","Steam"],"picked":"SKIP","floor":21.0},{"not_picked":["Beam Cell","Biased Cognition"],"picked":"BootSequence","floor":23.0},{"not_picked":["Coolheaded","Stack"],"picked":"Melter+1","floor":27.0},{"not_picked":["Steam","Sweeping Beam+1","Blizzard+1"],"picked":"SKIP","floor":27.0},{"not_picked":["Conserve Battery","Static Discharge"],"picked":"Panic Button","floor":29.0},{"not_picked":["Panic Button","Steam"],"picked":"Undo","floor":29.0},{"not_picked":["Streamline","Panic Button"],"picked":"ReplayTheSpireMod:Calculation Training","floor":30.0},{"not_picked":["Double Energy","hubris:Prefetch"],"picked":"Glacier","floor":30.0},{"not_picked":["Rainbow","Fission"],"picked":"Core Surge","floor":33.0},{"not_picked":["Turbo+1","Hello World"],"picked":"ReplayTheSpireMod:System Scan","floor":35.0},{"not_picked":["Rebound","Stack"],"picked":"Skim+1","floor":35.0},{"not_picked":["Coolheaded+1","Ball Lightning","Genetic Algorithm"],"picked":"SKIP","floor":37.0},{"not_picked":["BasicCrystalCard","Hologram","ReplayTheSpireMod:GoodbyeWorld+1"],"picked":"SKIP","floor":37.0},{"not_picked":["Streamline+1","ReplayRNGCard"],"picked":"ReplayTheSpireMod:Repulse+1","floor":41.0},{"not_picked":["BasicCrystalCard","ReplaySort+1","Beam Cell"],"picked":"SKIP","floor":41.0},{"not_picked":["BigBird","Scorched"],"picked":"WhiteNight","floor":45},{"not_picked":["BasicCrystalCard","Rebound"],"picked":"ReplayTheSpireMod:Repulse+1","floor":45},{"not_picked":["Barrage","Turbo"],"picked":"Capacitor+1","floor":45},{"not_picked":["Dramatic Entrance","Panache"],"picked":"Swift Strike","floor":48},{"not_picked":["Dramatic Entrance","Panache"],"picked":"Poisoned Strike","floor":48},{"not_picked":["Violence","HandOfGreed"],"picked":"Panacea","floor":48}],"player_experience":460368,"relics_obtained":[{"floor":1.0,"key":"LetterFromLob"},{"floor":9.0,"key":"vexMod:Dragonfruit"},{"floor":10.0,"key":"Juzu Bracelet"},{"floor":11.0,"key":"Blood Vial"},{"floor":22.0,"key":"ReplayTheSpireMod:Ring of Challenge"},{"floor":23.0,"key":"Replay:Multitool"},{"floor":26.0,"key":"Anchor"},{"floor":28.0,"key":"vexMod:CardConverter"},{"floor":43.0,"key":"Unceasing Top"},{"floor":45,"key":"AtMidnight"}],"event_choices":[{"damage_healed":0.0,"max_hp_gain":0.0,"max_hp_loss":0.0,"gold_gain":0.0,"event_name":"Golden Wing","player_choice":"Ignored","floor":2.0,"gold_loss":0.0,"damage_taken":0.0},{"damage_healed":0.0,"max_hp_gain":0.0,"max_hp_loss":0.0,"gold_gain":0.0,"event_name":"Dead Adventurer","player_choice":"Searched \u00271\u0027 times","floor":10.0,"gold_loss":0.0,"damage_taken":0.0},{"damage_healed":0.0,"max_hp_gain":0.0,"max_hp_loss":0.0,"gold_gain":0.0,"event_name":"Golden Idol","player_choice":"Take Wound","floor":12.0,"gold_loss":0.0,"damage_taken":0.0,"relics_obtained":["Golden Idol"],"cards_obtained":["Injury"]},{"damage_healed":0.0,"max_hp_gain":0.0,"max_hp_loss":0.0,"gold_gain":0.0,"event_name":"WeMeetAgain","player_choice":"Gave Potion","floor":25.0,"gold_loss":0.0,"damage_taken":0.0,"relics_obtained":["hubris:BottledRain"]},{"damage_healed":0.0,"max_hp_gain":0.0,"max_hp_loss":0.0,"gold_gain":0.0,"event_name":"Upgrade Shrine","player_choice":"Upgraded","floor":31.0,"gold_loss":0.0,"damage_taken":0.0,"cards_upgraded":["ReplayTheSpireMod:Calculation Training"]},{"damage_healed":0.0,"max_hp_gain":0.0,"max_hp_loss":0.0,"gold_gain":0.0,"event_name":"Tomb of Lord Red Mask","player_choice":"Paid","floor":42.0,"gold_loss":158.0,"damage_taken":0.0,"relics_obtained":["Red Mask"]},{"damage_healed":0,"gold_gain":333,"player_choice":"Gave Idol","damage_taken":0,"max_hp_gain":0,"max_hp_loss":0,"event_name":"The Moai Head","floor":47,"relics_lost":["Golden Idol"],"gold_loss":0},{"damage_healed":0,"gold_gain":0,"player_choice":"Memory 3","damage_taken":10,"max_hp_gain":0,"max_hp_loss":0,"event_name":"SensoryStone","floor":48,"gold_loss":0}],"is_beta":false,"boss_relics":[{"not_picked":["Runic Dome","Runic Pyramid"],"picked":"vexMod:BigBerry"},{"not_picked":["Black Star","Replay:Wanted Poster"],"picked":"Sozu"}],"items_purged_floors":[4,38],"is_endless":false,"potions_floor_spawned":[1,5,16,27,29,30,33,35,37],"ascension_level":0}}