{"host":"97k5lqmr6aaz1p9r","time":1610264453,"event":{"mods":["BaseMod","Colored Map","Downfall","Jorbs\u0027s Wanderer Trilogy","Minty Spire (QoL Compilation)","StSLib"],"gold_per_floor":[99,117,127,142,142,242,242,271,196,8,44,78,108,160,193,317,317,242,252,268,321,6,38,87,87,141,159,198,198,58,74,88,191,191,116,136,156,156,64,94,140,140,86,100,100,21,21,40,74,74,74,106,67,67,67],"floor_reached":56,"playtime":7102,"items_purged":["Slimebound:Strike_Slimebound","Slimebound:Strike_Slimebound"],"score":1300,"play_id":"0f15127b-bb29-4fa5-b7c8-afac53a28f14","local_time":"20210110074053","is_ascension_mode":true,"campfire_choices":[{"data":"Slimebound:SlimeSlap","floor":1.0,"key":"SMITH"},{"data":"Slimebound:Prepare","floor":9.0,"key":"SMITH"},{"data":"Slimebound:MassFeed","floor":18.0,"key":"SMITH"},{"floor":25.0,"key":"RECALL"},{"data":"Slimebound:Darklings","floor":35.0,"key":"SMITH"},{"data":"Slimebound:GrowthPunch","floor":45,"key":"SMITH"},{"data":"Slimebound:Teamwork","floor":47,"key":"SMITH"},{"floor":54,"key":"REST"}],"circlet_count":0,"master_deck":["Slimebound:Tackle","Slimebound:Defend_Slimebound","Slimebound:Defend_Slimebound","Slimebound:Defend_Slimebound","Slimebound:Defend_Slimebound","Slimebound:Split","Slimebound:CorrosiveSpit","Slimebound:SlimeSlap+1","Slimebound:Prepare+1","Slimebound:Equalize","Slimebound:Schlurp","Slimebound:LeechingTouch","Slimebound:MassFeed+1","HandOfGreed","Slimebound:AcidTongue","Slimebound:SlimeSpikes","Slimebound:GrowthPunch+1","Slimebound:Gluttony","Slimebound:AcidTongue","Slimebound:Darklings+1","Slimebound:SpikyOuterGoop","Slimebound:LeadByExample","Slimebound:RejuvenatingLick","Slimebound:LeechEnergy","Slimebound:Teamwork+1","Slimebound:GoopSpray+1","Slimebound:SplitMire","Slimebound:SplitMire","Slimebound:Repurpose+1","Slimebound:SelfFormingGoo+1","Slimebound:FormOfPuddle+1","Slimebound:Schlurp+1","Slimebound:Grow+1","Slimebound:Nibble+1","Slimebound:SplitMire","Slimebound:LeadByExample+1","Slimebound:LevelUp+1","Slimebound:LevelUp+1","Slimebound:Prepare+1","Slimebound:Equalize"],"relics":["Slimebound:AbsorbEndCombatUpgraded","Pen Nib","White Beast Statue","Art of War","downfall:HeartBlessingBlue","Eternal Feather","Slimebound:TarBlob","downfall:HeartBlessingGreen","Lee\u0027s Waffle","Bag of Preparation","Frozen Egg 2","Toy Ornithopter","Anchor","downfall:HeartBlessingRed","MealTicket","War Paint","OrangePellets","Regal Pillow","FossilizedHelix"],"acts_visited":["Exordium","TheCity","TheBeyond","TheEnding"],"potions_floor_usage":[39,50,50,50,52,55,55,55,55],"damage_taken":[{"damage":4.0,"enemies":"Small Slimes","floor":2.0,"turns":3.0},{"damage":4.0,"enemies":"Cultist","floor":3.0,"turns":3.0},{"damage":6.0,"enemies":"2 Louse","floor":4.0,"turns":2.0},{"damage":62.0,"enemies":"downfall:LadyInBlue","floor":6.0,"turns":10.0},{"damage":15.0,"enemies":"Gremlin Nob","floor":8.0,"turns":3.0},{"damage":4.0,"enemies":"downfall:FleeingMerchant","floor":10.0,"turns":4.0},{"damage":5.0,"enemies":"Exordium Thugs","floor":11.0,"turns":5.0},{"damage":12.0,"enemies":"2 Fungi Beasts","floor":12.0,"turns":3.0},{"damage":1.0,"enemies":"Exordium Wildlife","floor":13.0,"turns":3.0},{"damage":20.0,"enemies":"3 Sentries","floor":14.0,"turns":6.0},{"damage":26.0,"enemies":"Lots of Slimes","floor":15.0,"turns":4.0},{"damage":38.0,"enemies":"downfall:Watcher","floor":16.0,"turns":10.0},{"damage":49.0,"enemies":"Chosen","floor":19.0,"turns":7.0},{"damage":26.0,"enemies":"Spheric Guardian","floor":20.0,"turns":6.0},{"damage":43.0,"enemies":"3 Cultists","floor":21.0,"turns":6.0},{"damage":27.0,"enemies":"downfall:FleeingMerchant","floor":22.0,"turns":4.0},{"damage":25.0,"enemies":"Book of Stabbing","floor":23.0,"turns":6.0},{"damage":73.0,"enemies":"Slavers","floor":26.0,"turns":5.0},{"damage":38.0,"enemies":"Snake Plant","floor":27.0,"turns":5.0},{"damage":35.0,"enemies":"Sentry and Sphere","floor":28.0,"turns":5.0},{"damage":14.0,"enemies":"downfall:FleeingMerchant","floor":30.0,"turns":4.0},{"damage":24.0,"enemies":"Chosen and Byrds","floor":31.0,"turns":4.0},{"damage":31.0,"enemies":"Centurion and Healer","floor":32.0,"turns":7.0},{"damage":57.0,"enemies":"downfall:Defect","floor":33.0,"turns":7.0},{"damage":58,"enemies":"3 Darklings","floor":36,"turns":5},{"damage":29,"enemies":"Orb Walker","floor":37,"turns":4},{"damage":55,"enemies":"downfall:FleeingMerchant","floor":39,"turns":4},{"damage":42,"enemies":"Sphere and 2 Shapes","floor":40,"turns":8},{"damage":57,"enemies":"3 Darklings","floor":44,"turns":5},{"damage":32,"enemies":"Maw","floor":48,"turns":5},{"damage":49,"enemies":"Jaw Worm Horde","floor":49,"turns":4},{"damage":66,"enemies":"downfall:Silent","floor":50,"turns":8},{"damage":114,"enemies":"downfall:CharBossMerchant","floor":52,"turns":9},{"damage":82,"enemies":"downfall:NeowBoss","floor":55,"turns":21}],"seed_played":"3653348029013240632","potions_obtained":[{"floor":2.0,"key":"Slimebound:SlimyTonguePotion"},{"floor":6.0,"key":"Regen Potion"},{"floor":6.0,"key":"EntropicBrew"},{"floor":6.0,"key":"BlessingOfTheForge"},{"floor":11.0,"key":"Slimebound:SpawnSlimePotion"},{"floor":13.0,"key":"AttackPotion"},{"floor":15.0,"key":"Block Potion"},{"floor":16.0,"key":"GamblersBrew"},{"floor":19.0,"key":"SkillPotion"},{"floor":20.0,"key":"ColorlessPotion"},{"floor":21.0,"key":"SkillPotion"},{"floor":22.0,"key":"Weak Potion"},{"floor":23.0,"key":"Regen Potion"},{"floor":26.0,"key":"Regen Potion"},{"floor":27.0,"key":"Ancient Potion"},{"floor":28.0,"key":"BlessingOfTheForge"},{"floor":30.0,"key":"LiquidMemories"},{"floor":31.0,"key":"PowerPotion"},{"floor":32.0,"key":"Explosive Potion"},{"floor":33.0,"key":"Dexterity Potion"},{"floor":39,"key":"EntropicBrew"},{"floor":52,"key":"SteroidPotion"}],"is_trial":false,"path_per_floor":["R","M","M","M","?","?","T","E","R","$","M","M","M","E","M","B",null,"R","M","M","M","$","E","T","R","E","M","M","?","$","M","M","B",null,"R","M","M","?","$","M","T","?","$","M","R","$","R","M","M","B",null,"E","$","R","B",null],"character_chosen":"SLIMEBOUND","items_purchased":["HandOfGreed","Lee\u0027s Waffle","Bag of Preparation","Slimebound:SplitMire","Slimebound:Grow+1","War Paint","OrangePellets","Slimebound:SplitMire","Slimebound:LevelUp+1","Slimebound:Equalize"],"campfire_rested":1,"item_purchase_floors":[10,22,22,30,39,39,39,43,46,53],"current_hp_per_floor":[60,60,60,60,48,18,18,26,36,48,60,58,62,58,54,38,94,94,65,59,34,101,96,96,105,78,58,72,72,89,103,123,111,129,129,119,124,124,108,112,112,112,127,120,137,137,137,137,114,131,137,89,104,141,141],"gold":67,"neow_bonus":"ONE_RANDOM_RARE_CARD","is_daily":false,"chose_seed":false,"campfire_upgraded":6,"win_rate":0.0,"timestamp":1610264453,"path_taken":["R","M","M","M","?","?","T","E","R","$","M","M","M","E","M","BOSS","R","M","M","M","$","E","T","R","E","M","?","?","?","M","M","BOSS","R","M","M","?","$","M","T","?","$","?","R","?","R","M","M","BOSS","E","$","R","BOSS"],"items_purchased_type":["Card","Relic","Relic","Card","Card","Relic","Relic","Card","Card","Card"],"build_version":"2020-12-22","purchased_purges":2,"victory":true,"max_hp_per_floor":[60,60,60,60,60,60,60,60,70,70,73,73,76,82,94,94,94,94,94,94,94,101,105,105,105,113,113,117,117,117,121,125,129,129,129,129,129,129,129,133,133,133,133,137,137,137,137,137,137,137,137,141,141,141,141],"card_choices":[{"not_picked":["Slimebound:PressTheAttack","Slimebound:SplitLeeching"],"picked":"Slimebound:Prepare","floor":2.0},{"not_picked":["Slimebound:LevelUp","Slimebound:ViciousTackle"],"picked":"Slimebound:Equalize","floor":3.0},{"not_picked":["Slimebound:SpikyOuterGoop","Slimebound:ProtectTheBoss"],"picked":"Slimebound:Schlurp","floor":4.0},{"not_picked":["Slimebound:RejuvenatingLick","Slimebound:ComboTackle"],"picked":"Slimebound:LeechingTouch","floor":6.0},{"not_picked":["Slimebound:PressTheAttack","Slimebound:RollThrough","Slimebound:ForwardTackle"],"picked":"SKIP","floor":8.0},{"not_picked":["Slimebound:RejuvenatingLick","Slimebound:SplitBruiser"],"picked":"Slimebound:MassFeed","floor":10.0},{"not_picked":["Slimebound:ServeAndProtect","Slimebound:SplitBruiser"],"picked":"Slimebound:AcidTongue","floor":11.0},{"not_picked":["Slimebound:FinishingTackle","Slimebound:DisruptingSlam"],"picked":"Slimebound:SlimeSpikes","floor":12.0},{"not_picked":["Slimebound:DisruptingSlam","Slimebound:SplitBruiser"],"picked":"Slimebound:GrowthPunch","floor":13.0},{"not_picked":["Slimebound:MassRepurpose","Slimebound:FinishingTackle"],"picked":"Slimebound:Gluttony","floor":14.0},{"not_picked":["Slimebound:ItLooksTasty","Slimebound:GrowthPunch"],"picked":"Slimebound:AcidTongue","floor":15.0},{"not_picked":["Slimebound:OneTwoCombo","Slimebound:MinionMaster"],"picked":"Slimebound:Darklings","floor":16.0},{"not_picked":["Slimebound:SlimeBrawl+1","Slimebound:DivideAndConquer"],"picked":"Slimebound:SpikyOuterGoop","floor":19.0},{"not_picked":["Slimebound:Chomp","Slimebound:FinishingTackle"],"picked":"Slimebound:LeadByExample","floor":20.0},{"not_picked":["Slimebound:LeechingTouch","Slimebound:ProtectTheBoss+1"],"picked":"Slimebound:RejuvenatingLick","floor":21.0},{"not_picked":["Slimebound:TagTeam","Slimebound:DivideAndConquer"],"picked":"Slimebound:LeechEnergy","floor":22.0},{"not_picked":["Slimebound:PressTheAttack+1","Slimebound:Dissolve","Slimebound:Chomp"],"picked":"SKIP","floor":23.0},{"not_picked":["Slimebound:RollThrough","Slimebound:SlimeBrawl"],"picked":"Slimebound:Teamwork","floor":26.0},{"not_picked":["Slimebound:LeechingTouch+1","Slimebound:GrowthPunch"],"picked":"Slimebound:GoopSpray","floor":27.0},{"not_picked":["Slimebound:SplitAcid","Slimebound:GoopTackle","Slimebound:GoopSpray"],"picked":"SKIP","floor":28.0},{"not_picked":["Slimebound:FinishingTackle+1","Slimebound:SlimeSlap","Slimebound:Dissolve"],"picked":"SKIP","floor":30.0},{"not_picked":["Slimebound:ComboTackle","Slimebound:ViciousTackle","Slimebound:Chomp+1"],"picked":"SKIP","floor":31.0},{"not_picked":["Slimebound:BestDefense+1","Slimebound:SplitAcid"],"picked":"Slimebound:Repurpose","floor":32.0},{"not_picked":["Slimebound:TagTeam","Slimebound:CheckThePlaybook"],"picked":"Slimebound:SelfFormingGoo+1","floor":33.0},{"not_picked":["Slimebound:ComboTackle+1","Slimebound:BestDefense+1","Slimebound:ForwardTackle+1"],"picked":"SKIP","floor":36},{"not_picked":["Slimebound:SplitBruiser","Slimebound:RejuvenatingLick"],"picked":"Slimebound:FormOfPuddle+1","floor":37},{"not_picked":["Slimebound:SplitLeeching+1","Slimebound:GoopSpray"],"picked":"Slimebound:Schlurp+1","floor":39},{"not_picked":["Slimebound:GrowthPunch+1","Slimebound:LeechingTouch"],"picked":"Slimebound:Nibble+1","floor":40},{"not_picked":["Slimebound:SlimeBrawl+1","Slimebound:SamplingLick"],"picked":"Slimebound:LeadByExample+1","floor":44},{"not_picked":["Slimebound:GrowthPunch+1","Slimebound:FinishingTackle+1"],"picked":"Slimebound:LevelUp+1","floor":48},{"not_picked":["Slimebound:AcidTongue+1","Slimebound:SamplingLick"],"picked":"Slimebound:Prepare+1","floor":49},{"not_picked":["Slimebound:SplitAcid","Slimebound:GoopTackle","Slimebound:FinishingTackle+1"],"picked":"SKIP","floor":52}],"player_experience":630258,"relics_obtained":[{"floor":6.0,"key":"White Beast Statue"},{"floor":8.0,"key":"Art of War"},{"floor":14.0,"key":"Eternal Feather"},{"floor":23.0,"key":"Frozen Egg 2"},{"floor":24.0,"key":"Toy Ornithopter"},{"floor":26.0,"key":"Anchor"},{"floor":38,"key":"MealTicket"},{"floor":41,"key":"Regal Pillow"},{"floor":52,"key":"FossilizedHelix"}],"event_choices":[{"damage_healed":0.0,"max_hp_gain":0.0,"max_hp_loss":0.0,"gold_gain":0.0,"event_name":"Scrap Ooze","player_choice":"Success","floor":5.0,"gold_loss":0.0,"damage_taken":12.0,"relics_obtained":["Pen Nib"]},{"damage_healed":0.0,"max_hp_gain":0.0,"max_hp_loss":0.0,"gold_gain":0.0,"event_name":"The Library","player_choice":"Read","floor":29.0,"gold_loss":0.0,"damage_taken":0.0,"cards_obtained":["Slimebound:SplitMire"]},{"cards_removed":["Slimebound:Strike_Slimebound"],"damage_healed":0,"gold_gain":0,"player_choice":"Offered Basic","damage_taken":0,"max_hp_gain":0,"max_hp_loss":0,"event_name":"Bonfire Elementals","floor":42,"gold_loss":0}],"is_beta":false,"boss_relics":[{"not_picked":["Pandora\u0027s Box","Runic Pyramid"],"picked":"Slimebound:TarBlob"},{"not_picked":["Cursed Key","Tiny House"],"picked":"Slimebound:AbsorbEndCombatUpgraded"}],"items_purged_floors":[30,39],"is_endless":false,"potions_floor_spawned":[2,8,10,11,12,13,14,15,16,19,20,21,22,23,26,27,28,30,31,32,33,36,37,39,40,44,48,49,52],"ascension_level":1}}