{"host":"1u4zr9vl8my47i07","time":1610247415,"event":{"mods":["AchievementEnabler","BaseMod","DeckTracker","Highlight Path","Keyboard Shortcuts","Minty Spire (QoL Compilation)","Relic Stats","StSLib","SuperFastMode","Uncapped","Waifu the Spire","everything is the same but u backflip on backflip"],"gold_per_floor":[12,12,23,42,58,58,58,68,95,20,30,47,47,65,65,136,136,148,148,167,182,97,97,127,127,127],"floor_reached":25,"playtime":1131,"items_purged":["Strike_G"],"score":539,"play_id":"a586d450-69b1-4d96-b59b-13c96b8d679d","local_time":"20210110115655","is_ascension_mode":true,"campfire_choices":[{"data":"Neutralize","floor":6.0,"key":"SMITH"},{"data":"Poisoned Stab","floor":13.0,"key":"SMITH"},{"data":"PiercingWail","floor":15.0,"key":"SMITH"},{"floor":23,"key":"REST"}],"circlet_count":0,"master_deck":["AscendersBane","Strike_G","Strike_G","Defend_G","Defend_G","Defend_G","Defend_G","Defend_G","Survivor","Neutralize+1","Deflect","Slice","PiercingWail+1","Die Die Die","Poisoned Stab+1","Slice","Backflip","Adrenaline+1","Deadly Poison"],"relics":["Ring of the Snake","Unceasing Top","Bronze Scales","Black Star","MealTicket","Tiny Chest","Bag of Marbles"],"acts_visited":["Exordium","TheCity"],"potions_floor_usage":[],"damage_taken":[{"damage":0.0,"enemies":"2 Louse","floor":1.0,"turns":5.0},{"damage":7.0,"enemies":"Jaw Worm","floor":3.0,"turns":6.0},{"damage":2.0,"enemies":"Cultist","floor":4.0,"turns":4.0},{"damage":7.0,"enemies":"Blue Slaver","floor":5.0,"turns":6.0},{"damage":2.0,"enemies":"Red Slaver","floor":8.0,"turns":4.0},{"damage":3.0,"enemies":"Looter","floor":11.0,"turns":3.0},{"damage":12.0,"enemies":"Large Slime","floor":12.0,"turns":7.0},{"damage":0.0,"enemies":"2 Fungi Beasts","floor":14.0,"turns":3.0},{"damage":3.0,"enemies":"Hexaghost","floor":16.0,"turns":10.0},{"damage":0.0,"enemies":"3 Byrds","floor":18.0,"turns":3.0},{"damage":21.0,"enemies":"Shell Parasite","floor":20.0,"turns":6.0},{"damage":15.0,"enemies":"Shelled Parasite and Fungi","floor":21.0,"turns":5.0},{"damage":33,"enemies":"Slavers","floor":24,"turns":7},{"damage":12,"enemies":"Snake Plant","floor":25,"turns":2}],"seed_played":"-4447051008195630048","potions_obtained":[{"floor":1.0,"key":"SpeedPotion"},{"floor":4.0,"key":"Poison Potion"},{"floor":11.0,"key":"Swift Potion"},{"floor":14.0,"key":"LiquidBronze"},{"floor":18.0,"key":"Swift Potion"}],"is_trial":false,"path_per_floor":["M","?","M","M","M","R","?","M","T","$","M","M","R","M","R","B",null,"M","?","M","M","?","R","E","M"],"character_chosen":"THE_SILENT","items_purchased":[],"campfire_rested":1,"item_purchase_floors":[],"current_hp_per_floor":[59,59,52,50,43,43,43,41,41,41,38,26,26,26,26,23,55,55,55,34,19,19,38,5,0,0],"gold":127,"neow_bonus":"ONE_RARE_RELIC","is_daily":false,"chose_seed":false,"campfire_upgraded":3,"win_rate":0.0,"timestamp":1610247415,"path_taken":["M","?","M","M","M","R","?","?","T","$","M","M","R","M","R","BOSS","M","?","?","M","?","R","E","M"],"items_purchased_type":[],"build_version":"2020-12-22","purchased_purges":1,"victory":false,"max_hp_per_floor":[66,66,66,66,66,66,66,66,66,66,66,66,66,66,66,66,66,66,66,66,66,66,66,66,66,66],"relic_stats":{"counters":[14,71],"Bronze Scales":[194],"MealTicket":0,"Tiny Chest":0,"Black Star":1,"obtain_stats":[{"Bronze Scales":9,"MealTicket":22,"Tiny Chest":24,"Black Star":17,"Bag of Marbles":24,"Unceasing Top":0,"Ring of the Snake":0},{"Bronze Scales":5,"MealTicket":12,"Tiny Chest":13,"Black Star":9,"Bag of Marbles":13,"Unceasing Top":0,"Ring of the Snake":0},{"Bronze Scales":25,"MealTicket":62,"Tiny Chest":69,"Black Star":48,"Bag of Marbles":69,"Unceasing Top":0,"Ring of the Snake":0}],"Unceasing Top":[17],"Ring of the Snake":[28]},"card_choices":[{"not_picked":["Bane","Tactician"],"picked":"Deflect","floor":1.0},{"not_picked":["Caltrops","Quick Slash"],"picked":"Slice","floor":3.0},{"not_picked":["Quick Slash","A Thousand Cuts"],"picked":"PiercingWail","floor":4.0},{"not_picked":["Dash","Skewer","Infinite Blades"],"picked":"SKIP","floor":5.0},{"not_picked":["Prepared","Acrobatics"],"picked":"Poisoned Stab","floor":8.0},{"not_picked":["Sucker Punch","Setup","Infinite Blades"],"picked":"SKIP","floor":11.0},{"not_picked":["Cloak And Dagger","Dodge and Roll"],"picked":"Slice","floor":12.0},{"not_picked":["Underhanded Strike","Riddle With Holes"],"picked":"Backflip","floor":14.0},{"not_picked":["Night Terror","Burst"],"picked":"Adrenaline","floor":16.0},{"not_picked":["Distraction","Bane"],"picked":"Deadly Poison","floor":18.0},{"not_picked":["Blade Dance","Quick Slash","Sucker Punch"],"picked":"SKIP","floor":20.0},{"not_picked":["Dagger Throw","Backflip","Reflex"],"picked":"SKIP","floor":21.0},{"not_picked":["Accuracy","Outmaneuver","Sucker Punch"],"picked":"SKIP","floor":24}],"player_experience":299338,"relics_obtained":[{"floor":9.0,"key":"Bronze Scales"},{"floor":24,"key":"Tiny Chest"},{"floor":24,"key":"Bag of Marbles"}],"event_choices":[{"cards_removed":["Strike_G"],"damage_healed":0.0,"max_hp_gain":0.0,"max_hp_loss":0.0,"gold_gain":0.0,"event_name":"Living Wall","player_choice":"Forget","floor":2.0,"gold_loss":0.0,"damage_taken":0.0},{"damage_healed":0.0,"max_hp_gain":0.0,"max_hp_loss":0.0,"gold_gain":0.0,"cards_transformed":["Strike_G"],"event_name":"Transmorgrifier","player_choice":"Transformed","floor":7.0,"gold_loss":0.0,"damage_taken":0.0,"cards_obtained":["Die Die Die"]},{"damage_healed":0.0,"max_hp_gain":0.0,"max_hp_loss":0.0,"gold_gain":0.0,"event_name":"Accursed Blacksmith","player_choice":"Forge","floor":19.0,"gold_loss":0.0,"damage_taken":0.0,"cards_upgraded":["Adrenaline"]},{"damage_healed":0.0,"max_hp_gain":0.0,"max_hp_loss":0.0,"gold_gain":0.0,"event_name":"Addict","player_choice":"Obtained Relic","floor":22.0,"gold_loss":85.0,"damage_taken":0.0,"relics_obtained":["MealTicket"]}],"is_beta":false,"boss_relics":[{"not_picked":["Philosopher\u0027s Stone","Ectoplasm"],"picked":"Black Star"}],"items_purged_floors":[10],"is_endless":false,"potions_floor_spawned":[1,4,5,11,14,18],"killed_by":"Snake Plant","ascension_level":14}}