{"host":"sdjng9zhqonqi3uc","time":1610311485,"event":{"mods":["2.2 Compatiblity","AchievementEnabler","BaseMod","BetterRewards","Colored Powertips","Hero for Fun","Minty Spire (QoL Compilation)","Shop Mod","StSLib","Td1madao Mod","The Animator","The Cursed","The Servant 0.9.4"],"gold_per_floor":[115,133,133,133,65,65,65],"floor_reached":6,"playtime":250,"items_purged":["Strike_G"],"score":34,"play_id":"58f79459-e4c0-4d1b-a429-099e30452d54","local_time":"20210110214445","is_ascension_mode":false,"campfire_choices":[],"circlet_count":0,"master_deck":["Strike_G","Strike_G","Strike_G","Strike_G","Defend_G","Defend_G","Defend_G","Defend_G","Defend_G","Survivor","Neutralize","Catalyst+1","Deadly Poison+1","Terror+1","Deadly Poison","Poisoned Stab","Expertise","Crippling Poison","Noxious Fumes"],"relics":["Ring of the Snake","Letter Opener","Orrery","Unceasing Top"],"acts_visited":["Exordium"],"potions_floor_usage":[6],"damage_taken":[{"damage":0,"enemies":"Small Slimes","floor":1,"turns":3},{"damage":2,"enemies":"2 Louse","floor":2,"turns":4},{"damage":19,"enemies":"Gremlin Nob","floor":6,"turns":3}],"seed_played":"-3429718175336039094","potions_obtained":[{"floor":1,"key":"GhostInAJar"}],"is_trial":false,"path_per_floor":["M","M","?","?","$","E"],"character_chosen":"THE_SILENT","items_purchased":["Catalyst","Letter Opener","Orrery","Noxious Fumes"],"campfire_rested":0,"item_purchase_floors":[0,0,0,5],"current_hp_per_floor":[30,28,14,14,14,0,0],"gold":65,"neow_bonus":"","is_daily":false,"chose_seed":false,"campfire_upgraded":0,"win_rate":0.0,"timestamp":1610311485,"path_taken":["M","M","?","?","$","E"],"items_purchased_type":["Card","Relic","Relic","Card"],"build_version":"2020-12-22","purchased_purges":1,"victory":false,"max_hp_per_floor":[70,70,70,70,70,70,70],"card_choices":[{"not_picked":["Calculated Gamble","Cloak And Dagger"],"picked":"Deadly Poison","floor":0},{"not_picked":["Tactician","Slice"],"picked":"Terror","floor":0},{"not_picked":["Poisoned Stab","Accuracy"],"picked":"Deadly Poison","floor":0},{"not_picked":["Dodge and Roll","Backflip"],"picked":"Poisoned Stab","floor":0},{"not_picked":["Prepared","Dagger Spray","Heel Hook"],"picked":"SKIP","floor":1},{"not_picked":["Dodge and Roll","Slice"],"picked":"Crippling Poison","floor":2}],"player_experience":300006,"relics_obtained":[],"event_choices":[{"damage_healed":0,"gold_gain":0,"player_choice":"Entered Light","damage_taken":14,"max_hp_gain":0,"max_hp_loss":0,"event_name":"Shining Light","floor":3,"gold_loss":0,"cards_upgraded":["Catalyst","Deadly Poison"]},{"damage_healed":0,"gold_gain":0,"player_choice":"Grow","damage_taken":0,"max_hp_gain":0,"max_hp_loss":0,"event_name":"Living Wall","floor":4,"gold_loss":0,"cards_upgraded":["Terror"]}],"is_beta":false,"boss_relics":[],"items_purged_floors":[0],"is_endless":false,"potions_floor_spawned":[1],"killed_by":"Gremlin Nob","ascension_level":0}}