{"host":"dw8ij7emqco3quom","time":1610296673,"event":{"mods":["BaseMod","Minty Spire (QoL Compilation)"],"gold_per_floor":[215,231,231,131,131,131,151,151,219,219,294,294,305,333,333,333,333],"floor_reached":16,"playtime":695,"items_purged":["Strike_R"],"score":127,"play_id":"d94c0404-48e4-425e-a88e-fffed95f7160","local_time":"20210110173753","is_ascension_mode":true,"campfire_choices":[{"data":"Body Slam","floor":6,"key":"SMITH"},{"data":"Body Slam","floor":10,"key":"SMITH"},{"data":"Body Slam","floor":12,"key":"SMITH"},{"floor":15,"key":"REST"}],"circlet_count":0,"master_deck":["Strike_R","Strike_R","Strike_R","Strike_R","Defend_R","Defend_R","Defend_R","Defend_R","Bash","Body Slam+1","Rage","Body Slam+1","Body Slam+1","Armaments"],"relics":["Burning Blood","Strawberry","Matryoshka","MealTicket"],"acts_visited":["Exordium"],"potions_floor_usage":[14,16],"damage_taken":[{"damage":6,"enemies":"Cultist","floor":1,"turns":3},{"damage":8,"enemies":"2 Louse","floor":2,"turns":3},{"damage":6,"enemies":"Small Slimes","floor":7,"turns":3},{"damage":3,"enemies":"3 Louse","floor":13,"turns":3},{"damage":24,"enemies":"Gremlin Nob","floor":14,"turns":5},{"damage":95,"enemies":"The Guardian","floor":16,"turns":13}],"seed_played":"9040885374050689104","potions_obtained":[{"floor":1,"key":"Weak Potion"},{"floor":13,"key":"BloodPotion"}],"is_trial":false,"path_per_floor":["M","M","?","$","?","R","M","?","T","R","?","R","M","E","R","B"],"character_chosen":"IRONCLAD","items_purchased":["Body Slam"],"campfire_rested":1,"item_purchase_floors":[4],"current_hp_per_floor":[72,70,70,70,70,70,70,75,75,75,64,64,67,49,76,0,0],"gold":333,"neow_bonus":"HUNDRED_GOLD","is_daily":false,"chose_seed":false,"campfire_upgraded":3,"win_rate":0.0,"timestamp":1610296673,"path_taken":["M","M","?","$","?","R","M","?","T","R","?","R","M","E","R","BOSS"],"items_purchased_type":["Card"],"build_version":"2020-12-22","purchased_purges":1,"victory":false,"max_hp_per_floor":[80,80,87,87,87,87,87,92,92,92,92,92,92,92,92,92,92],"card_choices":[{"not_picked":["Ghostly Armor","Disarm"],"picked":"Body Slam","floor":1},{"not_picked":["Hemokinesis","Clothesline"],"picked":"Rage","floor":2},{"not_picked":["Clash","Clothesline"],"picked":"Body Slam","floor":7},{"not_picked":["Reckless Charge","Havoc","Heavy Blade"],"picked":"SKIP","floor":13},{"not_picked":["Clothesline","Fiend Fire"],"picked":"Armaments","floor":14}],"player_experience":645962,"relics_obtained":[{"floor":9,"key":"Matryoshka"},{"floor":14,"key":"MealTicket"}],"event_choices":[{"damage_healed":0,"gold_gain":0,"player_choice":"Success","damage_taken":7,"relics_obtained":["Strawberry"],"max_hp_gain":0,"max_hp_loss":0,"event_name":"Scrap Ooze","floor":3,"gold_loss":0},{"damage_healed":0,"gold_gain":0,"player_choice":"Ignored","damage_taken":0,"max_hp_gain":0,"max_hp_loss":0,"event_name":"Liars Game","floor":5,"gold_loss":0},{"damage_healed":0,"gold_gain":0,"player_choice":"Donut","damage_taken":0,"max_hp_gain":5,"max_hp_loss":0,"event_name":"Big Fish","floor":8,"gold_loss":0},{"damage_healed":0,"gold_gain":75,"player_choice":"Gather Gold","damage_taken":11,"max_hp_gain":0,"max_hp_loss":0,"event_name":"World of Goop","floor":11,"gold_loss":0}],"is_beta":false,"boss_relics":[],"items_purged_floors":[4],"is_endless":false,"potions_floor_spawned":[1,13],"killed_by":"The Guardian","ascension_level":6}}