{"host":"w9yruvs4bqht6bhw","time":1610245412,"event":{"mods":["BaseMod","Colored Powertips","Minty Spire (QoL Compilation)"],"gold_per_floor":[113,113,3,3,15,50,127,127,180,180,191,218,29,41,41,142,142,158,169,94,94,94,94],"floor_reached":22,"playtime":511,"items_purged":["Strike_R","Strike_R"],"score":304,"play_id":"888c0216-440c-45dc-9230-3cc53cc5c2a7","local_time":"20210109212332","is_ascension_mode":true,"campfire_choices":[{"data":"Rampage","floor":8,"key":"SMITH"},{"data":"Clash","floor":10,"key":"SMITH"},{"data":"Trip","floor":15,"key":"SMITH"}],"circlet_count":0,"master_deck":["Strike_R","Strike_R","Defend_R","Defend_R","Defend_R","Bash","Clash+1","Rampage+1","Headbutt","Trip+1","Reaper","Clothesline+1","Armaments+1","Necronomicurse"],"relics":["Black Blood","NeowsBlessing","Singing Bowl","Art of War","Blue Candle","Necronomicon"],"acts_visited":["Exordium","TheCity"],"potions_floor_usage":[16,16],"damage_taken":[{"damage":0,"enemies":"Cultist","floor":1,"turns":1},{"damage":0,"enemies":"Small Slimes","floor":5,"turns":1},{"damage":0,"enemies":"Gremlin Nob","floor":6,"turns":1},{"damage":0,"enemies":"2 Louse","floor":11,"turns":2},{"damage":30,"enemies":"3 Sentries","floor":12,"turns":6},{"damage":8,"enemies":"Blue Slaver","floor":14,"turns":2},{"damage":48,"enemies":"Slime Boss","floor":16,"turns":6},{"damage":12,"enemies":"2 Thieves","floor":18,"turns":3},{"damage":33,"enemies":"Shell Parasite","floor":19,"turns":6},{"damage":35,"enemies":"Sentry and Sphere","floor":22,"turns":5}],"seed_played":"-6328777785868044633","potions_obtained":[{"floor":6,"key":"Ancient Potion"},{"floor":12,"key":"AttackPotion"},{"floor":19,"key":"Weak Potion"}],"is_trial":false,"path_per_floor":["M","?","$","$","M","E","?","R","T","R","M","E","$","M","R","B",null,"M","M","?","?","M"],"character_chosen":"IRONCLAD","items_purchased":["Rampage","Trip"],"campfire_rested":0,"item_purchase_floors":[3,13],"current_hp_per_floor":[78,78,78,78,80,82,82,82,82,82,82,60,60,60,60,18,69,69,48,48,32,0,0],"gold":94,"neow_bonus":"THREE_ENEMY_KILL","is_daily":false,"chose_seed":false,"campfire_upgraded":3,"win_rate":0.0,"timestamp":1610245412,"path_taken":["M","?","?","$","?","E","?","R","T","R","M","E","$","M","R","BOSS","M","M","?","?","M"],"items_purchased_type":["Card","Card"],"build_version":"2020-12-22","purchased_purges":2,"victory":false,"max_hp_per_floor":[80,80,80,80,80,82,82,82,82,82,82,84,84,86,86,86,86,86,86,86,86,86,86],"card_choices":[{"not_picked":["Havoc","Second Wind"],"picked":"Clash","floor":1},{"not_picked":["True Grit","Wild Strike","Bloodletting"],"picked":"SKIP","floor":5},{"not_picked":["Rupture","Perfected Strike","Flex"],"picked":"Singing Bowl","floor":6},{"not_picked":["True Grit","Twin Strike"],"picked":"Headbutt","floor":11},{"not_picked":["Clash","Rage","Dark Embrace"],"picked":"Singing Bowl","floor":12},{"not_picked":["Iron Wave","Clothesline","Thunderclap"],"picked":"Singing Bowl","floor":14},{"not_picked":["Fiend Fire","Immolate"],"picked":"Reaper","floor":16},{"not_picked":["Twin Strike","Iron Wave"],"picked":"Clothesline+1","floor":18},{"not_picked":["Flex+1","Havoc"],"picked":"Armaments+1","floor":19}],"player_experience":367962,"relics_obtained":[{"floor":6,"key":"Singing Bowl"},{"floor":9,"key":"Art of War"},{"floor":12,"key":"Blue Candle"},{"floor":21,"key":"Necronomicon"}],"event_choices":[{"cards_removed":["Defend_R"],"damage_healed":0,"gold_gain":0,"player_choice":"Purged","damage_taken":0,"max_hp_gain":0,"max_hp_loss":0,"event_name":"Purifier","floor":2,"gold_loss":0},{"damage_healed":0,"gold_gain":77,"player_choice":"Gained Gold","damage_taken":0,"max_hp_gain":0,"max_hp_loss":0,"event_name":"Golden Wing","floor":7,"gold_loss":0},{"cards_removed":["Strike_R"],"damage_healed":0,"gold_gain":0,"player_choice":"Gave Gold","damage_taken":0,"max_hp_gain":0,"max_hp_loss":0,"event_name":"Beggar","floor":20,"gold_loss":75},{"damage_healed":0,"gold_gain":0,"player_choice":"Obtained Book","damage_taken":16,"max_hp_gain":0,"max_hp_loss":0,"event_name":"Cursed Tome","floor":21,"gold_loss":0}],"is_beta":false,"boss_relics":[{"not_picked":["Snecko Eye","Ectoplasm"],"picked":"Black Blood"}],"items_purged_floors":[3,13],"is_endless":false,"potions_floor_spawned":[6,12,19],"killed_by":"Sentry and Sphere","ascension_level":8}}