{"host":"b1nkw8hni90dsvue","time":1610284464,"event":{"mods":["Aspiration","BaseMod","Downfall","Grow up Mod","Jedi Mod","Koishi","LagranYue(拉格朗・月)","Marisa（F雨　魔理沙）","Minty Spire (QoL Compilation)","Prisma Mod","Quick Restart","Remilia（蕾米莉亚）","Replay The Spire","RumiaBox-露米娅的神秘盒子","Shop Mod","StSLib","TestMod","The Bug Knight","The Cursed","The Gatherer","The Saiyan","The Servant 0.9.4","Youmu（魂魄妖梦）"],"gold_per_floor":[109,129,149,166,16,54,54,84,108,108,108,118,122,197,197,296,296,307,19,19,35,46,80,80,111,111,111,121,121,121,147,147,297,297,316,62,75,95,112,123,123,156,156,161,374,374,374,189,189,273,273,273,54,58,17],"floor_reached":56,"playtime":5027,"items_purged":["Defend_P","TheCursedMod:Dregs"],"score":1547,"play_id":"d49cfc5e-113e-4222-b069-e20d9ad41245","local_time":"20210110211424","is_ascension_mode":true,"campfire_choices":[{"floor":7,"key":"RECALL"},{"data":"Eruption","floor":10,"key":"SMITH"},{"data":"Tantrum","floor":15,"key":"SMITH"},{"data":"Omniscience","floor":24,"key":"SMITH"},{"data":"DeusExMachina","floor":27,"key":"SMITH"},{"floor":30,"key":"DIG"},{"floor":32,"key":"DIG"},{"floor":41,"key":"DIG"},{"floor":46,"key":"DIG"},{"data":"DevaForm","floor":49,"key":"SMITH"},{"floor":52,"key":"DIG"}],"circlet_count":0,"master_deck":["Strike_P","Eruption+1","Vigilance","Prostrate","Consecrate","Tantrum+1","Consecrate","CrushJoints","DeusExMachina+1","CurseOfTheBell","Collect+1","Omniscience+1","InnerPeace","Halt","SashWhip+1","FlurryOfBlows","EmptyBody","DevaForm+1","FlurryOfBlows","Pray+1","Replay:AllIn","Replay:AllIn+1","Crescendo+1","Prostrate+1","MasterReality","InnerPeace","Halt+1"],"relics":["PureWater","testmod-TestBox","testmod-LifeArmor","MerchantsRug","ZombieArmy","jedi:shrinkray","Bronze Scales","Shovel","Replay:PocketPolymizer","testmod-Brilliant","CaptainsWheel","Boot","aspiration:FrozenJewel","Replay:WaspNest","Orichalcum","Bag of Marbles","SlaversCollar","testmod-Justice","Baka2","testmod-TheFather","Ancient Tea Set","jedi:cryingmask","Onion Ring","ReplayTheSpireMod:Ninjato","jedi:Pinwheel","CatCart","Divine Protection","m_SnakeBloodCore","Bottled Flame","Damaru","ClockworkSouvenir","Nunchaku"],"acts_visited":["Exordium","TheCity","TheBeyond","TheEnding"],"potions_floor_usage":[39,50,50,55,55,55,55,55,55,55,55,55,55,55,55,55,55],"damage_taken":[{"damage":12,"enemies":"Cultist","floor":1,"turns":4},{"damage":16,"enemies":"Jaw Worm","floor":2,"turns":2},{"damage":15,"enemies":"Small Slimes","floor":3,"turns":3},{"damage":9,"enemies":"Blue Slaver","floor":4,"turns":4},{"damage":28,"enemies":"Gremlin Nob","floor":6,"turns":3},{"damage":33,"enemies":"3 Sentries","floor":8,"turns":5},{"damage":0,"enemies":"2 Fungi Beasts","floor":12,"turns":2},{"damage":0,"enemies":"Gremlin Nob","floor":13,"turns":3},{"damage":64,"enemies":"Hexaghost","floor":16,"turns":7},{"damage":10,"enemies":"2 Thieves","floor":18,"turns":2},{"damage":25,"enemies":"Shell Parasite","floor":21,"turns":3},{"damage":68,"enemies":"Cultist and Chosen","floor":22,"turns":5},{"damage":34,"enemies":"Gremlin Leader","floor":23,"turns":6},{"damage":36,"enemies":"Book of Stabbing","floor":25,"turns":3},{"damage":19,"enemies":"Centurion and Healer","floor":28,"turns":3},{"damage":65,"enemies":"Champ","floor":33,"turns":10},{"damage":3,"enemies":"3 Shapes","floor":35,"turns":1},{"damage":7,"enemies":"3 Darklings","floor":37,"turns":3},{"damage":20,"enemies":"Jaw Worm Horde","floor":38,"turns":1},{"damage":76,"enemies":"Transient","floor":39,"turns":5},{"damage":117,"enemies":"Giant Head","floor":40,"turns":6},{"damage":0,"enemies":"Reptomancer","floor":42,"turns":1},{"damage":76,"enemies":"Nemesis","floor":44,"turns":3},{"damage":2,"enemies":"Orin","floor":45,"turns":39},{"damage":0,"enemies":"Awakened One","floor":50,"turns":2},{"damage":0,"enemies":"Shield and Spear","floor":54,"turns":1},{"damage":8,"enemies":"The Heart","floor":55,"turns":2}],"seed_played":"-4119494741852328524","potions_obtained":[{"floor":2,"key":"Adrenaline Potion"},{"floor":3,"key":"FairyPotion"},{"floor":4,"key":"Explosive Potion"},{"floor":21,"key":"champ:CounterPotion"},{"floor":25,"key":"Elixir"},{"floor":28,"key":"BottledMiracle"},{"floor":35,"key":"FearPotion"},{"floor":39,"key":"Reflective Coating"},{"floor":40,"key":"Weak Potion"},{"floor":44,"key":"Swift Potion"},{"floor":54,"key":"EntropicBrew"}],"is_trial":false,"path_per_floor":["M","M","M","M","$","E","R","E","T","R","?","M","E","?","R","B",null,"M","$","?","M","M","E","R","E","T","R","M","?","R","T","R","B",null,"M","$","M","M","M","E","R","E","T","E","?","R","?","$","R","B",null,"R","$","E","B",null],"character_chosen":"WATCHER","items_purchased":["MerchantsRug","ZombieArmy","Replay:PocketPolymizer","testmod-Justice","Strawberry","aspiration:Nostalgia","Damaru","ClockworkSouvenir"],"campfire_rested":0,"item_purchase_floors":[5,5,19,36,48,48,53,53],"current_hp_per_floor":[87,81,76,77,87,69,79,90,100,110,102,112,122,108,118,64,289,289,299,309,294,236,212,222,196,206,216,207,217,227,237,247,192,459,466,476,484,490,326,336,346,356,366,300,312,322,395,427,437,450,686,696,706,716,725],"gold":17,"neow_bonus":"TEN_PERCENT_HP_BONUS","is_daily":false,"chose_seed":false,"campfire_upgraded":5,"win_rate":0.0,"timestamp":1610284464,"path_taken":["M","M","M","M","$","E","R","E","T","R","?","M","E","?","R","BOSS","M","$","?","M","M","E","R","E","T","R","M","?","R","?","R","BOSS","M","$","M","M","M","E","R","E","T","E","?","R","?","?","R","BOSS","R","$","E","BOSS"],"items_purchased_type":["Relic","Relic","Relic","Relic","Relic","Relic","Relic","Relic"],"build_version":"2020-12-22","purchased_purges":2,"victory":true,"max_hp_per_floor":[99,139,149,159,169,179,189,199,209,219,229,239,249,259,269,279,289,299,309,319,329,339,349,359,369,379,389,399,409,419,429,439,449,459,469,479,489,499,559,569,579,589,599,609,619,629,639,656,666,676,686,696,706,716,726],"card_choices":[{"not_picked":["CutThroughFate","Wallop"],"picked":"Prostrate","floor":1},{"not_picked":["WindmillStrike","Replay:AtTheReady","ThirdEye"],"picked":"SKIP","floor":2},{"not_picked":["WreathOfFlame","CrushJoints"],"picked":"Consecrate","floor":3},{"not_picked":["Evaluate","Wallop"],"picked":"Tantrum","floor":4},{"not_picked":["EmptyFist","ConjureBlade","Indignation"],"picked":"SKIP","floor":6},{"not_picked":["SashWhip","Fasting2"],"picked":"Consecrate","floor":8},{"not_picked":["Consecrate","Fasting2","Wallop"],"picked":"SKIP","floor":12},{"not_picked":["BowlingBash","Sanctity"],"picked":"CrushJoints","floor":13},{"not_picked":["Vault","ConjureBlade"],"picked":"DeusExMachina","floor":16},{"not_picked":["ThirdEye+1","SashWhip"],"picked":"Collect+1","floor":18},{"not_picked":["Replay:ManipulateFuture","SandsOfTime"],"picked":"Halt","floor":21},{"not_picked":["DeusExMachina","Tantrum"],"picked":"SashWhip+1","floor":22},{"not_picked":["Perseverance","Consecrate","Evaluate+1"],"picked":"SKIP","floor":23},{"not_picked":["CrushJoints","Nirvana+1"],"picked":"FlurryOfBlows","floor":25},{"not_picked":["FlyingSleeves","SandsOfTime","PathToVictory+1"],"picked":"SKIP","floor":28},{"not_picked":["Vault","ConjureBlade"],"picked":"DevaForm","floor":33},{"not_picked":["Nirvana+1","SignatureMove+1"],"picked":"FlurryOfBlows","floor":35},{"not_picked":["EmptyBody+1","Consecrate+1"],"picked":"Pray+1","floor":37},{"not_picked":["EmptyBody+1","PathToVictory+1"],"picked":"Crescendo+1","floor":38},{"not_picked":["Replay:AtTheReady+1","Worship+1"],"picked":"Prostrate+1","floor":39},{"not_picked":["FearNoEvil+1","ClearTheMind+1","Replay:BluntJabs+1"],"picked":"SKIP","floor":40},{"not_picked":["Blasphemy","Indignation+1","FollowUp+1"],"picked":"SKIP","floor":42},{"not_picked":["Replay:Cycle","Study","ClearTheMind+1"],"picked":"SKIP","floor":44},{"not_picked":["Replay:AtTheReady+1","ThirdEye"],"picked":"Halt+1","floor":54}],"player_experience":284565,"relics_obtained":[{"floor":1,"key":"Baka"},{"floor":6,"key":"Potion Belt"},{"floor":8,"key":"jedi:shrinkray"},{"floor":13,"key":"Matryoshka"},{"floor":17,"key":"Juzu Bracelet"},{"floor":17,"key":"Meat on the Bone"},{"floor":17,"key":"Shovel"},{"floor":23,"key":"testmod-Brilliant"},{"floor":25,"key":"CaptainsWheel"},{"floor":26,"key":"Boot"},{"floor":26,"key":"aspiration:FrozenJewel"},{"floor":30,"key":"Replay:WaspNest"},{"floor":31,"key":"Orichalcum"},{"floor":31,"key":"Bag of Marbles"},{"floor":32,"key":"Tiny Chest"},{"floor":37,"key":"Baka2"},{"floor":39,"key":"testmod-TheFather"},{"floor":40,"key":"Ancient Tea Set"},{"floor":41,"key":"MealTicket"},{"floor":42,"key":"jedi:cryingmask"},{"floor":43,"key":"Onion Ring"},{"floor":44,"key":"ReplayTheSpireMod:Ninjato"},{"floor":44,"key":"jedi:Pinwheel"},{"floor":45,"key":"CatCart"},{"floor":46,"key":"Divine Protection"},{"floor":52,"key":"Bottled Flame"},{"floor":54,"key":"Nunchaku"}],"event_choices":[{"damage_healed":0,"gold_gain":0,"player_choice":"Success","damage_taken":18,"relics_obtained":["Bronze Scales"],"max_hp_gain":0,"max_hp_loss":0,"event_name":"Scrap Ooze","floor":11,"gold_loss":0},{"damage_healed":0,"gold_gain":75,"player_choice":"Touch","damage_taken":24,"max_hp_gain":0,"max_hp_loss":0,"event_name":"FaceTrader","floor":14,"gold_loss":0},{"damage_healed":0,"gold_gain":0,"cards_transformed":["Defend_P","Defend_P"],"player_choice":"Became Test Subject","damage_taken":0,"max_hp_gain":0,"max_hp_loss":0,"event_name":"Drug Dealer","floor":20,"gold_loss":0,"cards_obtained":["Omniscience","InnerPeace"]},{"damage_healed":0,"gold_gain":0,"player_choice":"Fight","damage_taken":0,"max_hp_gain":0,"max_hp_loss":0,"event_name":"OrinTheCat","floor":45,"gold_loss":0}],"is_beta":false,"boss_relics":[{"not_picked":["ChewingGum","Replay:Drink Me"],"picked":"Calling Bell"},{"not_picked":["testmod-StringDisintegrator","Replay:Grab Bag"],"picked":"SlaversCollar"}],"items_purged_floors":[19,36],"is_endless":false,"potions_floor_spawned":[2,3,4,21,25,28,35,39,40,44,54],"ascension_level":1}}