{"host":"bpkhhmvsfrvlto2l","time":1610237567,"event":{"mods":["2.2 Compatiblity","Act Like it!","AlwaysNeverKeys","BaseMod","Better Silent Start","Challenge The Spire","Colored Map","Colored Powertips","Custom Start","Downfall","Energized Spire","Friendly Minions","GifTheSpireLib","Halation","Hubris","Infinite Spire","Ironclad Rager","Mimic Mod","Minty Spire (QoL Compilation)","Permanent Neow","Quick Restart","Random Character Button","Relic Sorter","Replay The Spire","Spikes Relics","StSLib","Stuff the Spire","Swap Starting Deck Mod","Trackpad"],"gold_per_floor":[216,230,244,98,117,151,151,181,221,221,221],"floor_reached":10,"playtime":577,"items_purged":[],"score":77,"play_id":"db50fed8-d26b-4d0a-b220-738947d8c781","local_time":"20210109191247","is_ascension_mode":true,"campfire_choices":[{"floor":7.0,"key":"REST"}],"circlet_count":0,"master_deck":["Strike_P","Strike_P","Strike_P","Strike_P","Defend_P","Defend_P","Defend_P","Defend_P","Vigilance","Eruption"],"relics":["PureWater","StuffTheSpire:Mouthbags","trackpad:HandOfMidas","trackpad:CultistFigurine"],"acts_visited":["Exordium"],"potions_floor_usage":[10,10],"damage_taken":[{"damage":0.0,"enemies":"Cultist","floor":1.0,"turns":2.0},{"damage":2.0,"enemies":"Jaw Worm","floor":2.0,"turns":5.0},{"damage":7.0,"enemies":"Small Slimes","floor":3.0,"turns":6.0},{"damage":6.0,"enemies":"Looter","floor":5.0,"turns":4.0},{"damage":24.0,"enemies":"3 Sentries","floor":6.0,"turns":15.0},{"damage":3,"enemies":"3 Louse","floor":8,"turns":4},{"damage":47,"enemies":"Blue Slaver","floor":9,"turns":28},{"damage":5,"enemies":"Lagavulin","floor":10,"turns":2}],"seed_played":"-8520703107000253948","potions_obtained":[{"floor":1.0,"key":"PowerPotion"},{"floor":3.0,"key":"Strength Potion"},{"floor":8,"key":"Strength Potion"}],"is_trial":false,"path_per_floor":["M","M","M","$","M","E","R","M","MIM","E"],"character_chosen":"WATCHER","items_purchased":["StuffTheSpire:Mouthbags"],"campfire_rested":1,"item_purchase_floors":[4],"current_hp_per_floor":[72,70,63,63,57,33,54,51,4,0,0],"gold":221,"neow_bonus":"HUNDRED_GOLD","is_daily":false,"chose_seed":false,"campfire_upgraded":0,"win_rate":0.0,"timestamp":1610237567,"path_taken":["M","M","M","$","M","E","R","M","MIM","E"],"items_purchased_type":["Relic"],"build_version":"2020-12-22","purchased_purges":0,"victory":false,"max_hp_per_floor":[72,72,72,72,72,72,72,72,72,72,72],"card_choices":[],"player_experience":53825,"relics_obtained":[{"floor":6.0,"key":"trackpad:HandOfMidas"},{"floor":9,"key":"trackpad:CultistFigurine"}],"event_choices":[],"is_beta":false,"boss_relics":[],"items_purged_floors":[],"is_endless":false,"potions_floor_spawned":[1,3,8],"killed_by":"Lagavulin","ascension_level":2}}