{"host":"o7j6aatxjwpw1421","time":1610284680,"event":{"mods":["2.2 Compatiblity","AchievementEnabler","BaseMod","Colored Map","DeckTracker","Highlight Path","Keyboard Shortcuts","Minty Spire (QoL Compilation)","Permanent Neow","Quick Restart","StSLib","SuperFastMode","everything is the same but u backflip on backflip"],"gold_per_floor":[16,16,32,51,62,62,80,80,80,92,110,35,110,35,35,112,112,126,126,140,40,40,72,47,66,66,66,85,98,98,133,133,133,133],"floor_reached":33,"playtime":2028,"items_purged":["Strike_G","Strike_G"],"score":562,"play_id":"3c7b9a32-37d2-467b-928f-55b202c26985","local_time":"20210110221800","is_ascension_mode":true,"campfire_choices":[{"data":"Apotheosis","floor":6.0,"key":"SMITH"},{"data":"Neutralize","floor":8.0,"key":"SMITH"},{"data":"Cloak And Dagger","floor":15.0,"key":"SMITH"},{"floor":27.0,"key":"REST"},{"floor":30.0,"key":"REST"},{"floor":32,"key":"REST"}],"circlet_count":0,"master_deck":["AscendersBane","Strike_G","Strike_G","Strike_G","Defend_G","Defend_G","Defend_G","Defend_G","Survivor","Neutralize+1","Apotheosis+1","Blade Dance","Quick Slash","Poisoned Stab","Cloak And Dagger+1","Escape Plan","After Image+1","Prepared+1","Backflip","After Image","Dagger Throw+1"],"relics":["Ring of the Snake","Ginger","HoveringKite","Singing Bowl","Smiling Mask","Ice Cream"],"acts_visited":["Exordium","TheCity"],"potions_floor_usage":[],"damage_taken":[{"damage":0.0,"enemies":"2 Louse","floor":1.0,"turns":4.0},{"damage":0.0,"enemies":"Cultist","floor":3.0,"turns":4.0},{"damage":4.0,"enemies":"Small Slimes","floor":4.0,"turns":4.0},{"damage":0.0,"enemies":"Gremlin Gang","floor":5.0,"turns":2.0},{"damage":4.0,"enemies":"Lots of Slimes","floor":7.0,"turns":4.0},{"damage":2.0,"enemies":"Large Slime","floor":10.0,"turns":5.0},{"damage":0.0,"enemies":"3 Louse","floor":11.0,"turns":3.0},{"damage":10.0,"enemies":"The Guardian","floor":16.0,"turns":15.0},{"damage":0.0,"enemies":"Chosen","floor":18.0,"turns":6.0},{"damage":9.0,"enemies":"Spheric Guardian","floor":20.0,"turns":6.0},{"damage":0.0,"enemies":"Centurion and Healer","floor":22.0,"turns":1.0},{"damage":43.0,"enemies":"Gremlin Leader","floor":23.0,"turns":14.0},{"damage":3.0,"enemies":"Snake Plant","floor":25.0,"turns":5.0},{"damage":24.0,"enemies":"Cultist and Chosen","floor":28.0,"turns":9.0},{"damage":1.0,"enemies":"Shelled Parasite and Fungi","floor":29.0,"turns":6.0},{"damage":13,"enemies":"Book of Stabbing","floor":31,"turns":9},{"damage":38,"enemies":"Champ","floor":33,"turns":15}],"seed_played":"3027626392438789242","potions_obtained":[{"floor":2.0,"key":"Explosive Potion"},{"floor":2.0,"key":"Ancient Potion"},{"floor":5.0,"key":"Regen Potion"},{"floor":7.0,"key":"EntropicBrew"},{"floor":11.0,"key":"EntropicBrew"},{"floor":18.0,"key":"GhostInAJar"},{"floor":20.0,"key":"SmokeBomb"}],"is_trial":false,"path_per_floor":["M","?","M","M","M","R","M","R","T","M","M","$","?","?","R","B",null,"M","?","M","$","M","E","$","M","T","R","M","M","R","E","R","B"],"character_chosen":"THE_SILENT","items_purchased":["Backflip"],"campfire_rested":3,"item_purchase_floors":[24],"current_hp_per_floor":[59,59,59,55,55,55,51,51,51,63,63,63,52,52,52,42,60,60,60,51,51,51,8,8,7,7,27,3,4,25,12,33,0,0],"gold":133,"neow_bonus":"RANDOM_COLORLESS_2","is_daily":false,"chose_seed":false,"campfire_upgraded":3,"win_rate":0.0,"timestamp":1610284680,"path_taken":["M","?","?","M","M","R","M","R","T","?","M","?","?","?","R","BOSS","M","?","?","$","M","E","$","M","T","R","?","M","R","E","R","BOSS"],"items_purchased_type":["Card"],"build_version":"2020-12-22","purchased_purges":2,"victory":false,"max_hp_per_floor":[66,66,66,66,66,66,66,66,66,66,66,66,66,66,66,66,66,66,66,66,66,66,66,66,68,68,68,68,70,70,70,70,70,70],"card_choices":[{"not_picked":["The Bomb","Secret Technique"],"picked":"Apotheosis","floor":0.0},{"not_picked":["Slice","Flying Knee","Bane"],"picked":"SKIP","floor":1.0},{"not_picked":["Catalyst","Riddle With Holes"],"picked":"Blade Dance","floor":3.0},{"not_picked":["Sucker Punch","Backstab"],"picked":"Quick Slash","floor":4.0},{"not_picked":["Crippling Poison","Dodge and Roll"],"picked":"Poisoned Stab","floor":5.0},{"not_picked":["Underhanded Strike","Quick Slash"],"picked":"Cloak And Dagger","floor":7.0},{"not_picked":["Sucker Punch","Backstab"],"picked":"Escape Plan","floor":10.0},{"not_picked":["All Out Attack","Wraith Form v2","Prepared"],"picked":"SKIP","floor":11.0},{"not_picked":["Bullet Time","Storm of Steel"],"picked":"After Image","floor":16.0},{"not_picked":["Flying Knee","Bane","Dagger Spray"],"picked":"SKIP","floor":18.0},{"not_picked":["Slice","All Out Attack","Endless Agony"],"picked":"SKIP","floor":20.0},{"not_picked":["Slice","All Out Attack","Endless Agony"],"picked":"SKIP","floor":20.0},{"not_picked":["Quick Slash","Dagger Spray"],"picked":"Prepared+1","floor":23.0},{"not_picked":["Poisoned Stab","Deflect","Setup"],"picked":"Singing Bowl","floor":25.0},{"not_picked":["Blade Dance","Dagger Throw"],"picked":"After Image","floor":28.0},{"not_picked":["Deflect","Dagger Spray","Eviscerate"],"picked":"Singing Bowl","floor":29.0},{"not_picked":["Sucker Punch+1","Expertise"],"picked":"Dagger Throw+1","floor":31}],"player_experience":484319,"relics_obtained":[{"floor":9.0,"key":"Ginger"},{"floor":23.0,"key":"Singing Bowl"},{"floor":26.0,"key":"Smiling Mask"},{"floor":31,"key":"Ice Cream"}],"event_choices":[{"damage_healed":0.0,"max_hp_gain":0.0,"max_hp_loss":0.0,"gold_gain":0.0,"event_name":"Lab","player_choice":"Got Potions","floor":2.0,"gold_loss":0.0,"damage_taken":0.0},{"damage_healed":0.0,"max_hp_gain":0.0,"max_hp_loss":0.0,"gold_gain":75.0,"event_name":"World of Goop","player_choice":"Gather Gold","floor":13.0,"gold_loss":0.0,"damage_taken":11.0},{"cards_removed":["Defend_G"],"damage_healed":0.0,"max_hp_gain":0.0,"max_hp_loss":0.0,"gold_gain":0.0,"event_name":"The Cleric","player_choice":"Card Removal","floor":14.0,"gold_loss":75.0,"damage_taken":0.0},{"damage_healed":0.0,"max_hp_gain":0.0,"max_hp_loss":0.0,"gold_gain":0.0,"event_name":"Accursed Blacksmith","player_choice":"Forge","floor":19.0,"gold_loss":0.0,"damage_taken":0.0,"cards_upgraded":["After Image"]}],"is_beta":false,"boss_relics":[{"not_picked":["Calling Bell","Sozu"],"picked":"HoveringKite"}],"items_purged_floors":[12,21],"is_endless":false,"potions_floor_spawned":[5,7,11,18,20,22],"killed_by":"Champ","ascension_level":20}}