{"host":"w3q5ijqu8eoknil3","time":1610254515,"event":{"mods":["AchievementEnabler","BaseMod","Block Reminder","Colored Map","Colored Powertips","Curses Come First","Minty Spire (QoL Compilation)","Quick Restart","Relic Stats","StSLib","ojb\u0027s Better Paths Mod","ojb\u0027s Info Mod","slay the spire mod where everything is the same but ironclad has a cowboy hat"],"gold_per_floor":[369,385,398,6,33,33,33,43,70,104,124,124,153,196,196,282,291,325,359,368,283,42,82,91,91,143,143,183,216,251,260,260,260,260],"floor_reached":33,"playtime":1154,"items_purged":["Strike_G","Writhe"],"score":667,"play_id":"cfeb3197-2ced-4456-9212-6e930ec09802","local_time":"20210110045515","is_ascension_mode":true,"campfire_choices":[{"data":"Eviscerate","floor":6,"key":"SMITH"},{"floor":12,"key":"REST"},{"floor":15,"key":"REST"},{"floor":27,"key":"REST"},{"floor":32,"key":"REST"}],"circlet_count":0,"master_deck":["AscendersBane","Strike_G","Strike_G","Strike_G","Strike_G","Defend_G","Defend_G","Defend_G","Defend_G","Defend_G","Survivor","Neutralize","Caltrops","Eviscerate+1","Blur","Footwork","Catalyst","Poisoned Stab","Bouncing Flask","Cloak And Dagger","Venomology","CurseOfTheBell","Predator","Choke","Blur+1","Bouncing Flask","Finisher","Storm of Steel","Die Die Die","Deflect","Backstab","Bouncing Flask+1","A Thousand Cuts","Blade Dance","Well Laid Plans"],"relics":["Ring of the Snake","Chemical X","Boot","Vajra","CeramicFish","Mercury Hourglass","Nunchaku","Calling Bell","Smiling Mask","Ninja Scroll","Prayer Wheel","PreservedInsect","MawBank","Bag of Marbles","Potion Belt","Toy Ornithopter","Bronze Scales"],"acts_visited":["Exordium","TheCity"],"potions_floor_usage":[8,10,11,18,23,25,25,25,29,29,30],"damage_taken":[{"damage":10,"enemies":"Cultist","floor":1,"turns":5},{"damage":5,"enemies":"2 Louse","floor":2,"turns":4},{"damage":1,"enemies":"Small Slimes","floor":3,"turns":3},{"damage":6,"enemies":"2 Fungi Beasts","floor":8,"turns":3},{"damage":20,"enemies":"3 Sentries","floor":10,"turns":8},{"damage":3,"enemies":"Red Slaver","floor":11,"turns":4},{"damage":2,"enemies":"Looter","floor":13,"turns":4},{"damage":15,"enemies":"Lagavulin","floor":14,"turns":6},{"damage":17,"enemies":"Hexaghost","floor":16,"turns":8},{"damage":5,"enemies":"Spheric Guardian","floor":18,"turns":4},{"damage":8,"enemies":"3 Byrds","floor":19,"turns":3},{"damage":0,"enemies":"Book of Stabbing","floor":23,"turns":1},{"damage":23,"enemies":"Shelled Parasite and Fungi","floor":25,"turns":2},{"damage":0,"enemies":"Gremlin Leader","floor":28,"turns":3},{"damage":28,"enemies":"Sentry and Sphere","floor":29,"turns":4},{"damage":1,"enemies":"Cultist and Chosen","floor":30,"turns":3},{"damage":61,"enemies":"Automaton","floor":33,"turns":6}],"seed_played":"7214887153540674001","potions_obtained":[{"floor":1,"key":"SmokeBomb"},{"floor":7,"key":"SteroidPotion"},{"floor":8,"key":"Fire Potion"},{"floor":10,"key":"Poison Potion"},{"floor":23,"key":"Weak Potion"},{"floor":28,"key":"Strength Potion"},{"floor":29,"key":"Weak Potion"}],"is_trial":false,"path_per_floor":["M","M","M","$","T","R","?","M","T","E","M","R","M","E","R","B",null,"M","M","?","?","$","E","?","M","T","R","E","M","M","?","R","B"],"character_chosen":"THE_SILENT","items_purchased":["Chemical X","Boot","Finisher","Bag of Marbles"],"campfire_rested":4,"item_purchase_floors":[4,4,22,22],"current_hp_per_floor":[49,44,43,43,43,43,43,37,37,17,14,32,30,15,33,16,49,44,36,36,36,36,36,36,13,13,31,31,13,17,17,35,0,0],"gold":260,"neow_bonus":"TWO_FIFTY_GOLD","is_daily":false,"chose_seed":false,"campfire_upgraded":1,"win_rate":0.0,"timestamp":1610254515,"path_taken":["M","M","M","$","?","R","?","?","T","E","M","R","M","E","R","BOSS","M","M","?","?","$","E","?","M","T","R","E","M","?","?","R","BOSS"],"items_purchased_type":["Relic","Relic","Card","Relic"],"build_version":"2020-12-22","purchased_purges":2,"victory":false,"max_hp_per_floor":[60,60,60,60,60,60,60,60,60,60,60,60,60,60,60,60,60,60,60,60,60,60,60,60,60,60,60,60,60,60,60,60,60,60],"relic_stats":{"counters":[17,70],"CeramicFish":180,"PreservedInsect":93,"Boot":[30],"Smiling Mask":50,"MawBank":12,"Mercury Hourglass":[156],"Nunchaku":[7],"Bronze Scales":[21],"Prayer Wheel":4,"Chemical X":[1],"obtain_stats":[{"Potion Belt":23,"CeramicFish":9,"Vajra":5,"PreservedInsect":20,"Boot":4,"Smiling Mask":17,"MawBank":21,"Mercury Hourglass":10,"Calling Bell":17,"Nunchaku":14,"Ninja Scroll":17,"Bronze Scales":28,"Prayer Wheel":17,"Bag of Marbles":22,"Chemical X":4,"Toy Ornithopter":26,"Ring of the Snake":0},{"Potion Belt":12,"CeramicFish":4,"Vajra":3,"PreservedInsect":11,"Boot":3,"Smiling Mask":9,"MawBank":11,"Mercury Hourglass":5,"Calling Bell":9,"Nunchaku":8,"Ninja Scroll":9,"Bronze Scales":14,"Prayer Wheel":9,"Bag of Marbles":11,"Chemical X":3,"Toy Ornithopter":13,"Ring of the Snake":0},{"Potion Belt":52,"CeramicFish":15,"Vajra":12,"PreservedInsect":51,"Boot":12,"Smiling Mask":44,"MawBank":51,"Mercury Hourglass":23,"Calling Bell":44,"Nunchaku":36,"Ninja Scroll":44,"Bronze Scales":57,"Prayer Wheel":44,"Bag of Marbles":51,"Chemical X":12,"Toy Ornithopter":54,"Ring of the Snake":0}],"Toy Ornithopter":15,"Ring of the Snake":[34]},"card_choices":[{"not_picked":["PiercingWail","Dagger Throw"],"picked":"Caltrops","floor":1},{"not_picked":["Crippling Poison","PiercingWail"],"picked":"Eviscerate","floor":2},{"not_picked":["Slice","Heel Hook"],"picked":"Blur","floor":3},{"not_picked":["Deflect","Quick Slash"],"picked":"Footwork","floor":8},{"not_picked":["Riddle With Holes","Crippling Poison"],"picked":"Catalyst","floor":10},{"not_picked":["Slice","Prepared"],"picked":"Poisoned Stab","floor":11},{"not_picked":["Blade Dance","Quick Slash"],"picked":"Bouncing Flask","floor":13},{"not_picked":["Distraction","Endless Agony"],"picked":"Cloak And Dagger","floor":14},{"not_picked":["Phantasmal Killer","Night Terror"],"picked":"Venomology","floor":16},{"not_picked":["Backflip","Terror"],"picked":"Predator","floor":18},{"not_picked":["Blade Dance","Masterful Stab"],"picked":"Choke","floor":18},{"not_picked":["Dagger Throw+1","Poisoned Stab"],"picked":"Blur+1","floor":19},{"not_picked":["Dodge and Roll","Escape Plan"],"picked":"Bouncing Flask","floor":19},{"not_picked":["Poisoned Stab","Predator+1"],"picked":"Storm of Steel","floor":23},{"not_picked":["Quick Slash","Flying Knee"],"picked":"Deflect","floor":28},{"not_picked":["Deflect","Dagger Spray"],"picked":"Backstab","floor":29},{"not_picked":["Deflect","Dagger Throw"],"picked":"Bouncing Flask+1","floor":29},{"not_picked":["Acrobatics","Poisoned Stab"],"picked":"A Thousand Cuts","floor":30},{"not_picked":["Calculated Gamble","Prepared+1"],"picked":"Blade Dance","floor":30}],"player_experience":946208,"relics_obtained":[{"floor":5,"key":"Vajra"},{"floor":9,"key":"CeramicFish"},{"floor":10,"key":"Mercury Hourglass"},{"floor":14,"key":"Nunchaku"},{"floor":17,"key":"Smiling Mask"},{"floor":17,"key":"Ninja Scroll"},{"floor":17,"key":"Prayer Wheel"},{"floor":23,"key":"Potion Belt"},{"floor":26,"key":"Toy Ornithopter"},{"floor":28,"key":"Bronze Scales"}],"event_choices":[{"damage_healed":0,"gold_gain":0,"player_choice":"Got Potions","damage_taken":0,"max_hp_gain":0,"max_hp_loss":0,"event_name":"Lab","floor":7,"gold_loss":0},{"damage_healed":0,"gold_gain":0,"player_choice":"Opened","damage_taken":0,"relics_obtained":["PreservedInsect"],"max_hp_gain":0,"max_hp_loss":0,"event_name":"The Mausoleum","floor":20,"gold_loss":0,"cards_obtained":["Writhe"]},{"damage_healed":0,"gold_gain":0,"player_choice":"Obtained Relic","damage_taken":0,"relics_obtained":["MawBank"],"max_hp_gain":0,"max_hp_loss":0,"event_name":"Addict","floor":21,"gold_loss":85},{"damage_healed":0,"gold_gain":0,"player_choice":"1 cards matched","damage_taken":0,"max_hp_gain":0,"max_hp_loss":0,"event_name":"Match and Keep!","floor":24,"gold_loss":0,"cards_obtained":["Die Die Die"]},{"damage_healed":0,"gold_gain":0,"player_choice":"Read","damage_taken":0,"max_hp_gain":0,"max_hp_loss":0,"event_name":"The Library","floor":31,"gold_loss":0,"cards_obtained":["Well Laid Plans"]}],"is_beta":false,"boss_relics":[{"not_picked":["SlaversCollar","Ring of the Serpent"],"picked":"Calling Bell"}],"items_purged_floors":[4,22],"is_endless":false,"potions_floor_spawned":[1,8,10,23,28,29],"killed_by":"Automaton","ascension_level":17}}