{"host":"vrsxkkch9ccrec7k","time":1610318779,"event":{"mods":["Act Like it!","BaseMod","Bestiary","Better Third Choice","Better Vampires","Downfall","Minty Spire (QoL Compilation)","Permanent Neow","Relic Stats","Spicy Shops","StSLib"],"gold_per_floor":[0,17,17,35,55,84,84,84,9,40,57,75,75,225,244,339,339,339,356,356,366,30,30,108,108,108,208,20,34,34,63,83,179,179,104,124,139,139,6,6,6,3,13,13,25,25,42,60,60,60],"floor_reached":51,"playtime":6281,"items_purged":["hexamod:Strike","Slimebound:Icky"],"score":733,"play_id":"9fe66e93-6a0d-4e41-afc6-2db6b85c77c0","local_time":"20210110174619","is_ascension_mode":true,"campfire_choices":[{"data":"hexamod:Float","floor":1,"key":"SMITH"},{"data":"hexamod:EmpoweredFlame","floor":13,"key":"SMITH"},{"data":"hexamod:SearingWound","floor":18,"key":"SMITH"},{"data":"expansioncontent:Corrupt","floor":23,"key":"SMITH"},{"data":"hexamod:FastForward","floor":26,"key":"SMITH"},{"floor":30,"key":"RECALL"},{"data":"hexamod:GhostflameInferno","floor":35,"key":"SMITH"},{"floor":46,"key":"REST"},{"data":"hexamod:Again","floor":49,"key":"SMITH"}],"circlet_count":0,"master_deck":["hexamod:Defend","hexamod:Defend","hexamod:Defend","hexamod:Defend","hexamod:Sear","hexamod:Float+1","hexamod:BurningTouch","hexamod:RadiantFlame","hexamod:FastForward+1","hexamod:SearingWound+1","hexamod:EmpoweredFlame+1","hexamod:GhostflameBarrier","hexamod:FastForward","hexamod:InspiringFlames","hexamod:EmpoweredFlame","hexamod:WildfireWeapon","CurseOfTheBell","hexamod:WildfireWeapon","hexamod:ExtraCrispy","expansioncontent:Corrupt+1","hexamod:Rewind","hexamod:Again+1","hexamod:AdvancingGuard+1","hexamod:GhostflameInferno+1","hexamod:FastForward","hexamod:NightmareGuise+1","hexamod:FastForward+1","hexamod:TimeOfNeed","hexamod:PhantomCloak","Sadistic Nature","hexamod:FirstSeal","expansioncontent:ManipulateTime","Parasite","hexamod:FastForward+1","hexamod:RetreatToShadows+1"],"relics":["hexamod:SpiritBrand","The Courier","InkBottle","Eternal Feather","Calling Bell","Bag of Preparation","Blue Candle","Pocketwatch","MutagenicStrength","Art of War","Pear","Enchiridion","Unceasing Top","Shuriken","Shovel","Empty Cage","downfall:HeartBlessingRed","ClockworkSouvenir","Du-Vu Doll","hexamod:InflammatoryLetter"],"acts_visited":["Exordium","TheCity","TheBeyond"],"potions_floor_usage":[15,16,16,31,32,33,36,39,43,48],"damage_taken":[{"damage":1,"enemies":"Jaw Worm","floor":2,"turns":3},{"damage":0,"enemies":"Cultist","floor":4,"turns":3},{"damage":0,"enemies":"Small Slimes","floor":5,"turns":3},{"damage":7,"enemies":"Lagavulin","floor":6,"turns":7},{"damage":0,"enemies":"downfall:FleeingMerchant","floor":9,"turns":4},{"damage":6,"enemies":"3 Sentries","floor":10,"turns":7},{"damage":0,"enemies":"Blue Slaver","floor":11,"turns":6},{"damage":7,"enemies":"2 Fungi Beasts","floor":12,"turns":4},{"damage":0,"enemies":"Blue Slaver","floor":15,"turns":6},{"damage":48,"enemies":"downfall:Defect","floor":16,"turns":11},{"damage":16,"enemies":"3 Byrds","floor":19,"turns":5},{"damage":12,"enemies":"Cultist and Chosen","floor":21,"turns":7},{"damage":0,"enemies":"downfall:FleeingMerchant","floor":22,"turns":4},{"damage":15,"enemies":"Colosseum Nobs","floor":27,"turns":7},{"damage":15,"enemies":"downfall:FleeingMerchant","floor":28,"turns":4},{"damage":1,"enemies":"Snecko","floor":29,"turns":8},{"damage":13,"enemies":"Book of Stabbing","floor":31,"turns":4},{"damage":10,"enemies":"Shelled Parasite and Fungi","floor":32,"turns":6},{"damage":13,"enemies":"downfall:Ironclad","floor":33,"turns":7},{"damage":7,"enemies":"3 Shapes","floor":36,"turns":4},{"damage":28,"enemies":"3 Darklings","floor":37,"turns":4},{"damage":2,"enemies":"downfall:FleeingMerchant","floor":39,"turns":4},{"damage":8,"enemies":"downfall:FleeingMerchant","floor":42,"turns":3},{"damage":30,"enemies":"Jaw Worm Horde","floor":43,"turns":4},{"damage":0,"enemies":"Writhing Mass","floor":45,"turns":6},{"damage":0,"enemies":"Maw","floor":47,"turns":9},{"damage":27,"enemies":"Jaw Worm Horde","floor":48,"turns":5},{"damage":35,"enemies":"downfall:Watcher","floor":50,"turns":8}],"seed_played":"-1595650281857657079","potions_obtained":[{"floor":4,"key":"GamblersBrew"},{"floor":10,"key":"LiquidMemories"},{"floor":12,"key":"SpeedPotion"},{"floor":27,"key":"FairyPotion"},{"floor":29,"key":"ColorlessPotion"},{"floor":31,"key":"Fire Potion"},{"floor":32,"key":"AttackPotion"},{"floor":33,"key":"Energy Potion"},{"floor":37,"key":"PowerPotion"},{"floor":43,"key":"Weak Potion"},{"floor":48,"key":"Ancient Potion"}],"is_trial":false,"path_per_floor":["R","M","?","M","M","E","T","?","$","E","M","M","R","?","M","B",null,"R","M","?","M","$","R","T","?","R","?","$","M","R","E","M","B",null,"R","M","M","?","$","?","T","$","M","?","M","R","M","M","R","B",null],"character_chosen":"THE_SPIRIT","items_purchased":["expansioncontent:Corrupt","Art of War","hexamod:Rewind","PowerPotion","ClockworkSouvenir","hexamod:InflammatoryLetter","hexamod:PhantomCloak","Sadistic Nature"],"campfire_rested":1,"item_purchase_floors":[22,22,28,28,39,42,42,42],"current_hp_per_floor":[70,69,69,69,69,62,62,62,62,56,56,49,58,58,58,10,70,70,54,54,42,42,54,64,48,60,45,30,29,41,28,18,5,80,80,73,45,45,43,43,43,35,5,5,12,54,61,41,62,34],"gold":60,"neow_bonus":"TRANSFORM_TWO_CARDS","is_daily":false,"chose_seed":false,"campfire_upgraded":7,"win_rate":0.0,"timestamp":1610318779,"path_taken":["R","M","?","M","?","E","T","?","$","E","M","M","R","?","M","BOSS","R","M","?","M","$","R","T","?","R","?","$","M","R","E","M","BOSS","R","M","M","?","$","?","T","?","?","?","M","R","M","M","R","BOSS"],"items_purchased_type":["Card","Relic","Card","Potion","Relic","Relic","Card","Card"],"build_version":"2020-12-22","purchased_purges":2,"victory":true,"max_hp_per_floor":[70,70,70,70,70,70,70,70,70,70,70,70,70,70,70,70,70,70,70,70,70,70,70,80,80,80,80,80,80,80,80,80,80,80,80,80,80,80,80,80,80,80,80,80,80,80,80,80,80,80],"relic_stats":{"Shovel":0,"counters":[28,153],"Shuriken":[0],"Blue Candle":[0],"Eternal Feather":84,"Bag of Preparation":[36],"Art of War":[66],"obtain_stats":[{"Pear":24,"downfall:HeartBlessingRed":35,"Blue Candle":17,"Enchiridion":25,"Eternal Feather":10,"The Courier":6,"hexamod:InflammatoryLetter":42,"Bag of Preparation":17,"Empty Cage":34,"ClockworkSouvenir":39,"Calling Bell":17,"Du-Vu Doll":41,"downfall:BrokenWingStatue":8,"Shovel":31,"Shuriken":27,"MutagenicStrength":20,"Art of War":22,"hexamod:SpiritBrand":0,"InkBottle":7,"Unceasing Top":27,"Pocketwatch":17},{"Pear":13,"downfall:HeartBlessingRed":19,"Blue Candle":10,"Enchiridion":13,"Eternal Feather":6,"The Courier":4,"hexamod:InflammatoryLetter":23,"Bag of Preparation":10,"Empty Cage":19,"ClockworkSouvenir":22,"Calling Bell":10,"Du-Vu Doll":22,"downfall:BrokenWingStatue":4,"Shovel":17,"Shuriken":14,"MutagenicStrength":11,"Art of War":13,"hexamod:SpiritBrand":0,"InkBottle":4,"Unceasing Top":14,"Pocketwatch":10},{"Pear":70,"downfall:HeartBlessingRed":106,"Blue Candle":54,"Enchiridion":70,"Eternal Feather":27,"The Courier":16,"hexamod:InflammatoryLetter":121,"Bag of Preparation":54,"Empty Cage":106,"ClockworkSouvenir":118,"Calling Bell":54,"Du-Vu Doll":118,"downfall:BrokenWingStatue":16,"Shovel":93,"Shuriken":77,"MutagenicStrength":59,"Art of War":70,"hexamod:SpiritBrand":0,"InkBottle":16,"Unceasing Top":77,"Pocketwatch":54}],"InkBottle":[52],"Unceasing Top":[3],"Pocketwatch":[123]},"card_choices":[{"not_picked":["hexamod:ShieldOfDarkness","hexamod:GhostShield"],"picked":"hexamod:BacktrackSmack","floor":2},{"not_picked":["hexamod:RecurringNightmare","hexamod:SecondSeal"],"picked":"hexamod:SpectersWail","floor":4},{"not_picked":["hexamod:AdvancingGuard","hexamod:RainOfEmbers"],"picked":"hexamod:FastForward","floor":5},{"not_picked":["hexamod:EmpoweredFlame","hexamod:ThermalTransfer"],"picked":"hexamod:SearingWound","floor":6},{"not_picked":["hexamod:FastForward","hexamod:FirstSeal"],"picked":"hexamod:EmpoweredFlame","floor":9},{"not_picked":["hexamod:HeatMetal","hexamod:Haunt"],"picked":"hexamod:GhostflameBarrier","floor":10},{"not_picked":["hexamod:BurningTouch","hexamod:PhantomFireball"],"picked":"hexamod:FastForward","floor":11},{"not_picked":["hexamod:NightmareStrike","hexamod:PhantomFireball"],"picked":"hexamod:InspiringFlames","floor":12},{"not_picked":["hexamod:Hexaguard","hexamod:GhostShield"],"picked":"hexamod:EmpoweredFlame","floor":15},{"not_picked":["hexamod:TimeOfNeed","hexamod:GhostflameInferno"],"picked":"hexamod:WildfireWeapon","floor":16},{"not_picked":["hexamod:ShieldOfDarkness","hexamod:NightmareGuise"],"picked":"hexamod:WildfireWeapon","floor":19},{"not_picked":["hexamod:GhostflameBarrier","hexamod:ThermalTransfer"],"picked":"hexamod:ExtraCrispy","floor":21},{"not_picked":["hexamod:ThirdSeal","hexamod:AdvancingGuard","hexamod:FastForward"],"picked":"SKIP","floor":22},{"not_picked":["hexamod:ShieldOfDarkness+1","hexamod:SpectersWail","hexamod:HauntingEcho"],"picked":"SKIP","floor":28},{"not_picked":["hexamod:GhostLash+1","hexamod:InspiringFlames","hexamod:FastForward"],"picked":"SKIP","floor":29},{"not_picked":["hexamod:SecondSeal","hexamod:ChargedBarrage"],"picked":"hexamod:Again","floor":31},{"not_picked":["hexamod:NecessarySacrifice","hexamod:SwordOfDarkness"],"picked":"hexamod:AdvancingGuard+1","floor":32},{"not_picked":["hexamod:SearingWound","hexamod:WildfireWeapon"],"picked":"hexamod:GhostflameInferno","floor":33},{"not_picked":["hexamod:NightmareGuise+1","hexamod:GhostShield+1"],"picked":"hexamod:FastForward","floor":36},{"not_picked":["hexamod:InspiringFlames+1","hexamod:StepThrough"],"picked":"hexamod:NightmareGuise+1","floor":37},{"not_picked":["hexamod:Firestarter+1","hexamod:RecurringNightmare+1"],"picked":"hexamod:FastForward+1","floor":39},{"not_picked":["hexamod:ParanormalForm","hexamod:Hexaguard"],"picked":"hexamod:TimeOfNeed","floor":42},{"not_picked":["hexamod:RecurringNightmare+1","hexamod:ThermalTransfer+1"],"picked":"hexamod:FirstSeal","floor":43},{"not_picked":["expansioncontent:FaceSlap","expansioncontent:AwakenDeath"],"picked":"expansioncontent:ManipulateTime","floor":44},{"not_picked":["hexamod:SpectersWail","hexamod:Firestarter","hexamod:NecessarySacrifice+1"],"picked":"SKIP","floor":45},{"not_picked":["hexamod:ThermalTransfer","hexamod:BacktrackSmack"],"picked":"hexamod:FastForward+1","floor":47},{"not_picked":["hexamod:SwordOfDarkness","hexamod:BurningTouch"],"picked":"hexamod:RetreatToShadows+1","floor":48}],"player_experience":1455995,"relics_obtained":[{"floor":6,"key":"The Courier"},{"floor":7,"key":"InkBottle"},{"floor":10,"key":"Eternal Feather"},{"floor":17,"key":"Bag of Preparation"},{"floor":17,"key":"Blue Candle"},{"floor":17,"key":"Pocketwatch"},{"floor":24,"key":"Pear"},{"floor":25,"key":"Enchiridion"},{"floor":27,"key":"Unceasing Top"},{"floor":27,"key":"Shuriken"},{"floor":31,"key":"Shovel"},{"floor":41,"key":"Du-Vu Doll"}],"event_choices":[{"cards_removed":["hexamod:Strike"],"damage_healed":0,"gold_gain":0,"player_choice":"Offered Basic","damage_taken":0,"max_hp_gain":0,"max_hp_loss":0,"event_name":"Bonfire Elementals","floor":3,"gold_loss":0},{"damage_healed":0,"gold_gain":0,"player_choice":"Inject Mutagens","damage_taken":0,"relics_obtained":["MutagenicStrength"],"max_hp_gain":0,"max_hp_loss":0,"event_name":"Drug Dealer","floor":20,"gold_loss":0}],"is_beta":false,"boss_relics":[{"not_picked":["Velvet Choker","Black Star"],"picked":"Calling Bell"},{"not_picked":["Snecko Eye","Runic Dome"],"picked":"Empty Cage"}],"items_purged_floors":[9,28],"is_endless":false,"potions_floor_spawned":[4,10,12,27,29,31,32,33,37,43,48],"ascension_level":1}}