{"host":"a5lz0e76zb3fcwkm","time":1610259296,"event":{"mods":["AchievementEnabler","BaseMod","Colored Map","Colored Powertips","Minty Spire (QoL Compilation)","StSLib","SuperFastMode"],"gold_per_floor":[118,118,133,133,145,145,170,186,186,186,27,27,302,319,319,397,397,397,397,12,12,12,12,12,12,12,12,12,12,12,12,12,12,12,12,12,0,0,0,0,0,0,0,0,0,0,0,0,0,0,0,0,0,0,0,0,0],"floor_reached":56,"playtime":1406,"items_purged":["Defend_G","Regret"],"score":1848,"play_id":"fbeb5ddb-eeae-4ca7-9718-93a2fd955692","local_time":"20210110151456","is_ascension_mode":true,"campfire_choices":[{"data":"Blade Dance","floor":6.0,"key":"SMITH"},{"data":"Accuracy","floor":12.0,"key":"SMITH"},{"data":"Blade Dance","floor":15.0,"key":"SMITH"},{"data":"Accuracy","floor":23.0,"key":"SMITH"},{"data":"Night Terror","floor":30,"key":"SMITH"},{"floor":32,"key":"REST"},{"data":"Wraith Form v2","floor":40,"key":"SMITH"},{"data":"Calculated Gamble","floor":42,"key":"SMITH"},{"data":"Storm of Steel","floor":44,"key":"SMITH"},{"data":"Wraith Form v2","floor":46,"key":"SMITH"},{"floor":49,"key":"RECALL"},{"data":"Finisher","floor":53,"key":"SMITH"}],"circlet_count":0,"master_deck":["AscendersBane","Strike_G","Strike_G","Defend_G","Defend_G","Defend_G","Defend_G","Survivor","Neutralize","Blade Dance+1","Finisher+1","Blade Dance+1","Accuracy+1","Infinite Blades","Accuracy+1","Storm of Steel+1","Well Laid Plans","Calculated Gamble+1","Well Laid Plans","Night Terror+1","Backflip","Wraith Form v2+1","Wraith Form v2+1","Backflip"],"relics":["Ring of the Snake","NeowsBlessing","Pear","Mummified Hand","Ectoplasm","Medical Kit","Eternal Feather","Omamori","Cursed Key","Red Mask","Nunchaku","Potion Belt","Gremlin Horn"],"acts_visited":["Exordium","TheCity","TheBeyond","TheEnding"],"potions_floor_usage":[29,31,35,51,56,56],"damage_taken":[{"damage":0.0,"enemies":"2 Louse","floor":1.0,"turns":1.0},{"damage":0.0,"enemies":"Jaw Worm","floor":3.0,"turns":1.0},{"damage":0.0,"enemies":"Cultist","floor":5.0,"turns":1.0},{"damage":12.0,"enemies":"3 Sentries","floor":7.0,"turns":6.0},{"damage":20.0,"enemies":"Large Slime","floor":8.0,"turns":6.0},{"damage":0.0,"enemies":"Looter","floor":14.0,"turns":2.0},{"damage":20.0,"enemies":"Hexaghost","floor":16.0,"turns":7.0},{"damage":8.0,"enemies":"3 Byrds","floor":18.0,"turns":4.0},{"damage":0.0,"enemies":"Spheric Guardian","floor":19.0,"turns":1.0},{"damage":0.0,"enemies":"Chosen and Byrds","floor":22.0,"turns":3.0},{"damage":26.0,"enemies":"Book of Stabbing","floor":24.0,"turns":5.0},{"damage":8.0,"enemies":"Centurion and Healer","floor":25.0,"turns":3.0},{"damage":1.0,"enemies":"Sentry and Sphere","floor":27.0,"turns":3.0},{"damage":0,"enemies":"Chosen and Byrds","floor":29,"turns":4},{"damage":12,"enemies":"Snecko","floor":31,"turns":4},{"damage":60,"enemies":"Automaton","floor":33,"turns":8},{"damage":27,"enemies":"3 Darklings","floor":35,"turns":5},{"damage":3,"enemies":"3 Shapes","floor":36,"turns":4},{"damage":2,"enemies":"Spire Growth","floor":39,"turns":4},{"damage":0,"enemies":"Giant Head","floor":41,"turns":4},{"damage":0,"enemies":"3 Darklings","floor":45,"turns":2},{"damage":0,"enemies":"Maw","floor":48,"turns":4},{"damage":10,"enemies":"Donu and Deca","floor":50,"turns":9},{"damage":32,"enemies":"Awakened One","floor":51,"turns":8},{"damage":8,"enemies":"Shield and Spear","floor":55,"turns":6},{"damage":72,"enemies":"The Heart","floor":56,"turns":7}],"seed_played":"-7395157501006119968","potions_obtained":[{"floor":1.0,"key":"DuplicationPotion"},{"floor":3.0,"key":"Strength Potion"},{"floor":4.0,"key":"Regen Potion"},{"floor":7.0,"key":"PowerPotion"},{"floor":18.0,"key":"Block Potion"},{"floor":22.0,"key":"Explosive Potion"},{"floor":24.0,"key":"DistilledChaos"},{"floor":33,"key":"CunningPotion"},{"floor":36,"key":"Weak Potion"},{"floor":45,"key":"AttackPotion"},{"floor":48,"key":"FearPotion"},{"floor":55,"key":"Weak Potion"}],"is_trial":false,"path_per_floor":["M","?","M","?","M","R","E","M","T","?","$","R","?","M","R","B",null,"M","M","$","?","M","R","E","M","T","M","$","M","R","M","R","B",null,"M","M","?","?","M","R","E","R","T","R","M","R","?","M","R","B","B",null,"R","$","E","B"],"character_chosen":"THE_SILENT","items_purchased":["Infinite Blades","Medical Kit","Well Laid Plans","Calculated Gamble"],"campfire_rested":1,"item_purchase_floors":[11,20,20,20],"current_hp_per_floor":[59,59,59,59,59,59,57,52,52,57,57,57,57,57,57,37,70,62,62,62,62,62,62,36,28,28,27,27,27,39,27,63,3,62,35,32,32,32,30,42,42,54,54,66,66,78,78,78,81,71,39,71,81,81,73,1,1],"gold":0,"neow_bonus":"THREE_ENEMY_KILL","is_daily":false,"chose_seed":false,"campfire_upgraded":10,"win_rate":0.0,"timestamp":1610259296,"path_taken":["M","?","M","?","?","R","E","M","T","?","$","R","?","M","R","BOSS","M","?","$","?","M","R","E","M","T","M","?","M","R","M","R","BOSS","M","M","?","?","M","R","E","R","T","R","M","R","?","M","R","BOSS","BOSS","R","$","E","BOSS"],"items_purchased_type":["Card","Relic","Card","Card"],"build_version":"2020-12-22","purchased_purges":2,"victory":false,"max_hp_per_floor":[66,66,66,66,66,66,76,76,76,81,81,81,81,81,81,81,81,81,81,81,81,81,81,81,81,81,81,81,81,81,81,81,81,81,81,81,81,81,81,81,81,81,81,81,81,81,81,81,81,81,81,81,81,81,81,81,81],"card_choices":[{"not_picked":["Crippling Poison","PiercingWail"],"picked":"Blade Dance","floor":1.0},{"not_picked":["Bane","Leg Sweep"],"picked":"Finisher","floor":3.0},{"not_picked":["Acrobatics","Deadly Poison"],"picked":"Blade Dance","floor":5.0},{"not_picked":["Dagger Spray","Deadly Poison","Slice"],"picked":"SKIP","floor":7.0},{"not_picked":["Masterful Stab","Storm of Steel"],"picked":"Accuracy","floor":8.0},{"not_picked":["Deadly Poison","Bane"],"picked":"Accuracy","floor":14.0},{"not_picked":["Doppelganger","Die Die Die"],"picked":"Storm of Steel","floor":16.0},{"not_picked":["Bouncing Flask","Outmaneuver","Flying Knee+1"],"picked":"SKIP","floor":18.0},{"not_picked":["Blade Dance","Underhanded Strike","Dagger Spray"],"picked":"SKIP","floor":19.0},{"not_picked":["Blade Dance+1","Choke","Underhanded Strike"],"picked":"SKIP","floor":22.0},{"not_picked":["Dagger Spray","Quick Slash","Choke"],"picked":"SKIP","floor":24.0},{"not_picked":["Poisoned Stab+1","Flying Knee","All Out Attack+1"],"picked":"SKIP","floor":25.0},{"not_picked":["Crippling Poison","Bane+1","Quick Slash"],"picked":"SKIP","floor":27.0},{"not_picked":["Night Terror","Deadly Poison","Blade Dance"],"picked":"SKIP","floor":29},{"not_picked":["Deadly Poison","Blade Dance"],"picked":"Night Terror","floor":29},{"not_picked":["Quick Slash+1","Prepared"],"picked":"Backflip","floor":31},{"not_picked":["Die Die Die","Storm of Steel"],"picked":"Wraith Form v2","floor":33},{"not_picked":["Underhanded Strike","Dagger Throw","Dagger Spray"],"picked":"SKIP","floor":35},{"not_picked":["Deadly Poison+1","Choke","Outmaneuver"],"picked":"SKIP","floor":36},{"not_picked":["Noxious Fumes","Deflect","Dagger Throw+1"],"picked":"SKIP","floor":39},{"not_picked":["Outmaneuver","Caltrops","Dagger Spray+1"],"picked":"SKIP","floor":41},{"not_picked":["Dagger Spray","Outmaneuver+1"],"picked":"Wraith Form v2","floor":45},{"not_picked":["Dagger Spray","Blade Dance+1"],"picked":"Backflip","floor":48},{"not_picked":["Well Laid Plans","Cloak And Dagger","Deflect"],"picked":"SKIP","floor":55}],"player_experience":1708797,"relics_obtained":[{"floor":7.0,"key":"Pear"},{"floor":9.0,"key":"Mummified Hand"},{"floor":24.0,"key":"Eternal Feather"},{"floor":26.0,"key":"Omamori"},{"floor":41,"key":"Nunchaku"},{"floor":47,"key":"Potion Belt"},{"floor":55,"key":"Gremlin Horn"}],"event_choices":[{"cards_removed":["Strike_G"],"damage_healed":0.0,"max_hp_gain":0.0,"max_hp_loss":0.0,"gold_gain":0.0,"event_name":"Living Wall","player_choice":"Forget","floor":2.0,"gold_loss":0.0,"damage_taken":0.0},{"damage_healed":0.0,"max_hp_gain":0.0,"max_hp_loss":0.0,"gold_gain":0.0,"event_name":"Lab","player_choice":"Got Potions","floor":4.0,"gold_loss":0.0,"damage_taken":0.0},{"damage_healed":0.0,"max_hp_gain":5.0,"max_hp_loss":0.0,"gold_gain":0.0,"event_name":"Big Fish","player_choice":"Donut","floor":10.0,"gold_loss":0.0,"damage_taken":0.0},{"damage_healed":0.0,"max_hp_gain":0.0,"max_hp_loss":0.0,"gold_gain":275.0,"event_name":"Golden Shrine","player_choice":"Desecrate","floor":13.0,"gold_loss":0.0,"damage_taken":0.0,"cards_obtained":["Regret"]},{"damage_healed":0.0,"max_hp_gain":0.0,"max_hp_loss":0.0,"gold_gain":0.0,"cards_transformed":["Strike_G"],"event_name":"Transmorgrifier","player_choice":"Transformed","floor":21.0,"gold_loss":0.0,"damage_taken":0.0,"cards_obtained":["Well Laid Plans"]},{"damage_healed":0,"gold_gain":0,"player_choice":"Paid","damage_taken":0,"relics_obtained":["Red Mask"],"max_hp_gain":0,"max_hp_loss":0,"event_name":"Tomb of Lord Red Mask","floor":37,"gold_loss":12},{"cards_removed":["Strike_G"],"damage_healed":0,"gold_gain":0,"player_choice":"Removed Attack","damage_taken":0,"max_hp_gain":0,"max_hp_loss":0,"event_name":"Falling","floor":38,"gold_loss":0},{"damage_healed":0,"gold_gain":0,"player_choice":"Relic","damage_taken":0,"max_hp_gain":0,"max_hp_loss":0,"event_name":"Wheel of Change","floor":47,"gold_loss":0}],"is_beta":false,"boss_relics":[{"not_picked":["Ring of the Serpent","Runic Pyramid"],"picked":"Ectoplasm"},{"not_picked":["WristBlade","Runic Dome"],"picked":"Cursed Key"}],"items_purged_floors":[11,20],"is_endless":false,"potions_floor_spawned":[1,3,7,18,22,24,27,33,36,45,48,55],"killed_by":"The Heart","ascension_level":20}}