{"host":"684z1xpuwaoqmmh1","time":1610278331,"event":{"mods":["Bard","BaseMod","Downfall","Hermit","Jorbs\u0027s Wanderer Trilogy","Marisa????????","Minty Spire (QoL Compilation)","Robot Space Explorer","Shade Mod","StSLib","The Hierophant","The Marked","The Mystic"],"gold_per_floor":[119,135,235,249,79,110,110,136,159,184,197,214,239,252,252,350,350,363,363,375,391,402,402,434,446,446,466,483,497,529,543,543,648,648,660,679,696,696,696,728,728,758,758,758,608,627,639,356,356,356,356,356,61,89,89],"floor_reached":56,"playtime":4331,"items_purged":["RobotSpaceExplorer:Defend","RobotSpaceExplorer:Strike"],"score":1350,"play_id":"1a6c03e2-b7c2-4f46-a429-9ab89228f0cd","local_time":"20210110133211","is_ascension_mode":false,"campfire_choices":[{"data":"RobotSpaceExplorer:Pulsar","floor":7.0,"key":"SMITH"},{"data":"RobotSpaceExplorer:MiniBoosters","floor":15.0,"key":"SMITH"},{"data":"RobotSpaceExplorer:ExhaustFan","floor":23.0,"key":"SMITH"},{"data":"RobotSpaceExplorer:Arsenal","floor":32.0,"key":"SMITH"},{"floor":41,"key":"RECALL"},{"floor":44,"key":"REST"},{"floor":49,"key":"REST"},{"floor":52,"key":"REST"}],"circlet_count":0,"master_deck":["RobotSpaceExplorer:Strike","RobotSpaceExplorer:Strike","RobotSpaceExplorer:Strike","RobotSpaceExplorer:Defend","RobotSpaceExplorer:Defend","RobotSpaceExplorer:Defend","RobotSpaceExplorer:Scan","RobotSpaceExplorer:MiniLasers","RobotSpaceExplorer:Smokescreen","RobotSpaceExplorer:MetalStrike","RobotSpaceExplorer:Pulsar+1","RobotSpaceExplorer:GearShield","RobotSpaceExplorer:MiniDrones","RobotSpaceExplorer:MiniBoosters+1","RobotSpaceExplorer:IronShell","RobotSpaceExplorer:FreezingShield","RobotSpaceExplorer:Comet","RobotSpaceExplorer:ScrapShield+1","RobotSpaceExplorer:ExhaustFan+1","RobotSpaceExplorer:Pulsar","RobotSpaceExplorer:ScrapMissile","RobotSpaceExplorer:ScrapToss+1","RobotSpaceExplorer:Arsenal+1","RobotSpaceExplorer:ScrapMissile","RobotSpaceExplorer:MiniDrones+1","RobotSpaceExplorer:LuckyStrike","RobotSpaceExplorer:GlueShot+1","RobotSpaceExplorer:TrailblazerForm+1","RobotSpaceExplorer:Probe","expansioncontent:DonusPower","Thinking Ahead","RobotSpaceExplorer:HighVoltage","RobotSpaceExplorer:FreezeRay+1","RobotSpaceExplorer:DualCore+1","RobotSpaceExplorer:Discharger+1","RobotSpaceExplorer:MiniBoosters+1","RobotSpaceExplorer:ScrapToss","RobotSpaceExplorer:IronShell"],"relics":["RobotSpaceExplorer:TurboCore","Membership Card","Bag of Marbles","Odd Mushroom","Vajra","Kunai","Omamori","Frozen Egg 2","Mango","Pen Nib","Fusion Hammer","Happy Flower","champ:DeflectingBracers","OrangePellets","Ice Cream","RobotSpaceExplorer:PlasmaHourglass","Guardian:GemstoneGun","Toy Ornithopter"],"acts_visited":["Exordium","TheCity","TheBeyond","TheEnding"],"potions_floor_usage":[54,55],"damage_taken":[{"damage":1.0,"enemies":"Jaw Worm","floor":1.0,"turns":6.0},{"damage":0.0,"enemies":"Cultist","floor":2.0,"turns":4.0},{"damage":0.0,"enemies":"2 Louse","floor":4.0,"turns":3.0},{"damage":20.0,"enemies":"Lagavulin","floor":6.0,"turns":12.0},{"damage":3.0,"enemies":"The Mushroom Lair","floor":8.0,"turns":7.0},{"damage":0.0,"enemies":"Gremlin Nob","floor":10.0,"turns":2.0},{"damage":0.0,"enemies":"Large Slime","floor":11.0,"turns":5.0},{"damage":0.0,"enemies":"Blue Slaver","floor":12.0,"turns":2.0},{"damage":2.0,"enemies":"3 Sentries","floor":13.0,"turns":6.0},{"damage":0.0,"enemies":"2 Fungi Beasts","floor":14.0,"turns":3.0},{"damage":25.0,"enemies":"Slime Boss","floor":16.0,"turns":14.0},{"damage":6.0,"enemies":"Spheric Guardian","floor":18.0,"turns":5.0},{"damage":1.0,"enemies":"Chosen","floor":20.0,"turns":4.0},{"damage":4.0,"enemies":"Snake Plant","floor":21.0,"turns":9.0},{"damage":2.0,"enemies":"Cultist and Chosen","floor":22.0,"turns":7.0},{"damage":26.0,"enemies":"Gremlin Leader","floor":24.0,"turns":13.0},{"damage":0.0,"enemies":"Sentry and Sphere","floor":25.0,"turns":4.0},{"damage":4.0,"enemies":"Snake Plant","floor":27.0,"turns":6.0},{"damage":0.0,"enemies":"Snecko","floor":28.0,"turns":5.0},{"damage":2.0,"enemies":"Centurion and Healer","floor":29.0,"turns":9.0},{"damage":0.0,"enemies":"Book of Stabbing","floor":30.0,"turns":6.0},{"damage":0.0,"enemies":"Snake Plant","floor":31.0,"turns":4.0},{"damage":8.0,"enemies":"Automaton","floor":33.0,"turns":9.0},{"damage":0.0,"enemies":"3 Darklings","floor":35.0,"turns":6.0},{"damage":0.0,"enemies":"Orb Walker","floor":36.0,"turns":3.0},{"damage":0.0,"enemies":"Transient","floor":37.0,"turns":5.0},{"damage":0,"enemies":"Reptomancer","floor":40,"turns":7},{"damage":9,"enemies":"Giant Head","floor":42,"turns":10},{"damage":0,"enemies":"Sphere and 2 Shapes","floor":46,"turns":3},{"damage":9,"enemies":"3 Darklings","floor":47,"turns":3},{"damage":25,"enemies":"Donu and Deca","floor":50,"turns":9},{"damage":0,"enemies":"Shield and Spear","floor":54,"turns":6},{"damage":30,"enemies":"The Heart","floor":55,"turns":10}],"seed_played":"8398344634245123970","potions_obtained":[{"floor":1.0,"key":"AttackPotion"},{"floor":2.0,"key":"SteroidPotion"},{"floor":10.0,"key":"Strength Potion"},{"floor":14.0,"key":"Guardian:BlockOnCardUsePotion"},{"floor":16.0,"key":"Weak Potion"},{"floor":24.0,"key":"RobotSpaceExplorer:RecyclePotion"},{"floor":25.0,"key":"DistilledChaos"},{"floor":27.0,"key":"Explosive Potion"},{"floor":30.0,"key":"EntropicBrew"},{"floor":31.0,"key":"Weak Potion"},{"floor":33.0,"key":"Energy Potion"},{"floor":40,"key":"Explosive Potion"},{"floor":46,"key":"Guardian:BlockOnCardUsePotion"}],"is_trial":false,"path_per_floor":["M","M","?","M","$","E","R","?","T","E","M","M","E","M","R","B",null,"M","?","M","M","M","R","E","M","T","M","M","M","E","M","R","B",null,"M","M","M","?","?","E","R","E","T","R","$","M","M","$","R","B",null,"R","$","E","B",null],"character_chosen":"RobotSpaceExplorer","items_purchased":["Membership Card","RobotSpaceExplorer:Pulsar","RobotSpaceExplorer:FreezeRay+1","OrangePellets","Ice Cream","RobotSpaceExplorer:MiniBoosters+1","RobotSpaceExplorer:ScrapToss","RobotSpaceExplorer:PlasmaHourglass","Guardian:GemstoneGun","RobotSpaceExplorer:IronShell"],"campfire_rested":3,"item_purchase_floors":[5,5,45,45,48,48,48,53,53,53],"current_hp_per_floor":[81,81,81,81,81,61,61,58,58,58,58,58,56,56,56,31,82,76,76,75,71,69,69,43,43,57,53,53,51,51,51,51,43,96,96,96,96,86,96,96,96,87,87,96,96,96,87,87,96,71,96,96,96,96,68],"gold":89,"neow_bonus":"TEN_PERCENT_HP_BONUS","is_daily":false,"chose_seed":false,"campfire_upgraded":4,"win_rate":0.0,"timestamp":1610278331,"path_taken":["M","M","?","M","?","E","R","?","T","E","M","M","E","M","R","BOSS","M","?","M","M","M","R","E","M","T","M","M","M","E","M","R","BOSS","M","M","M","?","?","E","R","E","T","R","$","M","M","$","R","BOSS","R","$","E","BOSS"],"items_purchased_type":["Relic","Card","Card","Relic","Relic","Card","Card","Relic","Relic","Card"],"build_version":"2020-12-22","purchased_purges":2,"victory":true,"max_hp_per_floor":[82,82,82,82,82,82,82,82,82,82,82,82,82,82,82,82,82,82,82,82,82,82,82,82,82,96,96,96,96,96,96,96,96,96,96,96,96,96,96,96,96,96,96,96,96,96,96,96,96,96,96,96,96,96,96],"card_choices":[{"not_picked":["RobotSpaceExplorer:ScrapMissile","RobotSpaceExplorer:ImprovisedAttack"],"picked":"RobotSpaceExplorer:Smokescreen","floor":1.0},{"not_picked":["RobotSpaceExplorer:GlueShot","RobotSpaceExplorer:Electroshield"],"picked":"RobotSpaceExplorer:MetalStrike","floor":2.0},{"not_picked":["RobotSpaceExplorer:MetalStrike","RobotSpaceExplorer:SwiftStep","RobotSpaceExplorer:SurgingShield"],"picked":"SKIP","floor":4.0},{"not_picked":["RobotSpaceExplorer:Electroshield","RobotSpaceExplorer:ImprovisedAttack"],"picked":"RobotSpaceExplorer:GearShield","floor":6.0},{"not_picked":["RobotSpaceExplorer:SlimeMissile","RobotSpaceExplorer:SwiftStep"],"picked":"RobotSpaceExplorer:MiniDrones","floor":8.0},{"not_picked":["RobotSpaceExplorer:Reload","RobotSpaceExplorer:SlimeMissile","RobotSpaceExplorer:Counterblock"],"picked":"SKIP","floor":10.0},{"not_picked":["RobotSpaceExplorer:FranticSearch","RobotSpaceExplorer:SlimeMissile","RobotSpaceExplorer:Reload"],"picked":"SKIP","floor":11.0},{"not_picked":["RobotSpaceExplorer:DoubleBlock","RobotSpaceExplorer:MakeshiftVolley"],"picked":"RobotSpaceExplorer:MiniBoosters","floor":12.0},{"not_picked":["RobotSpaceExplorer:MakeshiftVolley","RobotSpaceExplorer:Ammunition"],"picked":"RobotSpaceExplorer:IronShell","floor":13.0},{"not_picked":["RobotSpaceExplorer:FrostMissile","RobotSpaceExplorer:Wormhole"],"picked":"RobotSpaceExplorer:FreezingShield","floor":14.0},{"not_picked":["RobotSpaceExplorer:Scanner","RobotSpaceExplorer:Explosion"],"picked":"RobotSpaceExplorer:Comet","floor":16.0},{"not_picked":["RobotSpaceExplorer:SurgingStrike","RobotSpaceExplorer:MetalStrike"],"picked":"RobotSpaceExplorer:ScrapShield+1","floor":18.0},{"not_picked":["RobotSpaceExplorer:FreezingShield","RobotSpaceExplorer:SelfCleaning"],"picked":"RobotSpaceExplorer:ExhaustFan","floor":20.0},{"not_picked":["RobotSpaceExplorer:SurgingShield+1","RobotSpaceExplorer:FrostMissile+1"],"picked":"RobotSpaceExplorer:Pulsar","floor":21.0},{"not_picked":["RobotSpaceExplorer:ShockKick","RobotSpaceExplorer:StunGrenade"],"picked":"RobotSpaceExplorer:ScrapMissile","floor":22.0},{"not_picked":["RobotSpaceExplorer:Calculate","RobotSpaceExplorer:GlueSpray"],"picked":"RobotSpaceExplorer:ScrapToss+1","floor":24.0},{"not_picked":["RobotSpaceExplorer:MetalStrike","RobotSpaceExplorer:FrostMissile"],"picked":"RobotSpaceExplorer:Arsenal","floor":25.0},{"not_picked":["RobotSpaceExplorer:GlueShot","RobotSpaceExplorer:ShockKick"],"picked":"RobotSpaceExplorer:ScrapMissile","floor":27.0},{"not_picked":["RobotSpaceExplorer:MetalStrike+1","RobotSpaceExplorer:ShockKick"],"picked":"RobotSpaceExplorer:MiniDrones+1","floor":28.0},{"not_picked":["RobotSpaceExplorer:StunGrenade","RobotSpaceExplorer:Discharger+1"],"picked":"RobotSpaceExplorer:LuckyStrike","floor":29.0},{"not_picked":["RobotSpaceExplorer:Blitz","RobotSpaceExplorer:MiniDrones","RobotSpaceExplorer:Pulsar"],"picked":"SKIP","floor":30.0},{"not_picked":["RobotSpaceExplorer:ScrapMissile","RobotSpaceExplorer:HighVoltage"],"picked":"RobotSpaceExplorer:GlueShot+1","floor":31.0},{"not_picked":["RobotSpaceExplorer:BlastShield","RobotSpaceExplorer:Accelerator+1"],"picked":"RobotSpaceExplorer:TrailblazerForm+1","floor":33.0},{"not_picked":["RobotSpaceExplorer:Electropulse","RobotSpaceExplorer:MakeshiftVolley+1","RobotSpaceExplorer:Ammunition"],"picked":"SKIP","floor":35.0},{"not_picked":["RobotSpaceExplorer:Ammunition","RobotSpaceExplorer:MiniDrones+1"],"picked":"RobotSpaceExplorer:Probe","floor":36.0},{"not_picked":["RobotSpaceExplorer:Jetpack+1","RobotSpaceExplorer:Probe","RobotSpaceExplorer:SurgingStrike+1"],"picked":"SKIP","floor":37.0},{"not_picked":["Purity","Bandage Up"],"picked":"expansioncontent:DonusPower","floor":38.0},{"not_picked":["PanicButton","HandOfGreed"],"picked":"Thinking Ahead","floor":38.0},{"not_picked":["PanicButton","expansioncontent:Hexaburn"],"picked":"expansioncontent:PrepareCrush","floor":38.0},{"not_picked":["RobotSpaceExplorer:Fix","RobotSpaceExplorer:ScrapMissile"],"picked":"RobotSpaceExplorer:HighVoltage","floor":40},{"not_picked":["RobotSpaceExplorer:BigMissile","RobotSpaceExplorer:Electropulse+1","RobotSpaceExplorer:ScrapMissile"],"picked":"SKIP","floor":42},{"not_picked":["RobotSpaceExplorer:ShovelStrike","RobotSpaceExplorer:FreezeRay+1"],"picked":"RobotSpaceExplorer:DualCore+1","floor":46},{"not_picked":["RobotSpaceExplorer:MiniDrones","RobotSpaceExplorer:ImprovisedAttack+1"],"picked":"RobotSpaceExplorer:Discharger+1","floor":47},{"not_picked":["RobotSpaceExplorer:ShovelStrike","RobotSpaceExplorer:SurgingShield+1","RobotSpaceExplorer:Electropulse"],"picked":"SKIP","floor":54}],"player_experience":2453652,"relics_obtained":[{"floor":6.0,"key":"Bag of Marbles"},{"floor":8.0,"key":"Odd Mushroom"},{"floor":9.0,"key":"Vajra"},{"floor":10.0,"key":"Kunai"},{"floor":13.0,"key":"Omamori"},{"floor":24.0,"key":"Frozen Egg 2"},{"floor":26.0,"key":"Mango"},{"floor":30.0,"key":"Pen Nib"},{"floor":40,"key":"Happy Flower"},{"floor":42,"key":"champ:DeflectingBracers"},{"floor":54,"key":"Toy Ornithopter"}],"event_choices":[{"damage_healed":0.0,"max_hp_gain":0.0,"max_hp_loss":0.0,"gold_gain":100.0,"event_name":"Golden Shrine","player_choice":"Pray","floor":3.0,"gold_loss":0.0,"damage_taken":0.0},{"damage_healed":0.0,"max_hp_gain":0.0,"max_hp_loss":0.0,"gold_gain":0.0,"event_name":"Mushrooms","player_choice":"Fought Mushrooms","floor":8.0,"gold_loss":0.0,"damage_taken":0.0},{"damage_healed":0.0,"max_hp_gain":0.0,"max_hp_loss":0.0,"gold_gain":0.0,"event_name":"SensoryStone","player_choice":"Memory 3","floor":38.0,"gold_loss":0.0,"damage_taken":10.0},{"cards_removed":["expansioncontent:PrepareCrush"],"damage_healed":10.0,"max_hp_gain":0.0,"max_hp_loss":0.0,"gold_gain":0.0,"event_name":"Bonfire Elementals","player_choice":"Offered Uncommon","floor":39.0,"gold_loss":0.0,"damage_taken":0.0}],"is_beta":false,"boss_relics":[{"not_picked":["Philosopher\u0027s Stone","Busted Crown"],"picked":"RobotSpaceExplorer:TurboCore"},{"not_picked":["SacredBark","Velvet Choker"],"picked":"Fusion Hammer"}],"items_purged_floors":[45,48],"is_endless":false,"potions_floor_spawned":[1,2,10,14,16,24,25,27,30,31,33,40,42,46,47],"ascension_level":0}}