{"host":"zksvs3x2ysy9npnz","time":1610302675,"event":{"mods":["Aspiration","BaseMod","Beaked The Cultist","BetterRewards","Clockwork Mod","Colored Map","Conspire","Downfall","Duelist Mod","Ekko","Energized Spire","Fiend Mod","Halation","Highlight Path","Hubris","Hunter ??","Infinite Spire","Jedi Mod","JesterMod","Magitek Elite","Minty Spire (QoL Compilation)","Permanent Neow","Quick Restart","Relic Stats","Replay The Spire","Retaliation","Shade Mod","Shop Mod","StSLib","The Construct","The Poker Player","The Runesmith","The Witch"],"gold_per_floor":[109,5,24,37,37,37,70,70,95,114,114,127,158,158,158,158,158],"floor_reached":16,"playtime":719,"items_purged":[],"score":171,"play_id":"c2238db4-37e7-4da4-9d4e-d687bf963948","local_time":"20210110191755","is_ascension_mode":true,"campfire_choices":[{"floor":6,"key":"REST"},{"data":"Shrooms","floor":8,"key":"SMITH"},{"floor":11,"key":"REST"},{"floor":15,"key":"REST"}],"circlet_count":0,"master_deck":["AscendersBane","Strike_Witch","Strike_Witch","Strike_Witch","Strike_Witch","Defend_Witch","Defend_Witch","Defend_Witch","Defend_Witch","Hexguard","ZombieSpit","SaltCircle","Guardian:Aged","Sadistic Nature","Shrooms+1","Athame","Schadenfreude","infinitespire:Fortify","Demonfyre","Bewitch","Injury"],"relics":["BlackCat","aspiration:Nostalgia","Fiend:FiendTotem","ReplayTheSpireMod:CursedCoin","Toy Ornithopter","Replay:Baseball","Bronze Scales","Golden Idol"],"acts_visited":["Exordium"],"potions_floor_usage":[7,7],"damage_taken":[{"damage":8,"enemies":"Cultist","floor":1,"turns":5},{"damage":3,"enemies":"Jaw Worm","floor":3,"turns":5},{"damage":2,"enemies":"2 Louse","floor":4,"turns":5},{"damage":7,"enemies":"Gremlin Nob","floor":7,"turns":5},{"damage":7,"enemies":"Large Slime","floor":10,"turns":7},{"damage":16,"enemies":"Looter","floor":12,"turns":5},{"damage":27,"enemies":"Lagavulin","floor":13,"turns":8},{"damage":60,"enemies":"Slime Boss","floor":16,"turns":6}],"seed_played":"-5494970804730425282","potions_obtained":[{"floor":1,"key":"jedi:StrikingPotion"},{"floor":4,"key":"AttackPotion"}],"is_trial":false,"path_per_floor":["M","$","M","M","?","R","E","R","T","M","R","M","E","?","R","B"],"character_chosen":"WITCH","items_purchased":["ReplayTheSpireMod:CursedCoin","Sadistic Nature","Shrooms"],"campfire_rested":3,"item_purchase_floors":[2,2,2],"current_hp_per_floor":[52,52,49,47,31,51,44,44,44,37,57,41,14,14,34,0,0],"gold":158,"neow_bonus":"NOSTALGIA","is_daily":false,"chose_seed":false,"campfire_upgraded":1,"win_rate":0.0,"timestamp":1610302675,"path_taken":["M","$","?","M","?","R","E","R","T","M","R","M","E","?","R","BOSS"],"items_purchased_type":["Relic","Card","Card"],"build_version":"2020-12-22","purchased_purges":0,"victory":false,"max_hp_per_floor":[67,67,67,67,67,67,67,67,67,67,67,67,67,67,67,67,67],"relic_stats":{"counters":[8,46],"Golden Idol":0,"Bronze Scales":[3],"obtain_stats":[{"Replay:Baseball":9,"aspiration:Nostalgia":0,"ReplayTheSpireMod:CursedCoin":2,"Golden Idol":14,"Bronze Scales":13,"Fiend:FiendTotem":0,"BlackCat":0,"Toy Ornithopter":7},{"Replay:Baseball":4,"aspiration:Nostalgia":0,"ReplayTheSpireMod:CursedCoin":1,"Golden Idol":7,"Bronze Scales":7,"Fiend:FiendTotem":0,"BlackCat":0,"Toy Ornithopter":4},{"Replay:Baseball":20,"aspiration:Nostalgia":0,"ReplayTheSpireMod:CursedCoin":5,"Golden Idol":40,"Bronze Scales":40,"Fiend:FiendTotem":0,"BlackCat":0,"Toy Ornithopter":20}],"Toy Ornithopter":0},"card_choices":[{"not_picked":["RiteOfSummer","RiteOfWinter"],"picked":"SaltCircle","floor":1},{"not_picked":["BlackShield","Broomstick"],"picked":"Athame","floor":3},{"not_picked":["BlackShield","EvilEye"],"picked":"Schadenfreude","floor":4},{"not_picked":["ReplayTheSpireMod:Echoes of Time","infinitespire:Gouge"],"picked":"infinitespire:Fortify","floor":5},{"not_picked":["SoulBarrier","BlackBolt"],"picked":"Demonfyre","floor":7},{"not_picked":["MementoMori","WretchedNails","Harmlessness"],"picked":"SKIP","floor":10},{"not_picked":["SummonCatFamiliar","Decrepify"],"picked":"Bewitch","floor":12},{"not_picked":["Harmlessness","Broomstick","BlackBolt"],"picked":"SKIP","floor":13}],"player_experience":2353757,"relics_obtained":[{"floor":7,"key":"Toy Ornithopter"},{"floor":9,"key":"Replay:Baseball"},{"floor":13,"key":"Bronze Scales"}],"event_choices":[{"damage_healed":0,"gold_gain":0,"player_choice":"Take Wound","damage_taken":0,"relics_obtained":["Golden Idol"],"max_hp_gain":0,"max_hp_loss":0,"event_name":"Golden Idol","floor":14,"gold_loss":0,"cards_obtained":["Injury"]}],"is_beta":false,"boss_relics":[],"items_purged_floors":[],"is_endless":false,"potions_floor_spawned":[1,4],"killed_by":"Slime Boss","ascension_level":11}}