{"host":"15dd7v8o90xso62x","time":1610276441,"event":{"mods":["BaseMod","Minty Spire (QoL Compilation)","Quick Restart","StSLib","SuperFastMode"],"gold_per_floor":[116,134,149,149,169,169,195,206,206,238,251,18,28,39,39,113,113,128,146,163,180,27,52,62,62,62],"floor_reached":25,"playtime":1212,"items_purged":["Strike_R","Strike_R"],"score":532,"play_id":"b761a1f9-2319-43c9-868c-f020f894f8a0","local_time":"20210110200041","is_ascension_mode":true,"campfire_choices":[{"data":"Carnage","floor":6.0,"key":"SMITH"},{"data":"Heavy Blade","floor":15,"key":"SMITH"}],"circlet_count":0,"master_deck":["AscendersBane","Strike_R","Strike_R+1","Strike_R","Defend_R","Defend_R","Defend_R","Defend_R","Bash","Feed+1","Power Through","Heavy Blade+1","Battle Trance","Carnage+1","Cleave","Evolve","Shrug It Off","Disarm","Barricade","Feel No Pain","Fire Breathing","Dark Embrace","Flame Barrier"],"relics":["Burning Blood","Whetstone","Self Forming Clay","Lantern","Lee\u0027s Waffle","Mark of Pain","StoneCalendar"],"acts_visited":["Exordium","TheCity"],"potions_floor_usage":[16,16,19,23,24],"damage_taken":[{"damage":14.0,"enemies":"Jaw Worm","floor":1.0,"turns":4.0},{"damage":12.0,"enemies":"Cultist","floor":2.0,"turns":4.0},{"damage":0.0,"enemies":"Small Slimes","floor":3.0,"turns":5.0},{"damage":21.0,"enemies":"Exordium Wildlife","floor":5.0,"turns":7.0},{"damage":15.0,"enemies":"Lagavulin","floor":7.0,"turns":5.0},{"damage":0.0,"enemies":"Looter","floor":8.0,"turns":2.0},{"damage":54.0,"enemies":"3 Sentries","floor":10.0,"turns":9.0},{"damage":0,"enemies":"Red Slaver","floor":11,"turns":3},{"damage":0,"enemies":"3 Louse","floor":13,"turns":5},{"damage":6,"enemies":"Lots of Slimes","floor":14,"turns":4},{"damage":49,"enemies":"Hexaghost","floor":16,"turns":11},{"damage":13,"enemies":"Spheric Guardian","floor":18,"turns":5},{"damage":35,"enemies":"Chosen","floor":19,"turns":7},{"damage":18,"enemies":"Snecko","floor":20,"turns":6},{"damage":10,"enemies":"Centurion and Healer","floor":21,"turns":9},{"damage":41,"enemies":"Book of Stabbing","floor":23,"turns":6},{"damage":27,"enemies":"Snake Plant","floor":24,"turns":5},{"damage":13,"enemies":"Slavers","floor":25,"turns":1}],"seed_played":"-992428010134335726","potions_obtained":[{"floor":1.0,"key":"AttackPotion"},{"floor":2.0,"key":"Dexterity Potion"},{"floor":8.0,"key":"BlessingOfTheForge"},{"floor":10.0,"key":"Energy Potion"},{"floor":11,"key":"CultistPotion"},{"floor":18,"key":"PowerPotion"},{"floor":21,"key":"ElixirPotion"},{"floor":23,"key":"Swift Potion"}],"is_trial":false,"path_per_floor":["M","M","M","?","M","R","E","M","T","E","M","$","M","M","R","B",null,"M","M","M","M","$","E","M","E"],"character_chosen":"IRONCLAD","items_purchased":["Lee\u0027s Waffle","PowerPotion"],"campfire_rested":0,"item_purchase_floors":[12,22],"current_hp_per_floor":[63,60,69,69,57,57,51,61,61,17,27,102,106,110,110,71,103,100,75,67,67,67,32,11,0,0],"gold":62,"neow_bonus":"THREE_RARE_CARDS","is_daily":false,"chose_seed":false,"campfire_upgraded":2,"win_rate":0.0,"timestamp":1610276441,"path_taken":["M","M","M","?","M","R","E","M","T","E","M","$","M","M","R","BOSS","M","M","M","M","$","E","M","E"],"items_purchased_type":["Relic","Potion"],"build_version":"2020-12-22","purchased_purges":2,"victory":false,"max_hp_per_floor":[71,74,77,77,80,80,83,87,87,91,95,102,106,110,110,114,114,118,122,126,130,130,130,130,130,130],"card_choices":[{"not_picked":["Fiend Fire","Reaper"],"picked":"Feed","floor":0.0},{"not_picked":["Body Slam","Dual Wield"],"picked":"Power Through","floor":1.0},{"not_picked":["Iron Wave","Burning Pact"],"picked":"Heavy Blade","floor":2.0},{"not_picked":["Searing Blow","Iron Wave"],"picked":"Battle Trance","floor":3.0},{"not_picked":["Wild Strike","Armaments"],"picked":"Cleave","floor":5.0},{"not_picked":["Wild Strike","Exhume","Warcry"],"picked":"SKIP","floor":7.0},{"not_picked":["Iron Wave","Anger","Power Through"],"picked":"SKIP","floor":8.0},{"not_picked":["Sword Boomerang","Entrench"],"picked":"Evolve","floor":10.0},{"not_picked":["Reckless Charge","Wild Strike"],"picked":"Shrug It Off","floor":11},{"not_picked":["Iron Wave","Hemokinesis","Reckless Charge"],"picked":"SKIP","floor":13},{"not_picked":["Blood for Blood","Anger"],"picked":"Disarm","floor":14},{"not_picked":["Offering","Bludgeon"],"picked":"Barricade","floor":16},{"not_picked":["Perfected Strike","Clothesline","Heavy Blade"],"picked":"SKIP","floor":18},{"not_picked":["True Grit","Reckless Charge"],"picked":"Feel No Pain","floor":19},{"not_picked":["Headbutt","Dual Wield"],"picked":"Fire Breathing","floor":20},{"not_picked":["Cleave","Clash"],"picked":"Dark Embrace","floor":21},{"not_picked":["Heavy Blade","Anger","Rage+1"],"picked":"SKIP","floor":23},{"not_picked":["Havoc+1","Perfected Strike"],"picked":"Flame Barrier","floor":24}],"player_experience":1016196,"relics_obtained":[{"floor":7.0,"key":"Whetstone"},{"floor":9.0,"key":"Self Forming Clay"},{"floor":10.0,"key":"Lantern"},{"floor":23,"key":"StoneCalendar"}],"event_choices":[{"damage_healed":0.0,"max_hp_gain":0.0,"max_hp_loss":0.0,"gold_gain":0.0,"event_name":"Match and Keep!","player_choice":"1 cards matched","floor":4.0,"gold_loss":0.0,"damage_taken":0.0,"cards_obtained":["Carnage"]}],"is_beta":false,"boss_relics":[{"not_picked":["Black Blood","SacredBark"],"picked":"Mark of Pain"}],"items_purged_floors":[12,22],"is_endless":false,"potions_floor_spawned":[1,2,8,10,11,18,21,23],"killed_by":"Slavers","ascension_level":20}}