{"host":"y8hg8nbtd8qkv7tj","time":1610319341,"event":{"mods":["AchievementEnabler","Aspiration","BaseMod","BetterRewards","CapriCore","Colored Map","Downfall","Friendly Minions","GifTheSpireLib","GungeonMod","Hubris","Lobotomy","LobotomyExtend","Minty Spire (QoL Compilation)","Replay The Spire","StSLib","The Animator","The Bladedancer"],"gold_per_floor":[111,111,111,111,111,136,136,9,9,9,19,19,32,32,32,137,137,137,137],"floor_reached":18,"playtime":764,"items_purged":[],"score":156,"play_id":"8eee7b36-7d46-4b7f-bf63-d622acc4c01c","local_time":"20210110175541","is_ascension_mode":false,"campfire_choices":[{"floor":10,"key":"REST"},{"floor":15,"key":"REST"}],"circlet_count":0,"master_deck":["SpecialBullet","SpecialBullet","SpecialBullet","SpecialBullet","SpecialBullet","SpecialBullet","SpecialBullet","SpecialBullet","SecurityCode","TrainingCode","ControlCode","Lantern","LongBird","Mimicry","OldLady","InformationCode","SolemnVow","Noise","BigBird","Adoration"],"relics":["CogitoBucket","LetterFromLob","hubris:Towel","aspiration:ChemicalBlood","DemoMod:PinkGuonStone","Heaven_r","aspiration:RandomNobGenerator"],"acts_visited":["Exordium","TheCity"],"potions_floor_usage":[12,12,12,16,16,18,18],"damage_taken":[{"damage":0,"enemies":"Small Slimes","floor":1,"turns":2},{"damage":55,"enemies":"3 Sentries","floor":6,"turns":6},{"damage":3,"enemies":"2 Louse","floor":11,"turns":2},{"damage":0,"enemies":"Cultist","floor":12,"turns":3},{"damage":4,"enemies":"Cultist","floor":13,"turns":3},{"damage":29,"enemies":"Slime Boss","floor":16,"turns":8},{"damage":89,"enemies":"Spheric Guardian","floor":18,"turns":4}],"seed_played":"8277602447982330761","potions_obtained":[{"floor":11,"key":"SpeedPotion"},{"floor":12,"key":"Weak Potion"}],"is_trial":false,"path_per_floor":["M","?","?","$","?","E","R","$","T","R","M","M","M","$","R","B",null,"M"],"character_chosen":"Angela","items_purchased":["DuplicationPotion","ColorlessPotion"],"campfire_rested":2,"item_purchase_floors":[8,8],"current_hp_per_floor":[75,75,75,75,75,28,28,28,35,59,64,22,26,26,50,29,82,0,0],"gold":137,"neow_bonus":"RANDOM_EVENT","is_daily":false,"chose_seed":false,"campfire_upgraded":0,"win_rate":0.0,"timestamp":1610319341,"path_taken":["M","?","?","$","?","E","R","$","T","R","M","M","?","?","R","BOSS","M"],"items_purchased_type":["Potion","Potion"],"build_version":"2020-12-22","purchased_purges":0,"victory":false,"max_hp_per_floor":[75,75,75,75,75,75,75,75,82,82,82,82,82,82,82,82,82,82,82],"card_choices":[{"not_picked":["RapturousDream"],"picked":"Lantern","floor":1},{"not_picked":["MHz","FairyFestival"],"picked":"LongBird","floor":1},{"not_picked":["TodaysExpression"],"picked":"Mimicry","floor":6},{"not_picked":["MeatLantern","CherryBlossoms"],"picked":"OldLady","floor":6},{"not_picked":["Wingbeat"],"picked":"SolemnVow","floor":11},{"not_picked":["Lantern"],"picked":"Noise","floor":13},{"not_picked":["Freischutz","ShyLook"],"picked":"BigBird","floor":13},{"not_picked":["Mimicry"],"picked":"Adoration","floor":16}],"player_experience":96636,"relics_obtained":[{"floor":1,"key":"LetterFromLob"},{"floor":6,"key":"aspiration:ChemicalBlood"},{"floor":9,"key":"DemoMod:PinkGuonStone"}],"event_choices":[{"damage_healed":0,"gold_gain":0,"player_choice":"Donut","damage_taken":0,"max_hp_gain":5,"max_hp_loss":0,"event_name":"Big Fish","floor":0,"gold_loss":0},{"damage_healed":0,"gold_gain":0,"player_choice":"Bought 0 Potions","damage_taken":0,"max_hp_gain":0,"max_hp_loss":0,"event_name":"The Woman in Blue","floor":5,"gold_loss":0}],"is_beta":false,"boss_relics":[{"not_picked":["hubris:GrandSneckoEye","aspiration:SilentSkillbook"],"picked":"aspiration:RandomNobGenerator"}],"items_purged_floors":[],"is_endless":false,"potions_floor_spawned":[11],"killed_by":"Spheric Guardian","ascension_level":0}}