{"host":"8pjvbxl6xo882v42","time":1610292879,"event":{"mods":["AchievementEnabler","BaseMod","Minty Spire (QoL Compilation)","Replay The Spire","StSLib","The Cursed"],"gold_per_floor":[115,178,194,194,214,248,266,266,319,345,357,357,383,348,348,451,451,469,189,104,104,104,4,4,76,76,108,108,60,123,142,142,167,167,262,262,281,341,341,341,341,341,368,1,1,31,46,46,81,81,81,81],"floor_reached":53,"playtime":3788,"items_purged":["Strike_R","Strike_R","Strike_R"],"score":1530,"play_id":"d83af12b-01e5-405e-866a-4f968beb06f5","local_time":"20210110163439","is_ascension_mode":true,"campfire_choices":[{"floor":8.0,"key":"REST"},{"floor":12.0,"key":"REST"},{"data":"Whirlwind","floor":15.0,"key":"SMITH"},{"floor":26.0,"key":"REST"},{"floor":32.0,"key":"REST"},{"floor":34,"key":"REST"},{"floor":42,"key":"REST"},{"floor":48,"key":"REST"},{"floor":51,"key":"DIG"}],"circlet_count":0,"master_deck":["AscendersBane","Strike_R+1","Strike_R","Defend_R+1","Defend_R+1","Defend_R+1","Defend_R+1","Bash+1","Wild Strike","Thunderclap+1","ReplayTheSpireMod:Limb From Limb","Whirlwind+1","Flex","Flex","Shrug It Off","Seeing Red","Offering","Power Through+1","Panacea+1","Flex+1","Shrug It Off+1","Warcry+1","Ghostly Armor","Fire Breathing+1","Cleave+1","Ghostly Armor","Bludgeon+1","Warcry+1","Madness+1","Madness","Finesse","Panacea+1","Replay:Undeath\u0027s Touch+1","Limit Break","Madness+1","Shrug It Off","Blood for Blood+1","True Grit+1","Shrug It Off+1","Flex+1","Shrug It Off+1"],"relics":["Runic Cube","Blue Doll","Bag of Preparation","Bottled Flame","PreservedInsect","Pet Ghost","Replay:Bottled Eggs","Replay:Bronze Core","Strange Spoon","Gremlin Food","ReplayTheSpireMod:Ring of Challenge","Dream Catcher","TungstenRod","Replay:Accelerometer","Molten Egg 2","Fusion Hammer","Replay:Bottled Snecko","Prayer Wheel","Quantum Egg","Nunchaku","Divine Protection"],"acts_visited":["Exordium","TheCity","TheBeyond"],"potions_floor_usage":[35,52,52],"damage_taken":[{"damage":4.0,"enemies":"Jaw Worm","floor":1.0,"turns":5.0},{"damage":0.0,"enemies":"Small Slimes","floor":3.0,"turns":3.0},{"damage":0.0,"enemies":"2 Louse","floor":5.0,"turns":2.0},{"damage":35.0,"enemies":"3 Sentries","floor":6.0,"turns":6.0},{"damage":7.0,"enemies":"Large Slime","floor":7.0,"turns":5.0},{"damage":16.0,"enemies":"Gremlin Nob","floor":10.0,"turns":3.0},{"damage":6.0,"enemies":"Exordium Wildlife","floor":11.0,"turns":2.0},{"damage":31.0,"enemies":"Replay:BlueRogue","floor":13.0,"turns":4.0},{"damage":18.0,"enemies":"Slime Boss","floor":16.0,"turns":8.0},{"damage":20.0,"enemies":"Spheric Guardian","floor":18.0,"turns":6.0},{"damage":14.0,"enemies":"Slavers","floor":25.0,"turns":1.0},{"damage":22.0,"enemies":"Replay:Snechameleon","floor":27.0,"turns":5.0},{"damage":5.0,"enemies":"Shell Parasite","floor":30.0,"turns":1.0},{"damage":1.0,"enemies":"Snecko","floor":31.0,"turns":3.0},{"damage":16,"enemies":"Slavers","floor":33,"turns":6},{"damage":19,"enemies":"Pondfish","floor":35,"turns":8},{"damage":0,"enemies":"Orb Walker","floor":37,"turns":3},{"damage":0,"enemies":"3 Shapes","floor":38,"turns":1},{"damage":17,"enemies":"Reptomancer","floor":43,"turns":5},{"damage":18,"enemies":"R_Hoarder","floor":46,"turns":3},{"damage":16,"enemies":"Maw","floor":47,"turns":7},{"damage":18,"enemies":"4 Shapes","floor":49,"turns":1},{"damage":26,"enemies":"Awakened One","floor":52,"turns":7}],"seed_played":"5776761755850583832","potions_obtained":[{"floor":2.0,"key":"Block Potion"},{"floor":3.0,"key":"Weak Potion"},{"floor":7.0,"key":"Strength Potion"},{"floor":16.0,"key":"Elixir"},{"floor":30.0,"key":"Ancient Potion"},{"floor":33,"key":"DistilledChaos"},{"floor":35,"key":"Strength Potion"},{"floor":46,"key":"Dexterity Potion"}],"is_trial":false,"path_per_floor":["M","?","M","T","M","E","M","R","T","E","M","R","E","?","R","B",null,"M","$","?","PTL","PTL","$","?","E","R","E","T","$","M","M","R","E","R","B",null,"M","M","?","?","?","R","E","$","T","E","M","R","M","?","R","B",null],"character_chosen":"IRONCLAD","items_purchased":["Strange Spoon","Panacea+1","AttackPotion","Limit Break","Madness+1","Shrug It Off","Blood for Blood+1"],"campfire_rested":7,"item_purchase_floors":[19,19,29,44,44,44,44],"current_hp_per_floor":[68,68,68,68,68,33,26,50,50,34,28,52,21,41,41,23,66,46,46,46,46,46,46,46,32,56,34,34,34,29,28,52,36,60,41,70,70,70,61,61,52,76,59,59,59,41,25,49,31,70,70,44],"gold":81,"neow_bonus":"BOSS_RELIC","is_daily":false,"chose_seed":false,"campfire_upgraded":1,"win_rate":0.0,"timestamp":1610292879,"path_taken":["M","?","M","?","M","E","M","R","T","E","M","R","E","?","R","BOSS","M","$","?","PTL","PTL","$","?","E","R","E","T","?","M","M","R","E","R","BOSS","M","M","?","?","?","R","E","$","T","E","?","R","M","?","R","BOSS"],"items_purchased_type":["Relic","Card","Potion","Card","Card","Card","Card"],"build_version":"2020-12-22","purchased_purges":3,"victory":true,"max_hp_per_floor":[80,80,80,80,80,80,80,80,80,80,80,80,80,80,80,80,80,80,80,80,80,80,80,80,80,80,80,80,80,80,80,80,80,80,80,80,80,80,80,80,80,80,80,80,80,80,80,80,80,70,70,70],"card_choices":[{"not_picked":["Replay:Undeath\u0027s Touch","Burning Pact"],"picked":"Wild Strike","floor":1.0},{"not_picked":["Clash","Body Slam"],"picked":"Thunderclap","floor":2.0},{"not_picked":["Reckless Charge","Rage"],"picked":"ReplayTheSpireMod:Limb From Limb","floor":2.0},{"not_picked":["Havoc","Perfected Strike","Body Slam"],"picked":"SKIP","floor":3.0},{"not_picked":["Ghostly Armor","Pommel Strike"],"picked":"Whirlwind","floor":5.0},{"not_picked":["Demon Form","Massacre","ReplayTheSpireMod:Strike From Hell"],"picked":"SKIP","floor":6.0},{"not_picked":["Thunderclap","ReplayTheSpireMod:Limb From Limb"],"picked":"Flex","floor":7.0},{"not_picked":["Hemokinesis","Clothesline"],"picked":"Flex","floor":10.0},{"not_picked":["Twin Strike","Perfected Strike"],"picked":"Shrug It Off","floor":11.0},{"not_picked":["Fiend Fire","Twin Strike"],"picked":"Seeing Red","floor":13.0},{"not_picked":["Fiend Fire","Immolate"],"picked":"Offering","floor":16.0},{"not_picked":["Replay:Undeath\u0027s Touch","Rupture"],"picked":"Power Through+1","floor":18.0},{"not_picked":["Clothesline","Limit Break"],"picked":"Flex+1","floor":25.0},{"not_picked":["Pommel Strike","Thunderclap"],"picked":"Shrug It Off+1","floor":26.0},{"not_picked":["Clash+1","ReplayTheSpireMod:Corrosion Curse"],"picked":"Warcry+1","floor":27.0},{"not_picked":["Run Through","Wild Strike","Flex"],"picked":"SKIP","floor":30.0},{"not_picked":["Defy Death+1","Pommel Strike+1"],"picked":"Ghostly Armor","floor":31.0},{"not_picked":["Thunderclap+1","Perfected Strike"],"picked":"Fire Breathing+1","floor":32.0},{"not_picked":["Infernal Blade+1","Clash+1"],"picked":"Cleave+1","floor":33},{"not_picked":["Inflame","Exhume"],"picked":"Ghostly Armor","floor":34},{"not_picked":["Eclipse","Reaper+1"],"picked":"Bludgeon+1","floor":35},{"not_picked":["ReplayTheSpireMod:Strike From Hell+1","Life Link+1","Clash+1"],"picked":"SKIP","floor":37},{"not_picked":["Run Through+1","Wild Strike+1"],"picked":"Warcry+1","floor":38},{"not_picked":["Mind Blast+1","Replay:Bootleg Shield Generator"],"picked":"Finesse","floor":41},{"not_picked":["Mind Blast+1","Swift Strike+1"],"picked":"Panacea","floor":41},{"not_picked":["Sever Soul+1","Clothesline+1"],"picked":"Replay:Undeath\u0027s Touch+1","floor":42},{"not_picked":["Defy Death","ReplayTheSpireMod:LeadingStrike+1","Sword Boomerang+1"],"picked":"SKIP","floor":43},{"not_picked":["Blood for Blood+1","Havoc+1","Wild Strike+1"],"picked":"SKIP","floor":46},{"not_picked":["Twin Strike+1","Iron Wave+1"],"picked":"True Grit+1","floor":47},{"not_picked":["Entrench+1","Bludgeon+1"],"picked":"Shrug It Off+1","floor":47},{"not_picked":["Searing Blow+1","Dark Embrace+1"],"picked":"Flex+1","floor":48},{"not_picked":["Thunderclap+1","Defy Death"],"picked":"Shrug It Off+1","floor":49},{"not_picked":["Clash+1","Massacre+1","Headbutt+1"],"picked":"SKIP","floor":49}],"player_experience":293771,"relics_obtained":[{"floor":2.0,"key":"Blue Doll"},{"floor":4.0,"key":"Bag of Preparation"},{"floor":6.0,"key":"Bottled Flame"},{"floor":9.0,"key":"PreservedInsect"},{"floor":10.0,"key":"Pet Ghost"},{"floor":13.0,"key":"Replay:Bottled Eggs"},{"floor":24.0,"key":"ReplayTheSpireMod:Ring of Challenge"},{"floor":25.0,"key":"Dream Catcher"},{"floor":27.0,"key":"TungstenRod"},{"floor":28.0,"key":"Replay:Accelerometer"},{"floor":33,"key":"Molten Egg 2"},{"floor":43,"key":"Replay:Bottled Snecko"},{"floor":45,"key":"Prayer Wheel"},{"floor":46,"key":"Quantum Egg"},{"floor":49,"key":"Nunchaku"},{"floor":51,"key":"Divine Protection"}],"event_choices":[{"damage_healed":20.0,"max_hp_gain":0.0,"max_hp_loss":0.0,"gold_gain":0.0,"event_name":"The Cleric","player_choice":"Healed","floor":14.0,"gold_loss":35.0,"damage_taken":0.0},{"damage_healed":0.0,"max_hp_gain":0.0,"max_hp_loss":0.0,"gold_gain":0.0,"event_name":"Addict","player_choice":"Obtained Relic","floor":20.0,"gold_loss":85.0,"damage_taken":0.0,"relics_obtained":["Gremlin Food"]},{"damage_healed":0,"gold_gain":0,"player_choice":"Embrace Madness","damage_taken":10,"max_hp_gain":0,"max_hp_loss":0,"event_name":"Winding Halls","floor":39,"gold_loss":0,"cards_obtained":["Madness","Madness"]},{"damage_healed":0,"gold_gain":0,"player_choice":"Ignored","damage_taken":0,"max_hp_gain":0,"max_hp_loss":0,"event_name":"Tomb of Lord Red Mask","floor":40,"gold_loss":0},{"damage_healed":0,"gold_gain":0,"player_choice":"Memory 3","damage_taken":10,"max_hp_gain":0,"max_hp_loss":0,"event_name":"SensoryStone","floor":41,"gold_loss":0},{"damage_healed":70,"gold_gain":0,"player_choice":"Heal","damage_taken":0,"max_hp_gain":0,"max_hp_loss":10,"event_name":"The Moai Head","floor":50,"gold_loss":0}],"is_beta":false,"boss_relics":[{"not_picked":["Astrolabe","Ooze Armor"],"picked":"Replay:Bronze Core"},{"not_picked":["SlaversCollar","Ring of Chaos"],"picked":"Fusion Hammer"}],"items_purged_floors":[19,23,44],"is_endless":false,"potions_floor_spawned":[3,7,11,16,30,33,35,37,43,46,49],"ascension_level":11}}