{"host":"nsxzlb359hv0da5z","time":1610262741,"event":{"mods":["BaseMod","Bestiary","Colored Map","Minty Spire (QoL Compilation)","Permanent Neow","Relic Stats","Slay the Relics Exporter","ojb\u0027s Info Mod"],"gold_per_floor":[99,99,99,99,99,99,99,99,99,99,99,79,26,26,26,26,26,26,26,26,26,26,26,26,26,26,26,26,26,26,26,26,26,26,26,26,26,26,26,26,26,26,26,26,26,26,26,26,26,26,26],"floor_reached":50,"playtime":4417,"items_purged":[],"score":1346,"play_id":"f67a70fa-3e83-4adf-b375-28b00fed7e44","local_time":"20210109231221","is_ascension_mode":true,"campfire_choices":[{"data":"CutThroughFate","floor":6.0,"key":"SMITH"},{"data":"Eruption","floor":8.0,"key":"SMITH"},{"data":"CrushJoints","floor":15.0,"key":"SMITH"},{"data":"RitualDagger","floor":24.0,"key":"SMITH"},{"data":"Scrawl","floor":27.0,"key":"SMITH"},{"data":"Fasting2","floor":32.0,"key":"SMITH"},{"data":"Tantrum","floor":41,"key":"SMITH"},{"floor":47,"key":"RECALL"},{"data":"Wireheading","floor":49,"key":"SMITH"}],"circlet_count":0,"master_deck":["AscendersBane","Strike_P","Strike_P","Strike_P","Defend_P","Defend_P","Defend_P","Defend_P","Eruption+1","Vigilance","Vengeance","ThirdEye","CutThroughFate+1","WheelKick","Wireheading+1","EmptyBody","CrushJoints+1","Scrawl+1","Judgement","InnerPeace","Tantrum+1","RitualDagger+1","EmptyBody","SandsOfTime","Regret","Fasting2+1","EmptyMind","Ragnarok","Evaluate+1","JustLucky","JustLucky+1","Nirvana"],"relics":["Ectoplasm","Matryoshka","Meat on the Bone","Cursed Key","Gambling Chip","Boot","Ornamental Fan","Dead Branch","Coffee Dripper","TungstenRod","Shuriken","InkBottle","Thread and Needle"],"acts_visited":["Exordium","TheCity","TheBeyond"],"potions_floor_usage":[40,46],"damage_taken":[{"damage":9.0,"enemies":"Jaw Worm","floor":1.0,"turns":6.0},{"damage":0.0,"enemies":"2 Louse","floor":3.0,"turns":2.0},{"damage":0.0,"enemies":"Small Slimes","floor":5.0,"turns":3.0},{"damage":28.0,"enemies":"3 Sentries","floor":7.0,"turns":12.0},{"damage":8.0,"enemies":"Blue Slaver","floor":11.0,"turns":3.0},{"damage":4.0,"enemies":"Looter","floor":12.0,"turns":2.0},{"damage":20.0,"enemies":"Lagavulin","floor":14.0,"turns":5.0},{"damage":0.0,"enemies":"Slime Boss","floor":16.0,"turns":4.0},{"damage":0.0,"enemies":"Spheric Guardian","floor":18.0,"turns":2.0},{"damage":1.0,"enemies":"Shell Parasite","floor":19.0,"turns":2.0},{"damage":43.0,"enemies":"Shelled Parasite and Fungi","floor":20.0,"turns":5.0},{"damage":17.0,"enemies":"Slavers","floor":23.0,"turns":3.0},{"damage":12.0,"enemies":"Book of Stabbing","floor":25.0,"turns":3.0},{"damage":0.0,"enemies":"Cultist and Chosen","floor":28.0,"turns":3.0},{"damage":9.0,"enemies":"Centurion and Healer","floor":30.0,"turns":3.0},{"damage":25.0,"enemies":"Champ","floor":33.0,"turns":8.0},{"damage":0.0,"enemies":"3 Shapes","floor":35.0,"turns":3.0},{"damage":0.0,"enemies":"Mind Bloom Boss Battle","floor":38.0,"turns":2.0},{"damage":0.0,"enemies":"Orb Walker","floor":39.0,"turns":1.0},{"damage":0,"enemies":"Giant Head","floor":40,"turns":2},{"damage":4,"enemies":"Transient","floor":42,"turns":6},{"damage":5,"enemies":"Nemesis","floor":45,"turns":5},{"damage":21,"enemies":"4 Shapes","floor":46,"turns":5},{"damage":17,"enemies":"2 Orb Walkers","floor":48,"turns":5},{"damage":49,"enemies":"Time Eater","floor":50,"turns":6}],"seed_played":"-1227462026668317261","potions_obtained":[{"floor":1.0,"key":"AttackPotion"},{"floor":5.0,"key":"Regen Potion"},{"floor":7.0,"key":"Block Potion"},{"floor":16.0,"key":"Strength Potion"},{"floor":19.0,"key":"Energy Potion"},{"floor":20.0,"key":"BottledMiracle"},{"floor":25.0,"key":"Dexterity Potion"},{"floor":33.0,"key":"SteroidPotion"},{"floor":38.0,"key":"Ambrosia"},{"floor":42,"key":"Fruit Juice"},{"floor":46,"key":"DuplicationPotion"}],"is_trial":false,"path_per_floor":["M","?","M","?","M","R","E","R","T","?","M","M","$","E","R","B",null,"M","M","M","?","?","E","R","E","T","R","M","?","M","$","R","B",null,"M","$","?","?","M","E","R","M","T","?","E","M","R","?","R","B"],"character_chosen":"WATCHER","items_purchased":["CrushJoints"],"campfire_rested":0,"item_purchase_floors":[13],"current_hp_per_floor":[52,57,57,57,57,57,44,44,44,44,48,44,44,36,36,48,67,67,66,35,35,29,24,24,24,24,24,36,36,39,39,39,26,61,61,61,61,61,61,61,61,57,57,57,52,48,48,43,43,0,0],"gold":26,"neow_bonus":"BOSS_RELIC","is_daily":false,"chose_seed":false,"campfire_upgraded":8,"win_rate":0.0,"timestamp":1610262741,"path_taken":["M","?","M","?","M","R","E","R","T","?","M","M","?","E","R","BOSS","M","M","M","?","?","E","R","E","T","R","M","?","?","?","R","BOSS","M","$","?","?","M","E","R","M","T","?","E","M","R","?","R","BOSS"],"items_purchased_type":["Card"],"build_version":"2020-12-22","purchased_purges":0,"victory":false,"max_hp_per_floor":[68,73,73,73,73,73,73,73,73,73,73,73,73,73,73,73,73,73,73,73,73,73,73,73,73,73,73,73,73,73,73,73,73,73,73,73,73,73,73,73,73,73,73,69,69,74,74,74,74,74,74],"relic_stats":{"counters":[25,101],"Ornamental Fan":[84],"Shuriken":[10],"Gambling Chip":[33],"Dead Branch":[36],"Ectoplasm":625,"Cursed Key":1,"Boot":[30],"obtain_stats":[{"Dead Branch":26,"Thread and Needle":48,"Cursed Key":17,"Boot":25,"Matryoshka":7,"Ornamental Fan":26,"Shuriken":40,"Gambling Chip":23,"Ectoplasm":0,"Coffee Dripper":34,"PureWater":0,"TungstenRod":38,"InkBottle":45,"Meat on the Bone":9},{"Dead Branch":13,"Thread and Needle":24,"Cursed Key":8,"Boot":13,"Matryoshka":4,"Ornamental Fan":13,"Shuriken":20,"Gambling Chip":12,"Ectoplasm":0,"Coffee Dripper":16,"PureWater":0,"TungstenRod":18,"InkBottle":22,"Meat on the Bone":4},{"Dead Branch":52,"Thread and Needle":95,"Cursed Key":37,"Boot":52,"Matryoshka":23,"Ornamental Fan":52,"Shuriken":74,"Gambling Chip":49,"Ectoplasm":0,"Coffee Dripper":66,"PureWater":0,"TungstenRod":71,"InkBottle":85,"Meat on the Bone":23}],"TungstenRod":13,"InkBottle":[7],"Meat on the Bone":132},"card_choices":[{"not_picked":["FollowUp","WaveOfTheHand"],"picked":"Vengeance","floor":1.0},{"not_picked":["Wireheading","FlurryOfBlows"],"picked":"ThirdEye","floor":3.0},{"not_picked":["Evaluate","Protect"],"picked":"CutThroughFate","floor":5.0},{"not_picked":["Scrawl","Vengeance"],"picked":"BattleHymn","floor":7.0},{"not_picked":["PathToVictory","DeceiveReality"],"picked":"Wireheading","floor":11.0},{"not_picked":["FollowUp","Fasting2"],"picked":"EmptyBody","floor":12.0},{"not_picked":["SashWhip","Halt"],"picked":"Scrawl","floor":14.0},{"not_picked":["Brilliance","DeusExMachina"],"picked":"Judgement","floor":16.0},{"not_picked":["Indignation","Study","FlurryOfBlows"],"picked":"SKIP","floor":18.0},{"not_picked":["Adaptation","SignatureMove"],"picked":"InnerPeace","floor":19.0},{"not_picked":["SashWhip","Indignation+1"],"picked":"Tantrum","floor":20.0},{"not_picked":["Vengeance","Perseverance"],"picked":"EmptyBody","floor":23.0},{"not_picked":["SignatureMove","PathToVictory+1"],"picked":"SandsOfTime","floor":25.0},{"not_picked":["Wallop","ClearTheMind"],"picked":"Fasting2","floor":28.0},{"not_picked":["FollowUp","Evaluate"],"picked":"EmptyMind","floor":30.0},{"not_picked":["ConjureBlade","Blasphemy"],"picked":"Ragnarok","floor":33.0},{"not_picked":["Worship","FlurryOfBlows"],"picked":"Evaluate+1","floor":35.0},{"not_picked":["Crescendo","EmptyFist"],"picked":"JustLucky","floor":38.0},{"not_picked":["FollowUp","ClearTheMind+1"],"picked":"JustLucky+1","floor":39.0},{"not_picked":["FlyingSleeves","Collect","BattleHymn+1"],"picked":"SKIP","floor":40},{"not_picked":["Crescendo","Prostrate","Study"],"picked":"SKIP","floor":42},{"not_picked":["CutThroughFate","BowlingBash"],"picked":"Nirvana","floor":45},{"not_picked":["SandsOfTime","Swivel","Conclude"],"picked":"SKIP","floor":46}],"player_experience":1960911,"relics_obtained":[{"floor":7.0,"key":"Matryoshka"},{"floor":9.0,"key":"Meat on the Bone"},{"floor":23.0,"key":"Gambling Chip"},{"floor":25.0,"key":"Boot"},{"floor":26.0,"key":"Ornamental Fan"},{"floor":26.0,"key":"Dead Branch"},{"floor":38.0,"key":"TungstenRod"},{"floor":40,"key":"Shuriken"},{"floor":45,"key":"InkBottle"},{"floor":48,"key":"Thread and Needle"}],"event_choices":[{"damage_healed":0.0,"max_hp_gain":5.0,"max_hp_loss":0.0,"gold_gain":0.0,"event_name":"Big Fish","player_choice":"Donut","floor":2.0,"gold_loss":0.0,"damage_taken":0.0},{"damage_healed":0.0,"max_hp_gain":0.0,"max_hp_loss":0.0,"gold_gain":0.0,"event_name":"Golden Idol","player_choice":"Ignored","floor":4.0,"gold_loss":0.0,"damage_taken":0.0},{"damage_healed":0.0,"max_hp_gain":0.0,"max_hp_loss":0.0,"gold_gain":0.0,"cards_transformed":["Strike_P"],"event_name":"Living Wall","player_choice":"Change","floor":10.0,"gold_loss":0.0,"damage_taken":0.0,"cards_obtained":["WheelKick"]},{"damage_healed":0.0,"max_hp_gain":0.0,"max_hp_loss":0.0,"gold_gain":0.0,"event_name":"The Mausoleum","player_choice":"Ignored","floor":21.0,"gold_loss":0.0,"damage_taken":0.0},{"damage_healed":0.0,"max_hp_gain":0.0,"max_hp_loss":0.0,"gold_gain":0.0,"event_name":"Nest","player_choice":"Joined the Cult","floor":22.0,"gold_loss":0.0,"damage_taken":6.0,"cards_obtained":["RitualDagger"]},{"damage_healed":0.0,"max_hp_gain":0.0,"max_hp_loss":0.0,"gold_gain":0.0,"event_name":"N\u0027loth","player_choice":"Ignored","floor":29.0,"gold_loss":0.0,"damage_taken":0.0},{"cards_removed":["BattleHymn"],"damage_healed":0.0,"max_hp_gain":0.0,"max_hp_loss":0.0,"gold_gain":0.0,"event_name":"Falling","player_choice":"Removed Power","floor":37.0,"gold_loss":0.0,"damage_taken":0.0},{"damage_healed":0.0,"max_hp_gain":0.0,"max_hp_loss":0.0,"gold_gain":0.0,"event_name":"MindBloom","player_choice":"Fight","floor":38.0,"gold_loss":0.0,"damage_taken":0.0},{"damage_healed":0,"gold_gain":0,"player_choice":"Max HP","damage_taken":0,"max_hp_gain":0,"max_hp_loss":4,"event_name":"Winding Halls","floor":44,"gold_loss":0},{"damage_healed":0,"gold_gain":0,"player_choice":"Fight","damage_taken":0,"max_hp_gain":0,"max_hp_loss":0,"event_name":"Mysterious Sphere","floor":48,"gold_loss":0}],"is_beta":false,"boss_relics":[{"not_picked":["Calling Bell","SacredBark"],"picked":"Cursed Key"},{"not_picked":["Velvet Choker","Tiny House"],"picked":"Coffee Dripper"}],"items_purged_floors":[],"is_endless":false,"potions_floor_spawned":[1,5,7,16,19,20,25,33,38,42,46],"killed_by":"Time Eater","ascension_level":20}}