{"host":"091y6d77ht7dl3wb","time":1610291253,"event":{"mods":["AchievementEnabler","BaseMod","Colored Map","Hermit","Minty Spire (QoL Compilation)","Rare Cards Sparkle","StSLib","everything is the same but u backflip on backflip"],"gold_per_floor":[99,99,99,99,14,14,14,14,14,0,0,0,0,0,0,0,0,0,0,0,0,0,0,0,0,0,0,0,0,0,0,0,0,0,0,0,0,0,0,0,0,0,0,0,0,0],"floor_reached":45,"playtime":1762,"items_purged":[],"score":527,"play_id":"f92f8b9a-a872-4495-9197-19352c3aebb6","local_time":"20210111000733","is_ascension_mode":false,"campfire_choices":[{"data":"Jack Of All Trades","floor":6,"key":"SMITH"},{"data":"Dagger Spray","floor":8,"key":"SMITH"},{"floor":15,"key":"REST"},{"floor":23,"key":"REST"},{"floor":30,"key":"REST"},{"data":"Flechettes","floor":32,"key":"SMITH"}],"circlet_count":0,"master_deck":["Strike_G+1","Strike_G+1","Strike_G+1","Strike_G+1","Defend_G+1","Defend_G+1","Defend_G+1","Defend_G+1","Defend_G+1","Survivor","Neutralize","Slice","Dagger Spray+1","Jack Of All Trades+1","Poisoned Stab","Slice","PiercingWail","Infinite Blades","Envenom","Dagger Throw+1","Backflip","Terror","Writhe","Cloak And Dagger","Dagger Throw","Deadly Poison","Storm of Steel","Flechettes+1","After Image","Blade Dance+1","PiercingWail+1","Bane","Blur+1","Backflip","Footwork+1"],"relics":["Ectoplasm","Akabeko","Shuriken","Pantograph","Runic Pyramid","Kunai","Eternal Feather","Mummified Hand","Dream Catcher","WristBlade","Paper Crane","Dead Branch","Gremlin Horn"],"acts_visited":["Exordium","TheCity","TheBeyond"],"potions_floor_usage":[16,16,27,29,38,41,45],"damage_taken":[{"damage":0,"enemies":"Small Slimes","floor":1,"turns":3},{"damage":0,"enemies":"Jaw Worm","floor":4,"turns":3},{"damage":2,"enemies":"2 Louse","floor":7,"turns":2},{"damage":0,"enemies":"Looter","floor":10,"turns":3},{"damage":4,"enemies":"Exordium Thugs","floor":13,"turns":3},{"damage":0,"enemies":"2 Fungi Beasts","floor":14,"turns":2},{"damage":20,"enemies":"Hexaghost","floor":16,"turns":7},{"damage":14,"enemies":"2 Thieves","floor":18,"turns":4},{"damage":4,"enemies":"Shell Parasite","floor":22,"turns":4},{"damage":0,"enemies":"Snecko","floor":25,"turns":4},{"damage":26,"enemies":"Gremlin Leader","floor":27,"turns":6},{"damage":14,"enemies":"Book of Stabbing","floor":29,"turns":5},{"damage":9,"enemies":"Snake Plant","floor":31,"turns":4},{"damage":31,"enemies":"Automaton","floor":33,"turns":8},{"damage":2,"enemies":"3 Darklings","floor":35,"turns":3},{"damage":10,"enemies":"Orb Walker","floor":36,"turns":3},{"damage":28,"enemies":"Sphere and 2 Shapes","floor":37,"turns":7},{"damage":7,"enemies":"Maw","floor":38,"turns":6},{"damage":7,"enemies":"Jaw Worm Horde","floor":39,"turns":3},{"damage":0,"enemies":"Giant Head","floor":40,"turns":6},{"damage":22,"enemies":"2 Orb Walkers","floor":41,"turns":4},{"damage":18,"enemies":"4 Shapes","floor":44,"turns":4},{"damage":3,"enemies":"Writhing Mass","floor":45,"turns":2}],"seed_played":"3360970515387682742","potions_obtained":[{"floor":7,"key":"PowerPotion"},{"floor":14,"key":"FairyPotion"},{"floor":16,"key":"EntropicBrew"},{"floor":27,"key":"Poison Potion"},{"floor":37,"key":"SkillPotion"},{"floor":39,"key":"GamblersBrew"},{"floor":40,"key":"Fire Potion"},{"floor":41,"key":"Fire Potion"}],"is_trial":false,"path_per_floor":["M","?","?","M","$","R","M","R","T","M","?","?","M","M","R","B",null,"M","?","?","$","M","R","?","M","T","E","?","E","R","M","R","B",null,"M","M","M","M","M","E","?","?","T","M","M"],"character_chosen":"THE_SILENT","items_purchased":["Jack Of All Trades"],"campfire_rested":3,"item_purchase_floors":[5],"current_hp_per_floor":[70,63,63,63,63,63,61,61,61,61,54,54,50,50,70,50,70,56,56,56,56,52,70,70,70,70,44,44,30,66,57,70,39,70,68,58,30,23,16,16,21,21,21,3,0,0],"gold":0,"neow_bonus":"BOSS_RELIC","is_daily":false,"chose_seed":false,"campfire_upgraded":3,"win_rate":0.0,"timestamp":1610291253,"path_taken":["M","?","?","M","$","R","M","R","T","?","?","?","?","M","R","BOSS","M","?","?","?","M","R","?","M","T","E","?","E","R","M","R","BOSS","M","M","M","M","M","E","?","?","T","?","M"],"items_purchased_type":["Card"],"build_version":"2020-12-22","purchased_purges":0,"victory":false,"max_hp_per_floor":[70,70,70,70,70,70,70,70,70,70,70,70,70,70,70,70,70,70,70,70,70,70,70,70,70,70,70,70,70,70,70,70,70,70,70,70,70,70,70,70,70,70,70,70,70,70],"card_choices":[{"not_picked":["Quick Slash","Flying Knee"],"picked":"Slice","floor":1},{"not_picked":["Eviscerate","Deadly Poison"],"picked":"Dagger Spray","floor":4},{"not_picked":["Concentrate","Infinite Blades"],"picked":"Poisoned Stab","floor":7},{"not_picked":["Bouncing Flask","Concentrate"],"picked":"Slice","floor":10},{"not_picked":["Distraction","Slice"],"picked":"PiercingWail","floor":13},{"not_picked":["Caltrops","Slice"],"picked":"Infinite Blades","floor":14},{"not_picked":["Die Die Die","Tools of the Trade"],"picked":"Envenom","floor":16},{"not_picked":["Quick Slash","Slice"],"picked":"Dagger Throw+1","floor":18},{"not_picked":["PiercingWail","Acrobatics"],"picked":"Terror","floor":22},{"not_picked":["Dodge and Roll","Deflect"],"picked":"Cloak And Dagger","floor":25},{"not_picked":["Noxious Fumes","Masterful Stab"],"picked":"Dagger Throw","floor":27},{"not_picked":["Underhanded Strike","Prepared"],"picked":"Deadly Poison","floor":29},{"not_picked":["Backflip","Quick Slash+1"],"picked":"Storm of Steel","floor":30},{"not_picked":["Bouncing Flask","Prepared+1"],"picked":"Flechettes","floor":31},{"not_picked":["Corpse Explosion","Storm of Steel"],"picked":"After Image","floor":33},{"not_picked":["Cloak And Dagger","Underhanded Strike+1"],"picked":"Blade Dance+1","floor":35},{"not_picked":["Quick Slash+1","Deflect"],"picked":"PiercingWail+1","floor":36},{"not_picked":["Concentrate+1","Deadly Poison"],"picked":"Bane","floor":37},{"not_picked":["Expertise","Acrobatics"],"picked":"Blur+1","floor":38},{"not_picked":["Eviscerate+1","Sucker Punch"],"picked":"Backflip","floor":39},{"not_picked":["Well Laid Plans+1","Finisher","Predator+1"],"picked":"SKIP","floor":40},{"not_picked":["Heel Hook","Bane"],"picked":"Footwork+1","floor":41},{"not_picked":["Sucker Punch","Concentrate","Flying Knee+1"],"picked":"SKIP","floor":44}],"player_experience":208874,"relics_obtained":[{"floor":9,"key":"Shuriken"},{"floor":26,"key":"Eternal Feather"},{"floor":27,"key":"Mummified Hand"},{"floor":29,"key":"Dream Catcher"},{"floor":40,"key":"Paper Crane"},{"floor":41,"key":"Dead Branch"},{"floor":43,"key":"Gremlin Horn"}],"event_choices":[{"cards_removed":["Strike_G"],"damage_healed":0,"gold_gain":0,"player_choice":"Card Removal","damage_taken":7,"max_hp_gain":0,"max_hp_loss":0,"event_name":"Golden Wing","floor":2,"gold_loss":0},{"damage_healed":0,"gold_gain":0,"player_choice":"Box","damage_taken":0,"relics_obtained":["Akabeko"],"max_hp_gain":0,"max_hp_loss":0,"event_name":"Big Fish","floor":3,"gold_loss":0,"cards_obtained":["Regret"]},{"damage_healed":0,"gold_gain":0,"player_choice":"Success","damage_taken":7,"relics_obtained":["Pantograph"],"max_hp_gain":0,"max_hp_loss":0,"event_name":"Scrap Ooze","floor":11,"gold_loss":0},{"cards_removed":["Regret"],"damage_healed":0,"gold_gain":0,"player_choice":"Purged","damage_taken":0,"max_hp_gain":0,"max_hp_loss":0,"event_name":"Purifier","floor":12,"gold_loss":0},{"damage_healed":0,"gold_gain":0,"player_choice":"Simplicity","damage_taken":0,"max_hp_gain":0,"max_hp_loss":0,"event_name":"Back to Basics","floor":19,"gold_loss":0,"cards_upgraded":["Strike_G","Strike_G","Strike_G","Strike_G","Defend_G","Defend_G","Defend_G","Defend_G","Defend_G"]},{"damage_healed":0,"gold_gain":0,"player_choice":"Read","damage_taken":0,"max_hp_gain":0,"max_hp_loss":0,"event_name":"The Library","floor":20,"gold_loss":0,"cards_obtained":["Backflip"]},{"damage_healed":0,"gold_gain":0,"player_choice":"Opened","damage_taken":0,"relics_obtained":["Kunai"],"max_hp_gain":0,"max_hp_loss":0,"event_name":"The Mausoleum","floor":24,"gold_loss":0,"cards_obtained":["Writhe"]},{"damage_healed":0,"gold_gain":0,"player_choice":"Ignored","damage_taken":0,"max_hp_gain":0,"max_hp_loss":0,"event_name":"NoteForYourself","floor":28,"gold_loss":0},{"damage_healed":0,"gold_gain":0,"player_choice":"Fight","damage_taken":0,"max_hp_gain":0,"max_hp_loss":0,"event_name":"Mysterious Sphere","floor":41,"gold_loss":0},{"damage_healed":0,"gold_gain":100,"player_choice":"Pray","damage_taken":0,"max_hp_gain":0,"max_hp_loss":0,"event_name":"Golden Shrine","floor":42,"gold_loss":0}],"is_beta":false,"boss_relics":[{"not_picked":["Philosopher\u0027s Stone","Fusion Hammer"],"picked":"Runic Pyramid"},{"not_picked":["Cursed Key","Coffee Dripper"],"picked":"WristBlade"}],"items_purged_floors":[],"is_endless":false,"potions_floor_spawned":[7,14,16,18,25,27,37,39,40,41],"killed_by":"Writhing Mass","ascension_level":0}}