{"host":"6h0diz2ap0m56grs","time":1610241767,"event":{"mods":["2.2 Compatiblity","BaseMod","Colored Map","Marisa????????","Minty Spire (QoL Compilation)","Quick Restart","Replay The Spire","Shop Mod","StSLib","The Servant 0.9.4"],"gold_per_floor":[115,130,180,65,65,99,99,129,129,158,178,178,203,231,231,353,353,373,373,373,373],"floor_reached":20,"playtime":5011,"items_purged":[],"score":305,"play_id":"8353184b-8a82-4a03-b5cf-5a38fb33bdad","local_time":"20210109192247","daily_mods":["SealedDeck","Heirloom","Time Dilation","Flight"],"is_ascension_mode":true,"campfire_choices":[{"data":"MilkyWay","floor":7,"key":"SMITH"},{"data":"EscapeVelocity","floor":12,"key":"SMITH"},{"data":"OneTimeOff","floor":15,"key":"SMITH"}],"circlet_count":0,"master_deck":["Singularity","OneTimeOff+1","GalacticHalo","GrandCross","PulseMagic","MeteoricShower","GasGiant","WitchLeyline","MeteoricShower","WitchLeyline","MilkyWay+1","GrandCross","WitchLeyline","GasGiant","MagicChant+1","EscapeVelocity+1","AsteroidBelt","SprinkleStarSeal","MagicChant"],"relics":["MiniHakkero","replay:Trail_Library","Replay:Multitool","MawBank","Peace Pipe","PreservedInsect","Shuriken","Replay:Bandana","Smiling Mask","Sozu"],"acts_visited":["Exordium","TheCity"],"potions_floor_usage":[],"damage_taken":[{"damage":0,"enemies":"2 Louse","floor":1,"turns":1},{"damage":0,"enemies":"Small Slimes","floor":2,"turns":1},{"damage":0,"enemies":"3 Sentries","floor":6,"turns":3},{"damage":0,"enemies":"Lagavulin","floor":8,"turns":3},{"damage":3,"enemies":"3 Sentries","floor":10,"turns":3},{"damage":0,"enemies":"Cultist","floor":11,"turns":1},{"damage":8,"enemies":"Exordium Thugs","floor":14,"turns":2},{"damage":0,"enemies":"Fading Forest","floor":16,"turns":8},{"damage":0,"enemies":"Chosen","floor":18,"turns":3},{"damage":0,"enemies":"2 Thieves","floor":20,"turns":1}],"seed_played":"-4577395734030671165","potions_obtained":[{"floor":1,"key":"Energy Potion"},{"floor":2,"key":"Reflective Coating"},{"floor":3,"key":"LiquidBronze"}],"is_trial":true,"path_per_floor":["M","M","?","$","?","E","R","E","T","E","M","R","T","M","R","B",null,"M","?","M"],"character_chosen":"MARISA","items_purchased":["WitchLeyline","GasGiant"],"campfire_rested":0,"item_purchase_floors":[4,4],"current_hp_per_floor":[75,75,57,57,57,57,57,57,57,54,54,54,54,46,46,46,75,75,75,75,75],"gold":373,"neow_bonus":"","is_daily":false,"chose_seed":false,"campfire_upgraded":3,"win_rate":0.0,"timestamp":1610241767,"path_taken":["M","M","?","$","?","E","R","E","T","E","?","R","?","M","R","BOSS","M","?","?"],"items_purchased_type":["Card","Card"],"build_version":"2020-12-22","purchased_purges":0,"victory":false,"max_hp_per_floor":[75,75,75,75,75,75,75,75,75,75,75,75,75,75,75,75,75,75,75,75,75],"card_choices":[{"not_picked":["Occultation","GalacticHalo"],"picked":"SporeBomb","floor":1},{"not_picked":["GalacticHalo","FairyDestructionRay"],"picked":"MilkyWay","floor":2},{"not_picked":["SporeBomb","ChargingUp"],"picked":"GrandCross","floor":3},{"not_picked":["ShootingEcho","PulseMagic","EventHorizon"],"picked":"SKIP","floor":6},{"not_picked":["DC","GalacticHalo","DoubleSpark"],"picked":"SKIP","floor":8},{"not_picked":["EnergyFlow","DC"],"picked":"EscapeVelocity","floor":10},{"not_picked":["Orbital","GrandCross"],"picked":"AsteroidBelt","floor":11},{"not_picked":["GravityBeat","DragonMeteor","Acceleration"],"picked":"SKIP","floor":14},{"not_picked":["StarBarrage","Occultation"],"picked":"SprinkleStarSeal","floor":18}],"player_experience":147251,"relics_obtained":[{"floor":3,"key":"MawBank"},{"floor":6,"key":"Peace Pipe"},{"floor":8,"key":"PreservedInsect"},{"floor":9,"key":"Shuriken"},{"floor":10,"key":"Replay:Bandana"},{"floor":13,"key":"Smiling Mask"}],"event_choices":[],"is_beta":false,"boss_relics":[{"not_picked":["Replay:Bronze Core","Kintsugi"],"picked":"Sozu"}],"items_purged_floors":[],"is_endless":false,"potions_floor_spawned":[1,2,8],"killed_by":"2 Thieves","ascension_level":1}}