{"host":"s7l2a3wroivred6i","time":1610237311,"event":{"mods":["AchievementEnabler","BaseMod","Better Altar","Better Match","Better Note","Better Sensory Stone","Better Skull","Better Synergies","Better Third Choice","BetterRewards","Conspire","Downfall","GifTheSpireLib","Hubris","Infinite Spire","Minty Spire (QoL Compilation)","Replay The Spire","Retaliation","StSLib","Stuff the Spire","The Blue Laboratory"],"gold_per_floor":[111,121,201,23,98,238,258,269,269,269,279,289,289,289,289,390,390,403,413,169,185,185,185,297,297,297,297,297],"floor_reached":27,"playtime":2451,"items_purged":[],"score":243,"play_id":"b52cce1e-f6a5-4424-9fb7-6728d1b8d799","local_time":"20210109190831","is_ascension_mode":false,"campfire_choices":[{"floor":10,"key":"REST"},{"data":"Judgement","floor":13,"key":"SMITH"},{"floor":15,"key":"REST"},{"floor":23,"key":"REST"},{"floor":25,"key":"REST"}],"circlet_count":0,"master_deck":["Strike_P","Strike_P","Strike_P","Strike_P","Defend_P","Defend_P","Defend_P","Defend_P","Eruption","Vigilance","ReplayTheSpireMod:Splinters","Judgement+1","WindmillStrike","JustLucky","ForeignInfluence","Collect","Blasphemy","Establishment","Consecrate","Trip","CrushJoints","Replay:Battleflow"],"relics":["PureWater","infinitespire:EmpoweringShard","StuffTheSpire:TintedRock","Thread and Needle","StuffTheSpire:ForceGauntlet","Oddly Smooth Stone","Black Star","Chemical X","Anchor","ReplayTheSpireMod:Ninjato"],"acts_visited":["Exordium","TheCity"],"potions_floor_usage":[6,12,12,16,16,24,24,24,27],"damage_taken":[{"damage":0,"enemies":"Cultist","floor":1,"turns":4},{"damage":1,"enemies":"Jaw Worm","floor":2,"turns":2},{"damage":35,"enemies":"Gremlin Nob","floor":6,"turns":5},{"damage":0,"enemies":"2 Louse","floor":7,"turns":3},{"damage":0,"enemies":"Blue Slaver","floor":8,"turns":3},{"damage":10,"enemies":"Exordium Wildlife","floor":11,"turns":3},{"damage":1,"enemies":"3 Louse","floor":12,"turns":3},{"damage":7,"enemies":"3 Sentries","floor":14,"turns":7},{"damage":17,"enemies":"The Guardian","floor":16,"turns":10},{"damage":17,"enemies":"2 Thieves","floor":18,"turns":4},{"damage":17,"enemies":"Chosen","floor":19,"turns":5},{"damage":28,"enemies":"Centurion and Healer","floor":21,"turns":6},{"damage":8,"enemies":"conspire:Head Lice","floor":24,"turns":10},{"damage":38,"enemies":"Nightmare","floor":27,"turns":7}],"seed_played":"1449365202865416946","potions_obtained":[{"floor":1,"key":"SteroidPotion"},{"floor":7,"key":"blueLaboratory:BottleOfRum"},{"floor":12,"key":"BottledMiracle"},{"floor":14,"key":"Weak Potion"},{"floor":22,"key":"hexamod:EctoCoolerPotion"},{"floor":22,"key":"blueLaboratory:LouseDecoction"},{"floor":22,"key":"blueLaboratory:ArtificerPotion"},{"floor":24,"key":"Ancient Potion"}],"is_trial":false,"path_per_floor":["M","M","T","$","?","E","M","M","T","R","M","M","R","E","R","B",null,"M","M","$","M","?","R","E","R","T","NM"],"character_chosen":"WATCHER","items_purchased":["StuffTheSpire:TintedRock","Elixir","Chemical X","Trip"],"campfire_rested":4,"item_purchase_floors":[4,4,20,20],"current_hp_per_floor":[72,71,71,71,60,25,25,25,25,46,41,40,40,33,54,37,72,55,38,38,10,10,31,23,44,44,6,6],"gold":297,"neow_bonus":"THREE_RARE_CARDS","is_daily":false,"chose_seed":false,"campfire_upgraded":1,"win_rate":0.0,"timestamp":1610237311,"path_taken":["M","?","?","?","?","E","M","M","T","R","?","M","R","E","R","BOSS","M","M","$","M","?","R","E","R","T","NM"],"items_purchased_type":["Relic","Potion","Relic","Card"],"build_version":"2020-12-22","purchased_purges":0,"victory":false,"max_hp_per_floor":[72,72,72,72,72,72,72,72,72,72,72,72,72,72,72,72,72,72,72,72,72,72,72,72,72,72,72,72],"card_choices":[{"not_picked":["Devotion","Scrawl"],"picked":"Judgement","floor":0},{"not_picked":["SignatureMove","FlurryOfBlows","DeceiveReality"],"picked":"SKIP","floor":1},{"not_picked":["FollowUp","ThirdEye"],"picked":"WindmillStrike","floor":2},{"not_picked":["Evaluate","Consecrate"],"picked":"JustLucky","floor":6},{"not_picked":["EmptyMind","MentalFortress","Halt"],"picked":"SKIP","floor":7},{"not_picked":["Prostrate","Replay:BluntJabs"],"picked":"ForeignInfluence","floor":8},{"not_picked":["Omniscience","Wireheading"],"picked":"Collect","floor":11},{"not_picked":["Replay:AtTheReady","CutThroughFate","Evaluate"],"picked":"SKIP","floor":12},{"not_picked":["DeceiveReality","WindmillStrike"],"picked":"Blasphemy","floor":14},{"not_picked":["SpiritShield","DeusExMachina"],"picked":"Establishment","floor":16},{"not_picked":["FlurryOfBlows","Replay:AtTheReady","EmptyBody"],"picked":"SKIP","floor":18},{"not_picked":["Meditate","InnerPeace"],"picked":"Consecrate","floor":19},{"not_picked":["Meditate","Replay:BluntJabs"],"picked":"CrushJoints","floor":21},{"not_picked":["Nirvana","DeceiveReality"],"picked":"Replay:Battleflow","floor":24}],"player_experience":329338,"relics_obtained":[{"floor":3,"key":"infinitespire:EmpoweringShard"},{"floor":6,"key":"Thread and Needle"},{"floor":9,"key":"StuffTheSpire:ForceGauntlet"},{"floor":14,"key":"Oddly Smooth Stone"},{"floor":24,"key":"Anchor"},{"floor":26,"key":"ReplayTheSpireMod:Ninjato"}],"event_choices":[{"damage_healed":0,"gold_gain":75,"player_choice":"Gold","damage_taken":11,"max_hp_gain":0,"max_hp_loss":0,"event_name":"betterThird:BetterGoop","floor":5,"gold_loss":0},{"damage_healed":0,"gold_gain":0,"player_choice":"Got Potions","damage_taken":0,"max_hp_gain":0,"max_hp_loss":0,"event_name":"Lab","floor":22,"gold_loss":0}],"is_beta":false,"boss_relics":[{"not_picked":["Ectoplasm","Cursed Key"],"picked":"Black Star"}],"items_purged_floors":[],"is_endless":false,"potions_floor_spawned":[1,6,7,12,14,21,24],"killed_by":"Nightmare","ascension_level":0}}