{"host":"5x08nt64u3vxxcfi","time":1610258480,"event":{"mods":["BaseMod","Minty Spire (QoL Compilation)","StSLib","SuperFastMode"],"gold_per_floor":[109,184,202,127,144,172,172,172,172,250,250,150,190,10,10,138,138,159,159,159,15,35,35,35,76,100,100,100,100,100,123,123,123,123],"floor_reached":33,"playtime":624,"items_purged":["Strike_G","Strike_G"],"score":539,"play_id":"1e180061-f936-452e-a387-c5a79fe4c50c","local_time":"20210110150120","is_ascension_mode":true,"campfire_choices":[{"data":"Poisoned Stab","floor":7.0,"key":"SMITH"},{"floor":11.0,"key":"REST"},{"data":"Neutralize","floor":15.0,"key":"SMITH"},{"floor":23,"key":"REST"},{"floor":28,"key":"REST"},{"data":"Neutralize","floor":30,"key":"SMITH"},{"floor":32,"key":"REST"}],"circlet_count":0,"master_deck":["Defend_G","Defend_G","Defend_G","Defend_G","Defend_G","Survivor","Neutralize+1","Poisoned Stab+1","Bouncing Flask","Backstab","Dagger Throw","Deadly Poison","Bane","Tools of the Trade+1","Sucker Punch+1","Neutralize+1","Corpse Explosion","Blur","Deflect","Blur","Bite","Bite","Bite","Bite","Bite","Noxious Fumes+1","Leg Sweep","Tools of the Trade+1"],"relics":["Ring of the Snake","Turnip","WingedGreaves","Golden Idol","TungstenRod","Frozen Egg 2","Strange Spoon","Black Star","White Beast Statue","Membership Card","The Courier","Ninja Scroll","Dream Catcher"],"acts_visited":["Exordium","TheCity"],"potions_floor_usage":[25,33,33,33],"damage_taken":[{"damage":0.0,"enemies":"2 Louse","floor":1.0,"turns":5.0},{"damage":1.0,"enemies":"Jaw Worm","floor":3.0,"turns":5.0},{"damage":6.0,"enemies":"Cultist","floor":5.0,"turns":3.0},{"damage":15.0,"enemies":"3 Sentries","floor":6.0,"turns":7.0},{"damage":25.0,"enemies":"Lagavulin","floor":13.0,"turns":6.0},{"damage":11.0,"enemies":"Hexaghost","floor":16.0,"turns":7.0},{"damage":20.0,"enemies":"Spheric Guardian","floor":18.0,"turns":4.0},{"damage":14,"enemies":"2 Thieves","floor":22,"turns":3},{"damage":31,"enemies":"Slavers","floor":25,"turns":3},{"damage":32,"enemies":"Centurion and Healer","floor":31,"turns":6},{"damage":25,"enemies":"Automaton","floor":33,"turns":6}],"seed_played":"4964349738952629909","potions_obtained":[{"floor":3.0,"key":"DistilledChaos"},{"floor":5.0,"key":"Strength Potion"},{"floor":13.0,"key":"Swift Potion"},{"floor":18.0,"key":"SpeedPotion"},{"floor":22,"key":"Regen Potion"},{"floor":25,"key":"SmokeBomb"},{"floor":31,"key":"LiquidMemories"}],"is_trial":false,"path_per_floor":["M","?","M","$","M","E","R","?","T","?","R","$","E","$","R","B",null,"M","T","?","$","M","R","$","E","T","?","R","?","R","M","R","B"],"character_chosen":"THE_SILENT","items_purchased":["Strange Spoon","Bane","Membership Card"],"campfire_rested":4,"item_purchase_floors":[14,14,21],"current_hp_per_floor":[63,52,51,51,45,30,30,30,30,30,49,49,24,24,24,13,52,32,32,32,32,18,37,37,15,15,15,28,28,28,4,17,0,0],"gold":123,"neow_bonus":"ONE_RARE_RELIC","is_daily":false,"chose_seed":false,"campfire_upgraded":3,"win_rate":0.0,"timestamp":1610258480,"path_taken":["M","?","M","$","M","E","R","?","T","?","R","?","E","$","R","BOSS","M","?","?","$","?","R","$","E","T","?","R","?","R","?","R","BOSS"],"items_purchased_type":["Relic","Card","Relic"],"build_version":"2020-12-22","purchased_purges":2,"victory":false,"max_hp_per_floor":[70,70,70,70,70,70,70,65,65,65,65,65,65,65,65,65,65,65,65,65,65,65,65,65,65,65,45,45,45,45,45,45,45,45],"card_choices":[{"not_picked":["Blur","Deadly Poison"],"picked":"Poisoned Stab","floor":1.0},{"not_picked":["Infinite Blades","Outmaneuver"],"picked":"Bouncing Flask","floor":3.0},{"not_picked":["Underhanded Strike","Outmaneuver"],"picked":"Backstab","floor":5.0},{"not_picked":["Storm of Steel","Outmaneuver"],"picked":"Dagger Throw","floor":6.0},{"not_picked":["Concentrate","Tools of the Trade+1"],"picked":"Deadly Poison","floor":13.0},{"not_picked":["Unload","Storm of Steel"],"picked":"Tools of the Trade+1","floor":16.0},{"not_picked":["Dodge and Roll","Underhanded Strike"],"picked":"Sucker Punch+1","floor":18.0},{"not_picked":["Cloak And Dagger","Dagger Spray"],"picked":"Deflect","floor":22},{"not_picked":["PiercingWail","Reflex"],"picked":"Blur","floor":25},{"not_picked":["Quick Slash","Flying Knee"],"picked":"Noxious Fumes+1","floor":28},{"not_picked":["Acrobatics","Underhanded Strike+1"],"picked":"Leg Sweep","floor":31},{"not_picked":["Escape Plan","Deadly Poison"],"picked":"Tools of the Trade+1","floor":32}],"player_experience":75522,"relics_obtained":[{"floor":6.0,"key":"WingedGreaves"},{"floor":9.0,"key":"TungstenRod"},{"floor":13.0,"key":"Frozen Egg 2"},{"floor":19.0,"key":"White Beast Statue"},{"floor":25,"key":"The Courier"},{"floor":25,"key":"Ninja Scroll"},{"floor":26,"key":"Dream Catcher"}],"event_choices":[{"damage_healed":0.0,"max_hp_gain":0.0,"max_hp_loss":0.0,"gold_gain":75.0,"event_name":"World of Goop","player_choice":"Gather Gold","floor":2.0,"gold_loss":0.0,"damage_taken":11.0},{"damage_healed":0.0,"max_hp_gain":0.0,"max_hp_loss":5.0,"gold_gain":0.0,"event_name":"Golden Idol","player_choice":"Lose Max HP","floor":8.0,"gold_loss":0.0,"damage_taken":0.0,"relics_obtained":["Golden Idol"]},{"damage_healed":0.0,"max_hp_gain":0.0,"max_hp_loss":0.0,"gold_gain":78.0,"event_name":"Golden Wing","player_choice":"Gained Gold","floor":10.0,"gold_loss":0.0,"damage_taken":0.0},{"damage_healed":0,"gold_gain":0,"player_choice":"3 cards matched","damage_taken":0,"max_hp_gain":0,"max_hp_loss":0,"event_name":"Match and Keep!","floor":20,"gold_loss":0,"cards_obtained":["Neutralize","Corpse Explosion","Blur"]},{"damage_healed":0,"gold_gain":0,"player_choice":"Became a vampire","damage_taken":0,"max_hp_gain":0,"max_hp_loss":20,"event_name":"Vampires","floor":27,"gold_loss":0,"cards_obtained":["Bite","Bite","Bite","Bite","Bite"]},{"cards_removed":["Clumsy"],"damage_healed":0,"gold_gain":0,"player_choice":"Elegance","damage_taken":0,"max_hp_gain":0,"max_hp_loss":0,"event_name":"Back to Basics","floor":29,"gold_loss":0}],"is_beta":false,"boss_relics":[{"not_picked":["Tiny House","SlaversCollar"],"picked":"Black Star"}],"items_purged_floors":[4,12],"is_endless":false,"potions_floor_spawned":[3,5,13,18,22,25,31],"killed_by":"Automaton","ascension_level":8}}