{"host":"p6s16n2sj7zvsuor","time":1610299303,"event":{"mods":["BaseMod","Minty Spire (QoL Compilation)"],"gold_per_floor":[20,20,20,37,55,87,87,87,87],"floor_reached":8,"playtime":334,"items_purged":[],"score":73,"play_id":"5dddc050-e1fa-4745-9027-e4bd16980b23","local_time":"20210110192143","is_ascension_mode":true,"campfire_choices":[{"data":"Flechettes","floor":7,"key":"SMITH"}],"circlet_count":0,"master_deck":["Strike_G","Strike_G","Defend_G","Defend_G","Defend_G","Defend_G","Survivor","Neutralize","Blur","Cloak And Dagger","Venomology","Flechettes+1"],"relics":["Ring of the Snake","Snake Skull"],"acts_visited":["Exordium"],"potions_floor_usage":[6,6,6,8],"damage_taken":[{"damage":13,"enemies":"Jaw Worm","floor":1,"turns":6},{"damage":1,"enemies":"Small Slimes","floor":4,"turns":5},{"damage":8,"enemies":"Cultist","floor":5,"turns":6},{"damage":15,"enemies":"Lagavulin","floor":6,"turns":8},{"damage":26,"enemies":"Gremlin Nob","floor":8,"turns":3}],"seed_played":"4936120959554003807","potions_obtained":[{"floor":1,"key":"Fire Potion"},{"floor":5,"key":"Fire Potion"}],"is_trial":false,"path_per_floor":["M","?","?","M","M","E","R","E"],"character_chosen":"THE_SILENT","items_purchased":[],"campfire_rested":0,"item_purchase_floors":[],"current_hp_per_floor":[50,50,50,49,41,26,26,0,0],"gold":87,"neow_bonus":"REMOVE_TWO","is_daily":false,"chose_seed":false,"campfire_upgraded":1,"win_rate":0.0,"timestamp":1610299303,"path_taken":["M","?","?","M","?","E","R","E"],"items_purchased_type":[],"build_version":"2020-12-22","purchased_purges":0,"victory":false,"max_hp_per_floor":[70,70,70,70,70,70,70,70,70],"card_choices":[{"not_picked":["Bane","Outmaneuver"],"picked":"Blur","floor":1},{"not_picked":["Dagger Throw","Prepared"],"picked":"Cloak And Dagger","floor":4},{"not_picked":["Catalyst","Crippling Poison"],"picked":"Venomology","floor":5},{"not_picked":["Poisoned Stab","Choke"],"picked":"Flechettes","floor":6}],"player_experience":786781,"relics_obtained":[{"floor":6,"key":"Snake Skull"}],"event_choices":[{"cards_removed":["Strike_G"],"damage_healed":0,"gold_gain":0,"player_choice":"Forget","damage_taken":0,"max_hp_gain":0,"max_hp_loss":0,"event_name":"Living Wall","floor":2,"gold_loss":0},{"cards_removed":["Defend_G"],"damage_healed":0,"gold_gain":0,"player_choice":"Offered Basic","damage_taken":0,"max_hp_gain":0,"max_hp_loss":0,"event_name":"Bonfire Elementals","floor":3,"gold_loss":0}],"is_beta":false,"boss_relics":[],"items_purged_floors":[],"is_endless":false,"potions_floor_spawned":[1,5],"killed_by":"Gremlin Nob","ascension_level":6}}