{"host":"cg4v982k2u4fkmak","time":1610261160,"event":{"mods":["BaseMod","Colored Map","Marisa£®ÏF”Í°°ƒß¿Ì…≥£©","Minty Spire (QoL Compilation)","Shop Mod","StSLib","The Servant 0.9.4","UnlockEverythingMod"],"gold_per_floor":[117,137,150,150,75,75,94,94,94,108,108,127,140,165,165,289,289,307,321,335,335,350,350,375,474,474,474,474,488,488,512,512,512,512],"floor_reached":33,"playtime":3050,"items_purged":["Strike_G"],"score":245,"play_id":"1dbb7efd-1987-4305-a6cc-750791420ea5","local_time":"20210110144600","is_ascension_mode":false,"campfire_choices":[{"data":"Neutralize","floor":6,"key":"SMITH"},{"data":"Survivor","floor":8,"key":"SMITH"},{"data":"A Thousand Cuts","floor":15,"key":"SMITH"},{"floor":23,"key":"REST"},{"floor":28,"key":"REST"},{"floor":30,"key":"REST"},{"data":"Acrobatics","floor":32,"key":"SMITH"}],"circlet_count":0,"master_deck":["Survivor+1","Neutralize+1","Sucker Punch","Poisoned Stab","Backflip","Calculated Gamble","PiercingWail","Parasite","A Thousand Cuts+1","Escape Plan","Prepared","Eviscerate","Dagger Spray","Glass Knife","Bullet Time","Skewer","Underhanded Strike","Catalyst","Endless Agony","Poisoned Stab+1","Acrobatics+1","Prepared+1","Calculated Gamble","Prepared","Backflip+1","Quick Slash"],"relics":["Ring of the Snake","Golden Idol","Incense Burner","Pandora\u0027s Box","Boot","FaceOfCleric"],"acts_visited":["Exordium","TheCity"],"potions_floor_usage":[16,16,16,22,24,33],"damage_taken":[{"damage":0,"enemies":"Small Slimes","floor":1,"turns":5},{"damage":1,"enemies":"Jaw Worm","floor":2,"turns":4},{"damage":0,"enemies":"Cultist","floor":3,"turns":3},{"damage":0,"enemies":"Exordium Wildlife","floor":7,"turns":3},{"damage":0,"enemies":"Blue Slaver","floor":10,"turns":5},{"damage":3,"enemies":"Lots of Slimes","floor":12,"turns":5},{"damage":13,"enemies":"Exordium Wildlife","floor":13,"turns":5},{"damage":6,"enemies":"Exordium Thugs","floor":14,"turns":4},{"damage":14,"enemies":"Slime Boss","floor":16,"turns":8},{"damage":0,"enemies":"Chosen","floor":18,"turns":5},{"damage":5,"enemies":"2 Thieves","floor":19,"turns":4},{"damage":22,"enemies":"Snecko","floor":20,"turns":5},{"damage":25,"enemies":"3 Cultists","floor":22,"turns":4},{"damage":14,"enemies":"Shelled Parasite and Fungi","floor":24,"turns":4},{"damage":26,"enemies":"Centurion and Healer","floor":29,"turns":6},{"damage":4,"enemies":"Snecko","floor":31,"turns":5},{"damage":65,"enemies":"Collector","floor":33,"turns":8}],"seed_played":"8578892680970648256","potions_obtained":[{"floor":3,"key":"EssenceOfSteel"},{"floor":7,"key":"EssenceOfSteel"},{"floor":12,"key":"SmokeBomb"},{"floor":14,"key":"BlessingOfTheForge"},{"floor":18,"key":"CunningPotion"},{"floor":19,"key":"SpeedPotion"},{"floor":22,"key":"LiquidBronze"}],"is_trial":false,"path_per_floor":["M","M","M","?","$","R","M","R","T","M","?","M","M","M","R","B",null,"M","M","M","?","M","R","M","?","T","?","R","M","R","M","R","B"],"character_chosen":"THE_SILENT","items_purchased":[],"campfire_rested":3,"item_purchase_floors":[],"current_hp_per_floor":[77,76,76,57,57,57,57,57,57,57,76,73,60,54,54,40,77,77,72,50,50,25,48,34,34,34,34,57,32,55,52,52,0,0],"gold":512,"neow_bonus":"TEN_PERCENT_HP_BONUS","is_daily":false,"chose_seed":false,"campfire_upgraded":4,"win_rate":0.0,"timestamp":1610261160,"path_taken":["M","M","M","?","$","R","M","R","T","M","?","M","M","M","R","BOSS","M","M","M","?","M","R","?","?","T","?","R","M","R","M","R","BOSS"],"items_purchased_type":[],"build_version":"2020-12-22","purchased_purges":1,"victory":false,"max_hp_per_floor":[77,77,77,77,77,77,77,77,77,77,77,77,77,77,77,77,77,77,77,77,77,77,77,77,77,77,77,77,78,78,79,79,79,79],"card_choices":[{"not_picked":["Outmaneuver","PiercingWail"],"picked":"Sucker Punch","floor":1},{"not_picked":["Crippling Poison","Dagger Spray"],"picked":"Poisoned Stab","floor":2},{"not_picked":["Sucker Punch","Flying Knee"],"picked":"Backflip","floor":3},{"not_picked":["Backflip","Slice"],"picked":"Calculated Gamble","floor":7},{"not_picked":["Footwork","Cloak And Dagger"],"picked":"PiercingWail","floor":10},{"not_picked":["Dagger Spray","Outmaneuver"],"picked":"A Thousand Cuts","floor":12},{"not_picked":["Calculated Gamble","Blade Dance"],"picked":"Escape Plan","floor":13},{"not_picked":["Blur","Bouncing Flask"],"picked":"Prepared","floor":14},{"not_picked":["Noxious Fumes","Accuracy"],"picked":"Poisoned Stab+1","floor":18},{"not_picked":["Backflip","Blur"],"picked":"Acrobatics","floor":19},{"not_picked":["Dagger Throw+1","Riddle With Holes"],"picked":"Prepared+1","floor":20},{"not_picked":["Acrobatics","Prepared"],"picked":"Calculated Gamble","floor":22},{"not_picked":["Outmaneuver+1","Bane"],"picked":"Prepared","floor":24},{"not_picked":["Outmaneuver","Finisher"],"picked":"Backflip+1","floor":29},{"not_picked":["Dagger Throw","Flechettes"],"picked":"Quick Slash","floor":31}],"player_experience":33097,"relics_obtained":[{"floor":9,"key":"Incense Burner"},{"floor":26,"key":"Boot"}],"event_choices":[{"damage_healed":0,"gold_gain":0,"player_choice":"Take Damage","damage_taken":19,"relics_obtained":["Golden Idol"],"max_hp_gain":0,"max_hp_loss":0,"event_name":"Golden Idol","floor":4,"gold_loss":0},{"damage_healed":19,"gold_gain":0,"player_choice":"Healed and dodged fight","damage_taken":0,"max_hp_gain":0,"max_hp_loss":0,"event_name":"Mushrooms","floor":11,"gold_loss":0,"cards_obtained":["Parasite"]},{"cards_removed":["Corpse Explosion"],"damage_healed":0,"gold_gain":0,"player_choice":"Purged","damage_taken":0,"max_hp_gain":0,"max_hp_loss":0,"event_name":"Purifier","floor":21,"gold_loss":0},{"damage_healed":0,"gold_gain":99,"player_choice":"Stole From Cult","damage_taken":0,"max_hp_gain":0,"max_hp_loss":0,"event_name":"Nest","floor":25,"gold_loss":0},{"damage_healed":0,"gold_gain":0,"player_choice":"Trade","damage_taken":0,"relics_obtained":["FaceOfCleric"],"max_hp_gain":0,"max_hp_loss":0,"event_name":"FaceTrader","floor":27,"gold_loss":0}],"is_beta":false,"boss_relics":[{"not_picked":["Philosopher\u0027s Stone","Busted Crown"],"picked":"Pandora\u0027s Box"}],"items_purged_floors":[5],"is_endless":false,"potions_floor_spawned":[3,7,12,14,18,19,22],"killed_by":"Collector","ascension_level":0}}