{"host":"bpkhhmvsfrvlto2l","time":1610250386,"event":{"mods":["2.2 Compatiblity","AchievementEnabler","Act Like it!","AlwaysNeverKeys","Aspiration","BaseMod","Better Silent Start","Challenge The Spire","Colored Map","Colored Powertips","Custom Start","Downfall","Energized Spire","Friendly Minions","GifTheSpireLib","Halation","Hubris","Infinite Spire","Ironclad Rager","Mimic Mod","Minty Spire (QoL Compilation)","Permanent Neow","Quick Restart","Random Character Button","Relic Sorter","Replay The Spire","Spikes Relics","StSLib","Stuff the Spire","Swap Starting Deck Mod","Trackpad"],"gold_per_floor":[99,111,111,111,129,129,167,178,196,196,146,181,196,214,231,231,231,231],"floor_reached":16,"playtime":434,"items_purged":[],"score":104,"play_id":"9f8bb563-7508-4579-824b-7d6c81237efc","local_time":"20210109224626","is_ascension_mode":false,"campfire_choices":[{"data":"Slimebound:CorrosiveSpit","floor":1,"key":"SMITH"},{"data":"Slimebound:ItLooksTasty","floor":11,"key":"SMITH"}],"circlet_count":0,"master_deck":["Slimebound:Strike_Slimebound","Slimebound:Strike_Slimebound","Slimebound:Strike_Slimebound","Slimebound:Tackle+1","Slimebound:Defend_Slimebound","Slimebound:Defend_Slimebound+1","Slimebound:Defend_Slimebound","Slimebound:Defend_Slimebound","Slimebound:Split","Slimebound:CorrosiveSpit+1","Slimebound:ItLooksTasty+1","Slimebound:GrowthPunch+1","Regret","Slimebound:GoopSpray","Slimebound:RainOfGoop"],"relics":["Slimebound:AbsorbEndCombat","Slimebound:GreedOozeRelic","aspiration:Lifesprig","halation:EternalFortune","hubris:Metronome"],"acts_visited":["Exordium"],"potions_floor_usage":[12,16],"damage_taken":[{"damage":8,"enemies":"Cultist","floor":2,"turns":4},{"damage":0,"enemies":"2 Louse","floor":5,"turns":2},{"damage":8,"enemies":"Jaw Worm","floor":7,"turns":6},{"damage":22,"enemies":"Jaw Worm","floor":8,"turns":4},{"damage":7,"enemies":"3 Louse","floor":9,"turns":2},{"damage":32,"enemies":"Lagavulin","floor":12,"turns":5},{"damage":15,"enemies":"Exordium Thugs","floor":13,"turns":3},{"damage":0,"enemies":"Blue Slaver","floor":14,"turns":2},{"damage":19,"enemies":"Red Slaver","floor":15,"turns":2},{"damage":85,"enemies":"downfall:Defect","floor":16,"turns":6}],"seed_played":"-529228340809606327","potions_obtained":[{"floor":2,"key":"SmokeBomb"},{"floor":8,"key":"Swift Potion"},{"floor":15,"key":"Energy Potion"}],"is_trial":false,"path_per_floor":["R","M","?","?","M","?","MIM","M","M","?","R","E","M","M","M","B"],"character_chosen":"SLIMEBOUND","items_purchased":[],"campfire_rested":0,"item_purchase_floors":[],"current_hp_per_floor":[66,62,62,66,66,66,66,52,57,60,60,56,61,69,53,0,0,0],"gold":231,"neow_bonus":"TEN_PERCENT_HP_BONUS","is_daily":false,"chose_seed":false,"campfire_upgraded":2,"win_rate":0.0,"timestamp":1610250386,"path_taken":["R","M","?","?","M","?","MIM","M","M","?","R","E","M","?","M","BOSS"],"items_purchased_type":[],"build_version":"2020-12-22","purchased_purges":0,"victory":false,"max_hp_per_floor":[66,66,66,66,66,66,66,66,66,69,69,69,69,69,69,69,69,69],"card_choices":[{"not_picked":["Slimebound:GoopTackle","Slimebound:LevelUp"],"picked":"Slimebound:ItLooksTasty","floor":2},{"not_picked":["Slimebound:ServeAndProtect","Slimebound:ComboTackle"],"picked":"Slimebound:GrowthPunch","floor":5},{"not_picked":["Slimebound:SplitBruiser","Slimebound:DouseInSlime"],"picked":"Slimebound:GoopSpray","floor":13},{"not_picked":["Slimebound:SplitMire","Slimebound:GrowthPunch"],"picked":"Slimebound:RainOfGoop","floor":15}],"player_experience":60110,"relics_obtained":[{"floor":7,"key":"aspiration:Lifesprig"},{"floor":12,"key":"hubris:Metronome"}],"event_choices":[],"is_beta":false,"boss_relics":[],"items_purged_floors":[],"is_endless":false,"potions_floor_spawned":[2,8,15],"killed_by":"downfall:Defect","ascension_level":0}}