{"host":"q9szs7qndgdlcq24","time":1610296055,"event":{"mods":["2.2 Compatiblity","AchievementEnabler","BaseMod","Bestiary","Colored Map","Colored Powertips","Dark Map","DeckTracker","Displayed Cursed Tome","Highlight Path","Minty Spire (QoL Compilation)","Random Character Button","StSLib","Unknown Chances"],"gold_per_floor":[113,130,80,155,30,59,59,70,119,137,137,148,148,168,168,263,263,277,277,277,293,85,114,114,125,152,171,171,171],"floor_reached":28,"playtime":1957,"items_purged":["Defend_B"],"score":265,"play_id":"6349c2e7-c1ee-49bc-af04-06f337e06176","local_time":"20210110192735","is_ascension_mode":false,"campfire_choices":[{"floor":13.0,"key":"REST"},{"floor":15.0,"key":"REST"},{"data":"Barrage","floor":24,"key":"SMITH"}],"circlet_count":0,"master_deck":["Strike_B","Strike_B","Defend_B","Defend_B","Defend_B","Zap","Dualcast","Barrage+1","Streamline","Conserve Battery","Chaos","Machine Learning","Rebound","Ball Lightning","Electrodynamics","Beam Cell+1","Blizzard","Leap","Loop","Ball Lightning+1"],"relics":["Cracked Core","Happy Flower","Strawberry","Anchor","Shovel","Inserter","Lee\u0027s Waffle","Bottled Lightning","Pen Nib"],"acts_visited":["Exordium","TheCity"],"potions_floor_usage":[18,27,28],"damage_taken":[{"damage":2.0,"enemies":"2 Louse","floor":1.0,"turns":3.0},{"damage":5.0,"enemies":"Small Slimes","floor":2.0,"turns":4.0},{"damage":18.0,"enemies":"Gremlin Nob","floor":6.0,"turns":4.0},{"damage":6.0,"enemies":"Jaw Worm","floor":8.0,"turns":3.0},{"damage":2.0,"enemies":"2 Fungi Beasts","floor":10.0,"turns":3.0},{"damage":7.0,"enemies":"Blue Slaver","floor":12.0,"turns":3.0},{"damage":13.0,"enemies":"Exordium Thugs","floor":14.0,"turns":4.0},{"damage":28.0,"enemies":"Hexaghost","floor":16.0,"turns":8.0},{"damage":13,"enemies":"2 Thieves","floor":18,"turns":3},{"damage":23,"enemies":"Spheric Guardian","floor":21,"turns":4},{"damage":46,"enemies":"Slavers","floor":23,"turns":4},{"damage":19,"enemies":"Cultist and Chosen","floor":25,"turns":4},{"damage":36,"enemies":"3 Cultists","floor":27,"turns":5},{"damage":10,"enemies":"Snecko","floor":28,"turns":2}],"seed_played":"-3273998154740504839","potions_obtained":[{"floor":1.0,"key":"EssenceOfSteel"},{"floor":6.0,"key":"CultistPotion"},{"floor":10.0,"key":"Swift Potion"},{"floor":14.0,"key":"Energy Potion"},{"floor":16.0,"key":"LiquidMemories"},{"floor":18,"key":"Dexterity Potion"},{"floor":21,"key":"Regen Potion"},{"floor":27,"key":"DistilledChaos"}],"is_trial":false,"path_per_floor":["M","M","?","?","$","E","?","M","T","M","T","M","R","M","R","B",null,"M","?","?","M","$","E","R","M","T","M","M"],"character_chosen":"DEFECT","items_purchased":["Conserve Battery","Lee\u0027s Waffle","Leap"],"campfire_rested":2,"item_purchase_floors":[5,22,22],"current_hp_per_floor":[73,68,68,57,57,46,46,40,40,38,38,31,55,42,66,38,82,69,53,53,30,94,48,48,29,29,5,0,0],"gold":171,"neow_bonus":"RANDOM_COMMON_RELIC","is_daily":false,"chose_seed":false,"campfire_upgraded":1,"win_rate":0.0,"timestamp":1610296055,"path_taken":["M","M","?","?","$","E","?","M","T","M","?","?","R","M","R","BOSS","M","?","?","M","$","E","R","?","T","M","M"],"items_purchased_type":["Card","Relic","Card"],"build_version":"2020-12-22","purchased_purges":1,"victory":false,"max_hp_per_floor":[75,75,75,75,75,82,82,82,82,82,82,82,82,82,82,82,82,82,87,87,87,94,94,94,94,94,94,94,94],"card_choices":[{"not_picked":["Melter","Sweeping Beam"],"picked":"Barrage","floor":1.0},{"not_picked":["Heatsinks","Sweeping Beam"],"picked":"Streamline","floor":2.0},{"not_picked":["Beam Cell","Undo"],"picked":"Chaos","floor":6.0},{"not_picked":["Heatsinks","Hologram","Reprogram"],"picked":"SKIP","floor":8.0},{"not_picked":["Go for the Eyes","Hologram"],"picked":"Machine Learning","floor":10.0},{"not_picked":["Coolheaded","Force Field"],"picked":"Rebound","floor":12.0},{"not_picked":["Melter","Leap"],"picked":"Ball Lightning","floor":14.0},{"not_picked":["Thunder Strike","Machine Learning"],"picked":"Electrodynamics","floor":16.0},{"not_picked":["Tempest","Steam"],"picked":"Beam Cell+1","floor":18},{"not_picked":["Heatsinks","Reprogram+1","Coolheaded"],"picked":"SKIP","floor":21},{"not_picked":["Leap+1","Multi-Cast","Loop"],"picked":"SKIP","floor":23},{"not_picked":["Leap+1","Multi-Cast"],"picked":"Loop","floor":23},{"not_picked":["Doom and Gloom+1","Rebound+1"],"picked":"Ball Lightning+1","floor":25},{"not_picked":["Lockon","Storm","Hello World"],"picked":"SKIP","floor":27}],"player_experience":39140,"relics_obtained":[{"floor":6.0,"key":"Strawberry"},{"floor":9.0,"key":"Anchor"},{"floor":11.0,"key":"Shovel"},{"floor":23,"key":"Bottled Lightning"},{"floor":26,"key":"Pen Nib"}],"event_choices":[{"cards_removed":["Strike_B"],"damage_healed":0.0,"max_hp_gain":0.0,"max_hp_loss":0.0,"gold_gain":0.0,"event_name":"The Cleric","player_choice":"Card Removal","floor":3.0,"gold_loss":50.0,"damage_taken":0.0},{"damage_healed":0.0,"max_hp_gain":0.0,"max_hp_loss":0.0,"gold_gain":75.0,"event_name":"World of Goop","player_choice":"Gather Gold","floor":4.0,"gold_loss":0.0,"damage_taken":11.0},{"damage_healed":0.0,"max_hp_gain":0.0,"max_hp_loss":0.0,"gold_gain":0.0,"event_name":"Liars Game","player_choice":"Ignored","floor":7.0,"gold_loss":0.0,"damage_taken":0.0},{"damage_healed":0,"gold_gain":0,"player_choice":"Shed Blood","damage_taken":21,"max_hp_gain":5,"max_hp_loss":0,"event_name":"Forgotten Altar","floor":19,"gold_loss":0},{"damage_healed":0,"gold_gain":0,"cards_transformed":["Strike_B"],"player_choice":"Transformed","damage_taken":0,"max_hp_gain":0,"max_hp_loss":0,"event_name":"Transmorgrifier","floor":20,"gold_loss":0,"cards_obtained":["Blizzard"]}],"is_beta":false,"boss_relics":[{"not_picked":["Sozu","Snecko Eye"],"picked":"Inserter"}],"items_purged_floors":[5],"is_endless":false,"potions_floor_spawned":[1,6,10,14,16,18,21,27],"killed_by":"Snecko","ascension_level":0}}