{"host":"4rvakrj1idbgia3f","time":1610269328,"event":{"mods":["BaseMod","Colored Map","Colored Powertips","DeckTracker","Highlight Path","Minty Spire (QoL Compilation)","Random Character Button","StSLib"],"gold_per_floor":[116,131,131,151,151,151,183,183,234,46,46,62,77,77,77,156,156,156,156,170,189,199,199,229,241,265,265,365,365,280,306,306,306,306],"floor_reached":33,"playtime":1356,"items_purged":["Strike_B"],"score":570,"play_id":"65504354-783b-4829-a00d-7267a5f30544","local_time":"20210110180208","is_ascension_mode":true,"campfire_choices":[{"data":"Loop","floor":6.0,"key":"SMITH"},{"data":"Zap","floor":8.0,"key":"SMITH"},{"data":"Self Repair","floor":11.0,"key":"SMITH"},{"data":"Ball Lightning","floor":15.0,"key":"SMITH"},{"data":"Seek","floor":23.0,"key":"SMITH"},{"data":"Biased Cognition","floor":27,"key":"SMITH"},{"data":"Static Discharge","floor":29,"key":"SMITH"},{"data":"Reinforced Body","floor":32,"key":"SMITH"}],"circlet_count":0,"master_deck":["AscendersBane","Strike_B","Defend_B","Defend_B","Defend_B","Defend_B","Zap+1","Dualcast","Streamline+1","Rebound","Loop+1","Skim","Auto Shields","Ball Lightning+1","Self Repair+1","Cold Snap","Seek+1","Conserve Battery","FTL+1","Biased Cognition+1","Reinforced Body+1","Static Discharge+1","Cold Snap","White Noise"],"relics":["Cracked Core","NeowsBlessing","PreservedInsect","Akabeko","Pen Nib","SlaversCollar","Blood Vial","Art of War","Pocketwatch","Bottled Flame","StrikeDummy","Bag of Marbles"],"acts_visited":["Exordium","TheCity"],"potions_floor_usage":[25,28,33,33],"damage_taken":[{"damage":0.0,"enemies":"Cultist","floor":1.0,"turns":1.0},{"damage":0.0,"enemies":"Small Slimes","floor":2.0,"turns":1.0},{"damage":0.0,"enemies":"2 Louse","floor":4.0,"turns":1.0},{"damage":15.0,"enemies":"3 Sentries","floor":7.0,"turns":6.0},{"damage":13.0,"enemies":"Large Slime","floor":12.0,"turns":4.0},{"damage":4.0,"enemies":"Red Slaver","floor":13.0,"turns":3.0},{"damage":27.0,"enemies":"The Guardian","floor":16.0,"turns":8.0},{"damage":0.0,"enemies":"2 Thieves","floor":18.0,"turns":1.0},{"damage":14.0,"enemies":"Chosen","floor":20.0,"turns":5.0},{"damage":27.0,"enemies":"Snake Plant","floor":21.0,"turns":4.0},{"damage":0.0,"enemies":"Centurion and Healer","floor":22.0,"turns":4.0},{"damage":8,"enemies":"Gremlin Leader","floor":24,"turns":5},{"damage":0,"enemies":"3 Cultists","floor":25,"turns":3},{"damage":27,"enemies":"Colosseum Slavers","floor":28,"turns":5},{"damage":14,"enemies":"Colosseum Nobs","floor":28,"turns":3},{"damage":23,"enemies":"Slavers","floor":31,"turns":5},{"damage":31,"enemies":"Automaton","floor":33,"turns":10}],"seed_played":"3796032680117117749","potions_obtained":[{"floor":1.0,"key":"BlessingOfTheForge"},{"floor":2.0,"key":"Explosive Potion"},{"floor":13.0,"key":"SteroidPotion"},{"floor":16.0,"key":"SmokeBomb"},{"floor":21.0,"key":"AttackPotion"},{"floor":25,"key":"Ancient Potion"},{"floor":31,"key":"BlessingOfTheForge"}],"is_trial":false,"path_per_floor":["M","M","?","M","?","R","E","R","T","$","R","M","M","?","R","B",null,"M","?","M","M","M","R","E","M","T","R","?","R","?","E","R","B"],"character_chosen":"DEFECT","items_purchased":["Ball Lightning","Self Repair"],"campfire_rested":0,"item_purchase_floors":[10,10],"current_hp_per_floor":[64,64,64,64,64,64,49,49,49,49,49,46,52,52,52,35,62,62,62,58,41,51,51,53,55,55,55,38,38,38,27,27,0,0],"gold":306,"neow_bonus":"THREE_ENEMY_KILL","is_daily":false,"chose_seed":false,"campfire_upgraded":8,"win_rate":0.0,"timestamp":1610269328,"path_taken":["M","M","?","M","?","R","E","R","T","$","R","?","M","?","R","BOSS","M","?","?","M","M","R","E","M","T","R","?","R","?","E","R","BOSS"],"items_purchased_type":["Card","Card"],"build_version":"2020-12-22","purchased_purges":1,"victory":false,"max_hp_per_floor":[71,71,71,71,71,71,71,71,71,71,71,71,71,71,71,71,71,71,71,71,71,71,71,71,71,71,71,71,71,71,71,71,71,71],"card_choices":[{"not_picked":["Reinforced Body","Go for the Eyes"],"picked":"Streamline","floor":1.0},{"not_picked":["Scrape","Blizzard"],"picked":"Rebound","floor":2.0},{"not_picked":["Gash","Rip and Tear"],"picked":"Loop","floor":4.0},{"not_picked":["Turbo","Barrage"],"picked":"Auto Shields","floor":7.0},{"not_picked":["Barrage","Steam"],"picked":"Cold Snap","floor":12.0},{"not_picked":["Beam Cell","Streamline","Turbo"],"picked":"SKIP","floor":13.0},{"not_picked":["All For One","Fission"],"picked":"Seek","floor":16.0},{"not_picked":["Doom and Gloom+1","Streamline"],"picked":"Conserve Battery","floor":20.0},{"not_picked":["Ball Lightning","Stack"],"picked":"FTL+1","floor":21.0},{"not_picked":["Steam","Leap"],"picked":"Biased Cognition","floor":22.0},{"not_picked":["Stack","Melter"],"picked":"Reinforced Body","floor":24},{"not_picked":["Rip and Tear","Conserve Battery"],"picked":"Static Discharge","floor":25},{"not_picked":["Compile Driver+1","Rip and Tear+1"],"picked":"Cold Snap","floor":28},{"not_picked":["Streamline","Steam Power+1"],"picked":"White Noise","floor":31}],"player_experience":1991686,"relics_obtained":[{"floor":7.0,"key":"PreservedInsect"},{"floor":9.0,"key":"Akabeko"},{"floor":24,"key":"Blood Vial"},{"floor":26,"key":"Art of War"},{"floor":28,"key":"Pocketwatch"},{"floor":28,"key":"Bottled Flame"},{"floor":31,"key":"Bag of Marbles"}],"event_choices":[{"damage_healed":0.0,"max_hp_gain":0.0,"max_hp_loss":0.0,"gold_gain":0.0,"event_name":"Living Wall","player_choice":"Grow","floor":3.0,"gold_loss":0.0,"damage_taken":0.0,"cards_upgraded":["Streamline"]},{"damage_healed":0.0,"max_hp_gain":0.0,"max_hp_loss":0.0,"gold_gain":0.0,"cards_transformed":["Strike_B"],"event_name":"Transmorgrifier","player_choice":"Transformed","floor":5.0,"gold_loss":0.0,"damage_taken":0.0,"cards_obtained":["Skim"]},{"damage_healed":0.0,"max_hp_gain":0.0,"max_hp_loss":0.0,"gold_gain":0.0,"event_name":"Dead Adventurer","player_choice":"Searched \u00272\u0027 times","floor":14.0,"gold_loss":0.0,"damage_taken":0.0,"relics_obtained":["Pen Nib"]},{"cards_removed":["Strike_B"],"damage_healed":0.0,"max_hp_gain":0.0,"max_hp_loss":0.0,"gold_gain":0.0,"event_name":"Bonfire Elementals","player_choice":"Offered Basic","floor":19.0,"gold_loss":0.0,"damage_taken":0.0},{"damage_healed":0,"gold_gain":0,"player_choice":"Fight","damage_taken":0,"max_hp_gain":0,"max_hp_loss":0,"event_name":"Colosseum","floor":28,"gold_loss":0},{"damage_healed":0,"gold_gain":0,"player_choice":"Fought Nobs","damage_taken":0,"max_hp_gain":0,"max_hp_loss":0,"event_name":"Colosseum","floor":28,"gold_loss":0},{"damage_healed":0,"gold_gain":0,"player_choice":"Obtained Relic","damage_taken":0,"relics_obtained":["StrikeDummy"],"max_hp_gain":0,"max_hp_loss":0,"event_name":"Addict","floor":30,"gold_loss":85}],"is_beta":false,"boss_relics":[{"not_picked":["Astrolabe","Fusion Hammer"],"picked":"SlaversCollar"}],"items_purged_floors":[10],"is_endless":false,"potions_floor_spawned":[1,2,13,16,18,21,25,31],"killed_by":"Automaton","ascension_level":20}}