{"host":"7l2t4psy44vpcd9q","time":1610284477,"event":{"mods":["AchievementEnabler","BaseMod","DeckTracker","Minty Spire (QoL Compilation)","SuperFastMode"],"gold_per_floor":[116,116,30,0,18,43,43,70,70,70,83,95,95,95,95,170,170,185,141,121,131,131,131],"floor_reached":22,"playtime":835,"items_purged":[],"score":438,"play_id":"e34774d5-182d-425a-9499-44834baf780c","local_time":"20210110221437","is_ascension_mode":true,"campfire_choices":[{"data":"Gash","floor":10,"key":"SMITH"},{"data":"Gash","floor":13,"key":"SMITH"},{"data":"FTL","floor":15,"key":"SMITH"}],"circlet_count":0,"master_deck":["AscendersBane","Strike_B","Strike_B","Strike_B","Strike_B","Defend_B","Defend_B","Defend_B","Zap","Dualcast","Gash+1","Rip and Tear","Leap","FTL+1","Steam","Undo","Streamline","Glacier","Gash+1","Echo Form","Compile Driver","Ball Lightning+1","Tempest"],"relics":["Cracked Core","NeowsBlessing","Blue Candle","White Beast Statue","Cables","Eternal Feather","Black Star"],"acts_visited":["Exordium","TheCity"],"potions_floor_usage":[8,8,16,16,19,21,21,22],"damage_taken":[{"damage":0,"enemies":"Small Slimes","floor":1,"turns":1},{"damage":0,"enemies":"Jaw Worm","floor":5,"turns":1},{"damage":0,"enemies":"Lagavulin","floor":6,"turns":1},{"damage":10,"enemies":"3 Sentries","floor":8,"turns":6},{"damage":0,"enemies":"Cultist","floor":11,"turns":2},{"damage":1,"enemies":"Exordium Wildlife","floor":12,"turns":3},{"damage":6,"enemies":"Slime Boss","floor":16,"turns":7},{"damage":1,"enemies":"Spheric Guardian","floor":18,"turns":4},{"damage":16,"enemies":"2 Thieves","floor":19,"turns":5},{"damage":33,"enemies":"3 Cultists","floor":21,"turns":5},{"damage":24,"enemies":"Chosen and Byrds","floor":22,"turns":5}],"seed_played":"-6460969889029799026","potions_obtained":[{"floor":5,"key":"Strength Potion"},{"floor":6,"key":"Explosive Potion"},{"floor":11,"key":"SteroidPotion"},{"floor":12,"key":"Fire Potion"},{"floor":16,"key":"EssenceOfSteel"},{"floor":18,"key":"Block Potion"},{"floor":19,"key":"Explosive Potion"},{"floor":21,"key":"Swift Potion"}],"is_trial":false,"path_per_floor":["M","?","$","$","M","E","?","E","T","R","M","M","R","?","R","B",null,"M","M","?","M","M"],"character_chosen":"DEFECT","items_purchased":["Rip and Tear","Leap"],"campfire_rested":0,"item_purchase_floors":[3,4],"current_hp_per_floor":[64,69,69,69,69,69,69,59,59,59,59,58,58,47,56,50,70,69,53,53,20,0,0],"gold":131,"neow_bonus":"THREE_ENEMY_KILL","is_daily":false,"chose_seed":false,"campfire_upgraded":3,"win_rate":0.0,"timestamp":1610284477,"path_taken":["M","?","?","$","M","E","?","E","T","R","?","M","R","?","R","BOSS","M","M","?","M","M"],"items_purchased_type":["Card","Card"],"build_version":"2020-12-22","purchased_purges":0,"victory":false,"max_hp_per_floor":[71,76,76,76,76,76,76,76,76,76,76,76,76,76,76,76,76,76,76,76,76,76,76],"card_choices":[{"not_picked":["Genetic Algorithm","Go for the Eyes"],"picked":"Gash","floor":1},{"not_picked":["Beam Cell","Leap"],"picked":"FTL","floor":5},{"not_picked":["Lockon","Skim"],"picked":"Steam","floor":6},{"not_picked":["Barrage","Beam Cell"],"picked":"Streamline","floor":8},{"not_picked":["Static Discharge","Beam Cell"],"picked":"Glacier","floor":11},{"not_picked":["Rebound","Go for the Eyes"],"picked":"Gash","floor":12},{"not_picked":["Electrodynamics","Amplify"],"picked":"Echo Form","floor":16},{"not_picked":["Static Discharge","Cold Snap"],"picked":"Compile Driver","floor":18},{"not_picked":["Conserve Battery","Stack+1"],"picked":"Ball Lightning+1","floor":19},{"not_picked":["Storm","Barrage"],"picked":"Tempest","floor":21}],"player_experience":1172698,"relics_obtained":[{"floor":6,"key":"Blue Candle"},{"floor":8,"key":"White Beast Statue"},{"floor":9,"key":"Cables"}],"event_choices":[{"damage_healed":0,"gold_gain":0,"player_choice":"Donut","damage_taken":0,"max_hp_gain":5,"max_hp_loss":0,"event_name":"Big Fish","floor":2,"gold_loss":0},{"damage_healed":0,"gold_gain":0,"cards_transformed":["Defend_B"],"player_choice":"Change","damage_taken":0,"max_hp_gain":0,"max_hp_loss":0,"event_name":"Living Wall","floor":7,"gold_loss":0,"cards_obtained":["Undo"]},{"damage_healed":0,"gold_gain":0,"player_choice":"Success","damage_taken":11,"relics_obtained":["Eternal Feather"],"max_hp_gain":0,"max_hp_loss":0,"event_name":"Scrap Ooze","floor":14,"gold_loss":0},{"damage_healed":0,"gold_gain":0,"player_choice":"Bought 1 Potion","damage_taken":0,"max_hp_gain":0,"max_hp_loss":0,"event_name":"The Woman in Blue","floor":20,"gold_loss":0}],"is_beta":false,"boss_relics":[{"not_picked":["Busted Crown","Fusion Hammer"],"picked":"Black Star"}],"items_purged_floors":[],"is_endless":false,"potions_floor_spawned":[5,6,11,12,16,18,19,21],"killed_by":"Chosen and Byrds","ascension_level":20}}