{"host":"yuoancq4cku3x8wq","time":1610289131,"event":{"mods":["AchievementEnabler","BaseMod","Minty Spire (QoL Compilation)","Quick Restart","StSLib","SuperFastMode"],"gold_per_floor":[113,263,263,283,358,387,147,178,201,201,215,245,245,277,277,277,277],"floor_reached":16,"playtime":287,"items_purged":["Doubt"],"score":282,"play_id":"2a0682ef-834e-4953-80ce-e926d1a1b3a9","local_time":"20210110223211","is_ascension_mode":true,"campfire_choices":[{"data":"Dark Embrace","floor":10,"key":"SMITH"},{"floor":13,"key":"REST"},{"data":"Hemokinesis","floor":15,"key":"SMITH"}],"circlet_count":0,"master_deck":["AscendersBane","Strike_R","Strike_R","Strike_R","Strike_R","Strike_R","Defend_R","Defend_R","Defend_R","Defend_R","Bash","Pommel Strike","Hemokinesis+1","Dark Embrace+1","Battle Trance+1","True Grit+1","Impervious+1"],"relics":["Burning Blood","NeowsBlessing","Ancient Tea Set","Membership Card","Toxic Egg 2","Anchor","Odd Mushroom","Boot"],"acts_visited":["Exordium"],"potions_floor_usage":[],"damage_taken":[{"damage":0.0,"enemies":"Jaw Worm","floor":1.0,"turns":1.0},{"damage":0.0,"enemies":"2 Louse","floor":4.0,"turns":1.0},{"damage":0.0,"enemies":"Gremlin Nob","floor":6.0,"turns":1.0},{"damage":44,"enemies":"Lagavulin","floor":8,"turns":7},{"damage":2,"enemies":"Small Slimes","floor":11,"turns":2},{"damage":23,"enemies":"The Mushroom Lair","floor":12,"turns":4},{"damage":30,"enemies":"Gremlin Nob","floor":14,"turns":4},{"damage":9,"enemies":"Hexaghost","floor":16,"turns":5}],"seed_played":"-4595068300459604537","potions_obtained":[{"floor":8,"key":"Block Potion"},{"floor":11,"key":"LiquidMemories"}],"is_trial":false,"path_per_floor":["M","?","?","M","?","E","$","E","T","R","M","?","R","E","R","B"],"character_chosen":"IRONCLAD","items_purchased":["Membership Card","Dark Embrace"],"campfire_rested":1,"item_purchase_floors":[7,7],"current_hp_per_floor":[74,74,74,75,64,70,70,32,32,32,36,19,41,17,17,8,8],"gold":277,"neow_bonus":"THREE_ENEMY_KILL","is_daily":false,"chose_seed":false,"campfire_upgraded":2,"win_rate":0.0,"timestamp":1610289131,"path_taken":["M","?","?","M","?","E","$","E","T","R","?","?","R","E","R","BOSS"],"items_purchased_type":["Relic","Card"],"build_version":"2020-12-22","purchased_purges":1,"victory":false,"max_hp_per_floor":[75,75,75,75,75,75,75,75,75,75,75,75,75,75,75,75,75],"card_choices":[{"not_picked":["Twin Strike","Searing Blow"],"picked":"Pommel Strike","floor":1.0},{"not_picked":["Flex","Iron Wave","Clothesline"],"picked":"SKIP","floor":4.0},{"not_picked":["Clash","Iron Wave"],"picked":"Hemokinesis","floor":6.0},{"not_picked":["True Grit+1","Intimidate+1"],"picked":"Battle Trance+1","floor":8},{"not_picked":["Pommel Strike","Pummel"],"picked":"True Grit+1","floor":11},{"not_picked":["Havoc+1","Perfected Strike"],"picked":"Impervious+1","floor":14}],"player_experience":260287,"relics_obtained":[{"floor":6.0,"key":"Ancient Tea Set"},{"floor":8,"key":"Toxic Egg 2"},{"floor":9,"key":"Anchor"},{"floor":12,"key":"Odd Mushroom"},{"floor":14,"key":"Boot"}],"event_choices":[{"damage_healed":0.0,"max_hp_gain":0.0,"max_hp_loss":0.0,"gold_gain":150.0,"event_name":"Liars Game","player_choice":"AGREE","floor":2.0,"gold_loss":0.0,"damage_taken":0.0,"cards_obtained":["Doubt"]},{"damage_healed":0.0,"max_hp_gain":0.0,"max_hp_loss":0.0,"gold_gain":0.0,"event_name":"Scrap Ooze","player_choice":"Fled","floor":3.0,"gold_loss":0.0,"damage_taken":0.0},{"damage_healed":0.0,"max_hp_gain":0.0,"max_hp_loss":0.0,"gold_gain":75.0,"event_name":"World of Goop","player_choice":"Gather Gold","floor":5.0,"gold_loss":0.0,"damage_taken":11.0},{"damage_healed":0,"gold_gain":0,"player_choice":"Fought Mushrooms","damage_taken":0,"max_hp_gain":0,"max_hp_loss":0,"event_name":"Mushrooms","floor":12,"gold_loss":0}],"is_beta":false,"boss_relics":[],"items_purged_floors":[7],"is_endless":false,"potions_floor_spawned":[8,11,12,14],"killed_by":"Hexaghost","ascension_level":20}}