{"host":"og6lam4kt3nibbw0","time":1610294695,"event":{"mods":["AchievementEnabler","BaseMod","Colored Map","DeckTracker","Highlight Path","Keyboard Shortcuts","Minty Spire (QoL Compilation)","Permanent Neow","Quick Restart","StSLib","SuperFastMode"],"gold_per_floor":[366,81,95,95,60,60,85,85,112,112,35,51,11,31,31,31,31],"floor_reached":16,"playtime":392,"items_purged":["Strike_R","Strike_R"],"score":196,"play_id":"f3b3f5e3-82c0-4794-bc5a-a1f1074affeb","local_time":"20210111010455","is_ascension_mode":true,"campfire_choices":[{"data":"Evolve","floor":6.0,"key":"SMITH"},{"floor":8.0,"key":"DIG"},{"floor":10.0,"key":"DIG"},{"floor":15.0,"key":"REST"}],"circlet_count":0,"master_deck":["AscendersBane","Strike_R+1","Strike_R","Strike_R","Defend_R","Defend_R","Defend_R","Defend_R","Bash+1","Dropkick","Evolve+1","Wild Strike","Thunderclap","Armaments","Burning Pact"],"relics":["Burning Blood","Membership Card","Shovel","Mummified Hand","Blood Vial","Paper Frog"],"acts_visited":["Exordium"],"potions_floor_usage":[],"damage_taken":[{"damage":1.0,"enemies":"Cultist","floor":1.0,"turns":3.0},{"damage":10.0,"enemies":"2 Louse","floor":3.0,"turns":3.0},{"damage":30.0,"enemies":"Lagavulin","floor":7.0,"turns":5.0},{"damage":7.0,"enemies":"Jaw Worm","floor":12.0,"turns":2.0},{"damage":2.0,"enemies":"Looter","floor":14.0,"turns":4.0},{"damage":47,"enemies":"Hexaghost","floor":16,"turns":9}],"seed_played":"-7468126167738668128","potions_obtained":[{"floor":1.0,"key":"FearPotion"},{"floor":3.0,"key":"FearPotion"}],"is_trial":false,"path_per_floor":["M","$","M","?","?","R","E","R","T","R","$","M","?","M","R","B"],"character_chosen":"IRONCLAD","items_purchased":["Membership Card","Evolve","Wild Strike","Thunderclap","Armaments"],"campfire_rested":1,"item_purchase_floors":[2,2,2,2,11],"current_hp_per_floor":[55,55,51,28,46,46,22,22,22,22,22,23,23,29,51,6,6],"gold":31,"neow_bonus":"TWO_FIFTY_GOLD","is_daily":false,"chose_seed":false,"campfire_upgraded":1,"win_rate":0.0,"timestamp":1610294695,"path_taken":["M","$","?","?","?","R","E","R","T","R","$","M","?","M","R","BOSS"],"items_purchased_type":["Relic","Card","Card","Card","Card"],"build_version":"2020-12-22","purchased_purges":2,"victory":false,"max_hp_per_floor":[75,75,75,75,75,75,75,75,75,75,75,75,75,75,75,75,75],"card_choices":[{"not_picked":["Sentinel","Flex"],"picked":"Dropkick","floor":1.0},{"not_picked":["Hemokinesis","Clash","Searing Blow"],"picked":"SKIP","floor":3.0},{"not_picked":["Combust","Anger","Ghostly Armor"],"picked":"SKIP","floor":7.0},{"not_picked":["Rampage","Armaments"],"picked":"Burning Pact","floor":12.0},{"not_picked":["Thunderclap","Uppercut","Sword Boomerang"],"picked":"SKIP","floor":14.0}],"player_experience":842641,"relics_obtained":[{"floor":7.0,"key":"Shovel"},{"floor":8.0,"key":"Mummified Hand"},{"floor":9.0,"key":"Blood Vial"},{"floor":10.0,"key":"Paper Frog"}],"event_choices":[{"damage_healed":0.0,"max_hp_gain":0.0,"max_hp_loss":0.0,"gold_gain":0.0,"event_name":"Shining Light","player_choice":"Entered Light","floor":4.0,"gold_loss":0.0,"damage_taken":23.0,"cards_upgraded":["Bash","Strike_R"]},{"damage_healed":18.0,"max_hp_gain":0.0,"max_hp_loss":0.0,"gold_gain":0.0,"event_name":"The Cleric","player_choice":"Healed","floor":5.0,"gold_loss":35.0,"damage_taken":0.0},{"damage_healed":0.0,"max_hp_gain":0.0,"max_hp_loss":0.0,"gold_gain":0.0,"event_name":"World of Goop","player_choice":"Left Gold","floor":13.0,"gold_loss":40.0,"damage_taken":0.0}],"is_beta":false,"boss_relics":[],"items_purged_floors":[2,11],"is_endless":false,"potions_floor_spawned":[1,3],"killed_by":"Hexaghost","ascension_level":20}}