{"host":"00tqcjwpycel7e54","time":1610273282,"event":{"mods":["ATMod(阿瑾Mod)","Act Like it!","BaseMod","Colored Powertips","Decade(王小明)","Hermit","Highlight Path","Hubris","Luminous","Marisa（F雨　魔理沙）","Minty Spire (QoL Compilation)","Reimu（博丽灵梦）","Remilia（蕾米莉亚）","Robot Space Explorer","SOS（斯巴达之子）","Shop Mod","Spicy Shops","StSLib","The Administrix","The Animator","The Bug Knight","The Construct","The Cursed","The Gatherer","The Hierophant","The Mystic","The Runesmith","The Servant 0.9.4","WarShipGirlsR/战舰少女R mod","Youmu（魂魄妖梦）","Yuyuko","vexMod","【遗物卡牌】REMEMod"],"gold_per_floor":[136,162,215,228,403,403,463,463,463,463,514,514,558,608,608,706,706,726,765,789,169,182,207,247,278,278,318,318,350,375,424,424,535,535,553,775,488,503,4,70,102,102,102,102,102,145,134,169,169,169],"floor_reached":51,"playtime":3112,"items_purged":["EbonyIvory","Attack_a","Attack_a","Defend_Dante"],"score":1018,"play_id":"9902e78c-d9ba-4662-84ad-f2ab3a486917","local_time":"20210110180802","is_ascension_mode":true,"campfire_choices":[{"data":"Dash2","floor":6.0,"key":"SMITH"},{"data":"Gunstinger","floor":10.0,"key":"SMITH"},{"data":"Pandora","floor":15.0,"key":"SMITH"},{"data":"Darkslayer","floor":28.0,"key":"SMITH"},{"data":"Demonreform","floor":32.0,"key":"SMITH"},{"data":"Defend_Dante","floor":45,"key":"PURGE"},{"data":"Redorb","floor":49,"key":"PURGE"}],"circlet_count":0,"master_deck":["Attack_b+1","Shoot+1","Shoot","Provocation","Defend_Dante","Chargeshoot2+1","Dash1","Dash2+1","Gunstinger+1","Gunstinger+1","Pandora+1","Enemystep","Secret Technique","Darkslayer+1","AT_LightSaberMaster+1","Greenorb","Doubleshoot","Chargeshoot","Doubleshoot+1","Demonreform+1","hubris:DuctTapeCard","Trickster+1","Gunslinger+1","VitalstarM","Gunstinger+1","Weaponchange+1"],"relics":["SSS","Combocheck","AT_ATBox","REME_ComplimentaryCards","Lantern","Eternal Feather","Pear","Calipers","hubris:DuctTape","REME_LowDesire","Smiling Mask","Happy Flower","Strawberry","hubris:SlimyHat","Peace Pipe","vexMod:CardConverter","Red Mask","Bag of Marbles","vexMod:Dragonfruit","Whetstone","vexMod:ImprovementManual","vexMod:PlasmaPancake","Ancient Tea Set","Centennial Puzzle","hubris:CuriousFeather","CrazyTorch:ReiMu","Ornamental Fan","AT_GuinsooRageblade"],"acts_visited":["Exordium","TheCity","TheBeyond"],"potions_floor_usage":[38,50],"damage_taken":[{"damage":0.0,"enemies":"Cultist","floor":1.0,"turns":4.0},{"damage":5.0,"enemies":"Jaw Worm","floor":2.0,"turns":4.0},{"damage":0.0,"enemies":"2 Louse","floor":3.0,"turns":2.0},{"damage":2.0,"enemies":"Large Slime","floor":4.0,"turns":6.0},{"damage":35.0,"enemies":"Lagavulin","floor":7.0,"turns":13.0},{"damage":23.0,"enemies":"HollowMod:MossKnight","floor":11.0,"turns":11.0},{"damage":11.0,"enemies":"Blue Slaver","floor":13.0,"turns":4.0},{"damage":28.0,"enemies":"Lagavulin","floor":14.0,"turns":7.0},{"damage":12.0,"enemies":"The Guardian","floor":16.0,"turns":7.0},{"damage":0.0,"enemies":"Spheric Guardian","floor":18.0,"turns":1.0},{"damage":0.0,"enemies":"Chosen","floor":19.0,"turns":4.0},{"damage":42.0,"enemies":"Shelled Parasite and Fungi","floor":20.0,"turns":6.0},{"damage":1.0,"enemies":"Sentry and Sphere","floor":22.0,"turns":3.0},{"damage":37.0,"enemies":"Slavers","floor":23.0,"turns":5.0},{"damage":0.0,"enemies":"Snecko","floor":24.0,"turns":5.0},{"damage":6.0,"enemies":"Masked Bandits","floor":25.0,"turns":3.0},{"damage":2.0,"enemies":"Gremlin Leader","floor":27.0,"turns":7.0},{"damage":6.0,"enemies":"3 Cultists","floor":29.0,"turns":4.0},{"damage":0.0,"enemies":"Slavers","floor":30.0,"turns":2.0},{"damage":11.0,"enemies":"Centurion and Healer","floor":31.0,"turns":6.0},{"damage":1.0,"enemies":"Champ","floor":33.0,"turns":4.0},{"damage":0,"enemies":"Orb Walker","floor":35,"turns":2},{"damage":22,"enemies":"3 Darklings","floor":38,"turns":5},{"damage":28,"enemies":"Reptomancer","floor":40,"turns":4},{"damage":10,"enemies":"Writhing Mass","floor":41,"turns":2},{"damage":3,"enemies":"Nemesis","floor":46,"turns":3},{"damage":17,"enemies":"Jaw Worm Horde","floor":47,"turns":3},{"damage":15,"enemies":"Spire Growth","floor":48,"turns":3},{"damage":29,"enemies":"Time Eater","floor":50,"turns":4}],"seed_played":"1685435448213200955","potions_obtained":[{"floor":1.0,"key":"ZuzhouPotion:ReiMu"},{"floor":4.0,"key":"Regen Potion"},{"floor":13.0,"key":"AttackPotion"},{"floor":16.0,"key":"ColorlessPotion"},{"floor":22.0,"key":"SkillPotion"},{"floor":23.0,"key":"construct:ShiftPotion"},{"floor":27.0,"key":"Swift Potion"},{"floor":30.0,"key":"Weak Potion"},{"floor":33,"key":"Weak Potion"},{"floor":46,"key":"ColorlessPotion"}],"is_trial":false,"path_per_floor":["M","M","M","M","?","R","E","?","T","R","E","?","M","E","R","B",null,"M","M","M","$","M","E","M","?","T","E","R","M","E","M","R","B",null,"M","?","$","M","$","E","M","?","T","?","R","E","M","M","R","B",null],"character_chosen":"DANTE","items_purchased":["Strawberry","hubris:SlimyHat","Peace Pipe","vexMod:PlasmaPancake","Ancient Tea Set","Centennial Puzzle","hubris:CuriousFeather","Gunslinger"],"campfire_rested":0,"item_purchase_floors":[21,21,21,37,37,39,39,39],"current_hp_per_floor":[80,75,75,73,73,73,38,64,74,83,60,90,79,51,60,48,90,90,90,48,55,59,24,26,30,30,42,54,57,66,62,77,116,116,116,116,122,104,106,79,87,87,87,87,102,110,122,124,124,124],"gold":169,"neow_bonus":"RANDOM_COMMON_RELIC","is_daily":false,"chose_seed":false,"campfire_upgraded":5,"win_rate":0.0,"timestamp":1610273282,"path_taken":["M","M","?","M","?","R","E","?","T","R","E","?","?","E","R","BOSS","M","M","M","$","M","E","M","?","T","E","R","M","E","M","R","BOSS","BOSS","M","?","$","M","$","E","M","?","T","?","R","E","?","M","R","BOSS"],"items_purchased_type":["Relic","Relic","Relic","Relic","Relic","Relic","Relic","Card"],"build_version":"2020-12-22","purchased_purges":4,"victory":true,"max_hp_per_floor":[80,80,80,80,80,80,80,80,90,90,90,90,90,90,90,90,90,90,90,90,97,97,99,101,103,103,110,110,112,114,114,114,116,116,116,116,122,122,124,124,126,120,120,120,120,120,122,124,124,124],"card_choices":[{"not_picked":["Holywater","BeastUppercut"],"picked":"Chargeshoot2","floor":1.0},{"not_picked":["Straight","Fullhouse"],"picked":"Dash1","floor":2.0},{"not_picked":["Ecstasy","Kick13"],"picked":"EbonyIvory","floor":3.0},{"not_picked":["EbonyIvory","Whiteorb"],"picked":"Dash2","floor":4.0},{"not_picked":["Swordmaster","Splesh"],"picked":"Gunstinger","floor":7.0},{"not_picked":["Kick13","LucifercomboD","Weaponupgrade"],"picked":"SKIP","floor":11.0},{"not_picked":["Shock","Weaponupgrade"],"picked":"Gunstinger","floor":13.0},{"not_picked":["Stinger","Millionkick"],"picked":"Pandora","floor":14.0},{"not_picked":["VitalstarL","Blueorb"],"picked":"Enemystep","floor":16.0},{"not_picked":["VitalstarS","Hightime","Holywater+1","vexMod:EmailVexCard"],"picked":"SKIP","floor":18.0},{"not_picked":["Millionstab","VitalstarS","Whiteorb"],"picked":"Secret Technique","floor":19.0},{"not_picked":["Dash1","CoyoteA+1","REME_PuzzleBox"],"picked":"Darkslayer","floor":20.0},{"not_picked":["Gilgamesh+1","Stinger","GilgameshcomboA","Enlightenment"],"picked":"SKIP","floor":22.0},{"not_picked":["Pandora","Chargeshoot2","DT"],"picked":"AT_LightSaberMaster","floor":23.0},{"not_picked":["Hightime","Lucifer","The Bomb"],"picked":"Greenorb","floor":24.0},{"not_picked":["GilgameshcomboA","Unrisingdragon+1","Panacea+1"],"picked":"Doubleshoot","floor":25.0},{"not_picked":["Pandora+1","Rebellion+1","REME_AllRoundStrike"],"picked":"Chargeshoot","floor":27.0},{"not_picked":["LucifercomboA","LucifercomboC","REME_TheoryOfElimination"],"picked":"Doubleshoot","floor":29.0},{"not_picked":["Gilgamesh+1","Millionkick+1","Swift Strike"],"picked":"Demonreform","floor":30.0},{"not_picked":["BeastUppercut","Lucifer","Gilgamesh+1","Jack Of All Trades"],"picked":"SKIP","floor":31.0},{"not_picked":["Stylechange","VitalstarL","Impatience+1"],"picked":"Trickster","floor":33},{"not_picked":["LucifercomboA","LucifercomboD","Airhike","Secret Technique"],"picked":"SKIP","floor":35},{"not_picked":["LucifercomboA","Swordmaster","EbonyIvory","Transmutation"],"picked":"SKIP","floor":38},{"not_picked":["VitalstarS","Lucifer+1","LucifercomboD","REME_HeartOfCthun"],"picked":"SKIP","floor":40},{"not_picked":["Stinger+1","Whiteorb+1","REME_TwoStrings+1"],"picked":"VitalstarM","floor":41},{"not_picked":["VitalstarS","Gunstinger","LucifercomboA","vexMod:StairwayStrike"],"picked":"SKIP","floor":46},{"not_picked":["Millionkick+1","Millionstab","vexMod:StairwayStrike"],"picked":"Gunstinger+1","floor":47},{"not_picked":["Swordcombo","Millionstab+1","HandOfGreed"],"picked":"Weaponchange+1","floor":48}],"player_experience":707024,"relics_obtained":[{"floor":7.0,"key":"Eternal Feather"},{"floor":9.0,"key":"Pear"},{"floor":11.0,"key":"Calipers"},{"floor":14.0,"key":"hubris:DuctTape"},{"floor":17.0,"key":"Smiling Mask"},{"floor":17.0,"key":"Happy Flower"},{"floor":23.0,"key":"vexMod:CardConverter"},{"floor":25.0,"key":"Red Mask"},{"floor":26.0,"key":"Bag of Marbles"},{"floor":27.0,"key":"vexMod:Dragonfruit"},{"floor":30.0,"key":"Whetstone"},{"floor":40,"key":"CrazyTorch:ReiMu"},{"floor":43,"key":"Ornamental Fan"},{"floor":46,"key":"AT_GuinsooRageblade"}],"event_choices":[{"damage_healed":0.0,"max_hp_gain":0.0,"max_hp_loss":0.0,"gold_gain":175.0,"event_name":"Liars Game","player_choice":"AGREE","floor":5.0,"gold_loss":0.0,"damage_taken":0.0,"cards_obtained":["Doubt"]},{"damage_healed":26.0,"max_hp_gain":0.0,"max_hp_loss":0.0,"gold_gain":0.0,"event_name":"Big Fish","player_choice":"Banana","floor":8.0,"gold_loss":0.0,"damage_taken":0.0},{"damage_healed":30.0,"max_hp_gain":0.0,"max_hp_loss":0.0,"gold_gain":0.0,"event_name":"Wheel of Change","player_choice":"Full Heal","floor":12.0,"gold_loss":0.0,"damage_taken":0.0},{"damage_healed":0.0,"max_hp_gain":0.0,"max_hp_loss":0.0,"gold_gain":0.0,"event_name":"Masked Bandits","player_choice":"Fought Bandits","floor":25.0,"gold_loss":0.0,"damage_taken":0.0},{"damage_healed":0,"gold_gain":222,"player_choice":"Wore Mask","damage_taken":0,"max_hp_gain":0,"max_hp_loss":0,"event_name":"Tomb of Lord Red Mask","floor":36,"gold_loss":0},{"damage_healed":0,"gold_gain":0,"player_choice":"Max HP","damage_taken":0,"max_hp_gain":0,"max_hp_loss":6,"event_name":"Winding Halls","floor":42,"gold_loss":0},{"damage_healed":0,"gold_gain":0,"player_choice":"Forge","damage_taken":0,"max_hp_gain":0,"max_hp_loss":0,"event_name":"Accursed Blacksmith","floor":44,"gold_loss":0,"cards_upgraded":["Gunslinger"]}],"is_beta":false,"boss_relics":[{"not_picked":["vexMod:DeviousBotling","Coffee Dripper"],"picked":"REME_LowDesire"},{"not_picked":["hubris:RunicObelisk","hubris:GrandSneckoEye"],"picked":"vexMod:ImprovementManual"}],"items_purged_floors":[21,21,37,39],"is_endless":false,"potions_floor_spawned":[1,4,13,16,22,23,27,30,33,46,48],"ascension_level":2}}