{"host":"gaqyve1328ta0etl","time":1610277058,"event":{"mods":["BaseMod","Colored Map","Colored Powertips","Googly Eyes","Minty Spire (QoL Compilation)","Shop Mod","StSLib","SuperFastMode","The Hierophant","The Runesmith"],"gold_per_floor":[114,114,129,129,41,41,55,87,135,161,161,174,209,46,46,117,167,185,165,179,210,230,230,230,230,230,260,260,273,288,300,300,376,376,389,389,389,417,442,454,499,272,272,326,358,358,388,406,406,406,406],"floor_reached":52,"playtime":2925,"items_purged":["Prepared"],"score":2727,"play_id":"6059b948-26ac-469d-857f-b2ef76043433","local_time":"20210110031058","daily_mods":["SealedDeck","Heirloom","DeadlyEvents","Elite Swarm"],"is_ascension_mode":true,"campfire_choices":[{"data":"Footwork","floor":6.0,"key":"SMITH"},{"data":"Footwork","floor":11.0,"key":"SMITH"},{"data":"Noxious Fumes","floor":15.0,"key":"SMITH"},{"data":"Outmaneuver","floor":23.0,"key":"SMITH"},{"data":"Adrenaline","floor":25.0,"key":"SMITH"},{"data":"Terror","floor":28.0,"key":"SMITH"},{"floor":32.0,"key":"REST"},{"data":"Dodge and Roll","floor":40,"key":"SMITH"},{"data":"Malaise","floor":46,"key":"SMITH"},{"data":"Doppelganger","floor":49,"key":"SMITH"}],"circlet_count":0,"master_deck":["AscendersBane","Backstab+1","Dodge and Roll+1","Bane+1","Bane","Terror+1","Blur","Backflip+1","Dodge and Roll","Blur","Noxious Fumes+1","Footwork+1","Footwork+1","Corpse Explosion+1","Adrenaline+1","Outmaneuver+1","Backflip+1","Adrenaline","Malaise+1","Doppelganger+1"],"relics":["Ring of the Snake","Gambling Chip","Tiny Chest","Oddly Smooth Stone","Bag of Marbles","Shuriken","Anchor","Tiny House","Pantograph","StrikeDummy","Singing Bowl","Sozu","Eternal Feather","MawBank","Bottled Tornado","Whetstone","Mercury Hourglass","TungstenRod","Mango","Du-Vu Doll"],"acts_visited":["Exordium","TheCity","TheBeyond"],"potions_floor_usage":[44],"damage_taken":[{"damage":5.0,"enemies":"Small Slimes","floor":1.0,"turns":5.0},{"damage":0.0,"enemies":"Cultist","floor":3.0,"turns":3.0},{"damage":0.0,"enemies":"2 Louse","floor":7.0,"turns":4.0},{"damage":0.0,"enemies":"Lagavulin","floor":8.0,"turns":8.0},{"damage":1.0,"enemies":"3 Sentries","floor":10.0,"turns":6.0},{"damage":1.0,"enemies":"Lots of Slimes","floor":12.0,"turns":4.0},{"damage":0.0,"enemies":"Lagavulin","floor":13.0,"turns":8.0},{"damage":0.0,"enemies":"The Guardian","floor":16.0,"turns":12.0},{"damage":0.0,"enemies":"3 Byrds","floor":18.0,"turns":6.0},{"damage":0.0,"enemies":"Shell Parasite","floor":20.0,"turns":10.0},{"damage":5.0,"enemies":"Book of Stabbing","floor":21.0,"turns":8.0},{"damage":4.0,"enemies":"Snecko","floor":22.0,"turns":8.0},{"damage":2.0,"enemies":"Gremlin Leader","floor":27.0,"turns":8.0},{"damage":7.0,"enemies":"Snake Plant","floor":29.0,"turns":5.0},{"damage":13.0,"enemies":"Centurion and Healer","floor":30.0,"turns":7.0},{"damage":13.0,"enemies":"Snecko","floor":31.0,"turns":7.0},{"damage":0.0,"enemies":"Champ","floor":33.0,"turns":21.0},{"damage":0,"enemies":"3 Shapes","floor":35,"turns":3},{"damage":15,"enemies":"Nemesis","floor":38,"turns":11},{"damage":0,"enemies":"Orb Walker","floor":39,"turns":5},{"damage":0,"enemies":"Reptomancer","floor":41,"turns":8},{"damage":0,"enemies":"2 Orb Walkers","floor":44,"turns":3},{"damage":0,"enemies":"Giant Head","floor":45,"turns":10},{"damage":0,"enemies":"Nemesis","floor":47,"turns":7},{"damage":5,"enemies":"Jaw Worm Horde","floor":48,"turns":3},{"damage":0,"enemies":"Donu and Deca","floor":50,"turns":9},{"damage":1,"enemies":"Awakened One","floor":51,"turns":24}],"seed_played":"5318978395119895435","potions_obtained":[{"floor":1.0,"key":"EssenceOfSteel"},{"floor":12.0,"key":"PowerPotion"},{"floor":13.0,"key":"FairyPotion"}],"is_trial":true,"path_per_floor":["M","?","M","?","$","R","M","E","T","E","R","M","E","$","R","B",null,"M","?","M","E","M","R","$","R","T","E","R","M","M","M","R","B",null,"M","T","?","E","M","R","E","$","T","?","E","R","E","M","R","B","B",null],"character_chosen":"THE_SILENT","items_purchased":["Footwork","Anchor","Whetstone"],"campfire_rested":1,"item_purchase_floors":[5,14,42],"current_hp_per_floor":[54,54,54,54,54,54,54,54,54,53,53,52,52,52,52,52,68,68,68,68,63,59,59,59,59,59,59,59,54,43,30,53,79,79,81,81,81,68,70,79,79,79,79,81,95,101,101,98,103,103,102],"gold":406,"neow_bonus":"","is_daily":false,"chose_seed":false,"campfire_upgraded":9,"win_rate":0.0,"timestamp":1610277058,"path_taken":["M","?","?","?","$","R","M","E","T","E","R","M","E","?","R","BOSS","M","?","M","?","M","R","$","R","T","E","R","M","M","M","R","BOSS","BOSS","M","?","?","?","M","R","E","$","T","?","E","R","E","M","R","BOSS","BOSS"],"items_purchased_type":["Card","Relic","Relic"],"build_version":"2020-12-22","purchased_purges":1,"victory":true,"max_hp_per_floor":[66,66,66,66,66,66,66,66,66,66,66,66,66,66,66,66,71,71,71,71,71,71,71,71,71,71,73,73,75,77,77,77,79,79,81,81,81,83,85,85,85,85,85,87,101,101,101,103,103,103,103],"card_choices":[{"not_picked":["Underhanded Strike","Caltrops","Flechettes"],"picked":"SKIP","floor":1.0},{"not_picked":["Reflex","Blur","Distraction"],"picked":"SKIP","floor":3.0},{"not_picked":["Poisoned Stab","Flechettes"],"picked":"Footwork","floor":7.0},{"not_picked":["Tools of the Trade","Grand Finale"],"picked":"Corpse Explosion","floor":8.0},{"not_picked":["Doppelganger","Burst"],"picked":"Adrenaline","floor":10.0},{"not_picked":["PiercingWail","All Out Attack","Bane"],"picked":"SKIP","floor":12.0},{"not_picked":["Corpse Explosion","Bullet Time","Unload"],"picked":"SKIP","floor":13.0},{"not_picked":["Deadly Poison","Bane"],"picked":"Prepared","floor":17.0},{"not_picked":["Acrobatics","Deadly Poison"],"picked":"Outmaneuver","floor":18.0},{"not_picked":["Prepared","Bouncing Flask+1","Quick Slash"],"picked":"SKIP","floor":20.0},{"not_picked":["Storm of Steel","Tools of the Trade","After Image"],"picked":"SKIP","floor":21.0},{"not_picked":["Quick Slash","Prepared","Heel Hook"],"picked":"SKIP","floor":22.0},{"not_picked":["Grand Finale","Bullet Time","Venomology"],"picked":"Singing Bowl","floor":27.0},{"not_picked":["Sucker Punch","Blade Dance","All Out Attack"],"picked":"Singing Bowl","floor":29.0},{"not_picked":["Dagger Throw","Finisher","Flying Knee"],"picked":"Singing Bowl","floor":30.0},{"not_picked":["Flechettes","Bane"],"picked":"Backflip+1","floor":31.0},{"not_picked":["Venomology","Phantasmal Killer","Doppelganger"],"picked":"Singing Bowl","floor":33},{"not_picked":["Bane+1","All Out Attack","Bouncing Flask"],"picked":"Singing Bowl","floor":35},{"not_picked":["Die Die Die","Night Terror","Venomology"],"picked":"Singing Bowl","floor":38},{"not_picked":["Slice+1","Caltrops","Terror"],"picked":"Singing Bowl","floor":39},{"not_picked":["Wraith Form v2","Bullet Time"],"picked":"Adrenaline","floor":41},{"not_picked":["Dagger Spray+1","Endless Agony","Footwork"],"picked":"Singing Bowl","floor":44},{"not_picked":["Wraith Form v2","A Thousand Cuts"],"picked":"Malaise","floor":45},{"not_picked":["After Image","Grand Finale"],"picked":"Doppelganger","floor":47},{"not_picked":["Deflect","Skewer+1","Outmaneuver"],"picked":"Singing Bowl","floor":48}],"player_experience":2036721,"relics_obtained":[{"floor":8.0,"key":"Tiny Chest"},{"floor":9.0,"key":"Oddly Smooth Stone"},{"floor":10.0,"key":"Bag of Marbles"},{"floor":13.0,"key":"Shuriken"},{"floor":21.0,"key":"Pantograph"},{"floor":26.0,"key":"StrikeDummy"},{"floor":27.0,"key":"Singing Bowl"},{"floor":36,"key":"Eternal Feather"},{"floor":38,"key":"MawBank"},{"floor":41,"key":"Bottled Tornado"},{"floor":43,"key":"Mercury Hourglass"},{"floor":44,"key":"TungstenRod"},{"floor":45,"key":"Mango"},{"floor":47,"key":"Du-Vu Doll"}],"event_choices":[{"damage_healed":0.0,"max_hp_gain":0.0,"max_hp_loss":0.0,"gold_gain":0.0,"event_name":"Match and Keep!","player_choice":"0 cards matched","floor":2.0,"gold_loss":0.0,"damage_taken":0.0,"cards_obtained":[]},{"damage_healed":0.0,"max_hp_gain":0.0,"max_hp_loss":0.0,"gold_gain":0.0,"event_name":"Golden Idol","player_choice":"Ignored","floor":4.0,"gold_loss":0.0,"damage_taken":0.0},{"damage_healed":0.0,"max_hp_gain":0.0,"max_hp_loss":0.0,"gold_gain":0.0,"event_name":"The Woman in Blue","player_choice":"Bought 1 Potion","floor":19.0,"gold_loss":0.0,"damage_taken":0.0},{"damage_healed":0,"gold_gain":0,"player_choice":"Forge","damage_taken":0,"max_hp_gain":0,"max_hp_loss":0,"event_name":"Accursed Blacksmith","floor":37,"gold_loss":0,"cards_upgraded":["Corpse Explosion"]},{"damage_healed":0,"gold_gain":0,"player_choice":"Fight","damage_taken":0,"max_hp_gain":0,"max_hp_loss":0,"event_name":"Mysterious Sphere","floor":44,"gold_loss":0}],"is_beta":false,"boss_relics":[{"not_picked":["Velvet Choker","Runic Dome"],"picked":"Tiny House"},{"not_picked":["Philosopher\u0027s Stone","SlaversCollar"],"picked":"Sozu"}],"items_purged_floors":[42],"is_endless":false,"potions_floor_spawned":[1,12,13,20,21,22,30,33,47,48],"ascension_level":20}}