{"host":"wk46m6kgjezp23jj","time":1610239056,"event":{"mods":["AchievementEnabler","BaseMod","Beaked The Cultist","Bestiary","Colored Map","Colored Powertips","Downfall","Hermit","Minty Spire (QoL Compilation)","Replay The Spire","StSLib","The Bladedancer","The Construct","The Cursed","The Marked","The Servant 0.9.4"],"gold_per_floor":[119,294,294,294,259,259,10,10,36,46,46,65,97,113,159,262,262,278,278,290,290,7,7,41,53,125,44,60,60,73,85,85,186,186,198,210,347,347,367,367,399,417,417,417,441,451,8,22,22,22],"floor_reached":51,"playtime":2917,"items_purged":[],"score":872,"play_id":"97f1aee3-1a95-420e-b647-6bd5c8f74690","local_time":"20210109193736","is_ascension_mode":false,"campfire_choices":[{"data":"Corpse Explosion","floor":6,"key":"SMITH"},{"data":"Caltrops","floor":8,"key":"SMITH"},{"floor":23,"key":"REST"},{"floor":29,"key":"REST"},{"floor":32,"key":"REST"},{"floor":40,"key":"REST"},{"floor":44,"key":"REST"},{"floor":49,"key":"REST"}],"circlet_count":0,"master_deck":["Strike_G","Strike_G","Strike_G","Strike_G","Strike_G","Defend_G","Defend_G+1","Defend_G+1","Defend_G","Defend_G","Survivor","Neutralize","Corpse Explosion+1","Blade Dance","Doubt","Caltrops+1","Prepared","Hidden Blade","Underhanded Strike","Outmaneuver","Caltrops+1","ReplayTheSpireMod:Splinters","Sucker Punch","A Thousand Cuts+1","Skewer+1","Writhe","Bane","Noxious Fumes","Prepared","Prepared","Distraction+1","Toxin Wave","Underhanded Strike","Noxious Fumes","Noxious Fumes","expansioncontent:BronzeBeam","Crippling Poison","Blur+1","Bandage Up+1","Leg Sweep+1","Leg Sweep","Well Laid Plans","Envenom+1","Bane+1","ReplayTheSpireMod:Splinters","Catalyst+1","Blur","Hidden Blade","Parasite","Fluid Movement+1","Leg Sweep+1","Venomology+1","Toxin Wave+1","Distraction+1","Caltrops+1","Dodge and Roll"],"relics":["Ring of the Snake","Pocketwatch","TwistedFunnel","Nunchaku","Boot","Bag of Marbles","Replay:Bronze Core","Simple Rune","Orrery","Golden Egg","Matryoshka","Painkiller Herb","Regal Pillow","Orichalcum","Centennial Puzzle","Snack Pack","ReplayFunnel","Guide Book","Pen Nib"],"acts_visited":["Exordium","TheCity","TheBeyond"],"potions_floor_usage":[16,16,33,33,33,39,41,41,41,41,41,46,50,50],"damage_taken":[{"damage":0,"enemies":"2 Louse","floor":1,"turns":2},{"damage":0,"enemies":"Small Slimes","floor":10,"turns":2},{"damage":1,"enemies":"Cultist","floor":12,"turns":3},{"damage":11,"enemies":"Gremlin Nob","floor":13,"turns":3},{"damage":8,"enemies":"Large Slime","floor":14,"turns":3},{"damage":44,"enemies":"Slime Boss","floor":16,"turns":11},{"damage":17,"enemies":"2 Thieves","floor":18,"turns":3},{"damage":9,"enemies":"Shell Parasite","floor":20,"turns":2},{"damage":17,"enemies":"Gremlin Leader","floor":24,"turns":6},{"damage":11,"enemies":"Centurion and Healer","floor":25,"turns":5},{"damage":21,"enemies":"Shelled Parasite and Fungi","floor":28,"turns":4},{"damage":6,"enemies":"Snecko","floor":30,"turns":4},{"damage":10,"enemies":"Snake Plant","floor":31,"turns":4},{"damage":36,"enemies":"Collector","floor":33,"turns":9},{"damage":21,"enemies":"3 Darklings","floor":35,"turns":3},{"damage":10,"enemies":"Orb Walker","floor":36,"turns":4},{"damage":22,"enemies":"Writhing Mass","floor":39,"turns":7},{"damage":40,"enemies":"Nemesis","floor":41,"turns":5},{"damage":0,"enemies":"Jaw Worm Horde","floor":42,"turns":2},{"damage":4,"enemies":"Transient","floor":46,"turns":5},{"damage":13,"enemies":"Sphere and 2 Shapes","floor":48,"turns":5},{"damage":35,"enemies":"Time Eater","floor":50,"turns":10}],"seed_played":"7884554647802924144","potions_obtained":[{"floor":1,"key":"AttackPotion"},{"floor":13,"key":"Poison Potion"},{"floor":15,"key":"AttackPotion"},{"floor":15,"key":"Block Potion"},{"floor":16,"key":"EssenceOfSteel"},{"floor":18,"key":"AttackPotion"},{"floor":36,"key":"PowerPotion"},{"floor":37,"key":"EntropicBrew"},{"floor":37,"key":"GamblersBrew"},{"floor":41,"key":"PowerPotion"},{"floor":42,"key":"Ancient Potion"},{"floor":48,"key":"champ:CounterPotion"}],"is_trial":false,"path_per_floor":["M","?","?","?","?","R","$","R","T","M","?","M","E","M","R_BF","B",null,"M","?","M","?","$","R","E","M","T","$","M","R","M","M","R","B",null,"?","?","?","?","?","T","E","?","T","T","T","?","T","?","T","B",null],"character_chosen":"THE_SILENT","items_purchased":["TwistedFunnel","Caltrops","Prepared","Orrery","Noxious Fumes","expansioncontent:BronzeBeam","Bandage Up","Guide Book","Pen Nib","Distraction","Caltrops"],"campfire_rested":6,"item_purchase_floors":[7,7,7,22,22,22,27,47,47,47,47],"current_hp_per_floor":[70,70,52,57,75,75,75,75,75,75,75,74,63,55,55,11,75,58,58,49,49,49,71,54,43,43,43,28,50,44,34,56,26,75,54,44,44,44,28,65,25,25,25,62,62,66,66,53,75,42],"gold":22,"neow_bonus":"ONE_RANDOM_RARE_CARD","is_daily":false,"chose_seed":false,"campfire_upgraded":2,"win_rate":0.0,"timestamp":1610239056,"path_taken":["M","?","?","?","?","R","?","R","T","?","?","M","E","M","R_BF","BOSS","M","?","M","?","$","R","E","M","T","?","M","R","M","?","R","BOSS","?","?","?","?","?","T","E","?","T","T","?","?","?","?","T","BOSS"],"items_purchased_type":["Relic","Card","Card","Relic","Card","Card","Card","Relic","Relic","Card","Card"],"build_version":"2020-12-22","purchased_purges":0,"victory":true,"max_hp_per_floor":[70,70,70,75,75,75,75,75,75,75,75,75,75,75,75,75,75,75,75,75,75,75,75,75,75,75,75,75,75,75,75,75,75,75,75,75,75,75,75,75,75,75,75,75,75,75,75,75,75,75],"card_choices":[{"not_picked":["Expertise","All Out Attack"],"picked":"Blade Dance","floor":1},{"not_picked":["Slice","Heel Hook"],"picked":"Hidden Blade","floor":10},{"not_picked":["Heel Hook","Bouncing Flask"],"picked":"Underhanded Strike","floor":12},{"not_picked":["Masterful Stab","Flechettes"],"picked":"Outmaneuver","floor":13},{"not_picked":["Underhanded Strike","Hidden Blade"],"picked":"Caltrops","floor":14},{"not_picked":["Deadly Poison","ReplayTheSpireMod:Exploit Weakness"],"picked":"Sucker Punch","floor":15},{"not_picked":["Doppelganger","ReplayTheSpireMod:Necrosis"],"picked":"A Thousand Cuts","floor":16},{"not_picked":["Sucker Punch","Backstab"],"picked":"Skewer","floor":18},{"not_picked":["Outmaneuver","Deflect"],"picked":"Bane","floor":20},{"not_picked":["Slice","ReplayTheSpireMod:The Works"],"picked":"Prepared","floor":22},{"not_picked":["Outmaneuver","Doppelganger"],"picked":"Prepared","floor":22},{"not_picked":["Underhanded Strike","Bane"],"picked":"Distraction+1","floor":22},{"not_picked":["Escape Plan","Backflip"],"picked":"Toxin Wave","floor":22},{"not_picked":["Deflect","ReplayTheSpireMod:Speed Training"],"picked":"Underhanded Strike","floor":22},{"not_picked":["Expertise","Deadly Poison+1"],"picked":"Crippling Poison","floor":24},{"not_picked":["Sucker Punch","Backstab+1"],"picked":"Blur+1","floor":25},{"not_picked":["Escape Plan","Flechettes"],"picked":"Leg Sweep+1","floor":28},{"not_picked":["Bouncing Flask","Flying Knee"],"picked":"Leg Sweep","floor":30},{"not_picked":["Eviscerate","Hidden Blade"],"picked":"Well Laid Plans","floor":31},{"not_picked":["Glass Knife","Replay:Bag of Tricks"],"picked":"Envenom","floor":33},{"not_picked":["Choke+1","Prepared","Backstab"],"picked":"SKIP","floor":35},{"not_picked":["Choke+1","Prepared","Backstab"],"picked":"SKIP","floor":35},{"not_picked":["Flying Knee","Reflex"],"picked":"Bane+1","floor":36},{"not_picked":["Blade Dance","Dagger Throw+1"],"picked":"Catalyst+1","floor":37},{"not_picked":["Terror+1","ReplayTheSpireMod:Tripwire"],"picked":"Blur","floor":37},{"not_picked":["Underhanded Strike+1","Dagger Spray"],"picked":"Hidden Blade","floor":37},{"not_picked":["Backflip+1","Blade Dance+1"],"picked":"Fluid Movement+1","floor":39},{"not_picked":["PiercingWail","Acrobatics+1"],"picked":"Leg Sweep+1","floor":41},{"not_picked":["Deflect","ReplayTheSpireMod:The Works+1"],"picked":"Venomology","floor":42},{"not_picked":["Slice+1","Dodge and Roll"],"picked":"Toxin Wave+1","floor":46},{"not_picked":["Finisher+1","Hidden Blade"],"picked":"Dodge and Roll","floor":48}],"player_experience":23176,"relics_obtained":[{"floor":9,"key":"Nunchaku"},{"floor":13,"key":"Boot"},{"floor":15,"key":"Bag of Marbles"},{"floor":24,"key":"Golden Egg"},{"floor":26,"key":"Matryoshka"},{"floor":37,"key":"Regal Pillow"},{"floor":41,"key":"Orichalcum"},{"floor":43,"key":"Centennial Puzzle"},{"floor":43,"key":"Snack Pack"},{"floor":45,"key":"ReplayFunnel"}],"event_choices":[{"damage_healed":0,"gold_gain":175,"player_choice":"AGREE","damage_taken":0,"max_hp_gain":0,"max_hp_loss":0,"event_name":"Liars Game","floor":2,"gold_loss":0,"cards_obtained":["Doubt"]},{"damage_healed":0,"gold_gain":0,"player_choice":"Success","damage_taken":18,"relics_obtained":["Pocketwatch"],"max_hp_gain":0,"max_hp_loss":0,"event_name":"Scrap Ooze","floor":3,"gold_loss":0},{"damage_healed":0,"gold_gain":0,"player_choice":"Donut","damage_taken":0,"max_hp_gain":5,"max_hp_loss":0,"event_name":"Big Fish","floor":4,"gold_loss":0},{"damage_healed":18,"gold_gain":0,"player_choice":"Healed","damage_taken":0,"max_hp_gain":0,"max_hp_loss":0,"event_name":"The Cleric","floor":5,"gold_loss":35},{"damage_healed":0,"gold_gain":0,"player_choice":"Ignored","damage_taken":0,"max_hp_gain":0,"max_hp_loss":0,"event_name":"Shining Light","floor":11,"gold_loss":0},{"damage_healed":0,"gold_gain":0,"player_choice":"Opened","damage_taken":0,"relics_obtained":["Simple Rune"],"max_hp_gain":0,"max_hp_loss":0,"event_name":"The Mausoleum","floor":19,"gold_loss":0,"cards_obtained":["Writhe"]},{"damage_healed":0,"gold_gain":0,"player_choice":"Read","damage_taken":0,"max_hp_gain":0,"max_hp_loss":0,"event_name":"The Library","floor":21,"gold_loss":0,"cards_obtained":["Noxious Fumes"]},{"damage_healed":0,"gold_gain":0,"player_choice":"Upgraded","damage_taken":0,"max_hp_gain":0,"max_hp_loss":0,"event_name":"Upgrade Shrine","floor":38,"gold_loss":0,"cards_upgraded":["A Thousand Cuts"]}],"is_beta":false,"boss_relics":[{"not_picked":["Runic Dome","ChewingGum"],"picked":"Replay:Bronze Core"},{"not_picked":["Fusion Hammer","Black Star"],"picked":"Painkiller Herb"}],"items_purged_floors":[],"is_endless":false,"potions_floor_spawned":[1,13,16,18,25,30,31,36,41,42,48],"ascension_level":0}}