{"host":"5x08nt64u3vxxcfi","time":1610265774,"event":{"mods":["BaseMod","Minty Spire (QoL Compilation)","StSLib","SuperFastMode"],"gold_per_floor":[360,360,64,84,99,132,132,132,184,215,241,92,267,310,310,434,434,454,454,495,107,180,180,221,246,272,293,293,47,47,67,67,187,187,201,201,226,79,79,123,123,345,345,345,364,388,456,471,471,471,471],"floor_reached":50,"playtime":1287,"items_purged":["Strike_G","Strike_G","Doubt"],"score":906,"play_id":"ff47669c-264d-4fbb-8dff-aa85134b1d11","local_time":"20210110170254","is_ascension_mode":true,"campfire_choices":[{"data":"Neutralize","floor":8.0,"key":"SMITH"},{"data":"Blade Dance","floor":15.0,"key":"SMITH"},{"data":"Phantasmal Killer","floor":23.0,"key":"SMITH"},{"data":"Sucker Punch","floor":28.0,"key":"SMITH"},{"data":"Infinite Blades","floor":30.0,"key":"SMITH"},{"data":"Accuracy","floor":32.0,"key":"SMITH"},{"floor":41.0,"key":"REST"},{"data":"Envenom","floor":44.0,"key":"SMITH"},{"floor":49.0,"key":"REST"}],"circlet_count":0,"master_deck":["AscendersBane","Defend_G","Defend_G","Defend_G","Defend_G","Defend_G","Survivor","Neutralize+1","Prepared","Dagger Throw","Tactician","Slice","Cloak And Dagger","Dagger Spray","Heel Hook","Slice","Dagger Spray","Sucker Punch+1","Blade Dance+1","Phantasmal Killer+1","Finisher+1","Bite","Bite","Bite","Bite","Bite","Accuracy+1","Quick Slash","Escape Plan+1","Reflex+1","Apotheosis+1","Infinite Blades+1","Envenom+1","Writhe","Adrenaline+1","Parasite","Outmaneuver+1"],"relics":["Ring of the Snake","Golden Idol","Sundial","Singing Bowl","Ancient Tea Set","Eternal Feather","Odd Mushroom","Empty Cage","Red Mask","Happy Flower","Bottled Flame","Toxic Egg 2","Regal Pillow","WristBlade","Medical Kit","Frozen Egg 2","Shuriken","Turnip"],"acts_visited":["TheCity","TheBeyond"],"potions_floor_usage":[50,50],"damage_taken":[{"damage":3.0,"enemies":"Jaw Worm","floor":1.0,"turns":4.0},{"damage":1.0,"enemies":"2 Louse","floor":4.0,"turns":4.0},{"damage":3.0,"enemies":"Small Slimes","floor":5.0,"turns":4.0},{"damage":8.0,"enemies":"Lagavulin","floor":6.0,"turns":4.0},{"damage":2.0,"enemies":"3 Sentries","floor":10.0,"turns":7.0},{"damage":3.0,"enemies":"The Mushroom Lair","floor":11.0,"turns":3.0},{"damage":31.0,"enemies":"Gremlin Nob","floor":14.0,"turns":5.0},{"damage":0.0,"enemies":"Slime Boss","floor":16.0,"turns":8.0},{"damage":13.0,"enemies":"Chosen","floor":18.0,"turns":5.0},{"damage":12.0,"enemies":"Masked Bandits","floor":20.0,"turns":2.0},{"damage":16.0,"enemies":"Gremlin Leader","floor":24.0,"turns":8.0},{"damage":6.0,"enemies":"Spheric Guardian","floor":25.0,"turns":3.0},{"damage":17.0,"enemies":"3 Cultists","floor":27.0,"turns":5.0},{"damage":14.0,"enemies":"Shelled Parasite and Fungi","floor":31.0,"turns":4.0},{"damage":59.0,"enemies":"Collector","floor":33.0,"turns":10.0},{"damage":14.0,"enemies":"3 Shapes","floor":35.0,"turns":3.0},{"damage":8.0,"enemies":"3 Darklings","floor":37.0,"turns":3.0},{"damage":60.0,"enemies":"Nemesis","floor":40.0,"turns":7.0},{"damage":10.0,"enemies":"Writhing Mass","floor":45.0,"turns":3.0},{"damage":25.0,"enemies":"Maw","floor":46.0,"turns":5.0},{"damage":39.0,"enemies":"2 Orb Walkers","floor":47.0,"turns":4.0},{"damage":14.0,"enemies":"Sphere and 2 Shapes","floor":48.0,"turns":3.0},{"damage":82,"enemies":"Awakened One","floor":50,"turns":4}],"seed_played":"-1241670997816861735","potions_obtained":[{"floor":4.0,"key":"EntropicBrew"},{"floor":5.0,"key":"CunningPotion"},{"floor":10.0,"key":"Strength Potion"},{"floor":14.0,"key":"CunningPotion"},{"floor":16.0,"key":"Weak Potion"},{"floor":18.0,"key":"Explosive Potion"},{"floor":24.0,"key":"Energy Potion"},{"floor":33.0,"key":"SpeedPotion"},{"floor":35.0,"key":"FearPotion"},{"floor":45.0,"key":"DistilledChaos"}],"is_trial":false,"path_per_floor":["M","?","$","M","M","E","T","R","T","E","?","$","?","E","R","B",null,"M","?","?","$","T","R","E","M","T","M","R","$","R","M","R","B",null,"M","?","M","$","?","E","R","?","T","R","M","M","?","M","R","B"],"character_chosen":"THE_SILENT","items_purchased":["Dagger Throw","Tactician","Slice","CunningPotion","Sucker Punch","Accuracy","Quick Slash","Happy Flower","Apotheosis+1","Infinite Blades","Medical Kit"],"campfire_rested":2,"item_purchase_floors":[3,3,3,3,12,21,21,21,29,29,38],"current_hp_per_floor":[60,58,58,57,54,46,46,46,46,44,41,41,41,10,22,24,50,39,39,29,29,29,44,46,44,44,37,55,55,62,57,62,18,51,42,42,39,39,56,7,62,62,62,66,61,46,13,8,65,0,0],"gold":471,"neow_bonus":"TWO_FIFTY_GOLD","is_daily":false,"chose_seed":false,"campfire_upgraded":7,"win_rate":0.0,"timestamp":1610265774,"path_taken":["M","?","$","M","M","E","?","R","T","E","?","$","?","E","R","BOSS","M","?","?","$","?","R","E","M","T","M","R","$","R","M","R","BOSS","M","?","M","$","?","E","R","?","T","R","M","M","?","M","R","BOSS"],"items_purchased_type":["Card","Card","Card","Potion","Card","Card","Card","Relic","Card","Card","Relic"],"build_version":"2020-12-22","purchased_purges":3,"victory":false,"max_hp_per_floor":[63,58,58,58,58,58,58,58,58,58,58,58,58,58,58,58,58,58,58,60,60,60,60,62,62,62,62,62,62,62,62,62,62,62,64,64,66,66,66,66,66,66,66,66,68,70,70,72,72,72,72],"card_choices":[{"not_picked":["Acrobatics","Predator"],"picked":"Prepared","floor":1.0},{"not_picked":["Dagger Throw","Slice"],"picked":"Cloak And Dagger","floor":4.0},{"not_picked":["Dagger Throw","PiercingWail"],"picked":"Dagger Spray","floor":5.0},{"not_picked":["Malaise","Eviscerate"],"picked":"Heel Hook","floor":6.0},{"not_picked":["Venomology","Outmaneuver"],"picked":"Slice","floor":10.0},{"not_picked":["Prepared","Deflect"],"picked":"Dagger Spray","floor":11.0},{"not_picked":["Dodge and Roll","Flying Knee"],"picked":"Blade Dance","floor":14.0},{"not_picked":["Glass Knife","Night Terror"],"picked":"Phantasmal Killer","floor":16.0},{"not_picked":["Deadly Poison","Dodge and Roll"],"picked":"Finisher+1","floor":18.0},{"not_picked":["Deadly Poison","Deflect","Slice"],"picked":"Singing Bowl","floor":20.0},{"not_picked":["Predator","Noxious Fumes+1","Outmaneuver+1"],"picked":"Singing Bowl","floor":24.0},{"not_picked":["Dagger Spray+1","Acrobatics+1"],"picked":"Escape Plan+1","floor":25.0},{"not_picked":["PiercingWail+1","Underhanded Strike"],"picked":"Reflex+1","floor":27.0},{"not_picked":["Deadly Poison+1","Bullet Time+1"],"picked":"Finisher","floor":31.0},{"not_picked":["Venomology+1","Doppelganger+1"],"picked":"Envenom","floor":33.0},{"not_picked":["Dagger Throw","Catalyst+1","Sucker Punch"],"picked":"Singing Bowl","floor":35.0},{"not_picked":["Setup+1","All Out Attack","Acrobatics+1"],"picked":"Singing Bowl","floor":37.0},{"not_picked":["Infinite Blades+1","Eviscerate+1"],"picked":"Adrenaline+1","floor":40.0},{"not_picked":["Dagger Spray+1","Backflip+1","Dodge and Roll+1"],"picked":"Singing Bowl","floor":45.0},{"not_picked":["Backflip+1","Underhanded Strike","Dodge and Roll+1"],"picked":"Singing Bowl","floor":46.0},{"not_picked":["Slice+1","Bane+1"],"picked":"Outmaneuver+1","floor":47.0},{"not_picked":["Poisoned Stab+1","Calculated Gamble+1","Backflip+1"],"picked":"Singing Bowl","floor":48.0}],"player_experience":82026,"relics_obtained":[{"floor":6.0,"key":"Sundial"},{"floor":7.0,"key":"Singing Bowl"},{"floor":9.0,"key":"Ancient Tea Set"},{"floor":10.0,"key":"Eternal Feather"},{"floor":11.0,"key":"Odd Mushroom"},{"floor":14.0,"key":"Blood Vial"},{"floor":20.0,"key":"Red Mask"},{"floor":22.0,"key":"Bottled Flame"},{"floor":24.0,"key":"Toxic Egg 2"},{"floor":26.0,"key":"Regal Pillow"},{"floor":40.0,"key":"Frozen Egg 2"},{"floor":43.0,"key":"Shuriken"},{"floor":47.0,"key":"Turnip"}],"event_choices":[{"damage_healed":0.0,"max_hp_gain":0.0,"max_hp_loss":5.0,"gold_gain":0.0,"event_name":"Golden Idol","player_choice":"Lose Max HP","floor":2.0,"gold_loss":0.0,"damage_taken":0.0,"relics_obtained":["Golden Idol"]},{"damage_healed":0.0,"max_hp_gain":0.0,"max_hp_loss":0.0,"gold_gain":0.0,"event_name":"Mushrooms","player_choice":"Fought Mushrooms","floor":11.0,"gold_loss":0.0,"damage_taken":0.0},{"damage_healed":0.0,"max_hp_gain":0.0,"max_hp_loss":0.0,"gold_gain":175.0,"event_name":"Liars Game","player_choice":"AGREE","floor":13.0,"gold_loss":0.0,"damage_taken":0.0,"cards_obtained":["Doubt"]},{"damage_healed":0.0,"max_hp_gain":0.0,"max_hp_loss":0.0,"gold_gain":0.0,"event_name":"Vampires","player_choice":"Became a vampire (Vial)","floor":19.0,"relics_lost":["Blood Vial"],"gold_loss":0.0,"damage_taken":0.0,"cards_obtained":["Bite","Bite","Bite","Bite","Bite"]},{"damage_healed":0.0,"max_hp_gain":0.0,"max_hp_loss":0.0,"gold_gain":0.0,"event_name":"Masked Bandits","player_choice":"Fought Bandits","floor":20.0,"gold_loss":0.0,"damage_taken":0.0},{"cards_removed":["Finisher"],"damage_healed":0.0,"max_hp_gain":0.0,"max_hp_loss":0.0,"gold_gain":0.0,"event_name":"Falling","player_choice":"Removed Attack","floor":36.0,"gold_loss":0.0,"damage_taken":0.0},{"damage_healed":17.0,"max_hp_gain":0.0,"max_hp_loss":0.0,"gold_gain":0.0,"event_name":"Winding Halls","player_choice":"Writhe","floor":39.0,"gold_loss":0.0,"damage_taken":0.0,"cards_obtained":["Writhe"]},{"damage_healed":0.0,"max_hp_gain":0.0,"max_hp_loss":0.0,"gold_gain":222.0,"event_name":"Tomb of Lord Red Mask","player_choice":"Wore Mask","floor":42.0,"gold_loss":0.0,"damage_taken":0.0},{"damage_healed":0.0,"max_hp_gain":0.0,"max_hp_loss":0.0,"gold_gain":0.0,"event_name":"Mysterious Sphere","player_choice":"Fight","floor":47.0,"gold_loss":0.0,"damage_taken":0.0}],"is_beta":false,"boss_relics":[{"not_picked":["Runic Pyramid","Cursed Key"],"picked":"Empty Cage"},{"not_picked":["Tiny House","Coffee Dripper"],"picked":"WristBlade"}],"items_purged_floors":[3,12,21],"is_endless":false,"potions_floor_spawned":[4,5,10,14,16,18,24,33,35,45,46],"killed_by":"Awakened One","ascension_level":10}}