{"host":"94qggqh0xz0sp6ai","time":1610247116,"event":{"mods":["Abigail Mod","Act Like it!","BaseMod","CapriCore","Downfall","Friendly Minions","Gensokyo","Hermit","Jorbs\u0027s Wanderer Trilogy","Koishi","Marisa（霧雨　魔理沙）","Minty Spire (QoL Compilation)","Permanent Neow","Reimu（博??梦）","StSLib","The Alterego","The Construct","The Cursed","The Hierophant","The Immortal","The Marked","The Servant 0.9.4","TheBandit","Waifu the Spire"],"gold_per_floor":[112,127,138,18,293,308,308,365,389,418,438,458,458,458,458,555,555,573,573,557,255,275,275,306,306,306,332,342,376,7,7,7,106,106,119,174,174,174,174,174,204,204,204,235,235,510,155,165,165,165],"floor_reached":51,"playtime":2446,"items_purged":["MokouMod:HeatTransfer+1","Regret"],"score":1024,"play_id":"19d09a4c-6a83-436d-945d-5b8c6669407b","local_time":"20210109205156","is_ascension_mode":true,"campfire_choices":[{"data":"MokouMod:Geothermal","floor":7,"key":"SMITH"},{"floor":13,"key":"REST"},{"data":"MokouMod:TemporalFireSeal","floor":15,"key":"SMITH"},{"floor":23,"key":"REST"},{"floor":25,"key":"REST"},{"data":"MokouMod:RisingSunBarrier","floor":32,"key":"SMITH"},{"floor":40,"key":"REST"},{"floor":42,"key":"REST"},{"data":"MokouMod:Refresh","floor":49,"key":"SMITH"}],"circlet_count":0,"master_deck":["MokouMod:Strike","MokouMod:Strike","MokouMod:Defend","MokouMod:Defend","MokouMod:Defend","MokouMod:Defend","MokouMod:HeatSpark","MokouMod:Geothermal+1","MokouMod:AdaptivePyromancy","MokouMod:FlareStarter","MokouMod:Ember","MokouMod:ScorchedEarth","MokouMod:FlareStarter","MokouMod:Meltdown","MokouMod:RoaringFlare","MokouMod:ThermalPressure","MokouMod:Sear","MokouMod:TemporalFireSeal+1","MokouMod:Geothermal","MokouMod:RisingSunBarrier+1","MokouMod:Combust+1","MokouMod:HeatCyclone+1","MokouMod:RisingSunBarrier+1","MokouMod:Meltdown","MokouMod:GuidingSmoke","MokouMod:ScorchingColumn+1","MokouMod:Afterburner+1","MokouMod:Sear+1","MokouMod:BurningDraft+1","Apotheosis+1","MokouMod:IgnitionBlast","MokouMod:Rebirth","MokouMod:Refresh+1","MokouMod:InfernalWave","Wraith","Forethought","MokouMod:CrimsonFlare+1","MokouMod:Trailblazer+1","MokouMod:TemporalFireSeal+1"],"relics":["MokouMod:PhoenixFeather","Ancient Tea Set","Vajra","Astrolabe","Tea:ReiMu","Medical Kit","Smiling Mask","HornCleat","PreservedInsect","Juzu Bracelet","TheAbacus","Velvet Choker","Thread and Needle","Molten Egg 2","Turnip","construct:FoamFinger","Strawberry","Cauldron"],"acts_visited":["Exordium","TheCity","TheBeyond"],"potions_floor_usage":[8,8,24,27,27,29,36,44,50,50,50],"damage_taken":[{"damage":0,"enemies":"2 Louse","floor":1,"turns":2},{"damage":1,"enemies":"Cultist","floor":2,"turns":3},{"damage":3,"enemies":"Small Slimes","floor":3,"turns":4},{"damage":11,"enemies":"2 Fungi Beasts","floor":6,"turns":4},{"damage":4,"enemies":"Exordium Wildlife","floor":8,"turns":5},{"damage":57,"enemies":"Lagavulin","floor":10,"turns":6},{"damage":10,"enemies":"3 Louse","floor":11,"turns":3},{"damage":19,"enemies":"Lots of Slimes","floor":12,"turns":5},{"damage":22,"enemies":"Hexaghost","floor":16,"turns":9},{"damage":7,"enemies":"Chosen","floor":18,"turns":5},{"damage":16,"enemies":"2 Thieves","floor":20,"turns":4},{"damage":33,"enemies":"Sentry and Sphere","floor":22,"turns":8},{"damage":10,"enemies":"Book of Stabbing","floor":24,"turns":8},{"damage":13,"enemies":"Gremlin Leader","floor":27,"turns":7},{"damage":0,"enemies":"Snake Plant","floor":28,"turns":5},{"damage":1,"enemies":"Book of Stabbing","floor":29,"turns":3},{"damage":18,"enemies":"Automaton","floor":33,"turns":11},{"damage":11,"enemies":"Orb Walker","floor":35,"turns":5},{"damage":88,"enemies":"2 Orb Walkers","floor":36,"turns":10},{"damage":20,"enemies":"Giant Head","floor":41,"turns":8},{"damage":93,"enemies":"Reptomancer","floor":44,"turns":10},{"damage":3,"enemies":"3 Shapes","floor":48,"turns":16},{"damage":42,"enemies":"Donu and Deca","floor":50,"turns":16}],"seed_played":"-4884588589828721292","potions_obtained":[{"floor":1,"key":"ColorlessPotion"},{"floor":2,"key":"Swift Potion"},{"floor":12,"key":"Swift Potion"},{"floor":16,"key":"Dexterity Potion"},{"floor":20,"key":"LiquidMemories"},{"floor":27,"key":"Block Potion"},{"floor":28,"key":"SteroidPotion"},{"floor":41,"key":"DistilledChaos"},{"floor":44,"key":"Dexterity Potion"},{"floor":47,"key":"AttackPotion"},{"floor":47,"key":"SkillPotion"}],"is_trial":false,"path_per_floor":["M","M","M","$","?","M","R","M","T","E","M","M","R","?","R","B",null,"M","T","M","$","M","R","E","R","T","E","M","E","$","?","R","B",null,"M","?","?","?","?","R","E","R","T","E","?","?","$","M","R","B",null],"character_chosen":"MKU","items_purchased":["MokouMod:ScorchedEarth","MokouMod:FlareStarter","Medical Kit","MokouMod:Meltdown","Apotheosis","MokouMod:IgnitionBlast","TheAbacus","Strawberry","Cauldron"],"campfire_rested":5,"item_purchase_floors":[4,4,21,21,30,30,30,47,47],"current_hp_per_floor":[68,67,64,64,64,53,53,49,49,18,8,11,33,33,33,11,59,52,52,36,36,3,25,15,37,37,24,24,23,23,23,45,27,63,52,3,3,3,3,25,5,27,27,14,66,66,73,70,70,28],"gold":165,"neow_bonus":"ONE_RANDOM_RARE_CARD","is_daily":false,"chose_seed":false,"campfire_upgraded":4,"win_rate":0.0,"timestamp":1610247116,"path_taken":["M","M","M","$","?","M","R","M","T","E","?","M","R","?","R","BOSS","M","?","M","$","M","R","E","R","T","E","?","E","$","?","R","BOSS","M","?","?","?","?","R","E","R","T","E","?","?","$","M","R","BOSS"],"items_purchased_type":["Card","Card","Relic","Card","Card","Card","Relic","Relic","Relic"],"build_version":"2020-12-22","purchased_purges":2,"victory":true,"max_hp_per_floor":[75,75,75,75,75,75,75,75,75,75,75,75,75,75,75,75,75,75,75,75,75,75,75,75,75,75,75,75,75,75,75,75,75,75,75,75,75,75,75,75,75,75,75,75,66,66,73,73,73,73],"card_choices":[{"not_picked":["MokouMod:DanceofFlames","MokouMod:RetainTemperature"],"picked":"MokouMod:AdaptivePyromancy","floor":1},{"not_picked":["MokouMod:Firecracker","MokouMod:FlamingFireTalons"],"picked":"MokouMod:FlareStarter","floor":2},{"not_picked":["MokouMod:HeatTransfer","MokouMod:ProfanedFlare"],"picked":"MokouMod:Ember","floor":3},{"not_picked":["MokouMod:Trailblazer","MokouMod:BlazingComet"],"picked":"MokouMod:Meltdown","floor":6},{"not_picked":["MokouMod:ShiftIgnition","MokouMod:FujiyamaVolcano"],"picked":"MokouMod:RoaringFlare","floor":8},{"not_picked":["MokouMod:RetainTemperature","MokouMod:IgnitionBarrier"],"picked":"MokouMod:ThermalPressure","floor":10},{"not_picked":["MokouMod:Stoke","MokouMod:IllusoryBattlefield"],"picked":"MokouMod:Sear","floor":11},{"not_picked":["MokouMod:AdaptivePyromancy","MokouMod:ScorchingColumn"],"picked":"MokouMod:TemporalFireSeal","floor":12},{"not_picked":["MokouMod:ResonatingAura","MokouMod:RadiantBlade"],"picked":"MokouMod:Geothermal","floor":16},{"not_picked":["MokouMod:ResoluteFlare","MokouMod:Singe"],"picked":"MokouMod:HeatCyclone+1","floor":18},{"not_picked":["MokouMod:TemporalFireSeal","MokouMod:PhoenixFeathers+1"],"picked":"MokouMod:RisingSunBarrier","floor":20},{"not_picked":["MokouMod:RetainTemperature","MokouMod:HeatFactory"],"picked":"MokouMod:GuidingSmoke","floor":22},{"not_picked":["MokouMod:Firecracker","MokouMod:Trailblazer"],"picked":"MokouMod:ScorchingColumn+1","floor":24},{"not_picked":["MokouMod:TemporalFireSeal","MokouMod:BlazingComet+1"],"picked":"MokouMod:Afterburner+1","floor":27},{"not_picked":["MokouMod:AdaptivePyromancy","MokouMod:Fireball"],"picked":"MokouMod:Sear+1","floor":28},{"not_picked":["MokouMod:FlareStarter","MokouMod:FlamingFireTalons"],"picked":"MokouMod:BurningDraft+1","floor":29},{"not_picked":["MokouMod:SacredFire","MokouMod:BurningHiddenBullet"],"picked":"MokouMod:Rebirth","floor":33},{"not_picked":["MokouMod:Stoke","MokouMod:Singe+1"],"picked":"MokouMod:Refresh","floor":35},{"not_picked":["MokouMod:AdaptivePyromancy+1","MokouMod:PhoenixFeathers"],"picked":"MokouMod:InfernalWave","floor":36},{"not_picked":["expansioncontent:GuardianWhirl","Thinking Ahead"],"picked":"Forethought","floor":38},{"not_picked":["MokouMod:EternalBurstReactor+1","MokouMod:Overheat"],"picked":"MokouMod:CrimsonFlare+1","floor":41},{"not_picked":["MokouMod:ScorchingColumn+1","MokouMod:BlazingComet+1"],"picked":"MokouMod:Trailblazer+1","floor":44},{"not_picked":["MokouMod:EternalBurstReactor+1","MokouMod:FlareStarter+1"],"picked":"MokouMod:TemporalFireSeal+1","floor":48}],"player_experience":1365410,"relics_obtained":[{"floor":9,"key":"Ancient Tea Set"},{"floor":10,"key":"Vajra"},{"floor":19,"key":"Tea:ReiMu"},{"floor":24,"key":"Smiling Mask"},{"floor":26,"key":"HornCleat"},{"floor":27,"key":"PreservedInsect"},{"floor":29,"key":"Juzu Bracelet"},{"floor":36,"key":"Thread and Needle"},{"floor":41,"key":"Molten Egg 2"},{"floor":43,"key":"Turnip"},{"floor":44,"key":"construct:FoamFinger"}],"event_choices":[{"damage_healed":0,"gold_gain":275,"player_choice":"Desecrate","damage_taken":0,"max_hp_gain":0,"max_hp_loss":0,"event_name":"Golden Shrine","floor":5,"gold_loss":0,"cards_obtained":["Regret"]},{"cards_removed":["Regret"],"damage_healed":0,"gold_gain":0,"player_choice":"Removed Curses","damage_taken":0,"max_hp_gain":0,"max_hp_loss":0,"event_name":"Fountain of Cleansing","floor":14,"gold_loss":0},{"damage_healed":0,"gold_gain":0,"player_choice":"Ignored","damage_taken":0,"max_hp_gain":0,"max_hp_loss":0,"event_name":"Ghosts","floor":31,"gold_loss":0},{"damage_healed":0,"gold_gain":0,"player_choice":"Fight","damage_taken":0,"max_hp_gain":0,"max_hp_loss":0,"event_name":"Mysterious Sphere","floor":36,"gold_loss":0},{"damage_healed":0,"gold_gain":0,"player_choice":"Ignored","damage_taken":0,"max_hp_gain":0,"max_hp_loss":0,"event_name":"OrinTheCat","floor":37,"gold_loss":0},{"damage_healed":0,"gold_gain":0,"player_choice":"Memory 1","damage_taken":0,"max_hp_gain":0,"max_hp_loss":0,"event_name":"SensoryStone","floor":38,"gold_loss":0},{"damage_healed":0,"gold_gain":0,"player_choice":"Forge","damage_taken":0,"max_hp_gain":0,"max_hp_loss":0,"event_name":"Accursed Blacksmith","floor":39,"gold_loss":0,"cards_upgraded":["Apotheosis"]},{"damage_healed":66,"gold_gain":0,"player_choice":"Heal","damage_taken":0,"max_hp_gain":0,"max_hp_loss":9,"event_name":"The Moai Head","floor":45,"gold_loss":0},{"damage_healed":0,"gold_gain":275,"player_choice":"Desecrate","damage_taken":0,"max_hp_gain":0,"max_hp_loss":0,"event_name":"Golden Shrine","floor":46,"gold_loss":0,"cards_obtained":["Regret"]}],"is_beta":false,"boss_relics":[{"not_picked":["Philosopher\u0027s Stone","Tiny House"],"picked":"Astrolabe"},{"not_picked":["Runic Dome","Coffee Dripper"],"picked":"Velvet Choker"}],"items_purged_floors":[21,47],"is_endless":false,"potions_floor_spawned":[1,2,12,16,20,27,28,41,44],"ascension_level":6}}