{"host":"l2onoeb0kdqo1a9y","time":1610254995,"event":{"mods":["AchievementEnabler","BaseMod","Colored Powertips","Highlight Path","Minty Spire (QoL Compilation)","Quick Restart"],"gold_per_floor":[111,127,141,141,0,0,34,34,61,61,71,84,104,204,204,306,306,323,323,323],"floor_reached":19,"playtime":475,"items_purged":[],"score":169,"play_id":"eb35cab8-9de7-44e9-848b-35ad5f1535a8","local_time":"20210110130315","is_ascension_mode":false,"campfire_choices":[{"data":"Endless Agony","floor":6,"key":"SMITH"},{"floor":8,"key":"REST"},{"data":"Noxious Fumes","floor":15,"key":"SMITH"}],"circlet_count":0,"master_deck":["Strike_G","Strike_G","Strike_G","Strike_G","Strike_G","Defend_G","Defend_G","Defend_G+1","Defend_G","Defend_G","Survivor+1","Neutralize","Endless Agony+1","Noxious Fumes+1","Acrobatics","Reflex","Die Die Die","Acrobatics","Dagger Throw","Backflip","Catalyst","Adrenaline","Poisoned Stab"],"relics":["Ring of the Snake","NeowsBlessing","War Paint","StoneCalendar","Orichalcum","Ancient Tea Set","HoveringKite"],"acts_visited":["Exordium","TheCity"],"potions_floor_usage":[16],"damage_taken":[{"damage":0,"enemies":"Jaw Worm","floor":1,"turns":1},{"damage":0,"enemies":"Cultist","floor":2,"turns":1},{"damage":0,"enemies":"2 Louse","floor":3,"turns":1},{"damage":39,"enemies":"Gremlin Nob","floor":7,"turns":5},{"damage":13,"enemies":"Gremlin Gang","floor":11,"turns":4},{"damage":0,"enemies":"Exordium Wildlife","floor":12,"turns":4},{"damage":0,"enemies":"2 Fungi Beasts","floor":13,"turns":1},{"damage":11,"enemies":"Hexaghost","floor":16,"turns":9},{"damage":5,"enemies":"Chosen","floor":18,"turns":5}],"seed_played":"-2925140785136643836","potions_obtained":[{"floor":1,"key":"Dexterity Potion"},{"floor":2,"key":"SkillPotion"},{"floor":7,"key":"SteroidPotion"},{"floor":18,"key":"SkillPotion"}],"is_trial":false,"path_per_floor":["M","M","M","?","$","R","E","R","T","?","M","M","M","?","R","B",null,"M","$"],"character_chosen":"THE_SILENT","items_purchased":["Reflex","Die Die Die"],"campfire_rested":1,"item_purchase_floors":[5,5],"current_hp_per_floor":[70,70,70,63,63,63,24,45,45,45,32,32,32,32,32,21,70,65,65,65],"gold":323,"neow_bonus":"THREE_ENEMY_KILL","is_daily":false,"chose_seed":false,"campfire_upgraded":2,"win_rate":0.0,"timestamp":1610254995,"path_taken":["M","M","M","?","$","R","E","R","T","?","M","?","M","?","R","BOSS","M","$"],"items_purchased_type":["Card","Card"],"build_version":"2020-12-22","purchased_purges":0,"victory":false,"max_hp_per_floor":[70,70,70,70,70,70,70,70,70,70,70,70,70,70,70,70,70,70,70,70],"card_choices":[{"not_picked":["Caltrops","Sucker Punch"],"picked":"Endless Agony","floor":1},{"not_picked":["Underhanded Strike","Skewer"],"picked":"Noxious Fumes","floor":2},{"not_picked":["Crippling Poison","Outmaneuver"],"picked":"Acrobatics","floor":3},{"not_picked":["Crippling Poison","Noxious Fumes"],"picked":"Acrobatics","floor":7},{"not_picked":["Deadly Poison","Quick Slash"],"picked":"Dagger Throw","floor":11},{"not_picked":["Sucker Punch","Heel Hook"],"picked":"Backflip","floor":12},{"not_picked":["Deadly Poison","Outmaneuver"],"picked":"Catalyst","floor":13},{"not_picked":["Wraith Form v2","Tools of the Trade"],"picked":"Adrenaline","floor":16},{"not_picked":["Crippling Poison","Flying Knee+1"],"picked":"Poisoned Stab","floor":18}],"player_experience":103644,"relics_obtained":[{"floor":7,"key":"StoneCalendar"},{"floor":9,"key":"Orichalcum"}],"event_choices":[{"damage_healed":0,"gold_gain":0,"player_choice":"Success","damage_taken":7,"relics_obtained":["War Paint"],"max_hp_gain":0,"max_hp_loss":0,"event_name":"Scrap Ooze","floor":4,"gold_loss":0},{"damage_healed":0,"gold_gain":0,"player_choice":"Gave Potion","damage_taken":0,"relics_obtained":["Ancient Tea Set"],"max_hp_gain":0,"max_hp_loss":0,"event_name":"WeMeetAgain","floor":10,"gold_loss":0},{"damage_healed":0,"gold_gain":100,"player_choice":"Pray","damage_taken":0,"max_hp_gain":0,"max_hp_loss":0,"event_name":"Golden Shrine","floor":14,"gold_loss":0}],"is_beta":false,"boss_relics":[{"not_picked":["SlaversCollar","Black Star"],"picked":"HoveringKite"}],"items_purged_floors":[],"is_endless":false,"potions_floor_spawned":[1,2,7,18],"ascension_level":0}}