{"host":"mcdusr64esz012l0","time":1610262108,"event":{"mods":["BaseMod","Minty Spire (QoL Compilation)","Relic Stats"],"gold_per_floor":[113,38,58,108,126,168,187,230,230,230,273,301,324,344,344,344,344],"floor_reached":16,"playtime":753,"items_purged":[],"score":248,"play_id":"ce1d6e28-e561-46e9-aa9f-3c6784cd57a8","local_time":"20210110020148","is_ascension_mode":true,"campfire_choices":[{"floor":15,"key":"REST"}],"circlet_count":0,"master_deck":["AscendersBane","Strike_P","Strike_P","Strike_P","Defend_P","Defend_P","Defend_P","Defend_P","Eruption","Vigilance","WheelKick","BowlingBash","JustLucky","Weave","Conclude","Halt","Nirvana","ThirdEye"],"relics":["Runic Dome","CeramicFish","Eternal Feather","Pantograph","Letter Opener"],"acts_visited":["Exordium"],"potions_floor_usage":[6,14],"damage_taken":[{"damage":7,"enemies":"Small Slimes","floor":1,"turns":3},{"damage":0,"enemies":"2 Louse","floor":3,"turns":3},{"damage":2,"enemies":"Cultist","floor":5,"turns":3},{"damage":12,"enemies":"3 Sentries","floor":6,"turns":7},{"damage":0,"enemies":"3 Louse","floor":7,"turns":2},{"damage":14,"enemies":"Gremlin Nob","floor":8,"turns":3},{"damage":17,"enemies":"3 Sentries","floor":11,"turns":5},{"damage":5,"enemies":"Red Slaver","floor":12,"turns":3},{"damage":5,"enemies":"Blue Slaver","floor":13,"turns":4},{"damage":12,"enemies":"Exordium Wildlife","floor":14,"turns":5},{"damage":70,"enemies":"Hexaghost","floor":16,"turns":9}],"seed_played":"-4893293912874586610","potions_obtained":[{"floor":3,"key":"ColorlessPotion"},{"floor":7,"key":"Dexterity Potion"},{"floor":11,"key":"ColorlessPotion"},{"floor":12,"key":"BottledMiracle"},{"floor":14,"key":"CultistPotion"}],"is_trial":false,"path_per_floor":["M","?","M","?","M","E","M","E","T","?","E","M","M","M","R","B"],"character_chosen":"WATCHER","items_purchased":[],"campfire_rested":1,"item_purchase_floors":[],"current_hp_per_floor":[54,54,54,54,52,40,40,26,26,48,31,26,21,9,38,0,0],"gold":344,"neow_bonus":"BOSS_RELIC","is_daily":false,"chose_seed":false,"campfire_upgraded":0,"win_rate":0.0,"timestamp":1610262108,"path_taken":["M","?","M","?","?","E","M","E","T","?","E","M","M","M","R","BOSS"],"items_purchased_type":[],"build_version":"2020-12-22","purchased_purges":0,"victory":false,"max_hp_per_floor":[68,68,68,68,68,68,68,68,68,68,68,68,68,68,68,68,68],"relic_stats":{"counters":[11,47],"CeramicFish":54,"Pantograph":25,"Eternal Feather":9,"Letter Opener":[10],"obtain_stats":[{"Runic Dome":0,"CeramicFish":6,"Pantograph":9,"Eternal Feather":8,"Letter Opener":11,"PureWater":0},{"Runic Dome":0,"CeramicFish":4,"Pantograph":6,"Eternal Feather":6,"Letter Opener":7,"PureWater":0},{"Runic Dome":0,"CeramicFish":16,"Pantograph":21,"Eternal Feather":21,"Letter Opener":26,"PureWater":0}]},"card_choices":[{"not_picked":["Protect","Fasting2"],"picked":"WheelKick","floor":1},{"not_picked":["FlyingSleeves","Sanctity"],"picked":"BowlingBash","floor":3},{"not_picked":["Evaluate","ClearTheMind","Weave"],"picked":"SKIP","floor":5},{"not_picked":["CutThroughFate","ReachHeaven"],"picked":"JustLucky","floor":6},{"not_picked":["PathToVictory","Prostrate"],"picked":"Weave","floor":7},{"not_picked":["Sanctity","Weave"],"picked":"Conclude","floor":8},{"not_picked":["FollowUp","EmptyBody"],"picked":"Halt","floor":11},{"not_picked":["SashWhip","Halt"],"picked":"Nirvana","floor":12},{"not_picked":["PathToVictory","Alpha"],"picked":"ThirdEye","floor":13},{"not_picked":["FollowUp","WreathOfFlame","WindmillStrike"],"picked":"SKIP","floor":14}],"player_experience":1039091,"relics_obtained":[{"floor":6,"key":"CeramicFish"},{"floor":8,"key":"Eternal Feather"},{"floor":9,"key":"Pantograph"},{"floor":11,"key":"Letter Opener"}],"event_choices":[{"cards_removed":["Strike_P"],"damage_healed":0,"gold_gain":0,"player_choice":"Card Removal","damage_taken":0,"max_hp_gain":0,"max_hp_loss":0,"event_name":"The Cleric","floor":2,"gold_loss":75},{"damage_healed":0,"gold_gain":50,"player_choice":"Pray","damage_taken":0,"max_hp_gain":0,"max_hp_loss":0,"event_name":"Golden Shrine","floor":4,"gold_loss":0},{"damage_healed":22,"gold_gain":0,"player_choice":"Banana","damage_taken":0,"max_hp_gain":0,"max_hp_loss":0,"event_name":"Big Fish","floor":10,"gold_loss":0}],"is_beta":false,"boss_relics":[],"items_purged_floors":[],"is_endless":false,"potions_floor_spawned":[3,7,11,12,14],"killed_by":"Hexaghost","ascension_level":20}}