{"host":"skzt5oiq3jmvln28","time":1610266797,"event":{"mods":["AchievementEnabler","Act Like it!","BaseMod","GifTheSpireLib","Minty Spire (QoL Compilation)","StSLib","The Saiyan"],"gold_per_floor":[87,87,12,31,45,45,107,107,107,62,62,72,89,102,102,203,203,215,232,96,109,109,109,129,129,175,203,130,158,170,0,12,24,24],"floor_reached":33,"playtime":2778,"items_purged":["Saiyan:SAIYA_Strike"],"score":239,"play_id":"21cd0d8c-0947-404d-9635-067e5afb1385","local_time":"20210110001957","is_ascension_mode":false,"campfire_choices":[{"data":"Saiyan:KameHameHa","floor":6.0,"key":"SMITH"},{"floor":8.0,"key":"REST"},{"data":"Saiyan:KaioKen","floor":15.0,"key":"SMITH"},{"data":"Saiyan:DragonFist","floor":23,"key":"SMITH"},{"data":"Saiyan:SuperSaiyanThree","floor":25,"key":"SMITH"},{"floor":30,"key":"REST"},{"data":"Saiyan:Fly","floor":32,"key":"SMITH"}],"circlet_count":0,"master_deck":["Saiyan:SAIYA_Strike","Saiyan:SAIYA_Strike","Saiyan:SAIYA_Defend","Saiyan:SAIYA_Defend","Saiyan:SAIYA_Defend","Saiyan:SAIYA_Defend","Saiyan:EnergyBlast","Saiyan:KaioKen+1","Saiyan:RuthlessBlow","Saiyan:MeteorDash","Saiyan:Fly+1","Saiyan:KameHameHa+1","Saiyan:Planning+1","Saiyan:PowerUp+1","Saiyan:ExpandingShockwave","Saiyan:KiExplosion+1","Saiyan:SolarFlare+1","Saiyan:DragonFist+1","Saiyan:Quickening+1","Saiyan:SuperSaiyanThree+1","Saiyan:PlotArmor","Saiyan:Medicine+1","Saiyan:RemoveWeights+1","Saiyan:DragonRadar+1"],"relics":["SaiyanSoul","SaiyanHeart","NeowsBlessing","Toxic Egg 2","Ginger","Bag of Marbles","Empty Cage","MawBank","Gambling Chip"],"acts_visited":["Exordium","TheCity"],"potions_floor_usage":[18,21,21,24,27,33,33],"damage_taken":[{"damage":0.0,"enemies":"Small Slimes","floor":1.0,"turns":1.0},{"damage":0.0,"enemies":"Cultist","floor":4.0,"turns":1.0},{"damage":0.0,"enemies":"2 Louse","floor":5.0,"turns":1.0},{"damage":26.0,"enemies":"3 Sentries","floor":7.0,"turns":6.0},{"damage":0.0,"enemies":"Blue Slaver","floor":12.0,"turns":2.0},{"damage":0.0,"enemies":"Red Slaver","floor":13.0,"turns":1.0},{"damage":3.0,"enemies":"Looter","floor":14.0,"turns":2.0},{"damage":16.0,"enemies":"Hexaghost","floor":16.0,"turns":8.0},{"damage":1.0,"enemies":"Shell Parasite","floor":18.0,"turns":6.0},{"damage":0,"enemies":"Chosen","floor":19,"turns":4},{"damage":14,"enemies":"Sentry and Sphere","floor":21,"turns":8},{"damage":9,"enemies":"Snecko","floor":24,"turns":7},{"damage":18,"enemies":"Shelled Parasite and Fungi","floor":27,"turns":7},{"damage":0,"enemies":"Cultist and Chosen","floor":29,"turns":6},{"damage":64,"enemies":"Collector","floor":33,"turns":9}],"seed_played":"-1213698976809201751","potions_obtained":[{"floor":1.0,"key":"ColorlessPotion"},{"floor":5.0,"key":"Fruit Juice"},{"floor":7.0,"key":"Ancient Potion"},{"floor":14.0,"key":"SteroidPotion"},{"floor":16.0,"key":"Weak Potion"},{"floor":18,"key":"ColorlessPotion"},{"floor":21,"key":"Strength Potion"},{"floor":24,"key":"BlessingOfTheForge"},{"floor":29,"key":"Weak Potion"}],"is_trial":false,"path_per_floor":["M","?","$","M","M","R","?","R","T","$","?","M","M","M","R","B",null,"M","M","$","M","?","R","M","R","T","M","?","M","R","?","R","B"],"character_chosen":"SAIYAJIN","items_purchased":["Saiyan:PowerUp+1","Saiyan:SuperSaiyanThree"],"campfire_rested":2,"item_purchase_floors":[10,20],"current_hp_per_floor":[60,60,60,60,60,60,34,52,52,52,52,52,52,49,49,34,61,66,68,68,54,54,54,46,46,46,35,35,36,57,57,57,0,0],"gold":24,"neow_bonus":"THREE_ENEMY_KILL","is_daily":false,"chose_seed":false,"campfire_upgraded":5,"win_rate":0.0,"timestamp":1610266797,"path_taken":["M","?","$","?","M","R","?","R","T","$","?","M","M","?","R","BOSS","M","M","$","M","?","R","M","R","T","M","?","M","R","?","R","BOSS"],"items_purchased_type":["Card","Card"],"build_version":"2020-12-22","purchased_purges":1,"victory":false,"max_hp_per_floor":[60,60,60,60,60,60,60,60,60,60,60,60,60,60,60,61,61,67,69,69,69,69,69,70,70,70,71,71,72,72,72,72,72,72],"card_choices":[{"not_picked":["Saiyan:DrainingStrike","Saiyan:PlotArmor"],"picked":"Saiyan:MeteorDash","floor":1.0},{"not_picked":["Saiyan:Reset","Saiyan:PlotArmor"],"picked":"Saiyan:Fly","floor":4.0},{"not_picked":["Saiyan:PlotArmor","Saiyan:BigBangAttack"],"picked":"Saiyan:KameHameHa","floor":5.0},{"not_picked":["Saiyan:PlotArmor","Saiyan:ConcussiveBlow"],"picked":"Saiyan:Planning+1","floor":7.0},{"not_picked":["Saiyan:DrainingStrike","Saiyan:KameHameHa"],"picked":"Saiyan:ExpandingShockwave","floor":12.0},{"not_picked":["Saiyan:Planning+1","Saiyan:TheBomb+1"],"picked":"Saiyan:Pacing+1","floor":13.0},{"not_picked":["Saiyan:TurtleShell","Saiyan:DragonFist"],"picked":"Saiyan:KiExplosion+1","floor":14.0},{"not_picked":["Saiyan:MindBoom+1","Saiyan:SuperSaiyanThree"],"picked":"Saiyan:SolarFlare+1","floor":16.0},{"not_picked":["Saiyan:Quickening+1","Saiyan:DoubleMasenko"],"picked":"Saiyan:DragonFist","floor":18},{"not_picked":["Saiyan:FinalFlash","Saiyan:Flurry+1"],"picked":"Saiyan:Quickening+1","floor":19},{"not_picked":["Saiyan:Planning+1","Saiyan:Taunt+1"],"picked":"Saiyan:PlotArmor","floor":21},{"not_picked":["Saiyan:PlotArmor","Saiyan:Quickening+1"],"picked":"Saiyan:Medicine+1","floor":24},{"not_picked":["Saiyan:TurtleShell+1","Saiyan:DoubleMasenko"],"picked":"Saiyan:RemoveWeights+1","floor":27},{"not_picked":["Saiyan:BigBangAttack","Saiyan:Expend+1"],"picked":"Saiyan:DragonRadar+1","floor":29}],"player_experience":21491,"relics_obtained":[{"floor":7.0,"key":"Toxic Egg 2"},{"floor":9.0,"key":"Ginger"},{"floor":26,"key":"MawBank"}],"event_choices":[{"damage_healed":0.0,"max_hp_gain":0.0,"max_hp_loss":0.0,"gold_gain":0.0,"event_name":"Wheel of Change","player_choice":"Full Heal","floor":2.0,"gold_loss":0.0,"damage_taken":0.0},{"damage_healed":0.0,"max_hp_gain":0.0,"max_hp_loss":0.0,"gold_gain":0.0,"event_name":"Dead Adventurer","player_choice":"Searched \u00271\u0027 times","floor":7.0,"gold_loss":0.0,"damage_taken":0.0},{"damage_healed":0.0,"max_hp_gain":0.0,"max_hp_loss":0.0,"gold_gain":0.0,"event_name":"WeMeetAgain","player_choice":"Gave Potion","floor":11.0,"gold_loss":0.0,"damage_taken":0.0,"relics_obtained":["Bag of Marbles"]},{"damage_healed":0,"gold_gain":0,"player_choice":"Ignored","damage_taken":0,"max_hp_gain":0,"max_hp_loss":0,"event_name":"Vampires","floor":22,"gold_loss":0},{"damage_healed":0,"gold_gain":0,"player_choice":"Obtained Relic","damage_taken":0,"relics_obtained":["Gambling Chip"],"max_hp_gain":0,"max_hp_loss":0,"event_name":"Addict","floor":28,"gold_loss":85},{"damage_healed":0,"gold_gain":0,"player_choice":"Paid Fearfully","damage_taken":0,"max_hp_gain":0,"max_hp_loss":0,"event_name":"Masked Bandits","floor":31,"gold_loss":182}],"is_beta":false,"boss_relics":[{"not_picked":["Calling Bell","Fusion Hammer"],"picked":"Empty Cage"}],"items_purged_floors":[3],"is_endless":false,"potions_floor_spawned":[1,5,7,14,16,18,21,24,29],"killed_by":"Collector","ascension_level":0}}