{"host":"a7dhdzm3fda48fos","time":1610269098,"event":{"mods":["AchievementEnabler","AlwaysNeverKeys","BaseMod","Better Altar","Better Note","Better Sensory Stone","Better Skull","Better Third Choice","BetterRewards","Block Reminder","Colored Map","Displayed Cursed Tome","Downfall","Friendly Minions","Gold Saver","Hermit","Infinite Spire","Minty Spire (QoL Compilation)","Quick Restart","Relic Filter","Relic Sorter","Relic Stats","Remove Card Discount Mod","Replay The Spire","StSLib","The Cursed"],"gold_per_floor":[830,850,850,863,863,863,790,800,800,800,800,813,823,231,231,283,283,385,385,395,415,440,456,456,456,87,87,162,212,262,139,155,155],"floor_reached":32,"playtime":1792,"items_purged":[],"score":278,"play_id":"6d5217ed-7e8f-4803-90c1-b228e38229b7","local_time":"20210110095818","is_ascension_mode":false,"campfire_choices":[{"data":"hermit:Dive","floor":6.0,"key":"SMITH"},{"floor":15.0,"key":"REST"},{"floor":17.0,"key":"REST"},{"floor":25,"key":"REST"},{"data":"Crow Ritual","floor":27,"key":"SMITH"}],"circlet_count":0,"master_deck":["hermit:Strike_Hermit","hermit:Strike_Hermit","hermit:Strike_Hermit","hermit:Strike_Hermit","hermit:Defend_Hermit","hermit:Defend_Hermit","hermit:Defend_Hermit","hermit:Snapshot","hermit:Covet","hermit:FatalDesire+1","hermit:WideOpen","hermit:Dive+1","hermit:Determination","hermit:RoundhouseKick","hermit:Headshot","hermit:Shortfuse","hermit:BigShot","hermit:Quickdraw+1","ReplayUltimateDefense","hermit:Maintenance","hermit:RoundhouseKick","hermit:LoneWolf","hermit:ItchyTrigger","hermit:Virtue+1","Crow Ritual+1","hermit:TakeAim","hermit:BigShot+1","expansioncontent:Chronoboost+1"],"relics":["hermit:Momento","ReplayTheSpireMod:TigerMarble","infinitespire:CheckeredPen","hermit:RyeStalk","Honey Jar","Pet Ghost","SsserpentHead","Nunchaku","infinitespire:Midas Blood","Golden Egg"],"acts_visited":["Exordium","TheCity"],"potions_floor_usage":[],"damage_taken":[{"damage":1.0,"enemies":"Cultist","floor":1.0,"turns":3.0},{"damage":0.0,"enemies":"2 Louse","floor":2.0,"turns":2.0},{"damage":7.0,"enemies":"infinitespire:Voidling","floor":4.0,"turns":3.0},{"damage":44.0,"enemies":"Exordium Thugs","floor":8.0,"turns":7.0},{"damage":0.0,"enemies":"Red Slaver","floor":12.0,"turns":3.0},{"damage":11.0,"enemies":"Exordium Wildlife","floor":13.0,"turns":3.0},{"damage":0.0,"enemies":"Slime Boss","floor":18.0,"turns":8.0},{"damage":38.0,"enemies":"2 Thieves","floor":20.0,"turns":4.0},{"damage":0.0,"enemies":"Spheric Guardian","floor":21.0,"turns":2.0},{"damage":5.0,"enemies":"Snake Plant","floor":23.0,"turns":3.0},{"damage":57,"enemies":"Slavers","floor":32,"turns":3}],"seed_played":"-5146091353365480565","potions_obtained":[{"floor":4.0,"key":"Dexterity Potion"},{"floor":8.0,"key":"Energy Potion"},{"floor":13.0,"key":"Strength Potion"}],"is_trial":false,"path_per_floor":["M","M","?","M","?","R","$","M","T","PTL","PTL","M","M","$","R","T","R","B",null,"M","M","T","M","?","R","$","R","T","?","?","$","E"],"character_chosen":"HERMIT","items_purchased":["hermit:Determination","hermit:BigShot","hermit:Quickdraw+1","infinitespire:CheckeredPen","ReplayUltimateDefense","hermit:Maintenance","Crow Ritual","Nunchaku","hermit:TakeAim","hermit:BigShot","expansioncontent:Chronoboost"],"campfire_rested":3,"item_purchase_floors":[7,14,14,14,14,14,26,26,26,31,31],"current_hp_per_floor":[74,74,74,67,67,67,67,23,23,23,23,23,12,12,34,34,56,56,75,37,37,37,32,32,54,54,54,54,54,54,54,0,0],"gold":155,"neow_bonus":"","is_daily":false,"chose_seed":false,"campfire_upgraded":2,"win_rate":0.0,"timestamp":1610269098,"path_taken":["M","M","?","M","?","R","$","?","T","PTL","PTL","M","?","$","R","?","R","BOSS","M","M","?","M","?","R","$","R","T","?","?","$","E"],"items_purchased_type":["Card","Card","Card","Relic","Card","Card","Card","Relic","Card","Card","Card"],"build_version":"2020-12-22","purchased_purges":0,"victory":false,"max_hp_per_floor":[75,75,75,75,75,75,75,75,75,75,75,75,75,75,75,75,75,75,75,75,75,75,75,75,75,75,75,75,75,75,75,75,75],"relic_stats":{"SsserpentHead":100,"Nunchaku":[0],"counters":[17,65],"obtain_stats":[{"hermit:RyeStalk":16,"SsserpentHead":24,"Golden Egg":30,"Nunchaku":26,"Oddly Smooth Stone":6,"Honey Jar":19,"ReplayTheSpireMod:TigerMarble":9,"infinitespire:CheckeredPen":14,"MawBank":9,"hermit:Momento":0,"Pet Ghost":22,"infinitespire:Midas Blood":28},{"hermit:RyeStalk":12,"SsserpentHead":16,"Golden Egg":16,"Nunchaku":16,"Oddly Smooth Stone":4,"Honey Jar":13,"ReplayTheSpireMod:TigerMarble":10,"infinitespire:CheckeredPen":12,"MawBank":5,"hermit:Momento":0,"Pet Ghost":15,"infinitespire:Midas Blood":16},{"hermit:RyeStalk":45,"SsserpentHead":62,"Golden Egg":62,"Nunchaku":62,"Oddly Smooth Stone":18,"Honey Jar":53,"ReplayTheSpireMod:TigerMarble":39,"infinitespire:CheckeredPen":45,"MawBank":23,"hermit:Momento":0,"Pet Ghost":59,"infinitespire:Midas Blood":62}]},"card_choices":[{"not_picked":["hermit:CursedWeapon","hermit:Coalescence"],"picked":"hermit:WideOpen","floor":1.0},{"not_picked":["hermit:Manifest","hermit:NoHoldsBarred"],"picked":"hermit:Dive","floor":2.0},{"not_picked":["hermit:BodyArmor","hermit:LowProfile"],"picked":"hermit:Quickdraw","floor":4.0},{"not_picked":["hermit:Grudge","hermit:Desperado"],"picked":"hermit:RoundhouseKick","floor":8.0},{"not_picked":["hermit:TakeCover","hermit:Quickdraw"],"picked":"hermit:Headshot","floor":12.0},{"not_picked":["hermit:Roulette","hermit:Cheat"],"picked":"hermit:Shortfuse","floor":13.0},{"not_picked":["hermit:Dissolve","hermit:Gambit"],"picked":"hermit:RoundhouseKick","floor":18.0},{"not_picked":["hermit:Feint","hermit:Determination","hermit:Roulette"],"picked":"hermit:LoneWolf","floor":20.0},{"not_picked":["hermit:CalledShot","hermit:Manifest","hermit:Snipe"],"picked":"hermit:ItchyTrigger","floor":21.0},{"not_picked":["hermit:Spite","hermit:TakeCover","hermit:Magnum"],"picked":"hermit:Virtue+1","floor":23}],"player_experience":110008,"relics_obtained":[{"floor":9.0,"key":"ReplayTheSpireMod:TigerMarble"},{"floor":16.0,"key":"hermit:RyeStalk"},{"floor":22.0,"key":"Pet Ghost"},{"floor":28,"key":"infinitespire:Midas Blood"}],"event_choices":[{"damage_healed":0.0,"max_hp_gain":0.0,"max_hp_loss":0.0,"gold_gain":0.0,"event_name":"Living Wall","player_choice":"Grow","floor":3.0,"gold_loss":0.0,"damage_taken":0.0,"cards_upgraded":["hermit:FatalDesire"]},{"cards_removed":["hermit:Quickdraw"],"damage_healed":0.0,"max_hp_gain":0.0,"max_hp_loss":0.0,"gold_gain":0.0,"event_name":"Purifier","player_choice":"Purged","floor":5.0,"gold_loss":0.0,"damage_taken":0.0},{"damage_healed":0,"gold_gain":0,"player_choice":"Trade","damage_taken":0,"relics_obtained":["SsserpentHead"],"max_hp_gain":0,"max_hp_loss":0,"event_name":"FaceTrader","floor":24,"gold_loss":0},{"damage_healed":0,"gold_gain":0,"player_choice":"Ignored","damage_taken":0,"max_hp_gain":0,"max_hp_loss":0,"event_name":"betterNote:BetterNote","floor":29,"gold_loss":0,"cards_obtained":["Alpha"]}],"is_beta":false,"boss_relics":[{"not_picked":["ReplayTheSpireMod:SealedPack","Ectoplasm"],"picked":"Honey Jar"}],"items_purged_floors":[],"is_endless":false,"potions_floor_spawned":[4,8,13],"killed_by":"Slavers","ascension_level":0}}