{"host":"jmdwsiegw2vwqzt1","time":1610247833,"event":{"mods":["2.2 Compatiblity","AchievementEnabler","BaseMod","Better Third Choice","Better Vampires","Colored Powertips","Custom Start","Dio Mod","Downfall","Hermit","Highlight Path","Jorbs\u0027s Wanderer Trilogy","Marisa????????","Minty Spire (QoL Compilation)","Permanent Neow","Quick Restart","Rare Cards Sparkle","Relic Stats","Spicy Shops","StSLib","SuperFastMode","The Bug Knight","The Cursed","The Disciple","The Hierophant","The Necromancer","The Servant 0.9.4","slay the spire mod where everything is the same but ironclad has a cowboy hat"],"gold_per_floor":[99,199,199,109,125,149,149,166,91,104,120,120,138,156,176,280,280,280,292,305,405,405,422,471,396,407,437,362,393,393,403,422,522,522,522,540,555,5,17,30,112,126,126,145,145,2,13,130,142,142,142,169,40,40,40],"floor_reached":56,"playtime":3283,"items_purged":["Pain"],"score":1212,"play_id":"1f251c5d-ac3a-46fe-b84e-0700d898fbb1","local_time":"20210109220353","is_ascension_mode":false,"campfire_choices":[{"floor":1.0,"key":"RECALL"},{"data":"Guardian:SentryBeam","floor":9.0,"key":"SMITH"},{"data":"Guardian:EvasiveProtocol","floor":12.0,"key":"SMITH"},{"data":"Guardian:Suspension","floor":18,"key":"SMITH"},{"data":"Guardian:EvasiveProtocol","floor":25,"key":"SMITH"},{"floor":28,"key":"REST"},{"data":"Guardian:CompilePackage","floor":30,"key":"SMITH"},{"data":"Guardian:ArmoredProtocol","floor":35,"key":"SMITH"},{"data":"Guardian:CompilePackage","floor":45,"key":"SMITH"},{"data":"Guardian:TimeCapacitor","floor":54,"key":"SMITH"}],"circlet_count":0,"master_deck":["Guardian:Strike_Guardian","Guardian:Strike_Guardian","Guardian:Strike_Guardian","Guardian:Strike_Guardian","Guardian:Defend_Guardian","Guardian:Defend_Guardian","Guardian:Defend_Guardian","Guardian:Defend_Guardian","Guardian:CurlUp","Guardian:TwinSlam","Guardian:Suspension+1","Guardian:SentryBeam+1","Guardian:Incinerate","Guardian:EvasiveProtocol+1","Guardian:Incinerate","Guardian:ChargeCore","Guardian:AncientConstruct","Guardian:ChargeUp+1","Guardian:ChargeUp+1","Guardian:EvasiveProtocol+1","Guardian:PiercingHide+1","Guardian:CompilePackage+1","Guardian:TemporalShield","Guardian:ArmoredProtocol+1","Guardian:StasisStrike","Guardian:SpikerProtocol","Guardian:ArmoredProtocol","Guardian:DonusPower+1","Guardian:CompilePackage+1","Guardian:EvasiveProtocol","Guardian:Orbwalk+1","Guardian:ShieldCharger+1","Guardian:TimeCapacitor+1","Guardian:TimeCapacitor","Guardian:ShieldCharger"],"relics":["Guardian:ModeShifter","Lantern","Potion Belt","downfall:HeartBlessingRed","Guardian:StasisSlotReductionRelic","HollowMod:QueensCombRelic","Gremlin Horn","Mummified Hand","downfall:HeartBlessingBlue","Strawberry","downfall:HeartBlessingGreen","Anchor","Cursed Key","Omamori","Molten Egg 2","White Beast Statue","DollysMirror","Gambling Chip","ClockworkSouvenir"],"acts_visited":["Exordium","TheCity","TheBeyond","TheEnding"],"potions_floor_usage":[21,38,39,55,55],"damage_taken":[{"damage":0.0,"enemies":"downfall:FleeingMerchant","floor":4.0,"turns":4.0},{"damage":2.0,"enemies":"2 Louse","floor":5.0,"turns":2.0},{"damage":1.0,"enemies":"Cultist","floor":8.0,"turns":4.0},{"damage":6.0,"enemies":"Jaw Worm","floor":10.0,"turns":2.0},{"damage":0.0,"enemies":"Red Slaver","floor":11.0,"turns":2.0},{"damage":12.0,"enemies":"2 Fungi Beasts","floor":13.0,"turns":3.0},{"damage":1.0,"enemies":"Gremlin Gang","floor":14.0,"turns":3.0},{"damage":0.0,"enemies":"Red Slaver","floor":15.0,"turns":3.0},{"damage":33.0,"enemies":"downfall:Ironclad","floor":16.0,"turns":8.0},{"damage":8,"enemies":"Shell Parasite","floor":19,"turns":4},{"damage":4,"enemies":"Chosen","floor":20,"turns":4},{"damage":8,"enemies":"Colosseum Nobs","floor":21,"turns":5},{"damage":16,"enemies":"Snake Plant","floor":23,"turns":4},{"damage":15,"enemies":"Shelled Parasite and Fungi","floor":26,"turns":4},{"damage":27,"enemies":"HollowMod:Nosk","floor":27,"turns":9},{"damage":13,"enemies":"Book of Stabbing","floor":29,"turns":5},{"damage":7,"enemies":"Centurion and Healer","floor":31,"turns":6},{"damage":12,"enemies":"Snake Plant","floor":32,"turns":4},{"damage":30,"enemies":"downfall:Silent","floor":33,"turns":9},{"damage":16,"enemies":"3 Darklings","floor":36,"turns":4},{"damage":6,"enemies":"3 Shapes","floor":37,"turns":5},{"damage":2,"enemies":"downfall:FleeingMerchant","floor":38,"turns":4},{"damage":0,"enemies":"Writhing Mass","floor":39,"turns":5},{"damage":0,"enemies":"Jaw Worm Horde","floor":40,"turns":2},{"damage":7,"enemies":"4 Shapes","floor":42,"turns":5},{"damage":0,"enemies":"Jaw Worm Horde","floor":44,"turns":4},{"damage":0,"enemies":"downfall:FleeingMerchant","floor":46,"turns":4},{"damage":0,"enemies":"4 Shapes","floor":47,"turns":4},{"damage":0,"enemies":"downfall:FleeingMerchant","floor":48,"turns":2},{"damage":0,"enemies":"Maw","floor":49,"turns":6},{"damage":12,"enemies":"downfall:Watcher","floor":50,"turns":9},{"damage":0,"enemies":"downfall:CharBossMerchant","floor":52,"turns":8},{"damage":56,"enemies":"downfall:NeowBoss","floor":55,"turns":22}],"seed_played":"-2696730230018138016","potions_obtained":[{"floor":3.0,"key":"Guardian:AcceleratePotion"},{"floor":3.0,"key":"EntropicBrew"},{"floor":3.0,"key":"FearPotion"},{"floor":8.0,"key":"EssenceOfSteel"},{"floor":10.0,"key":"Guardian:AcceleratePotion"},{"floor":21,"key":"Weak Potion"},{"floor":31,"key":"FairyPotion"},{"floor":44,"key":"EssenceOfSteel"},{"floor":47,"key":"Energy Potion"}],"is_trial":false,"path_per_floor":["R","?","?","$","M","T","T","M","R","M","M","R","M","M","M","B",null,"R","M","M","?","?","M","T","R","M","E","R","E","R","M","M","B",null,"R","M","M","$","M","M","T","M","?","M","R","$","M","$","M","B",null,"E","$","R","B",null],"character_chosen":"GUARDIAN","items_purchased":["Guardian:SentryBeam","Guardian:CompilePackage","Guardian:EvasiveProtocol","Fruit Juice","Omamori","White Beast Statue","Guardian:TimeCapacitor","DollysMirror","ClockworkSouvenir","Guardian:ShieldCharger"],"campfire_rested":1,"item_purchase_floors":[4,38,38,38,38,46,48,48,53,53],"current_hp_per_floor":[88,88,88,88,86,86,86,85,85,79,79,79,67,66,66,33,88,88,80,76,58,58,42,42,52,41,37,59,50,50,51,47,33,75,75,59,61,78,80,80,80,73,73,80,80,80,80,80,80,68,80,80,80,80,24],"gold":40,"neow_bonus":"TEN_PERCENT_HP_BONUS","is_daily":false,"chose_seed":false,"campfire_upgraded":8,"win_rate":0.0,"timestamp":1610247833,"path_taken":["R","?","?","$","?","?","T","M","R","M","M","R","M","M","M","BOSS","R","M","M","?","?","M","T","R","?","E","R","E","R","M","M","BOSS","R","M","M","$","M","M","T","M","?","M","R","?","M","$","M","BOSS","E","$","R","BOSS"],"items_purchased_type":["Card","Card","Card","Potion","Relic","Relic","Card","Relic","Relic","Card"],"build_version":"2020-12-22","purchased_purges":1,"victory":true,"max_hp_per_floor":[88,88,88,88,88,88,88,88,88,88,88,88,88,88,88,88,88,88,88,88,58,58,58,58,68,68,75,75,75,75,75,75,75,75,75,75,75,80,80,80,80,80,80,80,80,80,80,80,80,80,80,80,80,80,80],"relic_stats":{"Gremlin Horn":[19,19],"counters":[33,169],"Mummified Hand":[120],"Gambling Chip":[2],"Cursed Key":1,"obtain_stats":[{"Potion Belt":7,"HollowMod:QueensCombRelic":21,"Lantern":6,"Guardian:StasisSlotReductionRelic":17,"downfall:HeartBlessingRed":9,"Gremlin Horn":21,"Guardian:ModeShifter":0,"downfall:HeartBlessingGreen":28,"Omamori":38,"Cursed Key":34,"White Beast Statue":46,"ClockworkSouvenir":53,"Anchor":29,"Mummified Hand":22,"downfall:HeartBlessingBlue":25,"DollysMirror":48,"Strawberry":27,"Gambling Chip":52,"Molten Egg 2":41},{"Potion Belt":2,"HollowMod:QueensCombRelic":12,"Lantern":2,"Guardian:StasisSlotReductionRelic":9,"downfall:HeartBlessingRed":3,"Gremlin Horn":12,"Guardian:ModeShifter":0,"downfall:HeartBlessingGreen":15,"Omamori":22,"Cursed Key":19,"White Beast Statue":27,"ClockworkSouvenir":32,"Anchor":16,"Mummified Hand":12,"downfall:HeartBlessingBlue":13,"DollysMirror":29,"Strawberry":15,"Gambling Chip":32,"Molten Egg 2":24},{"Potion Belt":6,"HollowMod:QueensCombRelic":44,"Lantern":6,"Guardian:StasisSlotReductionRelic":31,"downfall:HeartBlessingRed":10,"Gremlin Horn":44,"Guardian:ModeShifter":0,"downfall:HeartBlessingGreen":61,"Omamori":98,"Cursed Key":85,"White Beast Statue":118,"ClockworkSouvenir":147,"Anchor":66,"Mummified Hand":44,"downfall:HeartBlessingBlue":48,"DollysMirror":124,"Strawberry":61,"Gambling Chip":147,"Molten Egg 2":105}]},"card_choices":[{"not_picked":["Guardian:Gem_Lightblue","Guardian:FierceBash"],"picked":"Guardian:Suspension","floor":4.0},{"not_picked":["Guardian:VentSteam","Guardian:Gem_Green","Guardian:TimeBomb"],"picked":"SKIP","floor":5.0},{"not_picked":["Guardian:Gem_Lightblue","Guardian:CrystalBeam"],"picked":"Guardian:Incinerate","floor":8.0},{"not_picked":["Guardian:PrimingBeam","Guardian:PrismaticBeam"],"picked":"Guardian:EvasiveProtocol","floor":10.0},{"not_picked":["Guardian:MultiBeam","Guardian:RollAttack","Guardian:VentSteam"],"picked":"SKIP","floor":11.0},{"not_picked":["Guardian:MultiBeam","Guardian:Planning"],"picked":"Guardian:Gem_Crimson","floor":13.0},{"not_picked":["Guardian:CrystalBeam","Guardian:Planning"],"picked":"Guardian:Incinerate","floor":14.0},{"not_picked":["Guardian:VentSteam","Guardian:Gem_Green"],"picked":"Guardian:ChargeCore","floor":15.0},{"not_picked":["Guardian:GemFinder","Guardian:BaubleBeam"],"picked":"Guardian:AncientConstruct","floor":16.0},{"not_picked":["Guardian:TimeBomb+1","Guardian:PrismaticBarrier+1"],"picked":"Guardian:ChargeUp+1","floor":19},{"not_picked":["Guardian:Recover","Guardian:TimeBomb","Guardian:CrystalBeam+1"],"picked":"SKIP","floor":20},{"not_picked":["Guardian:Recover","Guardian:TimeBomb","Guardian:CrystalBeam+1"],"picked":"SKIP","floor":20},{"not_picked":["Guardian:Gem_Green","Guardian:PolyBeam+1"],"picked":"Guardian:ChargeUp+1","floor":21},{"not_picked":["Guardian:Harden","Guardian:TemporalShield"],"picked":"Guardian:EvasiveProtocol","floor":23},{"not_picked":["Guardian:BronzeArmor","Guardian:Repulse"],"picked":"Guardian:PiercingHide+1","floor":26},{"not_picked":["Guardian:Gem_Lightblue","Guardian:GatlingBeam"],"picked":"Guardian:CompilePackage","floor":27},{"not_picked":["Guardian:Suspension","Guardian:Gem_Crimson"],"picked":"Guardian:Gem_White","floor":29},{"not_picked":["Guardian:Planning+1","Guardian:Suspension"],"picked":"Guardian:TemporalShield","floor":31},{"not_picked":["Guardian:BronzeArmor","Guardian:Planning+1"],"picked":"Guardian:ArmoredProtocol","floor":32},{"not_picked":["Guardian:SphericShield","Guardian:FastForward"],"picked":"Guardian:StasisStrike","floor":33},{"not_picked":["Guardian:RefractedBeam+1","Guardian:FuturePlans+1"],"picked":"Guardian:SpikerProtocol","floor":36},{"not_picked":["Guardian:TemporalShield","Guardian:Gem_Cyan"],"picked":"Guardian:ArmoredProtocol","floor":37},{"not_picked":["Guardian:Preprogram","Guardian:PiercingHide"],"picked":"Guardian:DonusPower+1","floor":38},{"not_picked":["Guardian:Incinerate+1","Guardian:Reroute+1"],"picked":"Guardian:Gem_Red","floor":39},{"not_picked":["Guardian:Repulse+1","Guardian:Suspension"],"picked":"Guardian:Gem_Fragmented","floor":40},{"not_picked":["Guardian:ChargeCore+1","Guardian:Clone","Guardian:Gem_Cyan"],"picked":"SKIP","floor":42},{"not_picked":["Guardian:PrimingBeam+1","Guardian:TemporalStrike+1"],"picked":"Guardian:Orbwalk+1","floor":44},{"not_picked":["Guardian:Gem_Red","Guardian:BaubleBeam+1","Guardian:PiercingHide+1"],"picked":"SKIP","floor":46},{"not_picked":["Guardian:Harden","Guardian:Gem_Cyan","Guardian:Planning"],"picked":"SKIP","floor":47},{"not_picked":["Guardian:RollAttack+1","Guardian:VentSteam+1"],"picked":"Guardian:ShieldCharger+1","floor":48},{"not_picked":["Guardian:BaubleBeam+1","Guardian:Planning+1","Guardian:Gem_Yellow"],"picked":"SKIP","floor":49},{"not_picked":["Guardian:RollAttack+1","Guardian:Gem_Crimson"],"picked":"Guardian:Gem_Blue","floor":52}],"player_experience":317699,"relics_obtained":[{"floor":6.0,"key":"Lantern"},{"floor":7.0,"key":"Potion Belt"},{"floor":21,"key":"HollowMod:QueensCombRelic"},{"floor":21,"key":"Gremlin Horn"},{"floor":27,"key":"Strawberry"},{"floor":29,"key":"Anchor"},{"floor":41,"key":"Molten Egg 2"},{"floor":52,"key":"Gambling Chip"}],"event_choices":[{"damage_healed":0.0,"max_hp_gain":0.0,"max_hp_loss":0.0,"gold_gain":0.0,"event_name":"Lab","player_choice":"Got Potions","floor":3.0,"gold_loss":0.0,"damage_taken":0.0}],"is_beta":false,"boss_relics":[{"not_picked":["Black Star","Sozu"],"picked":"Guardian:StasisSlotReductionRelic"},{"not_picked":["Astrolabe","Snecko Eye"],"picked":"Cursed Key"}],"items_purged_floors":[38],"is_endless":false,"potions_floor_spawned":[8,10,13,15,20,21,27,31,33,36,37,44,47,48,49,52],"ascension_level":0}}