{"host":"6749gst1gzuv21qf","time":1610255925,"event":{"mods":["Aspiration","BaseMod","Better Altar","Better Match","Better Note","Better Sensory Stone","Better Skull","Better Third Choice","BetterRewards","Colored Map","Colored Powertips","Downfall","Highlight Path","Minty Spire (QoL Compilation)","Permanent Neow","Replay The Spire","Shop Mod","Spicy Shops","StSLib","The Cursed"],"gold_per_floor":[99,110,125,400,43,73,100,11,11,24,24,42,76,92,105,210,210,60,73,58,68,398,418,442,459,559,575,587,90,15,31,48,149,149,149,160,183,193,23,23,50,64,64,64,96,96,32,80,95,95,95,123,41,41,41],"floor_reached":56,"playtime":6151,"items_purged":["Regret","Spreading Infection","TheCursedMod:Dregs"],"score":1266,"play_id":"f4601212-d436-4a58-9899-8e92636ff415","local_time":"20210110001845","is_ascension_mode":false,"campfire_choices":[{"floor":1,"key":"RECALL"},{"data":"Mayhem","floor":9,"key":"SMITH"},{"floor":30,"key":"REST"},{"data":"Guardian:SphericShield","floor":35,"key":"SMITH"},{"data":"Guardian:GatlingBeam","floor":40,"key":"SMITH"},{"data":"Guardian:EvasiveProtocol","floor":43,"key":"SMITH"},{"data":"expansioncontent:CaCaw","floor":46,"key":"SMITH"},{"data":"Guardian:ConstructionForm","floor":54,"key":"SMITH"}],"circlet_count":0,"master_deck":["Guardian:Strike_Guardian","Guardian:Strike_Guardian","Guardian:Strike_Guardian","Guardian:Strike_Guardian","Guardian:Defend_Guardian","Guardian:Defend_Guardian","Guardian:Defend_Guardian","Guardian:Defend_Guardian","Guardian:CurlUp","Guardian:TwinSlam","Guardian:WalkerClaw","Guardian:FastForward","Guardian:RollAttack","Mayhem+1","Guardian:EvasiveProtocol+1","Guardian:ChargeUp+1","Guardian:ArmoredProtocol","Guardian:Suspension","Guardian:Reroute","Guardian:Planning","Guardian:DonusPower","Guardian:ChargeCore","Guardian:SphericShield+1","CurseOfTheBell","Guardian:GatlingBeam+1","Guardian:Incinerate+1","Guardian:TimeBomb","Guardian:PolyBeam","Guardian:SentryBeam","Guardian:DecasProtection+1","Guardian:Recover+1","Guardian:PiercingHide+1","Guardian:TemporalShield","expansioncontent:CaCaw+1","expansioncontent:AwakenDeath","expansioncontent:CaCaw","Guardian:TemporalStrike+1","Guardian:FloatingOrbs+1","Guardian:ConstructionForm+1","Guardian:Harden","Guardian:DecasProtection+1"],"relics":["Guardian:ModeShifter","Happy Flower","Quantum Egg","InkBottle","aspiration:HatOfInfinitePower","Replay:Ancient Bell","Replay:Wax Seal","Question Card","Pocketwatch","downfall:HeartBlessingBlue","downfall:HeartBlessingRed","Anchor","Potion Belt","Eternal Feather","downfall:HeartBlessingGreen","aspiration:RunicSpoon","Lantern","HandDrill","aspiration:Lifesprig","Letter Opener","Replay:WaspNest","Ginger","Bronze Scales","Incense Burner"],"acts_visited":["Exordium","TheCity","TheBeyond","TheEnding"],"potions_floor_usage":[13,13,13,26,28,55],"damage_taken":[{"damage":0,"enemies":"Small Slimes","floor":2,"turns":4},{"damage":0,"enemies":"Cultist","floor":3,"turns":3},{"damage":2,"enemies":"downfall:FleeingMerchant","floor":5,"turns":4},{"damage":41,"enemies":"3 Sentries","floor":6,"turns":12},{"damage":10,"enemies":"downfall:FleeingMerchant","floor":8,"turns":4},{"damage":1,"enemies":"2 Louse","floor":10,"turns":3},{"damage":4,"enemies":"Blue Slaver","floor":12,"turns":3},{"damage":0,"enemies":"Gremlin Nob","floor":13,"turns":3},{"damage":0,"enemies":"2 Fungi Beasts","floor":14,"turns":2},{"damage":5,"enemies":"Lots of Slimes","floor":15,"turns":4},{"damage":13,"enemies":"downfall:Watcher","floor":16,"turns":6},{"damage":0,"enemies":"Spheric Guardian","floor":19,"turns":4},{"damage":0,"enemies":"downfall:FleeingMerchant","floor":20,"turns":4},{"damage":2,"enemies":"Chosen","floor":21,"turns":3},{"damage":13,"enemies":"Centurion and Healer","floor":23,"turns":7},{"damage":11,"enemies":"Snake Plant","floor":25,"turns":4},{"damage":2,"enemies":"downfall:LadyInBlue","floor":26,"turns":5},{"damage":0,"enemies":"Cultist and Chosen","floor":27,"turns":6},{"damage":16,"enemies":"Chosen and Byrds","floor":28,"turns":5},{"damage":6,"enemies":"downfall:FleeingMerchant","floor":29,"turns":4},{"damage":10,"enemies":"3 Cultists","floor":31,"turns":4},{"damage":0,"enemies":"Cultist and Chosen","floor":32,"turns":4},{"damage":39,"enemies":"downfall:Ironclad","floor":33,"turns":8},{"damage":19,"enemies":"3 Shapes","floor":36,"turns":4},{"damage":19,"enemies":"3 Darklings","floor":38,"turns":4},{"damage":6,"enemies":"downfall:FleeingMerchant","floor":39,"turns":4},{"damage":0,"enemies":"Spire Growth","floor":42,"turns":5},{"damage":13,"enemies":"Giant Head","floor":45,"turns":8},{"damage":0,"enemies":"downfall:FleeingMerchant","floor":47,"turns":3},{"damage":19,"enemies":"2 Orb Walkers","floor":48,"turns":5},{"damage":0,"enemies":"4 Shapes","floor":49,"turns":4},{"damage":12,"enemies":"downfall:Silent","floor":50,"turns":10},{"damage":3,"enemies":"downfall:CharBossMerchant","floor":52,"turns":8},{"damage":11,"enemies":"downfall:NeowBoss","floor":55,"turns":17}],"seed_played":"-1086212056899847938","potions_obtained":[{"floor":6,"key":"Explosive Potion"},{"floor":10,"key":"ColorlessPotion"},{"floor":12,"key":"CultistPotion"},{"floor":15,"key":"FearPotion"},{"floor":16,"key":"Dexterity Potion"},{"floor":25,"key":"LiquidBronze"},{"floor":26,"key":"DuplicationPotion"},{"floor":26,"key":"LifebloodPotion"},{"floor":26,"key":"FearPotion"},{"floor":28,"key":"Fruit Juice"},{"floor":32,"key":"GamblersBrew"},{"floor":36,"key":"EntropicBrew"},{"floor":42,"key":"DuplicationPotion"},{"floor":48,"key":"ColorlessPotion"},{"floor":49,"key":"Elixir"}],"is_trial":false,"path_per_floor":["R","M","M","?","$","E","T","$","R","M","T","M","E","M","M","B",null,"R_BF","M","$","M","?","M","T","M","?","M","M","$","R","M","M","B",null,"R","M","T","M","$","R","T","M","R","?","E","R","$","?","M","B",null,"E","$","R","B",null],"character_chosen":"GUARDIAN","items_purchased":["Mayhem","Guardian:EvasiveProtocol","Guardian:ArmoredProtocol","Eternal Feather","HandDrill","Replay:WaspNest","Guardian:ConstructionForm","Guardian:Gem_Red","Incense Burner"],"campfire_rested":1,"item_purchase_floors":[5,5,8,29,39,47,47,47,53],"current_hp_per_floor":[80,80,80,80,78,37,37,27,27,26,26,22,22,22,17,4,80,90,90,90,88,60,47,47,36,34,34,23,17,63,53,53,14,95,95,76,76,57,51,69,69,69,87,77,64,85,85,66,66,54,95,92,92,95,84],"gold":41,"neow_bonus":"RANDOM_COMMON_RELIC","is_daily":false,"chose_seed":false,"campfire_upgraded":6,"win_rate":0.0,"timestamp":1610255925,"path_taken":["R","M","M","?","$","E","T","$","R","?","?","M","E","M","M","BOSS","R_BF","M","$","M","?","M","T","M","?","M","M","$","R","?","M","BOSS","R","M","?","M","$","R","T","M","R","?","E","R","$","?","M","BOSS","E","$","R","BOSS"],"items_purchased_type":["Card","Card","Card","Relic","Relic","Relic","Card","Card","Relic"],"build_version":"2020-12-22","purchased_purges":3,"victory":true,"max_hp_per_floor":[80,80,80,80,80,80,80,80,80,80,80,80,80,80,80,80,80,90,90,90,90,90,90,90,90,90,90,95,95,95,95,95,95,95,95,95,95,95,95,95,95,95,95,95,95,95,95,95,95,95,95,95,95,95,95],"card_choices":[{"not_picked":["Guardian:CrystalBeam","Guardian:Gem_Lightblue"],"picked":"Guardian:WalkerClaw","floor":2},{"not_picked":["Guardian:ShieldCharger","Guardian:Harden"],"picked":"Guardian:FastForward","floor":3},{"not_picked":["Guardian:Emergency","Guardian:ChargeUp"],"picked":"Guardian:RollAttack","floor":5},{"not_picked":["Guardian:Gem_Yellow","Guardian:TemporalShield"],"picked":"Guardian:ChargeUp","floor":6},{"not_picked":["Guardian:WalkerClaw","Guardian:Repulse"],"picked":"Guardian:Gem_Orange","floor":8},{"not_picked":["Guardian:Recover","Guardian:Incinerate"],"picked":"Guardian:Suspension","floor":10},{"not_picked":["Guardian:RollAttack","Guardian:ShieldCharger"],"picked":"Guardian:Reroute","floor":12},{"not_picked":["Guardian:EvasiveProtocol","Guardian:Gem_Cyan"],"picked":"Guardian:Planning","floor":13},{"not_picked":["Guardian:Recover","Guardian:PrismaticBarrier"],"picked":"Guardian:DonusPower","floor":14},{"not_picked":["Guardian:ShieldCharger","Guardian:PiercingHide"],"picked":"Guardian:ChargeCore","floor":15},{"not_picked":["Guardian:AncientConstruct","Guardian:ExploitGems"],"picked":"Guardian:SphericShield","floor":16},{"not_picked":["Decay","Languid","Looming Evil"],"picked":"Spreading Infection","floor":17},{"not_picked":["Replay:UnknownCurse","Pain","ReplayTheSpireMod:Restless Dread"],"picked":"CurseOfTheBell","floor":17},{"not_picked":["Injury","AbeCurse","betterMatch:CurseCard"],"picked":"TheCursedMod:Dregs","floor":17},{"not_picked":["Guardian:PrimingBeam","Guardian:MultiBeam+1","Guardian:TemporalStrike"],"picked":"Guardian:Gem_Synthetic","floor":19},{"not_picked":["Guardian:TemporalShield","Guardian:Recover","Guardian:ShieldSpikes"],"picked":"Guardian:GatlingBeam","floor":20},{"not_picked":["Guardian:ChargeCore","Guardian:Preprogram","Guardian:RollAttack"],"picked":"Guardian:Incinerate+1","floor":21},{"not_picked":["Guardian:Gem_Yellow","Guardian:Planning","Guardian:Recover+1"],"picked":"Guardian:Gem_White","floor":23},{"not_picked":["Guardian:Harden+1","Guardian:Gem_White","Guardian:TemporalShield"],"picked":"Guardian:Gem_Blue","floor":25},{"not_picked":["Guardian:TemporalStrike","Guardian:ShieldCharger","Guardian:Reroute+1"],"picked":"Guardian:TimeBomb","floor":26},{"not_picked":["Guardian:Recover+1","Guardian:CrystalBeam","Guardian:Clone+1"],"picked":"Guardian:Gem_Crimson","floor":27},{"not_picked":["Guardian:ArmoredProtocol","Guardian:TemporalShield","Guardian:ShieldSpikes+1"],"picked":"Guardian:Gem_Purple","floor":28},{"not_picked":["Guardian:Gem_Red","Guardian:Gem_Blue","Guardian:MultiBeam"],"picked":"Guardian:PolyBeam","floor":29},{"not_picked":["Guardian:RollAttack","Guardian:ShieldSpikes","Guardian:Gem_Cyan"],"picked":"Guardian:SentryBeam","floor":31},{"not_picked":["Guardian:Gem_Synthetic","Guardian:Gem_Crimson","Guardian:PiercingHide+1"],"picked":"Guardian:DecasProtection+1","floor":32},{"not_picked":["Guardian:Gem_Synthetic","Guardian:AncientConstruct","Guardian:TimeSifter"],"picked":"Guardian:Gem_Orange","floor":33},{"not_picked":["Guardian:PrimingBeam+1","Guardian:Incinerate+1","Guardian:PolyBeam"],"picked":"Guardian:Recover+1","floor":36},{"not_picked":["Guardian:PrimingBeam+1","Guardian:ChargeCore+1","Guardian:Gem_Cyan"],"picked":"Guardian:PiercingHide+1","floor":38},{"not_picked":["Guardian:Gem_Cyan","Guardian:PrismaticBeam","Guardian:Clone+1"],"picked":"Guardian:TemporalShield","floor":39},{"not_picked":["Guardian:Reroute+1","Guardian:CrystalBeam+1","Guardian:VentSteam"],"picked":"Guardian:Gem_Green","floor":42},{"not_picked":["Replay:SS_fish_1","expansioncontent:Sear","expansioncontent:GoopSpray"],"picked":"expansioncontent:CaCaw","floor":44},{"not_picked":["expansioncontent:BronzeBeam","expansioncontent:PolyBeam","expansioncontent:FaceSlap"],"picked":"expansioncontent:AwakenDeath","floor":44},{"not_picked":["expansioncontent:DonusPower","expansioncontent:HyperBeam","expansioncontent:Flail"],"picked":"expansioncontent:CaCaw","floor":44},{"not_picked":["Guardian:Suspension","Guardian:ChargeCore+1","Guardian:Recover+1"],"picked":"Guardian:TemporalStrike+1","floor":45},{"not_picked":["Guardian:Gem_Fragmented","Guardian:PrismaticBarrier","Guardian:RollAttack+1"],"picked":"Guardian:FloatingOrbs+1","floor":47},{"not_picked":["Guardian:TemporalStrike+1","Guardian:TemporalShield","Guardian:VentSteam"],"picked":"Guardian:Harden","floor":49},{"not_picked":["Guardian:Planning","Guardian:Suspension","Guardian:VentSteam+1"],"picked":"Guardian:DecasProtection+1","floor":52}],"player_experience":620335,"relics_obtained":[{"floor":6,"key":"Quantum Egg"},{"floor":11,"key":"InkBottle"},{"floor":13,"key":"aspiration:HatOfInfinitePower"},{"floor":24,"key":"Anchor"},{"floor":26,"key":"Potion Belt"},{"floor":37,"key":"Lantern"},{"floor":41,"key":"aspiration:Lifesprig"},{"floor":45,"key":"Letter Opener"},{"floor":48,"key":"Ginger"},{"floor":52,"key":"Bronze Scales"}],"event_choices":[{"damage_healed":0,"gold_gain":330,"player_choice":"GO GO GO ","damage_taken":31,"relics_obtained":[],"max_hp_gain":0,"max_hp_loss":0,"event_name":"betterSkull:BetterSkull","floor":22,"gold_loss":0,"cards_upgraded":[]},{"damage_healed":0,"gold_gain":330,"player_choice":"GO GO GO ","damage_taken":31,"relics_obtained":[],"max_hp_gain":0,"max_hp_loss":0,"event_name":"betterSkull:BetterSkull","floor":22,"gold_loss":0,"cards_upgraded":[]},{"damage_healed":0,"gold_gain":0,"player_choice":"Fight","damage_taken":0,"max_hp_gain":0,"max_hp_loss":0,"event_name":"Mysterious Sphere","floor":48,"gold_loss":0}],"is_beta":false,"boss_relics":[{"not_picked":["ReplayTheSpireMod:DimensionalGlitch","Guardian:ModeShifterPlus"],"picked":"Replay:Ancient Bell"},{"not_picked":["Dream Catcher","Strawberry"],"picked":"Replay:Wax Seal"},{"not_picked":["Blue Candle","Iron Hammer"],"picked":"Question Card"},{"not_picked":["Peace Pipe","Gambling Chip"],"picked":"Pocketwatch"},{"not_picked":["SacredBark","aspiration:SecretTechniqueScroll"],"picked":"aspiration:RunicSpoon"}],"items_purged_floors":[5,29,29],"is_endless":false,"potions_floor_spawned":[6,10,12,15,16,25,26,28,32,36,42,48,49],"ascension_level":0}}