{"host":"puz2e4ezpetyjvto","time":1610241107,"event":{"mods":["2.2 Compatiblity","BaseMod","DeckTracker","Highlight Path","Minty Spire (QoL Compilation)","Permanent Neow","Quick Restart","StSLib","SuperFastMode","The Dragon Tamer","everything is the same but u backflip on backflip"],"gold_per_floor":[115,40,40,40,215,215,235,254,309,326,326,337,42,54,54,158,158,170,170,170,91,91,91,121,133,145,185,297,309,333,174,174,276,276,293,304,57,57,68,68,86,100,123,123,142,142,153,83,83,83],"floor_reached":51,"playtime":7445,"items_purged":["Defend_P","Doubt","Regret","Consecrate+1"],"score":752,"play_id":"26bc0748-ef38-45c3-91f2-5a4e1b334331","local_time":"20210110101147","is_ascension_mode":false,"campfire_choices":[{"data":"Eruption","floor":6,"key":"SMITH"},{"floor":15,"key":"REST"},{"data":"Vault","floor":23,"key":"SMITH"},{"floor":25,"key":"REST"},{"floor":32,"key":"REST"},{"data":"Omniscience","floor":40,"key":"SMITH"},{"data":"WindmillStrike","floor":49,"key":"SMITH"}],"circlet_count":0,"master_deck":["Strike_P","Strike_P","Strike_P+1","Defend_P","Defend_P","Vigilance","Conclude+1","CrushJoints","DeusExMachina+1","EmptyFist","SandsOfTime","Vault+1","ThirdEye+1","Ghostly","Ghostly","Ghostly+1","Ghostly+1","Ghostly+1","LessonLearned+1","Meditate","WreathOfFlame+1","CarveReality+1","Omniscience+1","Crescendo","DevaForm","Pray","Enlightenment","Adaptation+1","ReachHeaven+1","Indignation+1","Crescendo+1","WindmillStrike+1"],"relics":["HolyWater","Pear","Pen Nib","Regal Pillow","MawBank","Bag of Preparation","PreservedInsect","Pocketwatch","InkBottle","Empty Cage","Anchor"],"acts_visited":["Exordium","TheCity","TheBeyond"],"potions_floor_usage":[12,16,19,24,24,28,33,50],"damage_taken":[{"damage":1,"enemies":"Jaw Worm","floor":1,"turns":4},{"damage":4,"enemies":"Small Slimes","floor":7,"turns":4},{"damage":0,"enemies":"2 Louse","floor":8,"turns":1},{"damage":7,"enemies":"Exordium Wildlife","floor":10,"turns":3},{"damage":9,"enemies":"Gremlin Gang","floor":12,"turns":2},{"damage":11,"enemies":"2 Fungi Beasts","floor":14,"turns":3},{"damage":3,"enemies":"Slime Boss","floor":16,"turns":5},{"damage":8,"enemies":"3 Byrds","floor":18,"turns":5},{"damage":0,"enemies":"2 Thieves","floor":19,"turns":1},{"damage":17,"enemies":"Slavers","floor":24,"turns":8},{"damage":1,"enemies":"Gremlin Leader","floor":27,"turns":5},{"damage":16,"enemies":"Colosseum Slavers","floor":28,"turns":8},{"damage":1,"enemies":"Colosseum Nobs","floor":28,"turns":2},{"damage":2,"enemies":"Sentry and Sphere","floor":30,"turns":5},{"damage":8,"enemies":"Collector","floor":33,"turns":8},{"damage":9,"enemies":"3 Shapes","floor":35,"turns":5},{"damage":2,"enemies":"Orb Walker","floor":36,"turns":4},{"damage":0,"enemies":"Maw","floor":39,"turns":7},{"damage":0,"enemies":"Sphere and 2 Shapes","floor":41,"turns":4},{"damage":3,"enemies":"3 Darklings","floor":42,"turns":4},{"damage":1,"enemies":"Jaw Worm Horde","floor":45,"turns":3},{"damage":1,"enemies":"Writhing Mass","floor":47,"turns":6},{"damage":2,"enemies":"Donu and Deca","floor":50,"turns":8}],"seed_played":"1481759492943703360","potions_obtained":[{"floor":0,"key":"Explosive Potion"},{"floor":0,"key":"LiquidBronze"},{"floor":0,"key":"Ancient Potion"},{"floor":7,"key":"Regen Potion"},{"floor":11,"key":"SmokeBomb"},{"floor":12,"key":"Fire Potion"},{"floor":16,"key":"PowerPotion"},{"floor":27,"key":"SneckoOil"},{"floor":30,"key":"Explosive Potion"},{"floor":36,"key":"Block Potion"},{"floor":41,"key":"Block Potion"},{"floor":42,"key":"Weak Potion"}],"is_trial":false,"path_per_floor":["M","$","?","?","?","R","M","M","T","M","?","M","$","M","R","B",null,"M","M","?","$","?","R","E","R","T","E","?","?","M","$","R","B",null,"M","M","$","?","M","R","M","M","T","?","M","?","M","$","R","B",null],"character_chosen":"WATCHER","items_purchased":["Regal Pillow","EmptyFist","LessonLearned","Crescendo","Enlightenment","WindmillStrike"],"campfire_rested":3,"item_purchase_floors":[13,13,21,31,37,48],"current_hp_per_floor":[71,71,57,67,67,67,63,63,63,56,56,47,47,36,75,72,82,74,74,41,41,36,36,19,46,46,45,28,28,26,26,46,38,46,37,35,35,35,35,35,35,32,32,46,45,45,44,44,44,42],"gold":83,"neow_bonus":"THREE_SMALL_POTIONS","is_daily":false,"chose_seed":false,"campfire_upgraded":4,"win_rate":0.0,"timestamp":1610241107,"path_taken":["M","$","?","?","?","R","?","?","T","M","?","?","$","M","R","BOSS","M","?","?","$","?","R","E","R","T","E","?","?","?","?","R","BOSS","M","M","$","?","?","R","M","M","T","?","?","?","M","?","R","BOSS"],"items_purchased_type":["Relic","Card","Card","Card","Card","Card"],"build_version":"2020-12-22","purchased_purges":4,"victory":true,"max_hp_per_floor":[72,72,72,82,82,82,82,82,82,82,82,82,82,82,82,82,82,82,82,41,41,46,46,46,46,46,46,46,46,46,46,46,46,46,46,46,46,46,46,46,46,46,46,46,46,46,46,46,46,46],"card_choices":[{"not_picked":["FlyingSleeves","ThirdEye"],"picked":"Consecrate","floor":1},{"not_picked":["WreathOfFlame","CrushJoints"],"picked":"Conclude","floor":7},{"not_picked":["PathToVictory","Perseverance"],"picked":"CrushJoints","floor":8},{"not_picked":["EmptyFist","Weave"],"picked":"DeusExMachina","floor":10},{"not_picked":["Indignation","CrushJoints","PathToVictory"],"picked":"SKIP","floor":12},{"not_picked":["FollowUp","EmptyFist"],"picked":"SandsOfTime","floor":14},{"not_picked":["Scrawl","Establishment"],"picked":"Vault","floor":16},{"not_picked":["EmptyFist+1","Protect"],"picked":"ThirdEye+1","floor":18},{"not_picked":["Weave","FlurryOfBlows"],"picked":"Meditate","floor":24},{"not_picked":["WindmillStrike","Consecrate+1"],"picked":"WreathOfFlame+1","floor":27},{"not_picked":["JustLucky+1","EmptyMind"],"picked":"CarveReality","floor":28},{"not_picked":["FollowUp+1","Perseverance"],"picked":"Omniscience","floor":30},{"not_picked":["Establishment","MasterReality"],"picked":"DevaForm","floor":33},{"not_picked":["PathToVictory","EmptyBody","CrushJoints"],"picked":"SKIP","floor":35},{"not_picked":["CutThroughFate+1","EmptyMind+1"],"picked":"Pray","floor":36},{"not_picked":["TalkToTheHand","FollowUp"],"picked":"Adaptation+1","floor":39},{"not_picked":["DeusExMachina","Perseverance+1"],"picked":"ReachHeaven+1","floor":41},{"not_picked":["ClearTheMind+1","Halt+1","Weave+1"],"picked":"SKIP","floor":42},{"not_picked":["Consecrate","Wallop+1"],"picked":"Indignation+1","floor":45},{"not_picked":["Evaluate","Pray"],"picked":"Crescendo+1","floor":47}],"player_experience":699518,"relics_obtained":[{"floor":9,"key":"Pen Nib"},{"floor":24,"key":"MawBank"},{"floor":26,"key":"Bag of Preparation"},{"floor":27,"key":"PreservedInsect"},{"floor":28,"key":"Pocketwatch"},{"floor":28,"key":"InkBottle"},{"floor":43,"key":"Anchor"}],"event_choices":[{"damage_healed":0,"gold_gain":0,"player_choice":"Entered Light","damage_taken":14,"max_hp_gain":0,"max_hp_loss":0,"event_name":"Shining Light","floor":3,"gold_loss":0,"cards_upgraded":["Consecrate","Strike_P"]},{"damage_healed":0,"gold_gain":0,"player_choice":"Box","damage_taken":0,"relics_obtained":["Pear"],"max_hp_gain":0,"max_hp_loss":0,"event_name":"Big Fish","floor":4,"gold_loss":0,"cards_obtained":["Regret"]},{"damage_healed":0,"gold_gain":175,"player_choice":"AGREE","damage_taken":0,"max_hp_gain":0,"max_hp_loss":0,"event_name":"Liars Game","floor":5,"gold_loss":0,"cards_obtained":["Doubt"]},{"damage_healed":0,"gold_gain":0,"player_choice":"Got Potions","damage_taken":0,"max_hp_gain":0,"max_hp_loss":0,"event_name":"Lab","floor":11,"gold_loss":0},{"damage_healed":0,"gold_gain":0,"player_choice":"Became a Ghost","damage_taken":0,"max_hp_gain":0,"max_hp_loss":41,"event_name":"Ghosts","floor":20,"gold_loss":0,"cards_obtained":["Ghostly","Ghostly","Ghostly","Ghostly","Ghostly"]},{"damage_healed":0,"gold_gain":0,"player_choice":"Shed Blood","damage_taken":10,"max_hp_gain":5,"max_hp_loss":0,"event_name":"Forgotten Altar","floor":22,"gold_loss":0},{"damage_healed":0,"gold_gain":0,"player_choice":"Fight","damage_taken":0,"max_hp_gain":0,"max_hp_loss":0,"event_name":"Colosseum","floor":28,"gold_loss":0},{"damage_healed":0,"gold_gain":0,"player_choice":"Fought Nobs","damage_taken":0,"max_hp_gain":0,"max_hp_loss":0,"event_name":"Colosseum","floor":28,"gold_loss":0},{"damage_healed":0,"gold_gain":0,"player_choice":"Ignored","damage_taken":0,"max_hp_gain":0,"max_hp_loss":0,"event_name":"Vampires","floor":29,"gold_loss":0},{"damage_healed":0,"gold_gain":0,"player_choice":"Ignored","damage_taken":0,"max_hp_gain":0,"max_hp_loss":0,"event_name":"NoteForYourself","floor":38,"gold_loss":0},{"damage_healed":14,"gold_gain":0,"player_choice":"Full Heal","damage_taken":0,"max_hp_gain":0,"max_hp_loss":0,"event_name":"Wheel of Change","floor":44,"gold_loss":0},{"cards_removed":["Eruption"],"damage_healed":0,"gold_gain":0,"player_choice":"Removed Attack","damage_taken":0,"max_hp_gain":0,"max_hp_loss":0,"event_name":"Falling","floor":46,"gold_loss":0}],"is_beta":false,"boss_relics":[{"not_picked":["Runic Dome","Black Star"],"picked":"HolyWater"},{"not_picked":["Velvet Choker","Philosopher\u0027s Stone"],"picked":"Empty Cage"}],"items_purged_floors":[2,13,31,37],"is_endless":false,"potions_floor_spawned":[7,10,12,16,27,28,30,36,41,42,45],"ascension_level":0}}