{"host":"og6lam4kt3nibbw0","time":1610300783,"event":{"mods":["AchievementEnabler","BaseMod","Colored Map","DeckTracker","Highlight Path","Keyboard Shortcuts","Minty Spire (QoL Compilation)","Permanent Neow","Quick Restart","StSLib","SuperFastMode"],"gold_per_floor":[118,131,131,17,33,64,64,64,64,81,92,160,210,230,230,309,309,288,305,205,118,129,129,179,195,195,195,210,210,221,221,221,221,221],"floor_reached":33,"playtime":887,"items_purged":["Strike_B","Defend_B"],"score":548,"play_id":"dd8ca40b-566d-4d6f-8d50-935d76c60f42","local_time":"20210111024623","is_ascension_mode":true,"campfire_choices":[{"floor":8.0,"key":"REST"},{"floor":15.0,"key":"REST"},{"data":"Storm","floor":23.0,"key":"SMITH"},{"data":"Echo Form","floor":27.0,"key":"SMITH"},{"data":"Static Discharge","floor":29.0,"key":"SMITH"},{"data":"Defragment","floor":32.0,"key":"SMITH"}],"circlet_count":0,"master_deck":["AscendersBane","Strike_B","Strike_B+1","Strike_B","Defend_B","Defend_B","Defend_B","Zap","Dualcast","Defragment+1","Defragment+1","Loop","Streamline","Go for the Eyes","Doom and Gloom","Steam","Echo Form+1","Reboot","Self Repair","Storm+1","Gash","Sweeping Beam","Static Discharge+1","Conserve Battery","Hologram+1","Ghostly","Ghostly","Ghostly"],"relics":["FrozenCore","NeowsBlessing","Kunai","HornCleat","Mercury Hourglass","White Beast Statue"],"acts_visited":["Exordium","TheCity"],"potions_floor_usage":[33],"damage_taken":[{"damage":0.0,"enemies":"2 Louse","floor":1.0,"turns":1.0},{"damage":0.0,"enemies":"Jaw Worm","floor":2.0,"turns":1.0},{"damage":0.0,"enemies":"Small Slimes","floor":5.0,"turns":1.0},{"damage":35.0,"enemies":"3 Sentries","floor":6.0,"turns":6.0},{"damage":13.0,"enemies":"Exordium Thugs","floor":10.0,"turns":4.0},{"damage":5.0,"enemies":"Red Slaver","floor":11.0,"turns":3.0},{"damage":0.0,"enemies":"2 Fungi Beasts","floor":14.0,"turns":2.0},{"damage":27.0,"enemies":"Hexaghost","floor":16.0,"turns":10.0},{"damage":14.0,"enemies":"2 Thieves","floor":18.0,"turns":4.0},{"damage":9.0,"enemies":"Chosen","floor":19.0,"turns":5.0},{"damage":2.0,"enemies":"Sentry and Sphere","floor":22.0,"turns":7.0},{"damage":10.0,"enemies":"Chosen and Byrds","floor":25.0,"turns":4.0},{"damage":18.0,"enemies":"Shelled Parasite and Fungi","floor":28.0,"turns":5.0},{"damage":13.0,"enemies":"Centurion and Healer","floor":30.0,"turns":6.0},{"damage":26,"enemies":"Collector","floor":33,"turns":7}],"seed_played":"-7633280067178615893","potions_obtained":[{"floor":1.0,"key":"SpeedPotion"},{"floor":6.0,"key":"ColorlessPotion"},{"floor":10.0,"key":"ColorlessPotion"},{"floor":19.0,"key":"Weak Potion"},{"floor":25.0,"key":"ColorlessPotion"},{"floor":28.0,"key":"FocusPotion"},{"floor":30.0,"key":"SteroidPotion"}],"is_trial":false,"path_per_floor":["M","M","?","$","M","E","T","R","T","M","M","?","?","M","R","B",null,"M","M","$","$","M","R","?","M","T","R","M","R","M","?","R","B"],"character_chosen":"DEFECT","items_purchased":["Loop","Storm","Gash"],"campfire_rested":2,"item_purchase_floors":[4,21,21],"current_hp_per_floor":[64,64,43,43,43,8,8,29,29,16,11,11,11,11,32,5,55,41,32,32,32,37,37,37,34,34,34,23,23,17,17,17,0,0],"gold":221,"neow_bonus":"THREE_ENEMY_KILL","is_daily":false,"chose_seed":false,"campfire_upgraded":4,"win_rate":0.0,"timestamp":1610300783,"path_taken":["M","M","?","$","M","E","?","R","T","M","M","?","?","?","R","BOSS","M","M","$","?","M","R","?","M","T","R","?","R","M","?","R","BOSS"],"items_purchased_type":["Card","Card","Card"],"build_version":"2020-12-22","purchased_purges":2,"victory":false,"max_hp_per_floor":[71,71,71,71,71,71,71,71,71,71,71,71,71,71,71,71,71,71,71,71,71,71,71,71,71,71,71,71,71,71,35,35,35,35],"card_choices":[{"not_picked":["Coolheaded","Rebound"],"picked":"Defragment","floor":1.0},{"not_picked":["FTL","Cold Snap"],"picked":"Defragment","floor":2.0},{"not_picked":["Aggregate","Sunder"],"picked":"Streamline","floor":5.0},{"not_picked":["Conserve Battery","Fission"],"picked":"Go for the Eyes","floor":6.0},{"not_picked":["Static Discharge","Steam"],"picked":"Doom and Gloom","floor":10.0},{"not_picked":["Skim","Reinforced Body"],"picked":"Steam","floor":11.0},{"not_picked":["Cold Snap","Tempest"],"picked":"Echo Form","floor":14.0},{"not_picked":["Hyperbeam","Buffer"],"picked":"Reboot","floor":16.0},{"not_picked":["Go for the Eyes","Heatsinks","Barrage"],"picked":"SKIP","floor":18.0},{"not_picked":["Static Discharge","Fusion"],"picked":"Self Repair","floor":19.0},{"not_picked":["Barrage","Streamline+1"],"picked":"Sweeping Beam","floor":22.0},{"not_picked":["Skim","Sunder"],"picked":"Static Discharge","floor":25.0},{"not_picked":["Redo","Cold Snap"],"picked":"Conserve Battery","floor":28.0},{"not_picked":["Echo Form","Rebound"],"picked":"Hologram+1","floor":30.0}],"player_experience":845660,"relics_obtained":[{"floor":6.0,"key":"Kunai"},{"floor":7.0,"key":"HornCleat"},{"floor":9.0,"key":"Mercury Hourglass"},{"floor":26.0,"key":"White Beast Statue"}],"event_choices":[{"damage_healed":0.0,"max_hp_gain":0.0,"max_hp_loss":0.0,"gold_gain":0.0,"event_name":"Shining Light","player_choice":"Entered Light","floor":3.0,"gold_loss":0.0,"damage_taken":21.0,"cards_upgraded":["Strike_B","Defragment"]},{"damage_healed":0.0,"max_hp_gain":0.0,"max_hp_loss":0.0,"gold_gain":68.0,"event_name":"Golden Wing","player_choice":"Gained Gold","floor":12.0,"gold_loss":0.0,"damage_taken":0.0},{"damage_healed":0.0,"max_hp_gain":0.0,"max_hp_loss":0.0,"gold_gain":50.0,"event_name":"Golden Shrine","player_choice":"Pray","floor":13.0,"gold_loss":0.0,"damage_taken":0.0},{"damage_healed":0.0,"max_hp_gain":0.0,"max_hp_loss":0.0,"gold_gain":100.0,"event_name":"The Joust","player_choice":"Bet on Murderer","floor":24.0,"gold_loss":50.0,"damage_taken":0.0},{"damage_healed":0.0,"max_hp_gain":0.0,"max_hp_loss":36.0,"gold_gain":0.0,"event_name":"Ghosts","player_choice":"Became a Ghost","floor":31.0,"gold_loss":0.0,"damage_taken":0.0,"cards_obtained":["Ghostly","Ghostly","Ghostly"]}],"is_beta":false,"boss_relics":[{"not_picked":["Black Star","Inserter"],"picked":"FrozenCore"}],"items_purged_floors":[4,20],"is_endless":false,"potions_floor_spawned":[1,6,10,19,25,28,30],"killed_by":"Collector","ascension_level":20}}