{"host":"J","time":1610272311,"event":{"mods":["BaseMod","Better Third Choice","Minty Spire (QoL Compilation)","StSLib"],"gold_per_floor":[116,31,31,106,124,124,156,156,179,179,206,9,9,44,44,118,118,135,146,46,46,60,60,92,92,144,144,144],"floor_reached":27,"playtime":680,"items_purged":["Defend_P","Strike_P"],"score":640,"play_id":"59541c88-fbd2-446a-929f-f9fc2595783a","local_time":"20210110105151","is_ascension_mode":true,"campfire_choices":[{"data":"WindmillStrike","floor":6.0,"key":"SMITH"},{"data":"Eruption","floor":8.0,"key":"SMITH"},{"data":"Wallop","floor":15.0,"key":"SMITH"},{"floor":23.0,"key":"REST"}],"circlet_count":0,"master_deck":["AscendersBane","Strike_P+1","Strike_P+1","Strike_P+1","Defend_P+1","Defend_P+1","Eruption+1","Vigilance","LikeWater","WindmillStrike+1","EmptyFist","Consecrate","Sanctity","Wallop+1","Halt+1","WheelKick+1","LessonLearned","ThirdEye+1","RitualDagger","Conclude"],"relics":["PureWater","NeowsBlessing","Akabeko","Juzu Bracelet","Matryoshka","CloakClasp","Fusion Hammer","White Beast Statue","Pen Nib","MealTicket"],"acts_visited":["Exordium","TheCity"],"potions_floor_usage":[27],"damage_taken":[{"damage":0.0,"enemies":"2 Louse","floor":1.0,"turns":1.0},{"damage":0.0,"enemies":"Small Slimes","floor":5.0,"turns":1.0},{"damage":0.0,"enemies":"Lagavulin","floor":7.0,"turns":4.0},{"damage":0.0,"enemies":"Gremlin Nob","floor":11.0,"turns":2.0},{"damage":4.0,"enemies":"Lagavulin","floor":14.0,"turns":5.0},{"damage":17.0,"enemies":"The Guardian","floor":16.0,"turns":10.0},{"damage":12.0,"enemies":"3 Byrds","floor":18.0,"turns":5.0},{"damage":8.0,"enemies":"Spheric Guardian","floor":19.0,"turns":5.0},{"damage":24.0,"enemies":"Snake Plant","floor":22.0,"turns":6.0},{"damage":25.0,"enemies":"Gremlin Leader","floor":24.0,"turns":7.0},{"damage":15,"enemies":"Book of Stabbing","floor":27,"turns":3}],"seed_played":"-7167748196125121252","potions_obtained":[{"floor":7.0,"key":"BlessingOfTheForge"},{"floor":11.0,"key":"Explosive Potion"},{"floor":18.0,"key":"Energy Potion"}],"is_trial":false,"path_per_floor":["M","$","?","?","M","R","E","R","T","?","E","$","?","E","R","B",null,"M","M","$","?","M","R","E","?","T","E"],"character_chosen":"WATCHER","items_purchased":["WindmillStrike","Wallop","DuplicationPotion"],"campfire_rested":1,"item_purchase_floors":[2,12,12],"current_hp_per_floor":[61,61,66,55,55,55,55,55,55,55,55,55,55,51,51,34,63,51,43,43,37,13,34,9,9,9,0,0],"gold":144,"neow_bonus":"THREE_ENEMY_KILL","is_daily":false,"chose_seed":false,"campfire_upgraded":3,"win_rate":0.0,"timestamp":1610272311,"path_taken":["M","$","?","?","M","R","E","R","T","?","E","?","?","E","R","BOSS","M","M","?","?","M","R","E","?","T","E"],"items_purchased_type":["Card","Card","Potion"],"build_version":"2020-12-18","purchased_purges":2,"victory":false,"max_hp_per_floor":[68,68,73,73,73,73,73,73,73,73,73,73,73,73,73,73,73,73,73,73,73,73,73,73,73,73,73,73],"card_choices":[{"not_picked":["JustLucky","Evaluate"],"picked":"LikeWater","floor":1.0},{"not_picked":["BowlingBash","FollowUp"],"picked":"EmptyFist","floor":5.0},{"not_picked":["Protect","Pray"],"picked":"Consecrate","floor":7.0},{"not_picked":["Crescendo","DeusExMachina"],"picked":"Sanctity","floor":11.0},{"not_picked":["ClearTheMind","Nirvana"],"picked":"WheelKick","floor":14.0},{"not_picked":["Brilliance","Establishment"],"picked":"LessonLearned","floor":16.0},{"not_picked":["JustLucky","CrushJoints","Evaluate+1"],"picked":"SKIP","floor":18.0},{"not_picked":["BowlingBash+1","CutThroughFate"],"picked":"ThirdEye+1","floor":19.0},{"not_picked":["Halt","SashWhip","FollowUp"],"picked":"SKIP","floor":22.0},{"not_picked":["CutThroughFate","Establishment"],"picked":"Conclude","floor":24.0}],"player_experience":1085891,"relics_obtained":[{"floor":7.0,"key":"Akabeko"},{"floor":9.0,"key":"Juzu Bracelet"},{"floor":11.0,"key":"Matryoshka"},{"floor":14.0,"key":"CloakClasp"},{"floor":24.0,"key":"White Beast Statue"},{"floor":26.0,"key":"Pen Nib"},{"floor":26.0,"key":"MealTicket"}],"event_choices":[{"damage_healed":0.0,"max_hp_gain":5.0,"max_hp_loss":0.0,"gold_gain":0.0,"event_name":"Big Fish","player_choice":"Donut","floor":3.0,"gold_loss":0.0,"damage_taken":0.0},{"damage_healed":0.0,"max_hp_gain":0.0,"max_hp_loss":0.0,"gold_gain":75.0,"event_name":"betterThird:BetterGoop","player_choice":"Gold","floor":4.0,"gold_loss":0.0,"damage_taken":11.0},{"damage_healed":55.0,"max_hp_gain":0.0,"max_hp_loss":73.0,"gold_gain":0.0,"event_name":"betterThird:BetterShining","player_choice":"Leave","floor":10.0,"gold_loss":0.0,"damage_taken":0.0},{"damage_healed":0.0,"max_hp_gain":0.0,"max_hp_loss":0.0,"gold_gain":0.0,"cards_transformed":["Defend_P"],"event_name":"Transmorgrifier","player_choice":"Transformed","floor":13.0,"gold_loss":0.0,"damage_taken":0.0,"cards_obtained":["Halt"]},{"damage_healed":0.0,"max_hp_gain":0.0,"max_hp_loss":0.0,"gold_gain":0.0,"event_name":"betterThird:BetterNest","player_choice":"Dagger","floor":21.0,"gold_loss":0.0,"damage_taken":6.0,"cards_obtained":["RitualDagger"]},{"damage_healed":0.0,"max_hp_gain":0.0,"max_hp_loss":5.0,"gold_gain":0.0,"event_name":"betterThird:BetterWriting","player_choice":"Simplicity","floor":25.0,"gold_loss":0.0,"damage_taken":0.0}],"is_beta":true,"boss_relics":[{"not_picked":["SlaversCollar","Black Star"],"picked":"Fusion Hammer"}],"items_purged_floors":[12,20],"is_endless":false,"potions_floor_spawned":[7,11,14,18,19,24],"killed_by":"Book of Stabbing","ascension_level":20}}