{"host":"2se5dq1do2gp0x9k","time":1610254787,"event":{"mods":["AchievementEnabler","BaseMod","Block Reminder","Colored Map","Colored Powertips","Minty Spire (QoL Compilation)","Relic Stats","StSLib","SuperFastMode"],"gold_per_floor":[116,134,154,167,4,4,4,45,83,20,20,20,20],"floor_reached":12,"playtime":278,"items_purged":[],"score":140,"play_id":"c00c65f3-f258-4a6a-82d1-830573cbbc40","local_time":"20210109205947","is_ascension_mode":true,"campfire_choices":[{"data":"Adaptation","floor":6,"key":"SMITH"}],"circlet_count":0,"master_deck":["AscendersBane","Strike_P","Strike_P","Strike_P","Strike_P","Defend_P","Defend_P","Defend_P","Defend_P","Eruption","Vigilance","FearNoEvil","Adaptation+1","FlurryOfBlows","CutThroughFate","InnerPeace","MentalFortress","EmptyFist","ThirdEye","DevaForm"],"relics":["PureWater","NeowsBlessing","Membership Card","MawBank","Vajra","Bag of Marbles"],"acts_visited":["Exordium"],"potions_floor_usage":[12],"damage_taken":[{"damage":0.0,"enemies":"2 Louse","floor":1.0,"turns":1.0},{"damage":0.0,"enemies":"Cultist","floor":2.0,"turns":1.0},{"damage":0.0,"enemies":"Small Slimes","floor":3.0,"turns":1.0},{"damage":19,"enemies":"Exordium Wildlife","floor":4,"turns":4},{"damage":30,"enemies":"3 Sentries","floor":8,"turns":8},{"damage":46,"enemies":"Gremlin Nob","floor":12,"turns":3}],"seed_played":"8995536952827677593","potions_obtained":[{"floor":1.0,"key":"PowerPotion"},{"floor":4,"key":"FearPotion"},{"floor":8,"key":"Ancient Potion"}],"is_trial":false,"path_per_floor":["M","M","M","M","$","R","?","E","T","$","?","E"],"character_chosen":"WATCHER","items_purchased":["Membership Card","MentalFortress","EmptyFist","ThirdEye"],"campfire_rested":0,"item_purchase_floors":[5,10,10,10],"current_hp_per_floor":[61,61,61,42,42,42,42,12,12,12,12,0,0],"gold":20,"neow_bonus":"THREE_ENEMY_KILL","is_daily":false,"chose_seed":false,"campfire_upgraded":1,"win_rate":0.0,"timestamp":1610254787,"path_taken":["M","M","M","M","$","R","?","E","T","?","?","E"],"items_purchased_type":["Relic","Card","Card","Card"],"build_version":"2020-12-22","purchased_purges":0,"victory":false,"max_hp_per_floor":[68,68,68,68,68,68,68,68,68,68,68,68,68],"relic_stats":{"counters":[6,18],"MawBank":36,"obtain_stats":[{"NeowsBlessing":0,"Vajra":8,"Bag of Marbles":9,"Membership Card":5,"PureWater":0,"MawBank":7},{"NeowsBlessing":0,"Vajra":5,"Bag of Marbles":5,"Membership Card":4,"PureWater":0,"MawBank":4},{"NeowsBlessing":0,"Vajra":15,"Bag of Marbles":15,"Membership Card":7,"PureWater":0,"MawBank":7}]},"card_choices":[{"not_picked":["Wireheading","Evaluate"],"picked":"FearNoEvil","floor":1.0},{"not_picked":["SashWhip","FlyingSleeves"],"picked":"Adaptation","floor":2.0},{"not_picked":["Conclude","Evaluate"],"picked":"FlurryOfBlows","floor":3.0},{"not_picked":["Worship","WindmillStrike"],"picked":"CutThroughFate","floor":4},{"not_picked":["Ragnarok","WindmillStrike"],"picked":"InnerPeace","floor":8}],"player_experience":3831786,"relics_obtained":[{"floor":8,"key":"Vajra"},{"floor":9,"key":"Bag of Marbles"}],"event_choices":[{"damage_healed":0,"gold_gain":0,"player_choice":"Gave Potion","damage_taken":0,"relics_obtained":["MawBank"],"max_hp_gain":0,"max_hp_loss":0,"event_name":"WeMeetAgain","floor":7,"gold_loss":0},{"damage_healed":0,"gold_gain":0,"player_choice":"1 cards matched","damage_taken":0,"max_hp_gain":0,"max_hp_loss":0,"event_name":"Match and Keep!","floor":11,"gold_loss":0,"cards_obtained":["DevaForm"]}],"is_beta":false,"boss_relics":[],"items_purged_floors":[],"is_endless":false,"potions_floor_spawned":[1,4,8],"killed_by":"Gremlin Nob","ascension_level":16}}