{"host":"c3lc60y5x60jlt1y","time":1610279049,"event":{"mods":["AchievementEnabler","BaseMod","Bestiary","Colored Map","Minty Spire (QoL Compilation)","Quick Restart","StSLib","ojb\u0027s Info Mod"],"gold_per_floor":[111,127,3,3,3,35,49,66,66,81,94,19,45,55,55,150,150,166,56,70,70,70,70,102,102,102,102,102,102],"floor_reached":28,"playtime":1403,"items_purged":["Strike_B"],"score":371,"play_id":"965bfbf9-92f2-4330-a388-0bc2857648ce","local_time":"20210110134409","is_ascension_mode":true,"campfire_choices":[{"data":"Buffer","floor":15,"key":"SMITH"},{"data":"Static Discharge","floor":23,"key":"SMITH"},{"floor":25,"key":"REST"}],"circlet_count":0,"master_deck":["Strike_B","Defend_B","Defend_B","Defend_B","Zap","Dualcast","Fusion","Tempest","Capacitor","Steam","Glacier","Cold Snap","Melter","Consume","Static Discharge+1","Buffer+1","Multi-Cast","Heatsinks+1","Undo","Capacitor","Ball Lightning","Aggregate","Doom and Gloom"],"relics":["Cracked Core","NeowsBlessing","InkBottle","Symbiotic Virus","Orichalcum","Sozu","The Courier","Vajra","Nilry\u0027s Codex"],"acts_visited":["Exordium","TheCity"],"potions_floor_usage":[16],"damage_taken":[{"damage":0,"enemies":"Jaw Worm","floor":1,"turns":1},{"damage":0,"enemies":"Small Slimes","floor":2,"turns":1},{"damage":0,"enemies":"Gremlin Nob","floor":6,"turns":1},{"damage":0,"enemies":"2 Louse","floor":7,"turns":3},{"damage":0,"enemies":"2 Fungi Beasts","floor":8,"turns":5},{"damage":0,"enemies":"Large Slime","floor":10,"turns":4},{"damage":11,"enemies":"Exordium Wildlife","floor":11,"turns":6},{"damage":12,"enemies":"3 Sentries","floor":13,"turns":8},{"damage":0,"enemies":"3 Louse","floor":14,"turns":4},{"damage":0,"enemies":"Slime Boss","floor":16,"turns":6},{"damage":10,"enemies":"3 Byrds","floor":18,"turns":3},{"damage":1,"enemies":"Spheric Guardian","floor":20,"turns":4},{"damage":61,"enemies":"Slavers","floor":24,"turns":6},{"damage":21,"enemies":"Gremlin Leader","floor":28,"turns":5}],"seed_played":"-2748476061771558964","potions_obtained":[{"floor":2,"key":"BlessingOfTheForge"},{"floor":7,"key":"Ancient Potion"},{"floor":8,"key":"PotionOfCapacity"}],"is_trial":false,"path_per_floor":["M","M","$","?","?","E","M","M","T","M","M","$","E","M","R","B",null,"M","$","M","?","?","R","E","R","T","?","E"],"character_chosen":"DEFECT","items_purchased":["Capacitor","Steam","Undo","Capacitor"],"campfire_rested":1,"item_purchase_floors":[3,3,19,19],"current_hp_per_floor":[75,75,75,75,68,68,68,68,68,68,57,57,45,45,45,45,75,65,65,64,64,64,64,3,25,25,9,0,0],"gold":102,"neow_bonus":"THREE_ENEMY_KILL","is_daily":false,"chose_seed":false,"campfire_upgraded":2,"win_rate":0.0,"timestamp":1610279049,"path_taken":["M","M","$","?","?","E","M","M","T","M","M","?","E","?","R","BOSS","M","$","M","?","?","R","E","R","T","?","E"],"items_purchased_type":["Card","Card","Card","Card"],"build_version":"2020-12-22","purchased_purges":1,"victory":false,"max_hp_per_floor":[75,75,75,75,75,75,75,75,75,75,75,75,75,75,75,75,75,75,75,75,75,75,75,75,75,75,75,75,75],"card_choices":[{"not_picked":["Redo","White Noise"],"picked":"Fusion","floor":1},{"not_picked":["Stack","Blizzard"],"picked":"Tempest","floor":2},{"not_picked":["Rebound","Genetic Algorithm"],"picked":"Glacier","floor":6},{"not_picked":["Skim","Beam Cell"],"picked":"Cold Snap","floor":7},{"not_picked":["Reinforced Body","Steam Power","Stack"],"picked":"SKIP","floor":8},{"not_picked":["Leap","Streamline"],"picked":"Melter","floor":10},{"not_picked":["Hologram","Streamline"],"picked":"Consume","floor":11},{"not_picked":["Reinforced Body","Beam Cell"],"picked":"Static Discharge","floor":13},{"not_picked":["Hologram","Sweeping Beam"],"picked":"Buffer","floor":14},{"not_picked":["Creative AI","Meteor Strike"],"picked":"Multi-Cast","floor":16},{"not_picked":["Conserve Battery","Darkness"],"picked":"Heatsinks+1","floor":18},{"not_picked":["Redo","Fusion","Barrage"],"picked":"SKIP","floor":20},{"not_picked":["Beam Cell","Hologram+1"],"picked":"Doom and Gloom","floor":24}],"player_experience":7782960,"relics_obtained":[{"floor":6,"key":"InkBottle"},{"floor":9,"key":"Symbiotic Virus"},{"floor":13,"key":"Orichalcum"},{"floor":24,"key":"The Courier"},{"floor":26,"key":"Vajra"},{"floor":27,"key":"Nilry\u0027s Codex"}],"event_choices":[{"damage_healed":0,"gold_gain":0,"player_choice":"Ignored","damage_taken":0,"max_hp_gain":0,"max_hp_loss":0,"event_name":"Liars Game","floor":4,"gold_loss":0},{"cards_removed":["Strike_B"],"damage_healed":0,"gold_gain":0,"player_choice":"Card Removal","damage_taken":7,"max_hp_gain":0,"max_hp_loss":0,"event_name":"Golden Wing","floor":5,"gold_loss":0},{"damage_healed":0,"gold_gain":0,"cards_transformed":["Strike_B","Defend_B"],"player_choice":"Became Test Subject","damage_taken":0,"max_hp_gain":0,"max_hp_loss":0,"event_name":"Drug Dealer","floor":21,"gold_loss":0,"cards_obtained":["Ball Lightning","Aggregate"]},{"damage_healed":0,"gold_gain":0,"player_choice":"Obtained Book","damage_taken":16,"max_hp_gain":0,"max_hp_loss":0,"event_name":"Cursed Tome","floor":27,"gold_loss":0}],"is_beta":false,"boss_relics":[{"not_picked":["Astrolabe","Cursed Key"],"picked":"Sozu"}],"items_purged_floors":[12],"is_endless":false,"potions_floor_spawned":[2,7,8,13,24],"killed_by":"Gremlin Leader","ascension_level":3}}