{"host":"z9grmtg2w0nmz8n1","time":1610244207,"event":{"mods":["Aspiration","Bard","BaseMod","Beaked The Cultist","Better Altar","Better Match","Better Note","Better Sensory Stone","Better Skull","Better Third Choice","BetterRewards","CCEM","Colored Map","Conspire","Downfall","GifTheSpireLib","Googly Eyes","Halation","Hermit","Highlight Path","Hubris","Hunter ??","Jedi Mod","Jorbs\u0027s Wanderer Trilogy","Mad Scientist","Marisa????????","Minty Spire (QoL Compilation)","Permanent Neow","Replay The Spire","Shade Mod","Shop Mod","Spicy Shops","StSLib","Stuff the Spire","The Bug Knight","The Construct","The Necromancer","The Runesmith","The Witch"],"gold_per_floor":[112,112,112,127,52,82,82,101,101,116,134,134,134],"floor_reached":12,"playtime":350,"items_purged":["Strike_B"],"score":84,"play_id":"ce19f5cb-9873-44a9-9c40-6ddc12a6807a","local_time":"20210110000327","is_ascension_mode":true,"campfire_choices":[{"floor":7,"key":"RECALL"}],"circlet_count":0,"master_deck":["Strike_B","Strike_B","Strike_B","Defend_B","Defend_B","Defend_B","Defend_B","Zap+1","Dualcast","Go for the Eyes","Go for the Eyes"],"relics":["Cracked Core","aspiration:DSix","StuffTheSpire:DarkSteelAnvil"],"acts_visited":["Exordium"],"potions_floor_usage":[],"damage_taken":[{"damage":2,"enemies":"2 Louse","floor":1,"turns":3},{"damage":0,"enemies":"Small Slimes","floor":4,"turns":2},{"damage":27,"enemies":"Gremlin Nob","floor":6,"turns":4},{"damage":0,"enemies":"Cultist","floor":8,"turns":3},{"damage":10,"enemies":"Looter","floor":10,"turns":3},{"damage":4,"enemies":"Red Slaver","floor":11,"turns":3},{"damage":30,"enemies":"3 Sentries","floor":12,"turns":5}],"seed_played":"-7586979736727342871","potions_obtained":[{"floor":1,"key":"sneckomod:MuddlingPotion"},{"floor":11,"key":"Toxic Potion"}],"is_trial":false,"path_per_floor":["M","?","?","M","$","E","R","M","T","M","M","E"],"character_chosen":"DEFECT","items_purchased":[],"campfire_rested":0,"item_purchase_floors":[],"current_hp_per_floor":[73,73,73,73,73,46,46,46,46,36,32,2,2],"gold":134,"neow_bonus":"DSIX","is_daily":false,"chose_seed":false,"campfire_upgraded":0,"win_rate":0.0,"timestamp":1610244207,"path_taken":["M","?","?","M","$","E","R","M","T","?","M","E"],"items_purchased_type":[],"build_version":"2020-12-22","purchased_purges":1,"victory":false,"max_hp_per_floor":[75,75,75,75,75,75,75,75,75,75,75,75,75],"card_choices":[{"not_picked":["StuffTheSpire:SnapShoot","BasicCrystalCard","aspiration:Polymerization"],"picked":"SKIP","floor":1},{"not_picked":["Tempest","Turbo","Compile Driver"],"picked":"SKIP","floor":4},{"not_picked":["hubris:SpecializedCircuitry","Static Discharge"],"picked":"Go for the Eyes","floor":6},{"not_picked":["Storm","jedi:BurstFrost"],"picked":"Go for the Eyes","floor":8},{"not_picked":["Coolheaded","jedi:BurstLightning","Cold Snap"],"picked":"SKIP","floor":10},{"not_picked":["StuffTheSpire:Rend","jedi:reiji","Skim"],"picked":"SKIP","floor":11}],"player_experience":826564,"relics_obtained":[{"floor":6,"key":"StuffTheSpire:DarkSteelAnvil"}],"event_choices":[{"damage_healed":0,"gold_gain":0,"player_choice":"Disagree","damage_taken":0,"max_hp_gain":0,"max_hp_loss":0,"event_name":"conspire:LoneGhost","floor":2,"gold_loss":0},{"damage_healed":0,"gold_gain":0,"player_choice":"Upgraded","damage_taken":0,"max_hp_gain":0,"max_hp_loss":0,"event_name":"Upgrade Shrine","floor":3,"gold_loss":0,"cards_upgraded":["Zap"]}],"is_beta":false,"boss_relics":[],"items_purged_floors":[5],"is_endless":false,"potions_floor_spawned":[1,11],"killed_by":"3 Sentries","ascension_level":1}}