{"host":"xkmvu47k9fdstweo","time":1610289628,"event":{"mods":["BaseMod","Colored Map","Conspire","Hubris","Minty Spire (QoL Compilation)","Quick Restart","Railgun Mod","Shop Mod","StSLib","The Alterego","The Servant 0.9.4","The Wild Card","TheBandit","WarShipGirlsR/??è≠èóR mod","vexMod"],"gold_per_floor":[115,115,128,138,238,266,266,292,292,292,311,311,340,350,350,452,452,470,218,231,249,264,297,297,312,312,340,352,110,128,28,28,28,28],"floor_reached":33,"playtime":1070,"items_purged":["Strike_G","Strike_G"],"score":501,"play_id":"f45f982b-aec3-47b9-9316-909a185446f9","local_time":"20210110094028","is_ascension_mode":true,"campfire_choices":[{"data":"Bouncing Flask","floor":7,"key":"SMITH"},{"data":"Noxious Fumes","floor":10,"key":"SMITH"},{"floor":12,"key":"REST"},{"data":"Bouncing Flask","floor":15,"key":"SMITH"},{"floor":24,"key":"REST"},{"data":"conspire:PoisonWeapons","floor":32,"key":"SMITH"}],"circlet_count":0,"master_deck":["AscendersBane","Strike_G","Strike_G","Strike_G","Defend_G","Defend_G","Defend_G","Defend_G","Defend_G","Survivor","Neutralize","Noxious Fumes+1","Dagger Spray","Bane","Bouncing Flask+1","Sucker Punch","Acrobatics","Bouncing Flask+1","Bane","Corpse Explosion","PiercingWail","conspire:PoisonWeapons+1","Dagger Spray+1","Footwork+1","Night Terror","Backflip","Backflip","Deflect","Poisoned Stab"],"relics":["Ring of the Snake","NeowsBlessing","hubris:PeanutButter","Turnip","Frozen Egg 2","Ice Cream","Snecko Eye","TwistedFunnel","Girya","vexMod:FocusSash","Potion Belt","HornCleat"],"acts_visited":["Exordium","TheCity"],"potions_floor_usage":[6,13,21,22,25,25,33],"damage_taken":[{"damage":0,"enemies":"Jaw Worm","floor":1,"turns":1},{"damage":0,"enemies":"Cultist","floor":3,"turns":1},{"damage":0,"enemies":"Small Slimes","floor":4,"turns":2},{"damage":22,"enemies":"3 Sentries","floor":6,"turns":7},{"damage":17,"enemies":"Lagavulin","floor":8,"turns":5},{"damage":8,"enemies":"Gremlin Gang","floor":11,"turns":4},{"damage":22,"enemies":"Gremlin Nob","floor":13,"turns":4},{"damage":0,"enemies":"Red Slaver","floor":14,"turns":3},{"damage":12,"enemies":"The Guardian","floor":16,"turns":8},{"damage":16,"enemies":"Shell Parasite","floor":18,"turns":4},{"damage":0,"enemies":"Spheric Guardian","floor":20,"turns":2},{"damage":8,"enemies":"Snake Plant","floor":21,"turns":3},{"damage":10,"enemies":"Centurion and Healer","floor":22,"turns":4},{"damage":0,"enemies":"conspire:Head Lice","floor":23,"turns":5},{"damage":7,"enemies":"Shelled Parasite and Fungi","floor":25,"turns":4},{"damage":1,"enemies":"Slavers","floor":27,"turns":3},{"damage":0,"enemies":"3 Cultists","floor":28,"turns":3},{"damage":0,"enemies":"Sentry and Sphere","floor":30,"turns":4},{"damage":39,"enemies":"conspire:MysteriousRune","floor":33,"turns":6}],"seed_played":"4808142585803645835","potions_obtained":[{"floor":1,"key":"AttackPotion"},{"floor":8,"key":"conspire:TimeTravelPotion"},{"floor":14,"key":"SteroidPotion"},{"floor":16,"key":"EssenceOfSteel"},{"floor":18,"key":"Explosive Potion"},{"floor":23,"key":"FearPotion"},{"floor":27,"key":"Strength Potion"},{"floor":28,"key":"BlessingOfTheForge"},{"floor":30,"key":"Swift Potion"}],"is_trial":false,"path_per_floor":["M","?","M","M","?","E","R","E","T","R","M","R","E","M","R","B",null,"M","$","M","M","M","E","R","M","T","E","M","$","M","$","R","B"],"character_chosen":"THE_SILENT","items_purchased":["TwistedFunnel","PiercingWail","HornCleat"],"campfire_rested":2,"item_purchase_floors":[19,19,29],"current_hp_per_floor":[63,70,70,70,70,48,48,31,31,31,23,44,42,42,42,30,60,44,44,44,36,26,26,47,40,40,39,39,39,39,39,39,0,0],"gold":28,"neow_bonus":"THREE_ENEMY_KILL","is_daily":false,"chose_seed":false,"campfire_upgraded":4,"win_rate":0.0,"timestamp":1610289628,"path_taken":["M","?","?","M","?","E","R","E","T","R","M","R","E","M","R","BOSS","M","$","M","M","?","E","R","M","T","E","?","$","?","?","R","BOSS"],"items_purchased_type":["Relic","Card","Relic"],"build_version":"2020-12-22","purchased_purges":2,"victory":false,"max_hp_per_floor":[70,70,70,70,70,70,70,70,70,70,70,70,70,70,70,70,70,70,70,70,70,70,70,70,70,70,70,70,70,70,70,70,70,70],"card_choices":[{"not_picked":["Choke","Cloak And Dagger"],"picked":"Noxious Fumes","floor":1},{"not_picked":["hubris:SlightOfHand","Infinite Blades"],"picked":"Dagger Spray","floor":3},{"not_picked":["Infinite Blades","conspire:DoublingDagger"],"picked":"Bane","floor":4},{"not_picked":["Deflect","Bane"],"picked":"Bouncing Flask","floor":6},{"not_picked":["Dagger Throw","Blade Dance"],"picked":"Sucker Punch","floor":8},{"not_picked":["Quick Slash","hubris:TrickCloak"],"picked":"Acrobatics","floor":11},{"not_picked":["hubris:Counter","Flechettes"],"picked":"Bouncing Flask","floor":13},{"not_picked":["Slice","Distraction"],"picked":"Bane","floor":14},{"not_picked":["Bullet Time","After Image+1"],"picked":"Corpse Explosion","floor":16},{"not_picked":["Blade Dance","Reflex","Dodge and Roll"],"picked":"SKIP","floor":18},{"not_picked":["Poisoned Stab","PiercingWail"],"picked":"conspire:PoisonWeapons","floor":20},{"not_picked":["Dodge and Roll","Poisoned Stab"],"picked":"Dagger Spray+1","floor":21},{"not_picked":["Dodge and Roll","Slice"],"picked":"Footwork+1","floor":22},{"not_picked":["Deflect","Backflip"],"picked":"Night Terror","floor":23},{"not_picked":["Dagger Throw","Quick Slash+1"],"picked":"Backflip","floor":25},{"not_picked":["PiercingWail","Underhanded Strike"],"picked":"Backflip","floor":27},{"not_picked":["Backflip","Sucker Punch"],"picked":"Deflect","floor":28},{"not_picked":["conspire:DoublingDagger+1","Outmaneuver+1"],"picked":"Poisoned Stab","floor":30}],"player_experience":295741,"relics_obtained":[{"floor":6,"key":"hubris:PeanutButter"},{"floor":8,"key":"Turnip"},{"floor":9,"key":"Frozen Egg 2"},{"floor":13,"key":"Ice Cream"},{"floor":23,"key":"Girya"},{"floor":26,"key":"vexMod:FocusSash"},{"floor":27,"key":"Potion Belt"}],"event_choices":[{"damage_healed":7,"gold_gain":0,"player_choice":"Full Heal","damage_taken":0,"max_hp_gain":0,"max_hp_loss":0,"event_name":"Wheel of Change","floor":2,"gold_loss":0},{"damage_healed":0,"gold_gain":100,"player_choice":"Pray","damage_taken":0,"max_hp_gain":0,"max_hp_loss":0,"event_name":"Golden Shrine","floor":5,"gold_loss":0}],"is_beta":false,"boss_relics":[{"not_picked":["HoveringKite","WristBlade"],"picked":"Snecko Eye"}],"items_purged_floors":[19,31],"is_endless":false,"potions_floor_spawned":[1,8,14,16,18,23,27,28,30],"killed_by":"conspire:MysteriousRune","ascension_level":10}}