{"host":"ydujlihd8f5px9gp","time":1610281958,"event":{"mods":["AchievementEnabler","BaseMod","Block Reminder","Colored Map","Minty Spire (QoL Compilation)","ojb\u0027s Info Mod"],"gold_per_floor":[117,117,137,153,85,111,124,149,219,219,231,231,262,273,273,375,375,393,404,414,427,438,438,438,438],"floor_reached":24,"playtime":1274,"items_purged":[],"score":233,"play_id":"698f0b04-2807-48ee-b0de-60caa8c42051","local_time":"20210110103238","is_ascension_mode":true,"campfire_choices":[{"data":"Vigilance","floor":10,"key":"SMITH"},{"data":"Crescendo","floor":12,"key":"SMITH"},{"floor":15,"key":"REST"},{"data":"Wallop","floor":23,"key":"SMITH"}],"circlet_count":0,"master_deck":["Strike_P","Strike_P","Strike_P","Strike_P","Defend_P","Defend_P","Defend_P","Defend_P","Eruption+1","Vigilance+1","SandsOfTime","Crescendo+1","SashWhip","EmptyFist","LikeWater","Brilliance","Wallop+1"],"relics":["PureWater","Damaru","WingedGreaves","Ornamental Fan","Art of War","Busted Crown"],"acts_visited":["Exordium","TheCity"],"potions_floor_usage":[13,16,20,21],"damage_taken":[{"damage":1,"enemies":"Cultist","floor":1,"turns":3},{"damage":0,"enemies":"Jaw Worm","floor":3,"turns":4},{"damage":0,"enemies":"2 Louse","floor":4,"turns":2},{"damage":11,"enemies":"Lagavulin","floor":6,"turns":5},{"damage":0,"enemies":"Looter","floor":7,"turns":2},{"damage":16,"enemies":"Gremlin Nob","floor":8,"turns":3},{"damage":7,"enemies":"Gremlin Gang","floor":11,"turns":3},{"damage":14,"enemies":"Lagavulin","floor":13,"turns":5},{"damage":0,"enemies":"Red Slaver","floor":14,"turns":1},{"damage":19,"enemies":"Hexaghost","floor":16,"turns":8},{"damage":14,"enemies":"Shell Parasite","floor":18,"turns":4},{"damage":1,"enemies":"Spheric Guardian","floor":19,"turns":3},{"damage":1,"enemies":"Centurion and Healer","floor":20,"turns":4},{"damage":6,"enemies":"Shelled Parasite and Fungi","floor":21,"turns":6},{"damage":6,"enemies":"Snecko","floor":22,"turns":3},{"damage":0,"enemies":"Slavers","floor":24,"turns":1}],"seed_played":"7929070786056377741","potions_obtained":[{"floor":3,"key":"EssenceOfSteel"},{"floor":6,"key":"Strength Potion"},{"floor":13,"key":"PowerPotion"},{"floor":16,"key":"BlessingOfTheForge"},{"floor":18,"key":"ColorlessPotion"},{"floor":19,"key":"AttackPotion"}],"is_trial":false,"path_per_floor":["M","?","M","M","$","E","M","E","T","R","M","R","E","M","R","B",null,"M","M","M","M","M","R","E"],"character_chosen":"WATCHER","items_purchased":["SashWhip","EmptyFist"],"campfire_rested":1,"item_purchase_floors":[5,5],"current_hp_per_floor":[71,71,71,71,71,60,60,44,44,44,37,37,23,23,44,25,72,58,57,56,50,44,44,44,44],"gold":438,"neow_bonus":"THREE_CARDS","is_daily":false,"chose_seed":false,"campfire_upgraded":3,"win_rate":0.0,"timestamp":1610281958,"path_taken":["M","?","M","M","$","E","M","E","T","R","M","R","E","M","R","BOSS","M","M","M","M","M","R","E"],"items_purchased_type":["Card","Card"],"build_version":"2020-12-22","purchased_purges":0,"victory":false,"max_hp_per_floor":[72,72,72,72,72,72,72,72,72,72,72,72,72,72,72,72,72,72,72,72,72,72,72,72,72],"card_choices":[{"not_picked":["Worship","EmptyBody"],"picked":"SandsOfTime","floor":0},{"not_picked":["Halt","Protect","BowlingBash"],"picked":"SKIP","floor":1},{"not_picked":["Sanctity","FlyingSleeves","Prostrate"],"picked":"SKIP","floor":3},{"not_picked":["EmptyBody","ClearTheMind"],"picked":"Crescendo","floor":4},{"not_picked":["Indignation","Vengeance","SashWhip"],"picked":"SKIP","floor":6},{"not_picked":["EmptyFist","Study","CutThroughFate"],"picked":"SKIP","floor":7},{"not_picked":["SashWhip","Evaluate","Scrawl"],"picked":"SKIP","floor":8},{"not_picked":["JustLucky","Crescendo","FlurryOfBlows"],"picked":"SKIP","floor":11},{"not_picked":["LessonLearned","Scrawl"],"picked":"LikeWater","floor":13},{"not_picked":["ThirdEye","SashWhip","Consecrate"],"picked":"SKIP","floor":14},{"not_picked":["Judgement","LessonLearned"],"picked":"Brilliance","floor":16},{"not_picked":["Crescendo"],"picked":"SKIP","floor":18},{"not_picked":["InnerPeace"],"picked":"SKIP","floor":19},{"not_picked":["Vengeance"],"picked":"SKIP","floor":20},{"not_picked":[],"picked":"Wallop","floor":21},{"not_picked":["Nirvana+1"],"picked":"SKIP","floor":22}],"player_experience":112461,"relics_obtained":[{"floor":6,"key":"Damaru"},{"floor":8,"key":"WingedGreaves"},{"floor":9,"key":"Ornamental Fan"},{"floor":13,"key":"Art of War"}],"event_choices":[{"damage_healed":0,"gold_gain":0,"player_choice":"Forge","damage_taken":0,"max_hp_gain":0,"max_hp_loss":0,"event_name":"Accursed Blacksmith","floor":2,"gold_loss":0,"cards_upgraded":["Eruption"]}],"is_beta":false,"boss_relics":[{"not_picked":["Empty Cage","Snecko Eye"],"picked":"Busted Crown"}],"items_purged_floors":[],"is_endless":false,"potions_floor_spawned":[3,6,13,16,18,19],"killed_by":"Slavers","ascension_level":1}}