{"host":"6jrnojxwearbrjzo","time":1610287146,"event":{"mods":["BaseMod","Conspire","Highlight Path","Marisa（F雨　魔理沙）","Minty Spire (QoL Compilation)","Quick Restart","Replay The Spire","Shop Mod","Spicy Shops","StSLib","The Construct","The Cursed","The Servant 0.9.4","[功能]功能增强和修复MOD","vexMod"],"gold_per_floor":[113,201,31,58,70,117,129,53,133,160,171,171,203,203,203,301,301,321,14,14,14,14,44,19,19,93,93,19,19,39,39,39,144,144,163,163,22,22,42,71,71,71,71,71,85,85,85,132,132,132],"floor_reached":51,"playtime":1048,"items_purged":["Defend_MRS","Defend_MRS","Strike_MRS","Defend_MRS+1","Voices","Regret","Strike_MRS","Defend_MRS+1","Strike_MRS","Strike_MRS","AlicesGift","SuperPerseids","Acceleration","Trip","MasterSpark+1","UpSweep+1","SuperPerseids","Shame","Writhe"],"score":1214,"play_id":"17d518da-1954-40e4-aeda-ee4253631678","local_time":"20210110215906","is_ascension_mode":false,"campfire_choices":[{"data":"CollectingQuirk","floor":7,"key":"SMITH"},{"data":"PowerUp","floor":15,"key":"SMITH"},{"data":"Grand Finale","floor":27,"key":"SMITH"},{"data":"Grand Finale+1","floor":32,"key":"SMITH"},{"data":"Grand Finale+2","floor":41,"key":"SMITH"},{"data":"Grand Finale+3","floor":44,"key":"SMITH"},{"data":"Grand Finale+4","floor":46,"key":"SMITH"},{"data":"CollectingQuirk+1","floor":49,"key":"SMITH"}],"circlet_count":0,"master_deck":["CollectingQuirk+2"],"relics":["BewitchedHakkero","War Paint","conspire:InfiniteJournal","Lantern","ReplayTheSpireMod:Lightbulb","MawBank","conspire:GlowingRock","Boot","Pen Nib","ReplayTheSpireMod:CursedCoin","PrismaticShard","Darkstone Periapt","Replay:WaspNest","InkBottle","AmplifyWand","Blood Vial","Centennial Puzzle","construct:BoolHorns","Onion Ring","Sling","Frozen Eye","Replay:Rubber Ducky","Kunai","Bag of Preparation","Ring of Hypnosis","Ring of Misfortune","PreservedInsect","Frozen Egg 2","Quantum Egg","Lee\u0027s Waffle","ReplayTheSpireMod:Ninjato","Toolbox","Enchiridion","vexMod:BigBerry","vexMod:MemoryStick","Guide Book","Anchor","Mirror","Divine Protection","Replay:Mystery Machine","Durian"],"acts_visited":["Exordium","TheCity","TheBeyond"],"potions_floor_usage":[6,6,50,50,50],"damage_taken":[{"damage":8,"enemies":"2 Louse","floor":1,"turns":2},{"damage":0,"enemies":"Gremlin Nob","floor":6,"turns":2},{"damage":0,"enemies":"conspire:MimicChest","floor":10,"turns":2},{"damage":0,"enemies":"Cultist","floor":11,"turns":1},{"damage":1,"enemies":"3 Sentries","floor":13,"turns":2},{"damage":0,"enemies":"Hexaghost","floor":16,"turns":2},{"damage":6,"enemies":"3 Byrds","floor":18,"turns":3},{"damage":0,"enemies":"conspire:Head Lice","floor":23,"turns":1},{"damage":0,"enemies":"Shell Parasite","floor":30,"turns":1},{"damage":0,"enemies":"Collector","floor":33,"turns":2},{"damage":0,"enemies":"Orb Walker","floor":35,"turns":1},{"damage":0,"enemies":"3 Shapes","floor":39,"turns":1},{"damage":0,"enemies":"R_Hoarder","floor":40,"turns":1},{"damage":0,"enemies":"Spire Growth","floor":45,"turns":1},{"damage":0,"enemies":"2 Orb Walkers","floor":48,"turns":2},{"damage":0,"enemies":"Donu and Deca","floor":50,"turns":2}],"seed_played":"8932950536638006535","potions_obtained":[{"floor":1,"key":"BlessingOfTheForge"},{"floor":10,"key":"FearPotion"},{"floor":11,"key":"FearPotion"},{"floor":18,"key":"DuplicationPotion"}],"is_trial":false,"path_per_floor":["M","?","$","T","?","E","R","$","T","?","M","?","E","?","R","B",null,"M","$","?","?","?","E","?","?","T","R","$","?","M","?","R","B",null,"M","?","$","$","M","E","R","?","T","R","M","R","?","?","R","B",null],"character_chosen":"MARISA","items_purchased":["conspire:InfiniteJournal","Lantern","ReplayTheSpireMod:Lightbulb","Strength Potion","Acceleration","Pen Nib","ReplayTheSpireMod:CursedCoin","PrismaticShard","Darkstone Periapt","Replay:WaspNest","InkBottle","PowerUp","Trip","construct:BoolHorns","Onion Ring","Sling","Frozen Eye","Replay:Rubber Ducky","Kunai","Lee\u0027s Waffle","ReplayTheSpireMod:Ninjato","Toolbox","vexMod:MemoryStick","Guide Book","Anchor","Mirror"],"campfire_rested":0,"item_purchase_floors":[3,3,3,3,3,8,8,8,8,8,8,8,8,19,19,19,19,19,19,28,28,28,37,37,37,37],"current_hp_per_floor":[67,49,49,49,49,49,49,49,49,49,51,51,52,52,52,54,75,69,69,75,81,81,81,81,81,81,81,94,78,80,80,80,82,124,124,124,124,124,124,124,124,124,124,124,124,124,124,129,129,129],"gold":132,"neow_bonus":"UPGRADE_CARD","is_daily":false,"chose_seed":false,"campfire_upgraded":8,"win_rate":0.0,"timestamp":1610287146,"path_taken":["M","?","$","?","?","E","R","$","T","?","?","?","E","?","R","BOSS","M","$","?","?","?","E","?","?","T","R","$","?","?","?","R","BOSS","M","?","?","$","?","E","R","?","T","R","?","R","?","?","R","BOSS"],"items_purchased_type":["Relic","Relic","Relic","Potion","Card","Relic","Relic","Relic","Relic","Relic","Relic","Card","Card","Relic","Relic","Relic","Relic","Relic","Relic","Relic","Relic","Relic","Relic","Relic","Relic","Relic"],"build_version":"2020-12-22","purchased_purges":19,"victory":true,"max_hp_per_floor":[75,75,75,75,75,75,75,75,75,75,75,75,75,75,75,75,75,75,75,75,81,81,81,81,81,81,81,94,94,94,94,94,94,124,124,124,124,124,124,124,124,124,124,124,124,124,124,129,129,129],"card_choices":[{"not_picked":["GrandCross","OpenUniverse"],"picked":"AlicesGift","floor":1},{"not_picked":["AlicesGift","MagicAbsorber"],"picked":"SuperPerseids","floor":2},{"not_picked":["SporeBomb","ShootingEcho"],"picked":"SuperPerseids","floor":2},{"not_picked":["NonDirectionalLaser","GravityBeat"],"picked":"CollectingQuirk","floor":6},{"not_picked":["6A","construct:FocusedBeam","TheCursedMod:SmokeScreen"],"picked":"SKIP","floor":11},{"not_picked":["Anger","ReplayTheSpireMod:LeadingStrike","Replace"],"picked":"SKIP","floor":13},{"not_picked":["FinalSpark","TheCursedMod:DemonicPact"],"picked":"Grand Finale","floor":16},{"not_picked":["SandsOfTime","construct:SyphonStrike","Replay:Parry+1"],"picked":"SKIP","floor":18},{"not_picked":["Poisoned Stab","Replay:Vibes","IllusionStar"],"picked":"SKIP","floor":23},{"not_picked":["DoubleSpark","Consecrate+1","Calculated Gamble+1"],"picked":"SKIP","floor":30},{"not_picked":["Quick Slash","TheCursedMod:CursedBlade","Sabotage"],"picked":"SKIP","floor":35},{"not_picked":["Bouncing Flask+1","construct:SuppressiveFire+1","TheCursedMod:CursedShiv"],"picked":"SKIP","floor":39},{"not_picked":["TheCursedMod:FleshFromBone+1","ClearTheMind+1","FanOfKnives"],"picked":"SKIP","floor":40},{"not_picked":["GravityBeat","TheCursedMod:CursedAmulet","GrandCross"],"picked":"SKIP","floor":45}],"player_experience":58352,"relics_obtained":[{"floor":2,"key":"War Paint"},{"floor":4,"key":"MawBank"},{"floor":6,"key":"Boot"},{"floor":9,"key":"AmplifyWand"},{"floor":10,"key":"Blood Vial"},{"floor":13,"key":"Centennial Puzzle"},{"floor":22,"key":"Ring of Hypnosis"},{"floor":22,"key":"Ring of Misfortune"},{"floor":23,"key":"PreservedInsect"},{"floor":26,"key":"Quantum Egg"},{"floor":29,"key":"Enchiridion"},{"floor":40,"key":"Divine Protection"},{"floor":43,"key":"Replay:Mystery Machine"},{"floor":48,"key":"Durian"}],"event_choices":[{"damage_healed":0,"gold_gain":0,"player_choice":"Box","damage_taken":0,"relics_obtained":["conspire:GlowingRock"],"max_hp_gain":0,"max_hp_loss":0,"event_name":"Big Fish","floor":5,"gold_loss":0,"cards_obtained":["Regret"]},{"damage_healed":0,"gold_gain":0,"player_choice":"Leave","damage_taken":0,"max_hp_gain":0,"max_hp_loss":0,"event_name":"conspire:Investor","floor":12,"gold_loss":0},{"damage_healed":25,"gold_gain":0,"player_choice":"Heal","damage_taken":0,"max_hp_gain":0,"max_hp_loss":0,"event_name":"The Library","floor":20,"gold_loss":0},{"damage_healed":0,"gold_gain":0,"player_choice":"Stole Relic","damage_taken":0,"relics_obtained":["Bag of Preparation"],"max_hp_gain":0,"max_hp_loss":0,"event_name":"Addict","floor":21,"gold_loss":0,"cards_obtained":["Shame"]},{"damage_healed":0,"gold_gain":0,"player_choice":"Obtained Book","damage_taken":16,"max_hp_gain":0,"max_hp_loss":0,"event_name":"Cursed Tome","floor":29,"gold_loss":0},{"damage_healed":0,"gold_gain":0,"player_choice":"Ignored","damage_taken":0,"max_hp_gain":0,"max_hp_loss":0,"event_name":"Vampires","floor":31,"gold_loss":0},{"damage_healed":0,"gold_gain":0,"player_choice":"Got Potions","damage_taken":0,"max_hp_gain":0,"max_hp_loss":0,"event_name":"Lab","floor":36,"gold_loss":0},{"cards_removed":["PowerUp"],"damage_healed":5,"gold_gain":0,"player_choice":"Offered Common","damage_taken":0,"max_hp_gain":0,"max_hp_loss":0,"event_name":"Bonfire Elementals","floor":42,"gold_loss":0},{"cards_removed":["PowerUp"],"damage_healed":5,"gold_gain":0,"player_choice":"Offered Special","damage_taken":0,"max_hp_gain":0,"max_hp_loss":0,"event_name":"Bonfire Elementals","floor":42,"gold_loss":0},{"cards_removed":["Grand Finale"],"damage_healed":0,"gold_gain":0,"player_choice":"Removed Attack","damage_taken":0,"max_hp_gain":0,"max_hp_loss":0,"event_name":"Falling","floor":47,"gold_loss":0},{"damage_healed":0,"gold_gain":0,"player_choice":"Fight","damage_taken":0,"max_hp_gain":0,"max_hp_loss":0,"event_name":"Mysterious Sphere","floor":48,"gold_loss":0}],"is_beta":false,"boss_relics":[{"not_picked":["vexMod:TanglingVine","vexMod:MegatonBomb"],"picked":"BewitchedHakkero"},{"not_picked":["Sozu","Runic Pyramid"],"picked":"vexMod:BigBerry"}],"items_purged_floors":[3,3,3,3,8,8,8,19,19,19,19,19,19,19,19,19,19,28,28],"is_endless":false,"potions_floor_spawned":[1,10,11,13,13,16,16,18,23,30,33,35,40],"ascension_level":0}}