{"host":"yptvp0rjza9g9li7","time":1610284622,"event":{"mods":["AchievementEnabler","BaseMod","Colored Map","Colored Powertips","DeckTracker","Minty Spire (QoL Compilation)","SuperFastMode"],"gold_per_floor":[114,124,136,147,166,166,185,240,240,259,274,274,309,309,309,410,410,427,438,363,462,479,479,504,504,504,504,515,525,525,539,539,539,539],"floor_reached":33,"playtime":1342,"items_purged":[],"score":323,"play_id":"bfca5abf-df7b-42ca-a38b-38681eba94e5","local_time":"20210110221702","is_ascension_mode":false,"campfire_choices":[{"data":"Searing Blow","floor":6.0,"key":"SMITH"},{"data":"Searing Blow+1","floor":12,"key":"SMITH"},{"data":"Warcry","floor":15,"key":"SMITH"},{"data":"Searing Blow+2","floor":23,"key":"SMITH"},{"data":"Searing Blow+3","floor":25,"key":"SMITH"},{"data":"Searing Blow+4","floor":27,"key":"SMITH"},{"data":"True Grit","floor":30,"key":"SMITH"},{"data":"Searing Blow+5","floor":32,"key":"SMITH"}],"circlet_count":0,"master_deck":["Strike_R","Strike_R","Strike_R","Strike_R","Defend_R","Defend_R","Defend_R","Defend_R","Bash","Pain","Feed","Inflame","Feel No Pain","Sword Boomerang","Searing Blow+6","Havoc","Pommel Strike","Double Tap","Dual Wield","Burning Pact","Warcry+1","Juggernaut","True Grit+1","Feel No Pain","Immolate","Shockwave"],"relics":["Burning Blood","Torii","Meat on the Bone","InkBottle","Matryoshka","Busted Crown","Pantograph","Darkstone Periapt","Pear"],"acts_visited":["Exordium","TheCity"],"potions_floor_usage":[8,13,22,24,24,31],"damage_taken":[{"damage":7.0,"enemies":"Small Slimes","floor":1.0,"turns":4.0},{"damage":13.0,"enemies":"Cultist","floor":2.0,"turns":4.0},{"damage":11.0,"enemies":"Jaw Worm","floor":3.0,"turns":3.0},{"damage":3.0,"enemies":"2 Fungi Beasts","floor":4.0,"turns":3.0},{"damage":3.0,"enemies":"Large Slime","floor":5.0,"turns":5.0},{"damage":24.0,"enemies":"Lots of Slimes","floor":7.0,"turns":5.0},{"damage":26,"enemies":"Gremlin Nob","floor":8,"turns":4},{"damage":19,"enemies":"Looter","floor":10,"turns":4},{"damage":11,"enemies":"3 Louse","floor":11,"turns":3},{"damage":16,"enemies":"Gremlin Nob","floor":13,"turns":3},{"damage":51,"enemies":"Hexaghost","floor":16,"turns":11},{"damage":28,"enemies":"3 Byrds","floor":18,"turns":6},{"damage":1,"enemies":"Spheric Guardian","floor":19,"turns":3},{"damage":17,"enemies":"Centurion and Healer","floor":22,"turns":7},{"damage":35,"enemies":"Slavers","floor":24,"turns":5},{"damage":26,"enemies":"Snake Plant","floor":28,"turns":4},{"damage":16,"enemies":"3 Cultists","floor":29,"turns":4},{"damage":3,"enemies":"Centurion and Healer","floor":31,"turns":4},{"damage":93,"enemies":"Champ","floor":33,"turns":8}],"seed_played":"3382289966396139996","potions_obtained":[{"floor":3.0,"key":"Fire Potion"},{"floor":5.0,"key":"BlessingOfTheForge"},{"floor":8,"key":"AttackPotion"},{"floor":13,"key":"FearPotion"},{"floor":16,"key":"SteroidPotion"},{"floor":19,"key":"SkillPotion"},{"floor":22,"key":"Fire Potion"},{"floor":28,"key":"GamblersBrew"},{"floor":29,"key":"Energy Potion"}],"is_trial":false,"path_per_floor":["M","M","M","M","M","R","M","?","T","M","M","R","E","?","R","B",null,"M","M","?","?","M","R","E","R","T","R","M","M","R","M","R","B"],"character_chosen":"IRONCLAD","items_purchased":[],"campfire_rested":0,"item_purchase_floors":[],"current_hp_per_floor":[82,75,70,76,82,82,67,47,47,46,56,56,58,58,58,25,95,76,81,81,81,70,70,56,56,66,66,58,60,60,66,66,0,0],"gold":539,"neow_bonus":"THREE_RARE_CARDS","is_daily":false,"chose_seed":false,"campfire_upgraded":8,"win_rate":0.0,"timestamp":1610284622,"path_taken":["M","M","M","M","M","R","M","?","T","M","M","R","E","?","R","BOSS","M","?","?","?","M","R","E","R","T","R","M","M","R","M","R","BOSS"],"items_purchased_type":[],"build_version":"2020-12-22","purchased_purges":0,"victory":false,"max_hp_per_floor":[83,83,83,86,89,89,92,92,92,92,95,95,95,95,95,95,95,98,98,98,98,98,98,101,101,111,111,111,111,111,114,114,114,114],"card_choices":[{"not_picked":["Bludgeon","Reaper"],"picked":"Feed","floor":0.0},{"not_picked":["Havoc","Clash"],"picked":"Inflame","floor":1.0},{"not_picked":["Searing Blow","Havoc"],"picked":"Feel No Pain","floor":2.0},{"not_picked":["Carnage","Bloodletting"],"picked":"Sword Boomerang","floor":3.0},{"not_picked":["Anger","Rage"],"picked":"Searing Blow","floor":4.0},{"not_picked":["Thunderclap","True Grit"],"picked":"Havoc","floor":5.0},{"not_picked":["Uppercut","Thunderclap"],"picked":"Pommel Strike","floor":7},{"not_picked":["True Grit","Warcry"],"picked":"Double Tap","floor":8},{"not_picked":["Twin Strike","Warcry"],"picked":"Dual Wield","floor":10},{"not_picked":["Havoc","Cleave"],"picked":"Burning Pact","floor":11},{"not_picked":["Heavy Blade","Searing Blow"],"picked":"Warcry","floor":13},{"not_picked":["Impervious","Berserk"],"picked":"Juggernaut","floor":16},{"not_picked":[],"picked":"True Grit","floor":18},{"not_picked":[],"picked":"Feel No Pain","floor":19},{"not_picked":["Twin Strike"],"picked":"SKIP","floor":22},{"not_picked":[],"picked":"Immolate","floor":24},{"not_picked":[],"picked":"Shockwave","floor":28},{"not_picked":["Perfected Strike"],"picked":"SKIP","floor":29},{"not_picked":["Anger"],"picked":"SKIP","floor":31}],"player_experience":193921,"relics_obtained":[{"floor":8,"key":"Torii"},{"floor":9,"key":"Meat on the Bone"},{"floor":13,"key":"InkBottle"},{"floor":24,"key":"Pantograph"},{"floor":26,"key":"Darkstone Periapt"},{"floor":26,"key":"Pear"}],"event_choices":[{"damage_healed":0,"gold_gain":30,"player_choice":"Searched \u00272\u0027 times","damage_taken":0,"max_hp_gain":0,"max_hp_loss":0,"event_name":"Dead Adventurer","floor":8,"gold_loss":0},{"damage_healed":0,"gold_gain":0,"player_choice":"Gave Potion","damage_taken":0,"relics_obtained":["Matryoshka"],"max_hp_gain":0,"max_hp_loss":0,"event_name":"WeMeetAgain","floor":14,"gold_loss":0},{"cards_removed":["Strike_R"],"damage_healed":0,"gold_gain":0,"player_choice":"Gave Gold","damage_taken":0,"max_hp_gain":0,"max_hp_loss":0,"event_name":"Beggar","floor":20,"gold_loss":75},{"damage_healed":0,"gold_gain":99,"player_choice":"Stole From Cult","damage_taken":0,"max_hp_gain":0,"max_hp_loss":0,"event_name":"Nest","floor":21,"gold_loss":0}],"is_beta":false,"boss_relics":[{"not_picked":["Fusion Hammer","Velvet Choker"],"picked":"Busted Crown"}],"items_purged_floors":[],"is_endless":false,"potions_floor_spawned":[3,5,8,13,16,19,22,28,29],"killed_by":"Champ","ascension_level":0}}