{"host":"6h0diz2ap0m56grs","time":1610301848,"event":{"mods":["2.2 Compatiblity","BaseMod","Colored Map","Marisa????????","Minty Spire (QoL Compilation)","Quick Restart","Replay The Spire","Shop Mod","StSLib","The Servant 0.9.4"],"gold_per_floor":[113,130,130,144,90,116,143,176,176,176,207,207,240,270,270,368,368,386,326,286,299,215,250,165,199,249,276,311,311,346,386,386,485,485,504,511,857,722,331,361,361,388,411,472,522,571,665,718,718,748],"floor_reached":51,"playtime":2007,"items_purged":[],"score":1603,"play_id":"885092f9-6c88-411c-a54e-b983959992a4","local_time":"20210110120408","daily_mods":["SealedDeck","Heirloom","Time Dilation","Flight"],"is_ascension_mode":true,"campfire_choices":[{"data":"MilkyWay","floor":10,"key":"SMITH"},{"data":"MilkyWay","floor":12,"key":"SMITH"},{"data":"MilkyWay","floor":15,"key":"SMITH"},{"data":"OortCloud","floor":29,"key":"SMITH"},{"data":"OortCloud","floor":32,"key":"SMITH"},{"data":"MillisecondPulsars","floor":41,"key":"SMITH"},{"data":"OneTimeOff","floor":49,"key":"SMITH"}],"circlet_count":0,"master_deck":["SporeBomb","OneTimeOff+1","AsteroidBelt","GrandCross","AsteroidBelt","OortCloud+1","UnstableBomb","UnstableBomb","MilkyWay+1","MilkyWay+1","MachineGunSpark+1","6A+1","MilkyWay+1","6A+1","PowerUp+1","UnstableBomb+1","PowerUp+1","OortCloud+1","PulseMagic+1","SprinkleStarSeal+1","MillisecondPulsars+1","MachineGunSpark+1","MilkyWay+1","6A+1","Pot Of Greed+1","Pot Of Greed+1","Pot Of Greed+1"],"relics":["MiniHakkero","replay:Trail_Library","Replay:Wax Seal","Toxic Egg 2","Sundial","Molten Egg 2","Pocketwatch","Omamori","Prayer Wheel","Coffee Dripper","MerchantsRug","ReplayTheSpireMod:TigerMarble","Shuriken","Ancient Tea Set","Replay:Baseball","Bottled Flame","MealTicket","Runic Dome","Medical Kit","Whetstone","Matryoshka","Pen Nib","Lantern","Replay:Bandana","Akabeko","Potion Belt","Girya","Grinning Jar","CatCart","Mirror"],"acts_visited":["Exordium","TheCity","TheBeyond"],"potions_floor_usage":[28,50,50,50,50,50,50,50,50,50],"damage_taken":[{"damage":1,"enemies":"Small Slimes","floor":1,"turns":2},{"damage":0,"enemies":"Cultist","floor":2,"turns":3},{"damage":0,"enemies":"Jaw Worm","floor":4,"turns":3},{"damage":0,"enemies":"Lagavulin","floor":6,"turns":5},{"damage":5,"enemies":"Gremlin Nob","floor":7,"turns":3},{"damage":2,"enemies":"Lagavulin","floor":8,"turns":5},{"damage":0,"enemies":"3 Sentries","floor":11,"turns":7},{"damage":0,"enemies":"Gremlin Nob","floor":13,"turns":2},{"damage":0,"enemies":"3 Sentries","floor":14,"turns":3},{"damage":0,"enemies":"The Guardian","floor":16,"turns":7},{"damage":0,"enemies":"Shell Parasite","floor":18,"turns":3},{"damage":0,"enemies":"2 Thieves","floor":21,"turns":3},{"damage":0,"enemies":"Replay:Snechameleon","floor":23,"turns":4},{"damage":0,"enemies":"Book of Stabbing","floor":25,"turns":4},{"damage":0,"enemies":"Gremlin Leader","floor":27,"turns":5},{"damage":0,"enemies":"Slavers","floor":28,"turns":3},{"damage":0,"enemies":"Book of Stabbing","floor":30,"turns":4},{"damage":0,"enemies":"Cultist and Chosen","floor":31,"turns":2},{"damage":0,"enemies":"Collector","floor":33,"turns":4},{"damage":7,"enemies":"3 Darklings","floor":35,"turns":2},{"damage":14,"enemies":"2 Orb Walkers","floor":37,"turns":5},{"damage":0,"enemies":"R_Hoarder","floor":40,"turns":3},{"damage":33,"enemies":"Nemesis","floor":42,"turns":3},{"damage":0,"enemies":"R_Hoarder","floor":44,"turns":3},{"damage":0,"enemies":"Giant Head","floor":45,"turns":4},{"damage":0,"enemies":"Nemesis","floor":46,"turns":3},{"damage":0,"enemies":"Orin","floor":47,"turns":3},{"damage":0,"enemies":"Reptomancer","floor":48,"turns":3},{"damage":9,"enemies":"Awakened One","floor":50,"turns":5}],"seed_played":"-7282899465604429728","potions_obtained":[{"floor":3,"key":"LifebloodPotion"},{"floor":3,"key":"EntropicBrew"},{"floor":3,"key":"SpeedPotion"},{"floor":6,"key":"Elixir"},{"floor":25,"key":"Weak Potion"},{"floor":27,"key":"PowerPotion"},{"floor":33,"key":"LiquidBronze"},{"floor":45,"key":"SpeedPotion"},{"floor":47,"key":"Dexterity Potion"}],"is_trial":true,"path_per_floor":["M","M","?","M","$","E","E","E","T","R","E","R","E","E","R","B",null,"M","?","?","M","$","E","?","E","T","E","E","R","E","M","R","B",null,"M","$","?","$","$","E","R","E","T","E","E","E","?","E","R","B",null],"character_chosen":"MARISA","items_purchased":["6A","MerchantsRug","MilkyWay+1","Medical Kit","Whetstone","Matryoshka"],"campfire_rested":0,"item_purchase_floors":[5,22,36,38,39,39],"current_hp_per_floor":[74,74,74,74,74,74,69,67,67,67,67,67,67,67,67,67,75,75,75,75,75,75,75,75,75,75,75,75,75,75,75,75,75,75,68,75,61,75,75,75,75,42,42,42,42,42,42,42,42,33],"gold":748,"neow_bonus":"","is_daily":false,"chose_seed":false,"campfire_upgraded":7,"win_rate":0.0,"timestamp":1610301848,"path_taken":["M","M","?","?","$","E","E","E","T","R","E","R","E","E","R","BOSS","M","?","?","?","$","E","?","E","T","E","E","R","E","M","R","BOSS","M","$","?","$","$","E","R","E","T","E","E","E","?","E","R","BOSS"],"items_purchased_type":["Card","Relic","Card","Relic","Relic","Relic"],"build_version":"2020-12-22","purchased_purges":0,"victory":true,"max_hp_per_floor":[75,75,75,75,75,75,75,75,75,75,75,75,75,75,75,75,75,75,75,75,75,75,75,75,75,75,75,75,75,75,75,75,75,75,75,75,75,75,75,75,75,75,75,75,75,75,75,75,75,75],"card_choices":[{"not_picked":["ChargeUpSpray","PulseMagic"],"picked":"MachineGunSpark","floor":1},{"not_picked":["IllusionStar","LuminesStrike"],"picked":"6A","floor":2},{"not_picked":["NonDirectionalLaser","SporeBomb"],"picked":"MilkyWay","floor":4},{"not_picked":["ShootingEcho","AsteroidBelt","Acceleration"],"picked":"SKIP","floor":6},{"not_picked":["GalacticHalo+1","DoubleSpark","WitchLeyline"],"picked":"SKIP","floor":7},{"not_picked":["AsteroidBelt+1","MaximisePower+1","IllusionStar+1"],"picked":"SKIP","floor":8},{"not_picked":["GravityBeat+1","MilkyWay+1"],"picked":"UnstableBomb+1","floor":11},{"not_picked":["Acceleration+1","LuminesStrike+1","DC+1"],"picked":"SKIP","floor":13},{"not_picked":["DC+1","MagicAbsorber+1","BlazingStar+1"],"picked":"SKIP","floor":14},{"not_picked":["DoubleSpark+1","GrandCross+1"],"picked":"PowerUp+1","floor":18},{"not_picked":["GalacticHalo+1","LuminesStrike+1","MysteriousBeam+1"],"picked":"SKIP","floor":18},{"not_picked":["MilkyWay+1","MaximisePower+1"],"picked":"OortCloud","floor":21},{"not_picked":["EnergyRecoil+1","Occultation+1","AsteroidBelt+1"],"picked":"SKIP","floor":21},{"not_picked":["LuminesStrike+1","GravityBeat+1","DC+1"],"picked":"SKIP","floor":23},{"not_picked":["SuperPerseids+1","OpenUniverse+1"],"picked":"PulseMagic+1","floor":25},{"not_picked":["GrandCross+1","EnergyFlow","EventHorizon+1"],"picked":"SKIP","floor":27},{"not_picked":["EventHorizon","EnergyFlow"],"picked":"SprinkleStarSeal+1","floor":28},{"not_picked":["MilkyWay+1","GravityBeat+1","LuminesStrike+1"],"picked":"SKIP","floor":30},{"not_picked":["LuminesStrike+1","GrandCross+1","EarthLightRay+1"],"picked":"SKIP","floor":31},{"not_picked":["6A+1","ShootingEcho+1","SporeBomb+1"],"picked":"SKIP","floor":31},{"not_picked":["BigCrunch+1","FinalSpark+1"],"picked":"MillisecondPulsars","floor":33},{"not_picked":["GrandCross+1","PropBag+1"],"picked":"MachineGunSpark+1","floor":35},{"not_picked":["IllusionStar+1","GravityBeat+1","SprinkleStarSeal+1"],"picked":"SKIP","floor":35},{"not_picked":["Acceleration+1","MilkyWay+1"],"picked":"6A+1","floor":37},{"not_picked":["GalacticHalo+1","MilkyWay+1","MysteriousBeam+1"],"picked":"SKIP","floor":40},{"not_picked":["Acceleration+1","ChargingUp+1","SatelliteIllusion"],"picked":"SKIP","floor":42},{"not_picked":["Acceleration+1","DC+1","NonDirectionalLaser+1"],"picked":"SKIP","floor":44},{"not_picked":["OrrerysSun","GravityBeat+1","PropBag+1"],"picked":"SKIP","floor":45},{"not_picked":["EnergyFlow+1","Acceleration+1","BinaryStars+1"],"picked":"SKIP","floor":46},{"not_picked":["MagicAbsorber+1","StarlightTyphoon+1","DarkSpark+1"],"picked":"SKIP","floor":48}],"player_experience":152262,"relics_obtained":[{"floor":6,"key":"Replay:Wax Seal"},{"floor":7,"key":"Toxic Egg 2"},{"floor":8,"key":"Sundial"},{"floor":9,"key":"Molten Egg 2"},{"floor":11,"key":"Pocketwatch"},{"floor":13,"key":"Omamori"},{"floor":14,"key":"Prayer Wheel"},{"floor":23,"key":"ReplayTheSpireMod:TigerMarble"},{"floor":25,"key":"Ancient Tea Set"},{"floor":26,"key":"Replay:Baseball"},{"floor":27,"key":"Bottled Flame"},{"floor":28,"key":"Meat on the Bone"},{"floor":30,"key":"MealTicket"},{"floor":37,"key":"Old Coin"},{"floor":40,"key":"Pen Nib"},{"floor":42,"key":"Lantern"},{"floor":43,"key":"Replay:Bandana"},{"floor":43,"key":"Akabeko"},{"floor":44,"key":"Potion Belt"},{"floor":45,"key":"Girya"},{"floor":46,"key":"Grinning Jar"},{"floor":47,"key":"CatCart"},{"floor":48,"key":"Mirror"}],"event_choices":[{"damage_healed":0,"gold_gain":0,"player_choice":"Got Potions","damage_taken":0,"max_hp_gain":0,"max_hp_loss":0,"event_name":"Lab","floor":3,"gold_loss":0},{"damage_healed":0,"gold_gain":0,"player_choice":"Upgrade","damage_taken":0,"max_hp_gain":0,"max_hp_loss":0,"event_name":"Designer","floor":20,"gold_loss":40,"cards_upgraded":["MachineGunSpark"]},{"damage_healed":0,"gold_gain":0,"player_choice":"Obtained Relic","damage_taken":0,"relics_obtained":["Shuriken"],"max_hp_gain":0,"max_hp_loss":0,"event_name":"Addict","floor":24,"gold_loss":85},{"damage_healed":0,"gold_gain":0,"player_choice":"Fight","damage_taken":0,"max_hp_gain":0,"max_hp_loss":0,"event_name":"Mysterious Sphere","floor":37,"gold_loss":0},{"damage_healed":0,"gold_gain":0,"player_choice":"Fight","damage_taken":0,"max_hp_gain":0,"max_hp_loss":0,"event_name":"OrinTheCat","floor":47,"gold_loss":0}],"is_beta":false,"boss_relics":[{"not_picked":["SlaversCollar","Cursed Key"],"picked":"Coffee Dripper"},{"not_picked":["Tiny House","Empty Cage"],"picked":"Runic Dome"}],"items_purged_floors":[],"is_endless":false,"potions_floor_spawned":[4,6,8,18,25,27,33,35,45,47],"ascension_level":1}}