{"host":"xs2umar4czbsv0xl","time":1610268377,"event":{"mods":["AchievementEnabler","Act Like it!","BaseMod","Gensokyo","Marisa????????","Minty Spire (QoL Compilation)","Reimu??????","Remilia??????","Replay The Spire","StSLib","The Hierophant","The Wild Card"],"gold_per_floor":[119,131,131,147,0,27,27,57,57,57,57,57,68,86,86,86,86],"floor_reached":16,"playtime":2828,"items_purged":[],"score":110,"play_id":"35eb1f70-0b2b-46e6-8f44-8a663b5a59fb","local_time":"20210110024617","is_ascension_mode":false,"campfire_choices":[{"floor":7,"key":"RECALL"},{"floor":11,"key":"REST"}],"circlet_count":0,"master_deck":["Strike_B","Strike_B","Strike_B","Strike_B","Defend_B","Defend_B","Defend_B","Defend_B","Zap","Dualcast","Redo","Amplify","ReplayGash+1","Beam Cell","Conserve Battery","Panic Button"],"relics":["Cracked Core","Smiling Mask","TheAbacus","ReplayTheSpireMod:Ninjato","Chameleon Ring","Kunai","Replay:Accelerometer"],"acts_visited":["Exordium"],"potions_floor_usage":[8,16],"damage_taken":[{"damage":2.0,"enemies":"2 Louse","floor":1.0,"turns":2.0},{"damage":0.0,"enemies":"Cultist","floor":2.0,"turns":2.0},{"damage":6.0,"enemies":"Jaw Worm","floor":4.0,"turns":2.0},{"damage":7,"enemies":"Replay:BlueRogue","floor":6,"turns":7},{"damage":22,"enemies":"Gremlin Nob","floor":8,"turns":4},{"damage":7,"enemies":"3 Louse","floor":13,"turns":3},{"damage":5,"enemies":"Lots of Slimes","floor":14,"turns":4},{"damage":38,"enemies":"Slime Boss","floor":16,"turns":7}],"seed_played":"-4724514617066639669","potions_obtained":[{"floor":1.0,"key":"SteroidPotion"},{"floor":6,"key":"Dexterity Potion"}],"is_trial":false,"path_per_floor":["M","M","?","M","$","E","R","E","T","?","R","?","M","M","R","B"],"character_chosen":"DEFECT","items_purchased":["TheAbacus"],"campfire_rested":1,"item_purchase_floors":[5],"current_hp_per_floor":[73,73,75,69,69,62,62,40,40,28,50,50,43,38,38,0,0],"gold":86,"neow_bonus":"RANDOM_COMMON_RELIC","is_daily":false,"chose_seed":false,"campfire_upgraded":0,"win_rate":0.0,"timestamp":1610268377,"path_taken":["M","M","?","?","?","E","R","E","T","?","R","?","M","M","R","BOSS"],"items_purchased_type":["Relic"],"build_version":"2020-12-22","purchased_purges":0,"victory":false,"max_hp_per_floor":[75,75,75,75,75,75,75,75,75,75,75,75,75,75,75,75,75],"card_choices":[{"not_picked":["Beam Cell","Compile Driver"],"picked":"Redo","floor":1.0},{"not_picked":["Coolheaded","Beam Cell"],"picked":"Panic Button","floor":2.0},{"not_picked":["Conserve Battery","Stack"],"picked":"Amplify","floor":4.0},{"not_picked":["Gash","ReplaySort"],"picked":"Loop","floor":6},{"not_picked":["Reprogram","Fusion"],"picked":"ReplayGash","floor":8},{"not_picked":["Cold Snap","ReplayTheSpireMod:Reroute Power"],"picked":"Beam Cell","floor":13},{"not_picked":["Hologram","ReplayTheSpireMod:System Scan"],"picked":"Conserve Battery","floor":14}],"player_experience":163028,"relics_obtained":[{"floor":6,"key":"ReplayTheSpireMod:Ninjato"},{"floor":8,"key":"Chameleon Ring"},{"floor":9,"key":"Kunai"}],"event_choices":[{"cards_removed":["Panic Button"],"damage_healed":5.0,"max_hp_gain":0.0,"max_hp_loss":0.0,"gold_gain":0.0,"event_name":"Bonfire Elementals","player_choice":"Offered Common","floor":3.0,"gold_loss":0.0,"damage_taken":0.0},{"cards_removed":["Panic Button"],"damage_healed":5.0,"max_hp_gain":0.0,"max_hp_loss":0.0,"gold_gain":0.0,"event_name":"Bonfire Elementals","player_choice":"Offered Special","floor":3.0,"gold_loss":0.0,"damage_taken":0.0},{"damage_healed":0,"gold_gain":0,"player_choice":"Success","damage_taken":12,"relics_obtained":["Replay:Accelerometer"],"max_hp_gain":0,"max_hp_loss":0,"event_name":"Scrap Ooze","floor":10,"gold_loss":0},{"damage_healed":0,"gold_gain":0,"player_choice":"Forge","damage_taken":0,"max_hp_gain":0,"max_hp_loss":0,"event_name":"Accursed Blacksmith","floor":12,"gold_loss":0,"cards_upgraded":["ReplayGash"]}],"is_beta":false,"boss_relics":[],"items_purged_floors":[],"is_endless":false,"potions_floor_spawned":[1,6],"killed_by":"Slime Boss","ascension_level":0}}