{"host":"rz01j32460kf2mtw","time":1610258732,"event":{"mods":["BaseMod","Downfall","Minty Spire (QoL Compilation)","Quick Restart","StSLib"],"gold_per_floor":[99,99,99,99,26,26,53,78,96,124,143,47,47,67,84,84,84],"floor_reached":16,"playtime":665,"items_purged":[],"score":108,"play_id":"04dbf9db-02a0-44b1-899d-d4a112578dad","local_time":"20210109230532","is_ascension_mode":false,"campfire_choices":[{"data":"bronze:Replicate","floor":1,"key":"SMITH"},{"floor":13,"key":"REST"}],"circlet_count":0,"master_deck":["bronze:Strike","bronze:Strike+1","bronze:Strike","bronze:Defend","bronze:Defend","bronze:Defend","bronze:Defend","bronze:Replicate+1","bronze:Goto","bronze:Fortify","bronze:CutThrough+1","bronze:Branch","bronze:GetLatest","bronze:RecursiveStrike+1","downfall:Malfunctioning","bronze:Mutator","bronze:Separator","bronze:BitShift","bronze:WhirlingStrike","bronze:Optimize"],"relics":["bronze:BronzeCore","downfall:HeartsMalice","Strawberry","Happy Flower","Tiny Chest"],"acts_visited":["Exordium"],"potions_floor_usage":[15,16,16,16],"damage_taken":[{"damage":0,"enemies":"Jaw Worm","floor":2,"turns":1},{"damage":0,"enemies":"Cultist","floor":4,"turns":1},{"damage":0,"enemies":"downfall:FleeingMerchant","floor":5,"turns":1},{"damage":27,"enemies":"Gremlin Nob","floor":8,"turns":4},{"damage":0,"enemies":"Small Slimes","floor":9,"turns":2},{"damage":18,"enemies":"Lagavulin","floor":10,"turns":4},{"damage":7,"enemies":"Blue Slaver","floor":11,"turns":3},{"damage":17,"enemies":"downfall:FleeingMerchant","floor":12,"turns":4},{"damage":3,"enemies":"Red Slaver","floor":14,"turns":2},{"damage":23,"enemies":"Large Slime","floor":15,"turns":6},{"damage":6,"enemies":"downfall:Silent","floor":16,"turns":3}],"seed_played":"-6924716742074777479","potions_obtained":[{"floor":10,"key":"Fire Potion"},{"floor":11,"key":"hexamod:SoulburnPotion"},{"floor":14,"key":"Weak Potion"},{"floor":15,"key":"SpeedPotion"}],"is_trial":false,"path_per_floor":["R","M","?","M","$","?","T","E","M","E","M","$","R","M","M","B"],"character_chosen":"THE_AUTOMATON","items_purchased":["bronze:RecursiveStrike","bronze:Optimize"],"campfire_rested":1,"item_purchase_floors":[5,12],"current_hp_per_floor":[70,70,70,70,70,70,77,50,50,32,25,8,31,28,5,0,0],"gold":84,"neow_bonus":"THREE_ENEMY_KILL","is_daily":false,"chose_seed":false,"campfire_upgraded":1,"win_rate":0.0,"timestamp":1610258732,"path_taken":["R","M","?","M","?","?","T","E","M","E","?","$","R","M","M","BOSS"],"items_purchased_type":["Card","Card"],"build_version":"2020-12-22","purchased_purges":0,"victory":false,"max_hp_per_floor":[70,70,70,70,70,70,77,77,77,77,77,77,77,77,77,77,77],"card_choices":[{"not_picked":["bronze:ChildClass","bronze:OilSpill"],"picked":"bronze:Fortify","floor":2},{"not_picked":["bronze:BugBarrage","bronze:Overheat"],"picked":"bronze:Branch","floor":4},{"not_picked":["bronze:Deprecate","bronze:FineTuning"],"picked":"bronze:GetLatest","floor":5},{"not_picked":["bronze:Overheat","bronze:FineTuning"],"picked":"bronze:Mutator","floor":8},{"not_picked":["bronze:Deprecate","bronze:FineTuning"],"picked":"bronze:Separator","floor":9},{"not_picked":["bronze:WildBeam","bronze:Verify"],"picked":"bronze:BitShift","floor":10},{"not_picked":["bronze:CloningBeam","bronze:BugBarrage","bronze:ItsAFeature"],"picked":"SKIP","floor":11},{"not_picked":["bronze:Frontload","bronze:Branch"],"picked":"bronze:WhirlingStrike","floor":12},{"not_picked":["bronze:DelayedSlice","bronze:OilSpill","bronze:Philosophize"],"picked":"SKIP","floor":14},{"not_picked":["bronze:Turbo","bronze:GetLatest","bronze:Invalidate"],"picked":"SKIP","floor":15}],"player_experience":884093,"relics_obtained":[{"floor":7,"key":"Strawberry"},{"floor":8,"key":"Happy Flower"},{"floor":10,"key":"Tiny Chest"}],"event_choices":[],"is_beta":false,"boss_relics":[],"items_purged_floors":[],"is_endless":false,"potions_floor_spawned":[10,11,14,15],"killed_by":"downfall:Silent","ascension_level":0}}