{"host":"yn1175etg9ni8l0q","time":1610318106,"event":{"mods":["AchievementEnabler","BaseMod","Colored Map","Colored Powertips","DeckTracker","Minty Spire (QoL Compilation)","Rare Cards Sparkle","Relic Stats","SuperFastMode","everything is the same but u backflip on backflip"],"gold_per_floor":[111,186,197,209,209,209,54,71,71,41,60,60,76,95,95,192,192,202,220,220,234,86,86,86,98,98,113,113,113],"floor_reached":28,"playtime":702,"items_purged":["Strike_G","Deadly Poison"],"score":264,"play_id":"74dbd89b-4d8e-47b8-8993-ccd51e2116d7","local_time":"20210111073506","is_ascension_mode":false,"campfire_choices":[{"data":"Neutralize","floor":6.0,"key":"SMITH"},{"data":"Flechettes","floor":15.0,"key":"SMITH"},{"data":"Malaise","floor":23.0,"key":"SMITH"}],"circlet_count":0,"master_deck":["Survivor","Neutralize+1","Blade Dance","Dagger Throw","Underhanded Strike","Flechettes+1","Die Die Die","Cloak And Dagger","Burst","Grand Finale","Terror","Malaise+1","All Out Attack","Wraith Form v2","Venomology","Calculated Gamble","Underhanded Strike","Acrobatics"],"relics":["Runic Pyramid","White Beast Statue","Pandora\u0027s Box","Gremlin Horn"],"acts_visited":["Exordium","TheCity"],"potions_floor_usage":[25,27,28,28,28,28,28,28],"damage_taken":[{"damage":5.0,"enemies":"Small Slimes","floor":1.0,"turns":4.0},{"damage":1.0,"enemies":"Jaw Worm","floor":3.0,"turns":3.0},{"damage":0.0,"enemies":"2 Louse","floor":4.0,"turns":2.0},{"damage":0.0,"enemies":"Red Slaver","floor":8.0,"turns":4.0},{"damage":12.0,"enemies":"Blue Slaver","floor":11.0,"turns":2.0},{"damage":4.0,"enemies":"2 Fungi Beasts","floor":13.0,"turns":3.0},{"damage":0.0,"enemies":"Looter","floor":14.0,"turns":2.0},{"damage":0.0,"enemies":"Hexaghost","floor":16.0,"turns":8.0},{"damage":14.0,"enemies":"2 Thieves","floor":18.0,"turns":2.0},{"damage":10.0,"enemies":"Spheric Guardian","floor":19.0,"turns":6.0},{"damage":11.0,"enemies":"Snecko","floor":21.0,"turns":4.0},{"damage":12,"enemies":"Cultist and Chosen","floor":25,"turns":5},{"damage":22,"enemies":"Snake Plant","floor":27,"turns":3},{"damage":5,"enemies":"Centurion and Healer","floor":28,"turns":1}],"seed_played":"8193666859577596087","potions_obtained":[{"floor":3.0,"key":"LiquidBronze"},{"floor":10.0,"key":"Explosive Potion"},{"floor":10.0,"key":"ColorlessPotion"},{"floor":11.0,"key":"EntropicBrew"},{"floor":16.0,"key":"SpeedPotion"},{"floor":18.0,"key":"SpeedPotion"},{"floor":19.0,"key":"DuplicationPotion"},{"floor":25,"key":"BlessingOfTheForge"}],"is_trial":false,"path_per_floor":["M","?","M","M","?","R","$","M","T","?","M","?","M","M","R","B",null,"M","M","?","M","$","R","?","M","T","M","M"],"character_chosen":"THE_SILENT","items_purchased":["Flechettes","Acrobatics"],"campfire_rested":0,"item_purchase_floors":[7,22],"current_hp_per_floor":[65,54,53,53,53,53,53,53,53,53,41,34,30,30,30,30,70,56,46,46,35,35,35,35,23,23,1,0,0],"gold":113,"neow_bonus":"BOSS_RELIC","is_daily":false,"chose_seed":false,"campfire_upgraded":3,"win_rate":0.0,"timestamp":1610318106,"path_taken":["M","?","M","M","?","R","$","M","T","?","?","?","M","M","R","BOSS","M","M","?","M","$","R","?","M","T","M","M"],"items_purchased_type":["Card","Card"],"build_version":"2020-12-22","purchased_purges":2,"victory":false,"max_hp_per_floor":[70,70,70,70,70,70,70,70,70,70,70,70,70,70,70,70,70,70,70,70,70,70,70,70,70,70,70,70,70],"relic_stats":{"Gremlin Horn":[0,0],"counters":[14,49],"Pandora\u0027s Box":["Burst","Flying Knee","Grand Finale","Terror","Malaise","All Out Attack","Wraith Form v2","Venomology"],"obtain_stats":[{"Gremlin Horn":26,"Pandora\u0027s Box":17,"White Beast Statue":9,"Ring of the Snake":0,"Runic Pyramid":0},{"Gremlin Horn":12,"Pandora\u0027s Box":8,"White Beast Statue":4,"Ring of the Snake":0,"Runic Pyramid":0},{"Gremlin Horn":45,"Pandora\u0027s Box":28,"White Beast Statue":13,"Ring of the Snake":0,"Runic Pyramid":0}]},"card_choices":[{"not_picked":["Backflip","Dodge and Roll"],"picked":"Blade Dance","floor":1.0},{"not_picked":["Dagger Spray","Expertise"],"picked":"Dagger Throw","floor":3.0},{"not_picked":["Noxious Fumes","Backflip"],"picked":"Underhanded Strike","floor":4.0},{"not_picked":["Poisoned Stab","Flying Knee","Choke"],"picked":"SKIP","floor":8.0},{"not_picked":["Blade Dance","Deflect"],"picked":"Die Die Die","floor":11.0},{"not_picked":["Poisoned Stab","Bane"],"picked":"Cloak And Dagger","floor":13.0},{"not_picked":["Outmaneuver","Dagger Spray"],"picked":"Blade Dance","floor":14.0},{"not_picked":["Well Laid Plans","Underhanded Strike+1","Catalyst+1"],"picked":"SKIP","floor":18.0},{"not_picked":["Bouncing Flask","Blade Dance+1"],"picked":"Calculated Gamble","floor":19.0},{"not_picked":["Backstab","Cloak And Dagger","Outmaneuver+1"],"picked":"SKIP","floor":21.0},{"not_picked":["Dodge and Roll","Acrobatics","Blade Dance"],"picked":"SKIP","floor":25},{"not_picked":["PiercingWail","Quick Slash","Bane+1"],"picked":"SKIP","floor":27}],"player_experience":315232,"relics_obtained":[{"floor":9.0,"key":"White Beast Statue"},{"floor":26,"key":"Gremlin Horn"}],"event_choices":[{"damage_healed":0.0,"max_hp_gain":0.0,"max_hp_loss":0.0,"gold_gain":75.0,"event_name":"World of Goop","player_choice":"Gather Gold","floor":2.0,"gold_loss":0.0,"damage_taken":11.0},{"damage_healed":0.0,"max_hp_gain":0.0,"max_hp_loss":0.0,"gold_gain":0.0,"event_name":"Liars Game","player_choice":"Ignored","floor":5.0,"gold_loss":0.0,"damage_taken":0.0},{"damage_healed":0.0,"max_hp_gain":0.0,"max_hp_loss":0.0,"gold_gain":0.0,"event_name":"The Woman in Blue","player_choice":"Bought 2 Potions","floor":10.0,"gold_loss":0.0,"damage_taken":0.0},{"cards_removed":["Strike_G"],"damage_healed":0.0,"max_hp_gain":0.0,"max_hp_loss":0.0,"gold_gain":0.0,"event_name":"Golden Wing","player_choice":"Card Removal","floor":12.0,"gold_loss":0.0,"damage_taken":7.0},{"damage_healed":0.0,"max_hp_gain":0.0,"max_hp_loss":0.0,"gold_gain":0.0,"cards_transformed":["Flying Knee","Blade Dance"],"event_name":"Drug Dealer","player_choice":"Became Test Subject","floor":20.0,"gold_loss":0.0,"damage_taken":0.0,"cards_obtained":["Deadly Poison","Underhanded Strike"]},{"damage_healed":0,"gold_gain":0,"player_choice":"Ignored","damage_taken":0,"max_hp_gain":0,"max_hp_loss":0,"event_name":"The Mausoleum","floor":24,"gold_loss":0}],"is_beta":false,"boss_relics":[{"not_picked":["Velvet Choker","Empty Cage"],"picked":"Pandora\u0027s Box"}],"items_purged_floors":[7,22],"is_endless":false,"potions_floor_spawned":[3,11,13,14,16,18,19,21,25,27],"killed_by":"Centurion and Healer","ascension_level":0}}