{"host":"brd61wijv1cf72gn","time":1610247618,"event":{"mods":["Act Like it!","BaseMod","Conspire","Gensokyo","Marisa£®ÏF”Í°°ƒß¿Ì…≥£©","Minty Spire (QoL Compilation)","Replay The Spire","StSLib","The Bug Knight","The Cursed","The Runesmith","The Servant 0.9.4"],"gold_per_floor":[109,109,109,109,121,121,148,167,190,190,203,217,252,266,266,266,266],"floor_reached":16,"playtime":844,"items_purged":[],"score":137,"play_id":"32e83361-0301-4978-8826-f161b2b02162","local_time":"20210110110018","is_ascension_mode":false,"campfire_choices":[{"data":"Neutralize","floor":6.0,"key":"SMITH"},{"data":"ReplayTheSpireMod:Shiv Toss","floor":10.0,"key":"SMITH"},{"floor":15,"key":"REST"}],"circlet_count":0,"master_deck":["Strike_G","Strike_G","Strike_G","Strike_G","Defend_G","Defend_G","Defend_G","Defend_G","Defend_G","Survivor","Neutralize+1","Dagger Spray","Strike_G","Hidden Blade","Dagger Throw","ReplayTheSpireMod:Shiv Toss+1","Acrobatics","Escape Plan","Tactician+1","Infinite Blades"],"relics":["Ring of the Snake","NeowsBlessing","ReplayTheSpireMod:Lightbulb","Gremlin Food","Snake Skull"],"acts_visited":["Exordium"],"potions_floor_usage":[16],"damage_taken":[{"damage":0.0,"enemies":"2 Louse","floor":1.0,"turns":1.0},{"damage":0.0,"enemies":"Cultist","floor":5.0,"turns":1.0},{"damage":0.0,"enemies":"Gremlin Nob","floor":7.0,"turns":1.0},{"damage":5.0,"enemies":"Jaw Worm","floor":8.0,"turns":3.0},{"damage":21.0,"enemies":"Exordium Thugs","floor":11.0,"turns":4.0},{"damage":5.0,"enemies":"Lots of Slimes","floor":12.0,"turns":4.0},{"damage":16.0,"enemies":"3 Sentries","floor":13.0,"turns":8.0},{"damage":2,"enemies":"2 Fungi Beasts","floor":14,"turns":3},{"damage":33,"enemies":"The Guardian","floor":16,"turns":8}],"seed_played":"-5855240100989342844","potions_obtained":[{"floor":11.0,"key":"Elixir"},{"floor":12.0,"key":"Elixir"},{"floor":13.0,"key":"DistilledChaos"}],"is_trial":false,"path_per_floor":["M","?","$","$","M","R","E","M","T","R","M","M","E","M","R","B"],"character_chosen":"THE_SILENT","items_purchased":[],"campfire_rested":1,"item_purchase_floors":[],"current_hp_per_floor":[70,70,70,70,70,70,70,65,65,65,44,39,23,21,42,9,9],"gold":266,"neow_bonus":"THREE_ENEMY_KILL","is_daily":false,"chose_seed":false,"campfire_upgraded":2,"win_rate":0.0,"timestamp":1610247618,"path_taken":["M","?","?","$","M","R","E","?","T","R","M","M","E","M","R","BOSS"],"items_purchased_type":[],"build_version":"2020-12-22","purchased_purges":0,"victory":false,"max_hp_per_floor":[70,70,70,70,70,70,70,70,70,70,70,70,70,70,70,70,70],"card_choices":[{"not_picked":["Outmaneuver","Masterful Stab"],"picked":"Dagger Spray","floor":1.0},{"not_picked":["Deflect","Quick Slash"],"picked":"Hidden Blade","floor":5.0},{"not_picked":["Burst","Prepared"],"picked":"Dagger Throw","floor":7.0},{"not_picked":["ReplayTheSpireMod:Speed Training","Flying Knee"],"picked":"ReplayTheSpireMod:Shiv Toss","floor":8.0},{"not_picked":["Dagger Throw","Flying Knee"],"picked":"Acrobatics","floor":11.0},{"not_picked":["Backflip","Deflect"],"picked":"Escape Plan","floor":12.0},{"not_picked":["ReplayTheSpireMod:Exploit Weakness","Backflip"],"picked":"Tactician","floor":13.0},{"not_picked":["Heel Hook","Dagger Spray"],"picked":"Infinite Blades","floor":14}],"player_experience":13833,"relics_obtained":[{"floor":7.0,"key":"ReplayTheSpireMod:Lightbulb"},{"floor":9.0,"key":"Gremlin Food"},{"floor":13.0,"key":"Snake Skull"}],"event_choices":[{"cards_removed":["Strike_G"],"damage_healed":0.0,"max_hp_gain":0.0,"max_hp_loss":0.0,"gold_gain":0.0,"event_name":"NoteForYourself","player_choice":"Took Card","floor":2.0,"gold_loss":0.0,"damage_taken":0.0,"cards_obtained":["Strike_G"]}],"is_beta":false,"boss_relics":[],"items_purged_floors":[],"is_endless":false,"potions_floor_spawned":[11,12,13],"killed_by":"The Guardian","ascension_level":0}}