{"host":"sav7uxregyirlf69","time":1610263038,"event":{"mods":["AchievementEnabler","BaseMod","Colored Map","DeckTracker","Keyboard Shortcuts","Minty Spire (QoL Compilation)","READ ME - Guardian Mod","StSLib","SuperFastMode"],"gold_per_floor":[116,116,132,152,164,164,15,15,39,52,84,84,105,125,125,125,125],"floor_reached":16,"playtime":240,"items_purged":["Strike_B"],"score":208,"play_id":"4ed50c2a-17cb-403e-9092-bc797ae7a180","local_time":"20210110161718","is_ascension_mode":true,"campfire_choices":[{"data":"Streamline","floor":6,"key":"SMITH"},{"floor":8,"key":"REST"},{"floor":12,"key":"REST"},{"data":"Zap","floor":15,"key":"SMITH"}],"circlet_count":0,"master_deck":["AscendersBane","Strike_B","Strike_B","Strike_B","Defend_B","Defend_B","Defend_B","Defend_B","Zap+1","Dualcast","Reprogram+1","Streamline+1","Core Surge","Ball Lightning","Conserve Battery","Glacier"],"relics":["Busted Crown","Bronze Scales","CeramicFish"],"acts_visited":["Exordium"],"potions_floor_usage":[14],"damage_taken":[{"damage":5,"enemies":"Small Slimes","floor":1,"turns":2},{"damage":8,"enemies":"Cultist","floor":3,"turns":4},{"damage":7,"enemies":"Jaw Worm","floor":4,"turns":4},{"damage":13,"enemies":"Blue Slaver","floor":5,"turns":4},{"damage":2,"enemies":"2 Fungi Beasts","floor":10,"turns":2},{"damage":33,"enemies":"Lagavulin","floor":11,"turns":4},{"damage":4,"enemies":"Looter","floor":13,"turns":2},{"damage":1,"enemies":"Gremlin Gang","floor":14,"turns":5},{"damage":41,"enemies":"Slime Boss","floor":16,"turns":11}],"seed_played":"4312791041858975272","potions_obtained":[{"floor":1,"key":"Block Potion"},{"floor":14,"key":"Dexterity Potion"}],"is_trial":false,"path_per_floor":["M","?","M","M","M","R","$","R","T","M","E","R","M","M","R","B"],"character_chosen":"DEFECT","items_purchased":["Core Surge"],"campfire_rested":2,"item_purchase_floors":[7],"current_hp_per_floor":[59,59,51,44,31,31,31,52,52,50,17,38,34,33,33,0,0],"gold":125,"neow_bonus":"BOSS_RELIC","is_daily":false,"chose_seed":false,"campfire_upgraded":2,"win_rate":0.0,"timestamp":1610263038,"path_taken":["M","?","?","M","M","R","$","R","T","M","E","R","M","M","R","BOSS"],"items_purchased_type":["Card"],"build_version":"2020-12-22","purchased_purges":1,"victory":false,"max_hp_per_floor":[71,71,71,71,71,71,71,71,71,71,71,71,71,71,71,71,71],"card_choices":[{"not_picked":[],"picked":"Reprogram","floor":1},{"not_picked":["Storm"],"picked":"SKIP","floor":3},{"not_picked":["Stack"],"picked":"SKIP","floor":4},{"not_picked":[],"picked":"Streamline","floor":5},{"not_picked":[],"picked":"Ball Lightning","floor":10},{"not_picked":["Streamline"],"picked":"SKIP","floor":11},{"not_picked":[],"picked":"Conserve Battery","floor":13},{"not_picked":[],"picked":"Glacier","floor":14}],"player_experience":1227477,"relics_obtained":[{"floor":9,"key":"Bronze Scales"},{"floor":11,"key":"CeramicFish"}],"event_choices":[{"damage_healed":0,"gold_gain":0,"player_choice":"Forge","damage_taken":0,"max_hp_gain":0,"max_hp_loss":0,"event_name":"Accursed Blacksmith","floor":2,"gold_loss":0,"cards_upgraded":["Reprogram"]}],"is_beta":false,"boss_relics":[],"items_purged_floors":[7],"is_endless":false,"potions_floor_spawned":[1,14],"killed_by":"Slime Boss","ascension_level":20}}