{"host":"lscclmekr4yt2ohr","time":1610315011,"event":{"mods":["BaseMod","Better Debug","Minty Spire (QoL Compilation)","StSLib","The Hydrologist"],"gold_per_floor":[114,114,129,140,159,159,192,192,192,203,203,231,331,364,364,466,466,484,501,124,136,151,186,186,206,229,229,254,269,269,16,16,116,116,131,146,18,0,15,15,65,65,89,89,109,109,39,39,39],"floor_reached":50,"playtime":6731,"items_purged":["hydrologistmod:Strike_Hydrologist"],"score":740,"play_id":"ea116f1d-a90c-4f5a-a5fd-39b81b5f45ca","local_time":"20210110224331","is_ascension_mode":false,"campfire_choices":[{"data":"hydrologistmod:LayeredShell","floor":6,"key":"SMITH"},{"data":"hydrologistmod:ViscousShell","floor":8,"key":"SMITH"},{"data":"hydrologistmod:DeepFreeze","floor":11,"key":"SMITH"},{"data":"hydrologistmod:WaterWheel","floor":15,"key":"SMITH"},{"data":"hydrologistmod:YawningAbyss","floor":24,"key":"SMITH"},{"floor":30,"key":"REST"},{"data":"hydrologistmod:PressureBlast","floor":32,"key":"SMITH"},{"floor":40,"key":"REST"},{"floor":44,"key":"REST"},{"floor":46,"key":"REST"}],"circlet_count":0,"master_deck":["hydrologistmod:FrostWhip","hydrologistmod:Hydraulics+1","hydrologistmod:Defend_Hydrologist","hydrologistmod:Defend_Hydrologist+1","hydrologistmod:UnstableDefend","hydrologistmod:UnstableDefend+1","hydrologistmod:Liquidation+1","hydrologistmod:SwelteringStrike","hydrologistmod:ViscousShell+1","hydrologistmod:LayeredShell+1","hydrologistmod:DeepFreeze+1","hydrologistmod:YawningAbyss+1","hydrologistmod:WaterWheel+1","hydrologistmod:Freeze","hydrologistmod:WaterWheel+1","hydrologistmod:Cascade+1","hydrologistmod:Reservoir+1","hydrologistmod:Drench+1","hydrologistmod:Cryogenics","hydrologistmod:PressureBlast+1","RitualDagger","hydrologistmod:Ripcurrent","hydrologistmod:Debilitate","hydrologistmod:PureIce","hydrologistmod:SteamEngine"],"relics":["hydrologistmod:WaterPouch","Nunchaku","Pen Nib","Odd Mushroom","InkBottle","Astrolabe","Orichalcum","Oddly Smooth Stone","Unceasing Top","Bag of Preparation","hydrologistmod:PreciousNecklace","Pear","Fusion Hammer","Red Mask","CaptainsWheel","Vajra"],"acts_visited":["Exordium","TheCity","TheBeyond"],"potions_floor_usage":[7,7,7,12,14,14,14,16,16,25,25,28,33,45,45,49,49],"damage_taken":[{"damage":1,"enemies":"2 Louse","floor":1,"turns":3},{"damage":0,"enemies":"Cultist","floor":3,"turns":4},{"damage":2,"enemies":"Jaw Worm","floor":4,"turns":4},{"damage":22,"enemies":"Gremlin Gang","floor":5,"turns":7},{"damage":6,"enemies":"3 Sentries","floor":7,"turns":8},{"damage":1,"enemies":"Large Slime","floor":10,"turns":4},{"damage":13,"enemies":"The Mushroom Lair","floor":12,"turns":3},{"damage":11,"enemies":"Gremlin Nob","floor":14,"turns":3},{"damage":2,"enemies":"The Guardian","floor":16,"turns":10},{"damage":2,"enemies":"Shell Parasite","floor":18,"turns":7},{"damage":0,"enemies":"Chosen","floor":19,"turns":4},{"damage":2,"enemies":"Centurion and Healer","floor":21,"turns":5},{"damage":0,"enemies":"Chosen and Byrds","floor":22,"turns":4},{"damage":2,"enemies":"Book of Stabbing","floor":23,"turns":5},{"damage":3,"enemies":"Snake Plant","floor":25,"turns":5},{"damage":45,"enemies":"Gremlin Leader","floor":28,"turns":8},{"damage":13,"enemies":"Shelled Parasite and Fungi","floor":29,"turns":6},{"damage":7,"enemies":"Champ","floor":33,"turns":8},{"damage":9,"enemies":"3 Darklings","floor":35,"turns":6},{"damage":12,"enemies":"3 Shapes","floor":36,"turns":4},{"damage":0,"enemies":"Maw","floor":39,"turns":4},{"damage":12,"enemies":"Mind Bloom Boss Battle","floor":41,"turns":6},{"damage":12,"enemies":"Writhing Mass","floor":45,"turns":4},{"damage":50,"enemies":"Donu and Deca","floor":49,"turns":7}],"seed_played":"8026271051153675965","potions_obtained":[{"floor":3,"key":"hydrologistmod:BottledWater"},{"floor":5,"key":"EntropicBrew"},{"floor":12,"key":"EntropicBrew"},{"floor":16,"key":"SneckoOil"},{"floor":19,"key":"Block Potion"},{"floor":21,"key":"SpeedPotion"},{"floor":29,"key":"Swift Potion"},{"floor":33,"key":"FearPotion"},{"floor":41,"key":"Swift Potion"},{"floor":45,"key":"Swift Potion"}],"is_trial":false,"path_per_floor":["M","?","M","M","M","R","E","R","T","M","R","?","?","E","R","B",null,"M","M","$","M","M","E","R","M","T","?","E","M","R","$","R","B",null,"M","M","$","?","M","R","?","?","T","R","M","R","$","?","B",null],"character_chosen":"HYDROLOGIST_CLASS","items_purchased":["Orichalcum","Oddly Smooth Stone","Pear","hydrologistmod:Debilitate","DuplicationPotion","hydrologistmod:SteamEngine"],"campfire_rested":4,"item_purchase_floors":[20,20,31,37,37,47],"current_hp_per_floor":[83,83,83,81,59,59,53,53,53,52,52,39,39,28,28,26,84,82,82,82,80,80,78,78,75,75,69,24,11,36,46,46,39,94,85,73,73,73,73,94,82,82,82,94,82,94,94,94,44],"gold":39,"neow_bonus":"TEN_PERCENT_HP_BONUS","is_daily":false,"chose_seed":false,"campfire_upgraded":6,"win_rate":0.0,"timestamp":1610315011,"path_taken":["M","?","M","M","?","R","E","R","T","M","R","?","?","E","R","BOSS","M","M","$","M","?","E","R","M","T","?","E","M","R","?","R","BOSS","M","M","$","?","M","R","?","?","T","R","?","R","$","?","BOSS"],"items_purchased_type":["Relic","Relic","Relic","Card","Potion","Card"],"build_version":"2020-12-22","purchased_purges":1,"victory":true,"max_hp_per_floor":[84,84,84,84,84,84,84,84,84,84,84,84,84,84,84,84,84,84,84,84,84,84,84,84,84,84,84,84,84,84,94,94,94,94,94,94,94,94,94,94,94,94,94,94,94,94,94,94,94],"card_choices":[{"not_picked":["hydrologistmod:OccludingMist","hydrologistmod:Cascade"],"picked":"hydrologistmod:Liquidation","floor":1},{"not_picked":["hydrologistmod:SteamEngine","hydrologistmod:Condensation"],"picked":"hydrologistmod:SwelteringStrike","floor":3},{"not_picked":["hydrologistmod:BlockOfIce","hydrologistmod:FrozenCapsule"],"picked":"hydrologistmod:ViscousShell","floor":4},{"not_picked":["hydrologistmod:DeepFreeze","hydrologistmod:Condensation"],"picked":"hydrologistmod:LayeredShell","floor":5},{"not_picked":["hydrologistmod:BlockOfIce","hydrologistmod:Debilitate"],"picked":"hydrologistmod:DeepFreeze","floor":7},{"not_picked":["hydrologistmod:PackedSnow","hydrologistmod:Manifestation"],"picked":"hydrologistmod:YawningAbyss","floor":10},{"not_picked":["hydrologistmod:Upstream","hydrologistmod:ViscousShell"],"picked":"hydrologistmod:WaterWheel","floor":14},{"not_picked":["hydrologistmod:ReleaseValve","hydrologistmod:RiverOfTime"],"picked":"hydrologistmod:Freeze","floor":16},{"not_picked":["hydrologistmod:JetPropulsion","hydrologistmod:GlacialSynthesis"],"picked":"hydrologistmod:Drench+1","floor":18},{"not_picked":["hydrologistmod:BlockOfIce","hydrologistmod:WaterWheel","hydrologistmod:Debilitate+1"],"picked":"SKIP","floor":19},{"not_picked":["hydrologistmod:HighTide+1","hydrologistmod:Condensation","hydrologistmod:OccludingMist"],"picked":"SKIP","floor":21},{"not_picked":["hydrologistmod:Cascade","hydrologistmod:LayeredShell"],"picked":"hydrologistmod:Cryogenics","floor":22},{"not_picked":["hydrologistmod:YawningAbyss","hydrologistmod:ViscousShell","hydrologistmod:Drench"],"picked":"SKIP","floor":23},{"not_picked":["hydrologistmod:DimensionalIcicles","hydrologistmod:Condensation"],"picked":"hydrologistmod:PressureBlast","floor":25},{"not_picked":["hydrologistmod:FrozenDomain","hydrologistmod:ViscousShell","hydrologistmod:Blizzard"],"picked":"SKIP","floor":28},{"not_picked":["hydrologistmod:SoggySynthesis","hydrologistmod:Solidification"],"picked":"hydrologistmod:PressureBuildup","floor":29},{"not_picked":["hydrologistmod:Cascade","hydrologistmod:SoggySynthesis+1","hydrologistmod:BlockOfIce+1"],"picked":"SKIP","floor":35},{"not_picked":["hydrologistmod:OccludingMist","hydrologistmod:SearingSynthesis+1"],"picked":"hydrologistmod:Ripcurrent","floor":36},{"not_picked":["hydrologistmod:LayeredShell","hydrologistmod:Hail","hydrologistmod:Sublimation"],"picked":"SKIP","floor":39},{"not_picked":["hydrologistmod:GlacialStrike+1","hydrologistmod:Cascade"],"picked":"hydrologistmod:PureIce","floor":41},{"not_picked":["hydrologistmod:Sublimation","hydrologistmod:ViscousShell","hydrologistmod:GlacialSynthesis+1"],"picked":"SKIP","floor":45}],"player_experience":2719,"relics_obtained":[{"floor":7,"key":"Nunchaku"},{"floor":9,"key":"Pen Nib"},{"floor":12,"key":"Odd Mushroom"},{"floor":14,"key":"InkBottle"},{"floor":23,"key":"Unceasing Top"},{"floor":26,"key":"Bag of Preparation"},{"floor":28,"key":"hydrologistmod:PreciousNecklace"},{"floor":41,"key":"CaptainsWheel"},{"floor":43,"key":"Vajra"}],"event_choices":[{"damage_healed":0,"gold_gain":0,"player_choice":"Upgraded","damage_taken":0,"max_hp_gain":0,"max_hp_loss":0,"event_name":"Upgrade Shrine","floor":2,"gold_loss":0,"cards_upgraded":["hydrologistmod:Liquidation"]},{"damage_healed":0,"gold_gain":0,"player_choice":"Fought Mushrooms","damage_taken":0,"max_hp_gain":0,"max_hp_loss":0,"event_name":"Mushrooms","floor":12,"gold_loss":0},{"damage_healed":0,"gold_gain":100,"player_choice":"Pray","damage_taken":0,"max_hp_gain":0,"max_hp_loss":0,"event_name":"Golden Shrine","floor":13,"gold_loss":0},{"damage_healed":0,"gold_gain":0,"player_choice":"Joined the Cult","damage_taken":6,"max_hp_gain":0,"max_hp_loss":0,"event_name":"Nest","floor":27,"gold_loss":0,"cards_obtained":["RitualDagger"]},{"damage_healed":0,"gold_gain":0,"player_choice":"Paid","damage_taken":0,"relics_obtained":["Red Mask"],"max_hp_gain":0,"max_hp_loss":0,"event_name":"Tomb of Lord Red Mask","floor":38,"gold_loss":18},{"damage_healed":0,"gold_gain":0,"player_choice":"Fight","damage_taken":0,"max_hp_gain":0,"max_hp_loss":0,"event_name":"MindBloom","floor":41,"gold_loss":0},{"cards_removed":["hydrologistmod:PressureBuildup"],"damage_healed":0,"gold_gain":0,"player_choice":"Removed Power","damage_taken":0,"max_hp_gain":0,"max_hp_loss":0,"event_name":"Falling","floor":42,"gold_loss":0},{"damage_healed":0,"gold_gain":0,"player_choice":"Took Portal","damage_taken":0,"max_hp_gain":0,"max_hp_loss":0,"event_name":"SecretPortal","floor":48,"gold_loss":0}],"is_beta":false,"boss_relics":[{"not_picked":["Tiny House","Calling Bell"],"picked":"Astrolabe"},{"not_picked":["SlaversCollar","Coffee Dripper"],"picked":"Fusion Hammer"}],"items_purged_floors":[20],"is_endless":false,"potions_floor_spawned":[3,5,12,16,19,21,29,33,41,45],"ascension_level":0}}