{"host":"axqzpfaj96olobtx","time":1610289085,"event":{"mods":["BaseMod","Colored Map","Colored Powertips","Minty Spire (QoL Compilation)","Relic Stats","StSLib"],"gold_per_floor":[111,111,124,73,88,122,122,155,181,181,131,131,131,158,158,253,253,273,188,188,201,211,211,240,22,22,89,89,129,129,145,145,249,249,265,305,305,338,354,354,354,384,384,384,93,93,93,106,106,106],"floor_reached":51,"playtime":1278,"items_purged":["Defend_R"],"score":927,"play_id":"00ac6880-d74c-40c0-bc70-2756fc91d417","local_time":"20210110143125","is_ascension_mode":true,"campfire_choices":[{"data":"Uppercut","floor":7,"key":"SMITH"},{"data":"Pommel Strike","floor":10,"key":"SMITH"},{"floor":13,"key":"REST"},{"data":"Juggernaut","floor":15,"key":"SMITH"},{"data":"Fiend Fire","floor":23,"key":"SMITH"},{"floor":28,"key":"REST"},{"data":"Combust","floor":30,"key":"SMITH"},{"floor":32,"key":"REST"},{"floor":40,"key":"REST"},{"floor":44,"key":"REST"},{"data":"Barricade","floor":47,"key":"SMITH"},{"floor":49,"key":"REST"}],"circlet_count":0,"master_deck":["Defend_R","Defend_R","Bash","Uppercut+1","Pommel Strike+1","Combust+1","Juggernaut+1","Ghostly Armor","Shrug It Off","Fiend Fire+1","HandOfGreed","Shockwave","Feel No Pain","Armaments","Offering","Intimidate+1","Combust+1","Twin Strike+1","Shrug It Off+1","Flame Barrier+1","Whirlwind+1","Barricade+1","Disarm","Dark Embrace","Cleave"],"relics":["Runic Dome","Dream Catcher","Lantern","Red Skull","Nunchaku","Velvet Choker","Orichalcum","Ancient Tea Set","Ice Cream","Omamori","Astrolabe","Shovel","Peace Pipe"],"acts_visited":["Exordium","TheCity","TheBeyond"],"potions_floor_usage":[6,14,18,24,50,50,50],"damage_taken":[{"damage":7,"enemies":"Jaw Worm","floor":1,"turns":3},{"damage":2,"enemies":"Small Slimes","floor":3,"turns":4},{"damage":0,"enemies":"2 Louse","floor":5,"turns":2},{"damage":16,"enemies":"Lagavulin","floor":6,"turns":5},{"damage":12,"enemies":"Gremlin Nob","floor":8,"turns":3},{"damage":13,"enemies":"3 Sentries","floor":14,"turns":4},{"damage":7,"enemies":"The Guardian","floor":16,"turns":8},{"damage":5,"enemies":"2 Thieves","floor":18,"turns":3},{"damage":3,"enemies":"Chosen","floor":21,"turns":2},{"damage":19,"enemies":"Sentry and Sphere","floor":22,"turns":4},{"damage":20,"enemies":"Book of Stabbing","floor":24,"turns":4},{"damage":26,"enemies":"Slavers","floor":27,"turns":4},{"damage":2,"enemies":"3 Cultists","floor":29,"turns":4},{"damage":9,"enemies":"Snake Plant","floor":31,"turns":2},{"damage":61,"enemies":"Automaton","floor":33,"turns":8},{"damage":8,"enemies":"3 Shapes","floor":35,"turns":3},{"damage":2,"enemies":"Orb Walker","floor":36,"turns":3},{"damage":30,"enemies":"Maw","floor":38,"turns":6},{"damage":5,"enemies":"Transient","floor":39,"turns":5},{"damage":36,"enemies":"Nemesis","floor":42,"turns":3},{"damage":27,"enemies":"Writhing Mass","floor":48,"turns":3},{"damage":37,"enemies":"Donu and Deca","floor":50,"turns":6}],"seed_played":"802323269630850962","potions_obtained":[{"floor":1,"key":"SkillPotion"},{"floor":8,"key":"Explosive Potion"},{"floor":14,"key":"DuplicationPotion"},{"floor":22,"key":"BloodPotion"},{"floor":27,"key":"FearPotion"},{"floor":31,"key":"Explosive Potion"},{"floor":42,"key":"Swift Potion"},{"floor":48,"key":"DuplicationPotion"}],"is_trial":false,"path_per_floor":["M","?","M","$","M","E","R","E","T","R","?","?","R","E","R","B",null,"M","?","?","M","M","R","E","$","T","E","R","M","R","M","R","B",null,"M","M","?","M","M","R","?","E","T","R","$","?","R","M","R","B",null],"character_chosen":"IRONCLAD","items_purchased":["AttackPotion","HandOfGreed","Shockwave","Disarm","Dark Embrace","DistilledChaos"],"campfire_rested":6,"item_purchase_floors":[4,25,25,45,45,45],"current_hp_per_floor":[73,78,76,76,76,60,60,48,48,48,48,48,73,60,60,53,85,80,80,80,77,58,58,55,55,55,29,54,52,52,43,68,7,85,77,75,75,45,40,65,65,29,29,53,53,53,53,26,50,13],"gold":106,"neow_bonus":"BOSS_RELIC","is_daily":false,"chose_seed":false,"campfire_upgraded":6,"win_rate":0.0,"timestamp":1610289085,"path_taken":["M","?","M","$","M","E","R","E","T","R","?","?","R","E","R","BOSS","M","?","?","?","M","R","E","$","T","E","R","M","R","M","R","BOSS","M","M","?","M","M","R","?","E","T","R","$","?","R","M","R","BOSS"],"items_purchased_type":["Potion","Card","Card","Card","Card","Potion"],"build_version":"2020-12-22","purchased_purges":1,"victory":true,"max_hp_per_floor":[80,85,85,85,85,85,85,85,85,85,85,85,85,85,85,85,85,85,85,85,85,85,85,85,85,85,85,85,85,85,85,85,85,85,85,85,85,85,85,85,81,81,81,81,81,81,81,81,81,81],"relic_stats":{"Peace Pipe":0,"Dream Catcher":6,"Nunchaku":[12],"Shovel":0,"counters":[22,89],"Astrolabe":["Intimidate","Combust","Twin Strike"],"Orichalcum":[48],"obtain_stats":[{"Ice Cream":26,"Lantern":8,"Astrolabe":34,"Velvet Choker":17,"Omamori":27,"Orichalcum":19,"Ancient Tea Set":24,"Burning Blood":0,"Peace Pipe":43,"Runic Dome":0,"Dream Catcher":6,"Nunchaku":14,"Shovel":42,"Red Skull":9},{"Ice Cream":11,"Lantern":5,"Astrolabe":15,"Velvet Choker":7,"Omamori":12,"Orichalcum":8,"Ancient Tea Set":11,"Burning Blood":0,"Peace Pipe":20,"Runic Dome":0,"Dream Catcher":4,"Nunchaku":6,"Shovel":20,"Red Skull":5},{"Ice Cream":42,"Lantern":17,"Astrolabe":60,"Velvet Choker":29,"Omamori":46,"Orichalcum":32,"Ancient Tea Set":42,"Burning Blood":0,"Peace Pipe":80,"Runic Dome":0,"Dream Catcher":14,"Nunchaku":21,"Shovel":80,"Red Skull":17}]},"card_choices":[{"not_picked":["Disarm","Clash"],"picked":"Uppercut","floor":1},{"not_picked":["Burning Pact","Heavy Blade"],"picked":"Pommel Strike","floor":3},{"not_picked":["True Grit","Thunderclap","Rampage"],"picked":"SKIP","floor":5},{"not_picked":["Heavy Blade","Armaments"],"picked":"Combust","floor":6},{"not_picked":["Clothesline","Intimidate"],"picked":"Juggernaut","floor":8},{"not_picked":["Body Slam","Wild Strike"],"picked":"Ghostly Armor","floor":13},{"not_picked":["Thunderclap","Intimidate"],"picked":"Shrug It Off","floor":14},{"not_picked":["Juggernaut","Limit Break"],"picked":"Fiend Fire","floor":16},{"not_picked":["Anger","Wild Strike","True Grit"],"picked":"SKIP","floor":18},{"not_picked":["Blood for Blood","Thunderclap+1","Clash"],"picked":"SKIP","floor":21},{"not_picked":["Infernal Blade","Havoc","Twin Strike"],"picked":"SKIP","floor":22},{"not_picked":["Heavy Blade","Limit Break","Bloodletting+1"],"picked":"SKIP","floor":24},{"not_picked":["Anger+1","Bludgeon"],"picked":"Feel No Pain","floor":27},{"not_picked":["Thunderclap","Carnage","Sever Soul"],"picked":"SKIP","floor":29},{"not_picked":["Rupture","Combust","Rampage"],"picked":"SKIP","floor":31},{"not_picked":["Carnage","Clash+1"],"picked":"Armaments","floor":32},{"not_picked":["Limit Break","Bludgeon"],"picked":"Offering","floor":33},{"not_picked":["Sword Boomerang","Perfected Strike+1","Clash+1"],"picked":"SKIP","floor":35},{"not_picked":["Wild Strike+1","Iron Wave"],"picked":"Shrug It Off+1","floor":36},{"not_picked":["Twin Strike","Havoc"],"picked":"Flame Barrier+1","floor":38},{"not_picked":["Burning Pact+1","Havoc+1"],"picked":"Whirlwind+1","floor":39},{"not_picked":["Warcry+1","Dark Embrace+1"],"picked":"Barricade","floor":42},{"not_picked":["Sword Boomerang","Pommel Strike+1","True Grit+1"],"picked":"SKIP","floor":48}],"player_experience":33202,"relics_obtained":[{"floor":6,"key":"Dream Catcher"},{"floor":8,"key":"Lantern"},{"floor":9,"key":"Red Skull"},{"floor":14,"key":"Nunchaku"},{"floor":24,"key":"Ancient Tea Set"},{"floor":26,"key":"Ice Cream"},{"floor":27,"key":"Omamori"},{"floor":42,"key":"Shovel"},{"floor":43,"key":"Peace Pipe"}],"event_choices":[{"damage_healed":0,"gold_gain":0,"player_choice":"Donut","damage_taken":0,"max_hp_gain":5,"max_hp_loss":0,"event_name":"Big Fish","floor":2,"gold_loss":0},{"cards_removed":["Strike_R"],"damage_healed":0,"gold_gain":0,"player_choice":"Card Removal","damage_taken":0,"max_hp_gain":0,"max_hp_loss":0,"event_name":"The Cleric","floor":11,"gold_loss":50},{"damage_healed":0,"gold_gain":0,"player_choice":"Ignored","damage_taken":0,"max_hp_gain":0,"max_hp_loss":0,"event_name":"Liars Game","floor":12,"gold_loss":0},{"damage_healed":0,"gold_gain":0,"player_choice":"Obtained Relic","damage_taken":0,"relics_obtained":["Orichalcum"],"max_hp_gain":0,"max_hp_loss":0,"event_name":"Addict","floor":19,"gold_loss":85},{"cards_removed":["Strike_R"],"damage_healed":0,"gold_gain":0,"player_choice":"Purged","damage_taken":0,"max_hp_gain":0,"max_hp_loss":0,"event_name":"Purifier","floor":20,"gold_loss":0},{"damage_healed":0,"gold_gain":0,"player_choice":"Ignored","damage_taken":0,"max_hp_gain":0,"max_hp_loss":0,"event_name":"Tomb of Lord Red Mask","floor":37,"gold_loss":0},{"damage_healed":0,"gold_gain":0,"player_choice":"Max HP","damage_taken":0,"max_hp_gain":0,"max_hp_loss":4,"event_name":"Winding Halls","floor":41,"gold_loss":0},{"damage_healed":0,"gold_gain":0,"cards_transformed":["Defend_R"],"player_choice":"Transformed","damage_taken":0,"max_hp_gain":0,"max_hp_loss":0,"event_name":"Transmorgrifier","floor":46,"gold_loss":0,"cards_obtained":["Cleave"]}],"is_beta":false,"boss_relics":[{"not_picked":["Empty Cage","SlaversCollar"],"picked":"Velvet Choker"},{"not_picked":["Mark of Pain","Snecko Eye"],"picked":"Astrolabe"}],"items_purged_floors":[45],"is_endless":false,"potions_floor_spawned":[1,8,14,22,27,31,39,42,48],"ascension_level":4}}