{"host":"whe4vf9w0yuhsr02","time":1610291567,"event":{"mods":["BaseMod","Highlight Path","Hubris","Lobotomy","LobotomyExtend","Minty Spire (QoL Compilation)","Quick Restart","Replay The Spire","StSLib","The Animator","The Factory","The Jungle","vexMod"],"gold_per_floor":[116,116,46,63,63,63,74,99,149,149,6,6,6,22,22,118,118,135,147,172,97,25,56,56,56,110,150,162,174,174],"floor_reached":29,"playtime":1382,"items_purged":[],"score":257,"play_id":"202bd218-7fed-4e1a-b8ec-777c453cb8d0","local_time":"20210110171247","is_ascension_mode":false,"campfire_choices":[{"data":"Genetic Algorithm","floor":6.0,"key":"SMITH"},{"data":"Dualcast","floor":10.0,"key":"SMITH"},{"data":"Zap","floor":12.0,"key":"SMITH"},{"data":"Defragment","floor":15.0,"key":"SMITH"},{"floor":24.0,"key":"REST"}],"circlet_count":0,"master_deck":["Zap+1","Dualcast+1","Streamline","Genetic Algorithm+1","OSAHOGD","Defragment+1","Go for the Eyes","Cold Snap","Core Surge","Crystallizer","Skim","Compile Driver","Ball Lightning","Fusion","Steam","Hologram","Conserve Battery","Coolheaded","Blizzard+1","White Noise","Capacitor","Reinforced Body"],"relics":["Cracked Core","CogitoBucket","RabbitCall","LetterFromLob","hubris:Towel","vexMod:InvisibilityCloak","Cables","Geode","Replay:Baseball","Pandora\u0027s Box","Prayer Wheel","AdjustmentMirror","Red Mask","Bag of Preparation","MawBank","Bronze Scales","hubris:EvacipatedBox","Meat on the Bone"],"acts_visited":["Exordium","TheCity"],"potions_floor_usage":[29,29],"damage_taken":[{"damage":2.0,"enemies":"2 Louse","floor":1.0,"turns":2.0},{"damage":6.0,"enemies":"Jaw Worm","floor":4.0,"turns":3.0},{"damage":0.0,"enemies":"Cultist","floor":7.0,"turns":3.0},{"damage":25.0,"enemies":"Lagavulin","floor":8.0,"turns":10.0},{"damage":1.0,"enemies":"Looter","floor":14.0,"turns":2.0},{"damage":5.0,"enemies":"Hexaghost","floor":16.0,"turns":9.0},{"damage":18.0,"enemies":"3 Byrds","floor":18.0,"turns":7.0},{"damage":1.0,"enemies":"Chosen","floor":19.0,"turns":4.0},{"damage":4.0,"enemies":"Masked Bandits","floor":20.0,"turns":3.0},{"damage":35.0,"enemies":"Slavers","floor":23.0,"turns":5.0},{"damage":5.0,"enemies":"Replay:Snechameleon","floor":27.0,"turns":5.0},{"damage":9,"enemies":"Snecko","floor":29,"turns":4}],"seed_played":"-1614350076770642035","potions_obtained":[{"floor":7.0,"key":"Weak Potion"},{"floor":8.0,"key":"Explosive Potion"},{"floor":14.0,"key":"Weak Potion"},{"floor":16.0,"key":"Ancient Potion"},{"floor":23.0,"key":"Adrenaline Potion"},{"floor":27.0,"key":"AttackPotion"}],"is_trial":false,"path_per_floor":["M","?","$","M","?","R","M","E","T","R","$","R","$","M","R","B",null,"M","M","?","?","$","E","R","?","T","E","$","M"],"character_chosen":"DEFECT","items_purchased":["Genetic Algorithm","Replay:Baseball","White Noise","hubris:EvacipatedBox","Meat on the Bone"],"campfire_rested":1,"item_purchase_floors":[3,11,22,28,28],"current_hp_per_floor":[73,73,73,67,67,67,67,42,42,42,42,42,42,41,41,36,75,57,56,52,52,52,17,39,47,47,42,7,0,0],"gold":174,"neow_bonus":"","is_daily":false,"chose_seed":false,"campfire_upgraded":4,"win_rate":0.0,"timestamp":1610291567,"path_taken":["M","?","$","M","?","R","?","E","T","R","$","R","$","M","R","BOSS","M","M","?","?","$","E","R","?","T","E","?","M"],"items_purchased_type":["Card","Relic","Card","Relic","Relic"],"build_version":"2020-12-22","purchased_purges":0,"victory":false,"max_hp_per_floor":[75,75,75,75,75,75,75,75,75,75,75,75,75,75,75,75,75,75,75,75,75,75,75,75,75,75,75,75,75,75],"card_choices":[{"not_picked":["Hello World","Coolheaded"],"picked":"Streamline","floor":1.0},{"not_picked":["Stack","Doom and Gloom"],"picked":"Panic Button","floor":4.0},{"not_picked":["HappyTeddy","ShyLook"],"picked":"OSAHOGD","floor":7.0},{"not_picked":["Gash","Beam Cell"],"picked":"Defragment","floor":7.0},{"not_picked":["Creative AI","Skim"],"picked":"Go for the Eyes","floor":8.0},{"not_picked":["Crystallizer","ReplayTheSpireMod:GoodbyeWorld"],"picked":"Cold Snap","floor":14.0},{"not_picked":["Multi-Cast","Machine Learning"],"picked":"Core Surge","floor":16.0},{"not_picked":["Barrage","Cold Snap"],"picked":"Hologram","floor":18.0},{"not_picked":["Redo","Barrage"],"picked":"Conserve Battery","floor":18.0},{"not_picked":["Turbo","Multi-Cast"],"picked":"Coolheaded","floor":19.0},{"not_picked":["Reprogram+1","Conserve Battery","Compile Driver"],"picked":"SKIP","floor":19.0},{"not_picked":["Force Field+1","Beam Cell"],"picked":"Blizzard+1","floor":20.0},{"not_picked":["Sweeping Beam","ReplayTheSpireMod:GoodbyeWorld"],"picked":"Capacitor","floor":23.0},{"not_picked":["ReplayTheSpireMod:Omega Cannon","Compile Driver"],"picked":"Reinforced Body","floor":27.0}],"player_experience":460368,"relics_obtained":[{"floor":1.0,"key":"LetterFromLob"},{"floor":8.0,"key":"Cables"},{"floor":9.0,"key":"Geode"},{"floor":20.0,"key":"Red Mask"},{"floor":23.0,"key":"Bag of Preparation"},{"floor":26.0,"key":"MawBank"},{"floor":27.0,"key":"Bronze Scales"}],"event_choices":[{"cards_removed":["Panic Button"],"damage_healed":0.0,"max_hp_gain":0.0,"max_hp_loss":0.0,"gold_gain":0.0,"event_name":"WeMeetAgain","player_choice":"Gave Card","floor":5.0,"gold_loss":0.0,"damage_taken":0.0,"relics_obtained":["vexMod:InvisibilityCloak"]},{"damage_healed":0.0,"max_hp_gain":0.0,"max_hp_loss":0.0,"gold_gain":0.0,"event_name":"Masked Bandits","player_choice":"Fought Bandits","floor":20.0,"gold_loss":0.0,"damage_taken":0.0},{"cards_removed":["Amplify"],"damage_healed":0.0,"max_hp_gain":0.0,"max_hp_loss":0.0,"gold_gain":0.0,"event_name":"Beggar","player_choice":"Gave Gold","floor":21.0,"gold_loss":75.0,"damage_taken":0.0}],"is_beta":false,"boss_relics":[{"not_picked":["Cursed Key","vexMod:EndlessSickness"],"picked":"Pandora\u0027s Box"}],"items_purged_floors":[],"is_endless":false,"potions_floor_spawned":[7,8,14,16,23,27],"killed_by":"Snecko","ascension_level":0}}