{"host":"wwo1kwxjf4eyz37q","time":1610260678,"event":{"mods":["AchievementEnabler","BaseMod","Colored Map","Minty Spire (QoL Compilation)","Quick Restart","SuperFastMode"],"gold_per_floor":[11,11,24,34,34,34,49,49,49,81,92,103,103,113,113,188,188,205,217,231,16,35,62,62,88,88,88,88,88,100,100,100,179,179,189,204,222,147,167,167,180,180,180,72,118,151,164,164,164,164],"floor_reached":51,"playtime":1714,"items_purged":["Barricade"],"score":1267,"play_id":"8ab17aa8-b659-4bcc-9872-34033226284e","local_time":"20210110153758","is_ascension_mode":true,"campfire_choices":[{"data":"1","floor":6.0,"key":"LIFT"},{"data":"2","floor":8.0,"key":"LIFT"},{"data":"3","floor":13.0,"key":"LIFT"},{"data":"Limit Break","floor":15.0,"key":"SMITH"},{"data":"Sword Boomerang","floor":24.0,"key":"SMITH"},{"data":"Heavy Blade","floor":27.0,"key":"SMITH"},{"data":"Double Tap","floor":29.0,"key":"SMITH"},{"floor":32.0,"key":"REST"},{"data":"Limit Break","floor":40.0,"key":"SMITH"},{"data":"Heavy Blade","floor":42.0,"key":"SMITH"},{"data":"Uppercut","floor":49,"key":"SMITH"}],"circlet_count":0,"master_deck":["AscendersBane","Strike_R+1","Strike_R+1","Strike_R+1","Strike_R+1","Strike_R+1","Defend_R+1","Defend_R+1","Defend_R+1","Defend_R+1","Bash","Cleave","Sword Boomerang+1","Double Tap+1","Flex","Heavy Blade+1","Spot Weakness","Limit Break+1","Pommel Strike","Twin Strike","Shockwave","Inflame+1","Uppercut+1","Battle Trance","Limit Break+1","Sword Boomerang","Heavy Blade+1","Carnage"],"relics":["Burning Blood","Girya","Bag of Preparation","StrikeDummy","Velvet Choker","Vajra","Art of War","Red Mask","Bottled Flame","Snecko Eye","Red Skull","Calipers","Bottled Lightning"],"acts_visited":["Exordium","TheCity","TheBeyond"],"potions_floor_usage":[],"damage_taken":[{"damage":3.0,"enemies":"2 Louse","floor":1.0,"turns":3.0},{"damage":6.0,"enemies":"Cultist","floor":3.0,"turns":4.0},{"damage":10.0,"enemies":"Small Slimes","floor":4.0,"turns":3.0},{"damage":11.0,"enemies":"Looter","floor":7.0,"turns":2.0},{"damage":18.0,"enemies":"Gremlin Nob","floor":10.0,"turns":4.0},{"damage":0.0,"enemies":"3 Louse","floor":11.0,"turns":2.0},{"damage":8.0,"enemies":"Blue Slaver","floor":12.0,"turns":2.0},{"damage":9.0,"enemies":"Red Slaver","floor":14.0,"turns":2.0},{"damage":33.0,"enemies":"The Guardian","floor":16.0,"turns":7.0},{"damage":1.0,"enemies":"3 Byrds","floor":18.0,"turns":2.0},{"damage":14.0,"enemies":"Chosen","floor":19.0,"turns":4.0},{"damage":21.0,"enemies":"Snake Plant","floor":20.0,"turns":3.0},{"damage":1.0,"enemies":"3 Cultists","floor":22.0,"turns":3.0},{"damage":7.0,"enemies":"Gremlin Leader","floor":23.0,"turns":4.0},{"damage":12.0,"enemies":"Masked Bandits","floor":25.0,"turns":2.0},{"damage":9.0,"enemies":"Shelled Parasite and Fungi","floor":30.0,"turns":2.0},{"damage":14.0,"enemies":"Champ","floor":33.0,"turns":5.0},{"damage":0.0,"enemies":"3 Darklings","floor":35.0,"turns":2.0},{"damage":0.0,"enemies":"3 Shapes","floor":36.0,"turns":1.0},{"damage":4.0,"enemies":"Jaw Worm Horde","floor":37.0,"turns":2.0},{"damage":8.0,"enemies":"3 Darklings","floor":39.0,"turns":2.0},{"damage":32.0,"enemies":"4 Shapes","floor":41.0,"turns":3.0},{"damage":20.0,"enemies":"2 Orb Walkers","floor":45.0,"turns":2.0},{"damage":10.0,"enemies":"Giant Head","floor":46.0,"turns":4.0},{"damage":0,"enemies":"Transient","floor":47,"turns":5},{"damage":32,"enemies":"Time Eater","floor":50,"turns":5}],"seed_played":"6792288073478125486","potions_obtained":[{"floor":4.0,"key":"Fire Potion"},{"floor":10.0,"key":"SkillPotion"},{"floor":11.0,"key":"EntropicBrew"},{"floor":20.0,"key":"Regen Potion"},{"floor":25.0,"key":"FairyPotion"},{"floor":30.0,"key":"DuplicationPotion"},{"floor":37.0,"key":"CultistPotion"}],"is_trial":false,"path_per_floor":["M","$","M","M","?","R","M","R","T","E","M","M","R","M","R","B",null,"M","M","M","$","M","E","R","?","T","R","?","R","M","?","R","B",null,"M","M","M","$","M","R","M","R","T","$","?","E","M","?","R","B",null],"character_chosen":"IRONCLAD","items_purchased":["Twin Strike","Vajra","BloodPotion","FearPotion"],"campfire_rested":1,"item_purchase_floors":[21,21,44,44],"current_hp_per_floor":[71,71,71,67,67,67,62,62,62,50,56,54,54,51,51,24,62,67,59,59,59,64,68,68,62,62,62,41,41,38,38,62,54,74,80,80,80,80,78,78,52,52,52,68,54,50,56,80,80,54],"gold":164,"neow_bonus":"ONE_RARE_RELIC","is_daily":false,"chose_seed":false,"campfire_upgraded":7,"win_rate":0.0,"timestamp":1610260678,"path_taken":["M","$","M","M","?","R","M","R","T","E","M","?","R","M","R","BOSS","M","M","M","$","?","E","R","?","T","R","?","R","M","?","R","BOSS","M","M","M","$","M","R","M","R","T","$","?","E","M","?","R","BOSS"],"items_purchased_type":["Card","Relic","Potion","Potion"],"build_version":"2020-12-22","purchased_purges":1,"victory":true,"max_hp_per_floor":[75,75,75,75,75,75,75,75,75,75,75,75,75,75,75,75,75,75,75,75,75,75,75,75,75,75,75,80,80,80,80,80,80,80,80,80,80,80,80,80,80,80,80,80,80,80,80,80,80,80],"card_choices":[{"not_picked":["Headbutt","True Grit","Sentinel"],"picked":"SKIP","floor":1.0},{"not_picked":["Flex","Thunderclap"],"picked":"Cleave","floor":3.0},{"not_picked":["Headbutt","Flex"],"picked":"Sword Boomerang","floor":4.0},{"not_picked":["Perfected Strike","Sever Soul"],"picked":"Flex","floor":7.0},{"not_picked":["Searing Blow","Uppercut"],"picked":"Heavy Blade","floor":10.0},{"not_picked":["Perfected Strike","True Grit","Iron Wave"],"picked":"SKIP","floor":11.0},{"not_picked":["True Grit","Ghostly Armor"],"picked":"Spot Weakness","floor":12.0},{"not_picked":["Twin Strike","Cleave"],"picked":"Limit Break","floor":14.0},{"not_picked":["Bludgeon","Fiend Fire"],"picked":"Barricade","floor":16.0},{"not_picked":["Dark Embrace","Cleave","Disarm"],"picked":"SKIP","floor":18.0},{"not_picked":["Blood for Blood","Iron Wave"],"picked":"Pommel Strike","floor":19.0},{"not_picked":["Flex","Warcry","Thunderclap"],"picked":"SKIP","floor":20.0},{"not_picked":["Twin Strike","Spot Weakness"],"picked":"Shockwave","floor":22.0},{"not_picked":["Warcry","Carnage"],"picked":"Inflame+1","floor":23.0},{"not_picked":["Feed","Perfected Strike"],"picked":"Uppercut","floor":25.0},{"not_picked":["Heavy Blade","Armaments+1"],"picked":"Battle Trance","floor":30.0},{"not_picked":["Double Tap","Corruption"],"picked":"Limit Break","floor":33.0},{"not_picked":["Shrug It Off","Metallicize","Fire Breathing"],"picked":"SKIP","floor":35.0},{"not_picked":["Headbutt","Pommel Strike+1","Anger"],"picked":"SKIP","floor":36.0},{"not_picked":["Thunderclap","Wild Strike"],"picked":"Sword Boomerang","floor":37.0},{"not_picked":["Shrug It Off","Havoc+1"],"picked":"Heavy Blade","floor":39.0},{"not_picked":["Barricade","Clash+1","Headbutt"],"picked":"SKIP","floor":41.0},{"not_picked":["Blood for Blood","Iron Wave","Burning Pact"],"picked":"SKIP","floor":46.0},{"not_picked":["Anger","Cleave"],"picked":"Carnage","floor":47}],"player_experience":212049,"relics_obtained":[{"floor":9.0,"key":"Bag of Preparation"},{"floor":10.0,"key":"StrikeDummy"},{"floor":23.0,"key":"Art of War"},{"floor":25.0,"key":"Red Mask"},{"floor":26.0,"key":"Bottled Flame"},{"floor":43.0,"key":"Red Skull"},{"floor":45.0,"key":"Calipers"},{"floor":46.0,"key":"Bottled Lightning"}],"event_choices":[{"damage_healed":0.0,"max_hp_gain":0.0,"max_hp_loss":0.0,"gold_gain":0.0,"event_name":"Match and Keep!","player_choice":"1 cards matched","floor":5.0,"gold_loss":0.0,"damage_taken":0.0,"cards_obtained":["Double Tap"]},{"damage_healed":0.0,"max_hp_gain":0.0,"max_hp_loss":0.0,"gold_gain":0.0,"event_name":"Masked Bandits","player_choice":"Fought Bandits","floor":25.0,"gold_loss":0.0,"damage_taken":0.0},{"damage_healed":0.0,"max_hp_gain":5.0,"max_hp_loss":0.0,"gold_gain":0.0,"event_name":"Forgotten Altar","player_choice":"Shed Blood","floor":28.0,"gold_loss":0.0,"damage_taken":26.0},{"damage_healed":0.0,"max_hp_gain":0.0,"max_hp_loss":0.0,"gold_gain":0.0,"event_name":"Back to Basics","player_choice":"Simplicity","floor":31.0,"gold_loss":0.0,"damage_taken":0.0,"cards_upgraded":["Strike_R","Strike_R","Strike_R","Strike_R","Strike_R","Defend_R","Defend_R","Defend_R","Defend_R"]},{"damage_healed":0.0,"max_hp_gain":0.0,"max_hp_loss":0.0,"gold_gain":0.0,"event_name":"Mysterious Sphere","player_choice":"Fight","floor":45.0,"gold_loss":0.0,"damage_taken":0.0},{"damage_healed":24,"gold_gain":0,"player_choice":"Full Heal","damage_taken":0,"max_hp_gain":0,"max_hp_loss":0,"event_name":"Wheel of Change","floor":48,"gold_loss":0}],"is_beta":false,"boss_relics":[{"not_picked":["Busted Crown","Coffee Dripper"],"picked":"Velvet Choker"},{"not_picked":["Runic Pyramid","Runic Cube"],"picked":"Snecko Eye"}],"items_purged_floors":[38],"is_endless":false,"potions_floor_spawned":[4,10,11,14,16,20,25,30,33,37,39,41],"ascension_level":16}}