{"host":"j4g6ia6asvpyu2b0","time":1610237319,"event":{"mods":["BaseMod","Colored Map","Minty Spire (QoL Compilation)","Permanent Neow","Quick Restart","Relic Stats","StSLib","Unceasing Turn Reminder"],"gold_per_floor":[112,112,123,133,133,162,162,177,177,202,215,215,215],"floor_reached":12,"playtime":252,"items_purged":[],"score":135,"play_id":"d1b01e38-5ed4-4144-88ab-7da60e77845a","local_time":"20210109170839","is_ascension_mode":true,"campfire_choices":[{"data":"Immolate","floor":7.0,"key":"SMITH"}],"circlet_count":0,"master_deck":["AscendersBane","Strike_R","Strike_R","Strike_R","Defend_R","Defend_R","Defend_R","Defend_R","Bash","Iron Wave","Immolate+1","Battle Trance","Twin Strike","Ghostly Armor","Pain","Limit Break","Fire Breathing","Shockwave","Evolve"],"relics":["Burning Blood","WarpedTongs","Darkstone Periapt","Question Card","Sundial"],"acts_visited":["Exordium"],"potions_floor_usage":[],"damage_taken":[{"damage":1.0,"enemies":"Cultist","floor":1.0,"turns":3.0},{"damage":7.0,"enemies":"Jaw Worm","floor":3.0,"turns":3.0},{"damage":0.0,"enemies":"2 Louse","floor":4.0,"turns":2.0},{"damage":43.0,"enemies":"Lagavulin","floor":6.0,"turns":10.0},{"damage":13.0,"enemies":"Looter","floor":8.0,"turns":2.0},{"damage":14.0,"enemies":"3 Sentries","floor":10.0,"turns":4.0},{"damage":12,"enemies":"Red Slaver","floor":11,"turns":4},{"damage":1,"enemies":"Lagavulin","floor":12,"turns":2}],"seed_played":"3321871848092229274","potions_obtained":[{"floor":1.0,"key":"BloodPotion"},{"floor":3.0,"key":"EssenceOfSteel"},{"floor":4.0,"key":"GamblersBrew"},{"floor":11,"key":"Regen Potion"}],"is_trial":false,"path_per_floor":["M","?","M","M","?","E","R","M","T","E","M","E"],"character_chosen":"IRONCLAD","items_purchased":[],"campfire_rested":0,"item_purchase_floors":[],"current_hp_per_floor":[77,70,69,75,75,54,54,47,47,39,33,32,32],"gold":215,"neow_bonus":"TRANSFORM_TWO_CARDS","is_daily":false,"chose_seed":false,"campfire_upgraded":1,"win_rate":0.0,"timestamp":1610237319,"path_taken":["M","?","M","M","?","E","R","M","T","E","M","E"],"items_purchased_type":[],"build_version":"2020-12-22","purchased_purges":0,"victory":false,"max_hp_per_floor":[80,80,80,80,80,80,80,80,80,80,80,80,80],"relic_stats":{"Darkstone Periapt":0,"counters":[8,30],"Sundial":[0],"Question Card":2,"obtain_stats":[{"Darkstone Periapt":6,"Sundial":10,"Question Card":9,"Burning Blood":0,"WarpedTongs":5},{"Darkstone Periapt":4,"Sundial":6,"Question Card":5,"Burning Blood":0,"WarpedTongs":3},{"Darkstone Periapt":18,"Sundial":24,"Question Card":20,"Burning Blood":0,"WarpedTongs":8}],"Burning Blood":42,"WarpedTongs":[21]},"card_choices":[{"not_picked":["True Grit","Sword Boomerang"],"picked":"Battle Trance","floor":1.0},{"not_picked":["Wild Strike","Havoc"],"picked":"Twin Strike","floor":3.0},{"not_picked":["Clash","Dark Embrace"],"picked":"Ghostly Armor","floor":4.0},{"not_picked":["Havoc","Twin Strike"],"picked":"Limit Break","floor":6.0},{"not_picked":["Infernal Blade","Power Through"],"picked":"Fire Breathing","floor":8.0},{"not_picked":["True Grit","Perfected Strike","Intimidate"],"picked":"Shockwave","floor":10.0},{"not_picked":["Flex","Searing Blow","Sever Soul"],"picked":"Evolve","floor":11}],"player_experience":781080,"relics_obtained":[{"floor":6.0,"key":"Darkstone Periapt"},{"floor":9.0,"key":"Question Card"},{"floor":10.0,"key":"Sundial"}],"event_choices":[{"cards_removed":["Doubt"],"damage_healed":0.0,"max_hp_gain":0.0,"max_hp_loss":0.0,"gold_gain":0.0,"event_name":"Golden Wing","player_choice":"Card Removal","floor":2.0,"gold_loss":0.0,"damage_taken":7.0},{"damage_healed":0.0,"max_hp_gain":0.0,"max_hp_loss":0.0,"gold_gain":0.0,"event_name":"Accursed Blacksmith","player_choice":"Rummage","floor":5.0,"gold_loss":0.0,"damage_taken":0.0,"relics_obtained":["WarpedTongs"],"cards_obtained":["Pain"]}],"is_beta":false,"boss_relics":[],"items_purged_floors":[],"is_endless":false,"potions_floor_spawned":[1,3,4,11],"killed_by":"Lagavulin","ascension_level":10}}