{"host":"7gewg82ormp6yt4e","time":1610270578,"event":{"mods":["BaseMod","Block Reminder","Colored Map","Colored Powertips","DeckTracker","Highlight Path","Minty Spire (QoL Compilation)","Relic Stats","StSLib","ojb\u0027s Info Mod"],"gold_per_floor":[110,130,130,130,143,143,143],"floor_reached":6,"playtime":199,"items_purged":[],"score":72,"play_id":"b8ba8363-cac0-4f75-871a-f33f9ef7d467","local_time":"20210110182258","is_ascension_mode":true,"campfire_choices":[],"circlet_count":0,"master_deck":["AscendersBane","Strike_B","Strike_B","Strike_B","Defend_B","Defend_B","Defend_B","Defend_B","Zap","Dualcast","Leap","Ball Lightning","Glacier"],"relics":["Cracked Core","Toy Ornithopter","Golden Idol"],"acts_visited":["Exordium"],"potions_floor_usage":[6],"damage_taken":[{"damage":4,"enemies":"Jaw Worm","floor":1,"turns":4},{"damage":4,"enemies":"Small Slimes","floor":2,"turns":3},{"damage":0,"enemies":"Cultist","floor":5,"turns":3},{"damage":59,"enemies":"Gremlin Nob","floor":6,"turns":5}],"seed_played":"2009266506958157160","potions_obtained":[{"floor":2,"key":"DuplicationPotion"}],"is_trial":false,"path_per_floor":["M","M","?","?","M","E"],"character_chosen":"DEFECT","items_purchased":[],"campfire_rested":0,"item_purchase_floors":[],"current_hp_per_floor":[60,56,49,49,49,0,0],"gold":143,"neow_bonus":"RANDOM_COMMON_RELIC","is_daily":false,"chose_seed":false,"campfire_upgraded":0,"win_rate":0.0,"timestamp":1610270578,"path_taken":["M","M","?","?","M","E"],"items_purchased_type":[],"build_version":"2020-12-22","purchased_purges":0,"victory":false,"max_hp_per_floor":[71,71,71,64,64,64,64],"relic_stats":{"counters":[4,15],"Golden Idol":3,"obtain_stats":[{"Golden Idol":4,"Cracked Core":0,"Toy Ornithopter":0},{"Golden Idol":2,"Cracked Core":0,"Toy Ornithopter":0},{"Golden Idol":7,"Cracked Core":0,"Toy Ornithopter":0}],"Toy Ornithopter":5},"card_choices":[{"not_picked":["Go for the Eyes","Beam Cell"],"picked":"Leap","floor":1},{"not_picked":["Turbo","Coolheaded"],"picked":"Ball Lightning","floor":2},{"not_picked":["Redo","Conserve Battery"],"picked":"Glacier","floor":5}],"player_experience":2517373,"relics_obtained":[],"event_choices":[{"cards_removed":["Strike_B"],"damage_healed":0,"gold_gain":0,"player_choice":"Card Removal","damage_taken":7,"max_hp_gain":0,"max_hp_loss":0,"event_name":"Golden Wing","floor":3,"gold_loss":0},{"damage_healed":0,"gold_gain":0,"player_choice":"Lose Max HP","damage_taken":0,"relics_obtained":["Golden Idol"],"max_hp_gain":0,"max_hp_loss":7,"event_name":"Golden Idol","floor":4,"gold_loss":0}],"is_beta":false,"boss_relics":[],"items_purged_floors":[],"is_endless":false,"potions_floor_spawned":[2],"killed_by":"Gremlin Nob","ascension_level":20}}