{"host":"wwmqne3dwir10erh","time":1610322439,"event":{"mods":["BaseMod","Better Note","Hubris","Mimic Mod","Minty Spire (QoL Compilation)","Replay The Spire","StSLib","The Bladedancer"],"gold_per_floor":[111,128,143,156,176,208,208,225,277,304,304,315,85,103,103,199,199,211,221,221,121,133,133,144,144,168,168,168,203,203,220,220,325,325,342,32,43,62,79,79,89,102,102,102,102,102,130,5,5,5],"floor_reached":51,"playtime":2449,"items_purged":["Strike_G","Strike_G","Languid"],"score":807,"play_id":"afd07354-b8c2-4fab-99f7-e4f51634c17f","local_time":"20210110184719","is_ascension_mode":true,"campfire_choices":[{"floor":7,"key":"REST"},{"floor":11,"key":"REST"},{"floor":15,"key":"REST"},{"data":"Strike_G","floor":23,"key":"SMITH"},{"floor":25,"key":"REST"},{"data":"Prepared","floor":28,"key":"SMITH"},{"floor":30,"key":"REST"},{"data":"hubris:Sniper","floor":32,"key":"SMITH"},{"floor":40,"key":"REST"},{"floor":44,"key":"REST"},{"floor":46,"key":"REST"}],"circlet_count":0,"master_deck":["Strike_G+1","Defend_G","Defend_G","Defend_G","Survivor","Neutralize","All Out Attack","Blade Dance","ReplayTheSpireMod:Speed Training","PiercingWail","Caltrops","hubris:Sniper+1","Corpse Explosion","Distraction","ReplayTheSpireMod:From All Sides","Dagger Throw+1","Apotheosis+1","Prepared+1","hubris:Sniper","Unload","Dagger Throw+1","Distraction+1","Riddle With Holes+1","Poisoned Stab","Underhanded Strike","Deflect","Blade Dance","Pot Of Greed","Pot Of Greed+1","Pot Of Greed","ReplayTheSpireMod:Scrap Shanks+1"],"relics":["Empty Cage","Replay:Baseball","Pet Ghost","Bottled Lightning","Snake Skull","Painkiller Herb","Toy Ornithopter","hubris:MysteriousPyramids","Lizard Tail","Astrolabe","Paper Crane","Grinning Jar","ReplayTheSpireMod:Ninjato"],"acts_visited":["TheCity","TheBeyond"],"potions_floor_usage":[6,10,10,12,24,39,39,50],"damage_taken":[{"damage":6,"enemies":"Cultist","floor":1,"turns":5},{"damage":2,"enemies":"Small Slimes","floor":2,"turns":4},{"damage":3,"enemies":"2 Louse","floor":3,"turns":3},{"damage":4,"enemies":"Blue Slaver","floor":4,"turns":4},{"damage":0,"enemies":"2 Fungi Beasts","floor":5,"turns":3},{"damage":17,"enemies":"3 Sentries","floor":6,"turns":10},{"damage":2,"enemies":"Red Slaver","floor":8,"turns":6},{"damage":13,"enemies":"Lagavulin","floor":10,"turns":5},{"damage":2,"enemies":"Blue Slaver","floor":12,"turns":4},{"damage":20,"enemies":"Large Slime","floor":14,"turns":6},{"damage":40,"enemies":"Slime Boss","floor":16,"turns":12},{"damage":6,"enemies":"3 Byrds","floor":18,"turns":3},{"damage":3,"enemies":"Chosen","floor":19,"turns":6},{"damage":7,"enemies":"3 Cultists","floor":22,"turns":3},{"damage":6,"enemies":"Snake Plant","floor":24,"turns":3},{"damage":25,"enemies":"Slavers","floor":29,"turns":2},{"damage":4,"enemies":"Snecko","floor":31,"turns":4},{"damage":43,"enemies":"Collector","floor":33,"turns":9},{"damage":5,"enemies":"Orb Walker","floor":35,"turns":4},{"damage":29,"enemies":"3 Shapes","floor":37,"turns":3},{"damage":53,"enemies":"Writhing Mass","floor":38,"turns":6},{"damage":18,"enemies":"Spire Growth","floor":39,"turns":6},{"damage":38,"enemies":"3 Darklings","floor":41,"turns":5},{"damage":11,"enemies":"Transient","floor":42,"turns":5},{"damage":7,"enemies":"Reptomancer","floor":47,"turns":6},{"damage":15,"enemies":"Donu and Deca","floor":50,"turns":6}],"seed_played":"-8236021365871091080","potions_obtained":[{"floor":1,"key":"CunningPotion"},{"floor":2,"key":"GamblersBrew"},{"floor":3,"key":"SpeedPotion"},{"floor":6,"key":"CunningPotion"},{"floor":16,"key":"SpeedPotion"},{"floor":22,"key":"Fire Potion"},{"floor":29,"key":"SpeedPotion"},{"floor":35,"key":"FairyPotion"},{"floor":47,"key":"SteroidPotion"}],"is_trial":false,"path_per_floor":["M","M","M","M","M","E","R","M","T","E","R","M","$","M","R","B",null,"?","?","?","T","?","T","?","T","T","?","T","E","T","?","T","B",null,"?","T","?","?","?","T","?","?","T","T","?","T","E","T","T","B",null],"character_chosen":"THE_SILENT","items_purchased":["Snake Skull","Paper Crane","Poisoned Stab"],"campfire_rested":8,"item_purchase_floors":[13,36,36],"current_hp_per_floor":[64,62,59,55,55,38,59,57,57,44,65,63,63,43,64,24,70,64,61,61,61,54,54,48,69,69,69,69,44,65,61,61,18,70,65,65,36,16,8,29,26,15,15,36,36,57,50,50,70,60],"gold":5,"neow_bonus":"BOSS_RELIC","is_daily":false,"chose_seed":false,"campfire_upgraded":3,"win_rate":0.0,"timestamp":1610322439,"path_taken":["M","M","M","M","M","E","R","M","T","E","R","M","$","?","R","BOSS","?","?","?","T","?","T","?","T","T","?","T","E","T","?","T","BOSS","?","T","?","?","?","T","?","?","T","T","?","T","E","T","T","BOSS"],"items_purchased_type":["Relic","Relic","Card"],"build_version":"2020-12-22","purchased_purges":3,"victory":true,"max_hp_per_floor":[70,70,70,70,70,70,70,70,70,70,70,70,70,70,70,70,70,70,70,70,70,70,70,70,70,70,70,70,70,70,70,70,70,70,70,70,70,70,70,70,70,70,70,70,70,70,70,70,70,70],"card_choices":[{"not_picked":["Deadly Poison","Prepared"],"picked":"All Out Attack","floor":1},{"not_picked":["Infinite Blades","Concentrate"],"picked":"Blade Dance","floor":2},{"not_picked":["hubris:Sniper","Bouncing Flask","Dodge and Roll"],"picked":"SKIP","floor":3},{"not_picked":["Setup","Acrobatics"],"picked":"ReplayTheSpireMod:Speed Training","floor":4},{"not_picked":["Crippling Poison","Wraith Form v2"],"picked":"PiercingWail","floor":5},{"not_picked":["Backflip","Underhanded Strike"],"picked":"Caltrops","floor":6},{"not_picked":["Finisher","Acrobatics"],"picked":"hubris:Sniper","floor":8},{"not_picked":["Replay:Poison Smokescreen","Poisoned Stab"],"picked":"Corpse Explosion","floor":10},{"not_picked":["Blur","Dagger Spray"],"picked":"Distraction","floor":12},{"not_picked":["Backflip","Flechettes","Setup"],"picked":"SKIP","floor":14},{"not_picked":["Burst","ReplayTheSpireMod:Necrosis"],"picked":"ReplayTheSpireMod:From All Sides","floor":16},{"not_picked":["Slice","Replay:Poison Smokescreen"],"picked":"Dagger Throw+1","floor":18},{"not_picked":["Hidden Blade","Underhanded Strike","hubris:SlightOfHand+1"],"picked":"SKIP","floor":19},{"not_picked":["Tactician","ReplayTheSpireMod:Shiv Toss"],"picked":"Prepared","floor":22},{"not_picked":["Bane","Quick Slash+1","hubris:SlightOfHand"],"picked":"SKIP","floor":24},{"not_picked":["Acrobatics+1","Tactician+1"],"picked":"hubris:Sniper","floor":29},{"not_picked":["Sucker Punch","Replay:Poison Smokescreen","hubris:TrickCloak"],"picked":"SKIP","floor":31},{"not_picked":["A Thousand Cuts","Atom Bomb"],"picked":"Unload","floor":33},{"not_picked":["Sneak Up+1","Bane+1"],"picked":"Riddle With Holes+1","floor":35},{"not_picked":["Outmaneuver","Sneak Up+1"],"picked":"Underhanded Strike","floor":37},{"not_picked":["Choke+1","Leg Sweep","Dagger Spray"],"picked":"SKIP","floor":38},{"not_picked":["Underhanded Strike+1","All Out Attack+1","Deflect"],"picked":"SKIP","floor":39},{"not_picked":["Underhanded Strike+1","All Out Attack+1"],"picked":"Deflect","floor":39},{"not_picked":["hubris:TrickCloak+1","Glass Knife"],"picked":"Blade Dance","floor":41},{"not_picked":["Quick Slash+1","Dagger Spray","Tactician+1"],"picked":"SKIP","floor":42},{"not_picked":["Dodge and Roll","hubris:SlightOfHand+1"],"picked":"ReplayTheSpireMod:Scrap Shanks+1","floor":47}],"player_experience":2267600,"relics_obtained":[{"floor":6,"key":"Replay:Baseball"},{"floor":9,"key":"Pet Ghost"},{"floor":10,"key":"Bottled Lightning"},{"floor":26,"key":"Toy Ornithopter"},{"floor":29,"key":"Lizard Tail"},{"floor":43,"key":"Grinning Jar"},{"floor":47,"key":"ReplayTheSpireMod:Ninjato"}],"event_choices":[{"cards_removed":["Apotheosis"],"damage_healed":0,"gold_gain":0,"player_choice":"Take \u0026 Give","damage_taken":0,"max_hp_gain":0,"max_hp_loss":0,"event_name":"betterNote:BetterNote","floor":20,"gold_loss":0,"cards_obtained":["Apotheosis"]}],"is_beta":false,"boss_relics":[{"not_picked":["Ectoplasm","Replay:Wanted Poster"],"picked":"Painkiller Herb"},{"not_picked":["Replay:Drink Me","Snecko Eye"],"picked":"Astrolabe"}],"items_purged_floors":[13,21,48],"is_endless":false,"potions_floor_spawned":[1,2,3,6,16,22,29,35,37,47],"ascension_level":2}}