{"host":"2lo6hma6kymb0g9i","time":1610262387,"event":{"mods":["BaseMod","Colored Map","DeckTracker","Minty Spire (QoL Compilation)"],"gold_per_floor":[111,130,144,94,94,127,127,148,148,187,187,262,202,223,223,354,354,374,392,413,413,438,438,225,238,238,188,188,199,199,209,209,314,314,334,212,262,314,314,314,344,67,67,91,122,152,164,186,198,210],"floor_reached":51,"playtime":3794,"items_purged":["Strike_B","Thunder Strike"],"score":985,"play_id":"1ce25751-8d04-4518-b671-abc3ffee6596","local_time":"20210110160627","is_ascension_mode":true,"campfire_choices":[{"data":"Zap","floor":7,"key":"SMITH"},{"floor":11,"key":"REST"},{"data":"Redo","floor":15,"key":"SMITH"},{"floor":23,"key":"REST"},{"data":"Apotheosis","floor":30,"key":"SMITH"},{"floor":32,"key":"REST"},{"floor":40,"key":"REST"},{"floor":47,"key":"DIG"},{"floor":49,"key":"REST"}],"circlet_count":0,"master_deck":["Zap+1","Dualcast","BootSequence","Cold Snap","Turbo","Machine Learning","Doom and Gloom","Redo+1","Go for the Eyes","Biased Cognition","Aggregate+1","Chaos+1","Reboot","Loop","Blizzard","Cold Snap","Hologram","Apotheosis+1","Multi-Cast","Capacitor","Hologram+1","Conserve Battery+1"],"relics":["Cracked Core","NeowsBlessing","Bloody Idol","Regal Pillow","The Courier","WingedGreaves","Strawberry","Pandora\u0027s Box","Red Mask","Matryoshka","Nuclear Battery","Bronze Scales","Shovel","Ginger","War Paint","Mummified Hand","MawBank","Pear","Gambling Chip"],"acts_visited":["Exordium","TheCity","TheBeyond"],"potions_floor_usage":[6,12,16,16,33,38,41,50],"damage_taken":[{"damage":0,"enemies":"Cultist","floor":1,"turns":1},{"damage":0,"enemies":"2 Louse","floor":2,"turns":1},{"damage":0,"enemies":"Jaw Worm","floor":3,"turns":1},{"damage":11,"enemies":"3 Sentries","floor":6,"turns":8},{"damage":5,"enemies":"Looter","floor":8,"turns":3},{"damage":13,"enemies":"Lagavulin","floor":10,"turns":6},{"damage":21,"enemies":"Gremlin Nob","floor":12,"turns":5},{"damage":4,"enemies":"Exordium Thugs","floor":14,"turns":4},{"damage":26,"enemies":"Slime Boss","floor":16,"turns":5},{"damage":0,"enemies":"Chosen","floor":18,"turns":4},{"damage":15,"enemies":"3 Byrds","floor":19,"turns":4},{"damage":20,"enemies":"Cultist and Chosen","floor":20,"turns":5},{"damage":13,"enemies":"Masked Bandits","floor":22,"turns":3},{"damage":0,"enemies":"Shelled Parasite and Fungi","floor":25,"turns":4},{"damage":37,"enemies":"Sentry and Sphere","floor":29,"turns":5},{"damage":20,"enemies":"Snake Plant","floor":31,"turns":5},{"damage":25,"enemies":"Champ","floor":33,"turns":7},{"damage":0,"enemies":"Orb Walker","floor":35,"turns":3},{"damage":0,"enemies":"Mind Bloom Boss Battle","floor":37,"turns":4},{"damage":73,"enemies":"2 Orb Walkers","floor":38,"turns":4},{"damage":0,"enemies":"Reptomancer","floor":41,"turns":3},{"damage":39,"enemies":"3 Darklings","floor":44,"turns":3},{"damage":16,"enemies":"Jaw Worm Horde","floor":45,"turns":3},{"damage":23,"enemies":"4 Shapes","floor":46,"turns":5},{"damage":25,"enemies":"Spire Growth","floor":48,"turns":4},{"damage":95,"enemies":"Time Eater","floor":50,"turns":8}],"seed_played":"2069854996028338199","potions_obtained":[{"floor":1,"key":"Fire Potion"},{"floor":6,"key":"Fire Potion"},{"floor":8,"key":"Weak Potion"},{"floor":14,"key":"Strength Potion"},{"floor":19,"key":"Dexterity Potion"},{"floor":22,"key":"DuplicationPotion"},{"floor":25,"key":"Weak Potion"},{"floor":33,"key":"Regen Potion"},{"floor":35,"key":"FairyPotion"},{"floor":39,"key":"PotionOfCapacity"},{"floor":39,"key":"FocusPotion"},{"floor":41,"key":"SteroidPotion"},{"floor":46,"key":"Regen Potion"}],"is_trial":false,"path_per_floor":["M","M","M","?","?","E","R","M","T","E","R","?","$","M","R","B",null,"M","M","M","?","?","R","$","M","T","?","$","M","R","M","R","B",null,"M","$","?","?","?","R","E","$","T","M","M","M","R","M","R","B",null],"character_chosen":"DEFECT","items_purchased":["Apotheosis","Bronze Scales","Mummified Hand","FairyPotion"],"campfire_rested":5,"item_purchase_floors":[24,36,42,42],"current_hp_per_floor":[68,68,68,68,50,39,39,34,34,21,58,44,44,40,40,14,65,65,50,30,30,22,61,61,66,66,66,66,34,34,19,58,38,71,76,76,81,13,13,52,57,57,67,38,32,19,24,9,56,25],"gold":222,"neow_bonus":"THREE_ENEMY_KILL","is_daily":false,"chose_seed":false,"campfire_upgraded":3,"win_rate":0.0,"timestamp":1610262387,"path_taken":["M","M","?","?","?","E","R","M","T","E","R","?","$","M","R","BOSS","M","M","M","?","?","R","$","M","T","?","$","M","R","M","R","BOSS","M","$","?","?","?","R","E","$","T","M","M","M","R","M","R","BOSS"],"items_purchased_type":["Card","Relic","Relic","Potion"],"build_version":"2020-12-22","purchased_purges":2,"victory":true,"max_hp_per_floor":[75,75,75,75,75,75,75,75,75,75,75,82,82,82,82,82,82,82,82,82,82,82,82,82,82,82,82,82,82,82,82,82,82,82,82,82,82,82,82,82,82,82,92,92,92,92,92,92,92,92],"card_choices":[{"not_picked":["Undo","Genetic Algorithm"],"picked":"BootSequence","floor":1},{"not_picked":["Beam Cell","Barrage"],"picked":"Cold Snap","floor":2},{"not_picked":["Sweeping Beam","Undo"],"picked":"Turbo","floor":3},{"not_picked":["Double Energy","Scrape"],"picked":"Machine Learning","floor":6},{"not_picked":["Storm","Coolheaded"],"picked":"Doom and Gloom","floor":8},{"not_picked":["Stack","Ball Lightning","Turbo"],"picked":"SKIP","floor":10},{"not_picked":["Steam","Fission"],"picked":"Redo","floor":12},{"not_picked":["Sweeping Beam","Genetic Algorithm"],"picked":"Go for the Eyes","floor":14},{"not_picked":["Amplify","Electrodynamics"],"picked":"Biased Cognition","floor":16},{"not_picked":["Ball Lightning","Leap"],"picked":"Cold Snap","floor":18},{"not_picked":["Steam Power","Turbo+1"],"picked":"Hologram","floor":19},{"not_picked":["Streamline+1","Steam","Fusion"],"picked":"SKIP","floor":20},{"not_picked":["Go for the Eyes+1","Streamline","Steam"],"picked":"SKIP","floor":25},{"not_picked":["Sweeping Beam+1","Beam Cell","Steam+1"],"picked":"SKIP","floor":29},{"not_picked":["Steam","Machine Learning","Stack"],"picked":"SKIP","floor":31},{"not_picked":["Fission","Biased Cognition"],"picked":"Multi-Cast","floor":33},{"not_picked":["Steam+1","Scrape","Streamline"],"picked":"SKIP","floor":35},{"not_picked":["Ball Lightning","Redo+1"],"picked":"Capacitor","floor":38},{"not_picked":["Recycle","Hello World","Sunder+1"],"picked":"SKIP","floor":41},{"not_picked":["Beam Cell+1","Melter+1"],"picked":"Hologram+1","floor":44},{"not_picked":["Compile Driver+1","Turbo+1","Fusion"],"picked":"SKIP","floor":45},{"not_picked":["Coolheaded","Redo","Blizzard"],"picked":"SKIP","floor":46},{"not_picked":["Self Repair+1","Gash"],"picked":"Conserve Battery+1","floor":48}],"player_experience":1001223,"relics_obtained":[{"floor":6,"key":"Regal Pillow"},{"floor":9,"key":"The Courier"},{"floor":10,"key":"WingedGreaves"},{"floor":12,"key":"Strawberry"},{"floor":22,"key":"Red Mask"},{"floor":26,"key":"Matryoshka"},{"floor":37,"key":"Shovel"},{"floor":38,"key":"Ginger"},{"floor":41,"key":"War Paint"},{"floor":43,"key":"MawBank"},{"floor":43,"key":"Pear"},{"floor":47,"key":"Gambling Chip"}],"event_choices":[{"cards_removed":["Strike_B"],"damage_healed":0,"gold_gain":0,"player_choice":"Card Removal","damage_taken":0,"max_hp_gain":0,"max_hp_loss":0,"event_name":"The Cleric","floor":4,"gold_loss":50},{"damage_healed":0,"gold_gain":0,"player_choice":"Take Damage","damage_taken":18,"relics_obtained":["Golden Idol"],"max_hp_gain":0,"max_hp_loss":0,"event_name":"Golden Idol","floor":5,"gold_loss":0},{"damage_healed":0,"gold_gain":0,"player_choice":"Searched \u00272\u0027 times","damage_taken":0,"max_hp_gain":0,"max_hp_loss":0,"event_name":"Dead Adventurer","floor":12,"gold_loss":0},{"damage_healed":0,"gold_gain":0,"player_choice":"Gave Idol","damage_taken":0,"relics_obtained":["Bloody Idol"],"max_hp_gain":0,"max_hp_loss":0,"event_name":"Forgotten Altar","floor":21,"relics_lost":["Golden Idol"],"gold_loss":0},{"damage_healed":0,"gold_gain":0,"player_choice":"Fought Bandits","damage_taken":0,"max_hp_gain":0,"max_hp_loss":0,"event_name":"Masked Bandits","floor":22,"gold_loss":0},{"damage_healed":0,"gold_gain":0,"player_choice":"Bet on Owner","damage_taken":0,"max_hp_gain":0,"max_hp_loss":0,"event_name":"The Joust","floor":27,"gold_loss":50},{"damage_healed":0,"gold_gain":0,"player_choice":"Fight","damage_taken":0,"max_hp_gain":0,"max_hp_loss":0,"event_name":"MindBloom","floor":37,"gold_loss":0},{"damage_healed":0,"gold_gain":0,"player_choice":"Fight","damage_taken":0,"max_hp_gain":0,"max_hp_loss":0,"event_name":"Mysterious Sphere","floor":38,"gold_loss":0},{"damage_healed":0,"gold_gain":0,"player_choice":"Got Potions","damage_taken":0,"max_hp_gain":0,"max_hp_loss":0,"event_name":"Lab","floor":39,"gold_loss":0}],"is_beta":false,"boss_relics":[{"not_picked":["Coffee Dripper","Fusion Hammer"],"picked":"Pandora\u0027s Box"},{"not_picked":["Busted Crown","Philosopher\u0027s Stone"],"picked":"Nuclear Battery"}],"items_purged_floors":[13,24],"is_endless":false,"potions_floor_spawned":[1,6,8,14,19,22,25,31,33,35,41,46],"ascension_level":9}}