{"host":"7x2w1m5n2ieo4qcj","time":1610239665,"event":{"mods":["Aspiration","BaseMod","Beaked The Cultist","Conspire","Hermit","Hubris","Minty Spire (QoL Compilation)","Replay The Spire","Robot Space Explorer","StSLib","The Cursed","The Juggle","WarShipGirlsR/????R mod"],"gold_per_floor":[110,110,120,131,131,131,158,158,228,22,40,40,40,71,71,174,174,192,209,209,109,128,128,161,161,161,181,192,192,223,223,223,324,324,337,352,352,367,132,160,170,170,170,190,208,225,225,238,238,238,238],"floor_reached":50,"playtime":2745,"items_purged":["RobotSpaceExplorer:Strike","RobotSpaceExplorer:Defend","RobotSpaceExplorer:Strike"],"score":699,"play_id":"a8e2ce55-8075-4ad3-95d7-8cb4146566cd","local_time":"20210110114745","is_ascension_mode":false,"campfire_choices":[{"data":"RobotSpaceExplorer:PowerGlove","floor":6,"key":"SMITH"},{"data":"RobotSpaceExplorer:StarLightning","floor":8,"key":"SMITH"},{"floor":12,"key":"REST"},{"data":"RobotSpaceExplorer:Electropulse","floor":15,"key":"SMITH"},{"floor":23,"key":"REST"},{"floor":25,"key":"REST"},{"floor":29,"key":"REST"},{"floor":32,"key":"REST"},{"floor":42,"key":"REST"},{"floor":47,"key":"REST"},{"floor":49,"key":"REST"}],"circlet_count":0,"master_deck":["RobotSpaceExplorer:Strike","RobotSpaceExplorer:Strike","RobotSpaceExplorer:Defend","RobotSpaceExplorer:Defend","RobotSpaceExplorer:Defend","RobotSpaceExplorer:Scan","RobotSpaceExplorer:MiniLasers","RobotSpaceExplorer:StarLightning+1","RobotSpaceExplorer:PowerGlove+1","RobotSpaceExplorer:MiniDrones","RobotSpaceExplorer:Pulsar","RobotSpaceExplorer:Discharger","RobotSpaceExplorer:Electropulse+1","RobotSpaceExplorer:Pulsar","RobotSpaceExplorer:DroneSwarm","RobotSpaceExplorer:PowerCollector","RobotSpaceExplorer:ShovelStrike","RobotSpaceExplorer:Discharger+1","RobotSpaceExplorer:Discharger","RobotSpaceExplorer:PlasmaMissile+1","RobotSpaceExplorer:Scanner","RobotSpaceExplorer:StarDust","RobotSpaceExplorer:Electropulse","beaked:BraceForImpact+1"],"relics":["RobotSpaceExplorer:RoboCore","Boot","hubris:MysteriousPyramids","BargainBundle","Quantum Egg","RobotSpaceExplorer:SearchSpecs","aspiration:RitualStick","Mummified Hand","RobotSpaceExplorer:BottledGravity","CaptainsWheel","PrismaticShard","Black Star","Bottled Flame","Regal Pillow","Darkstone Periapt"],"acts_visited":["Exordium","TheCity","TheBeyond"],"potions_floor_usage":[16,24,28,36,45,46,46],"damage_taken":[{"damage":3,"enemies":"Small Slimes","floor":1,"turns":4},{"damage":0,"enemies":"2 Louse","floor":3,"turns":2},{"damage":0,"enemies":"Cultist","floor":4,"turns":3},{"damage":12,"enemies":"Lagavulin","floor":7,"turns":8},{"damage":8,"enemies":"Blue Slaver","floor":11,"turns":3},{"damage":10,"enemies":"3 Sentries","floor":14,"turns":4},{"damage":34,"enemies":"Hexaghost","floor":16,"turns":9},{"damage":4,"enemies":"conspire:FuzzyDice","floor":18,"turns":7},{"damage":17,"enemies":"Spheric Guardian","floor":19,"turns":5},{"damage":10,"enemies":"Cultist and Chosen","floor":22,"turns":5},{"damage":7,"enemies":"Book of Stabbing","floor":24,"turns":5},{"damage":17,"enemies":"Snake Plant","floor":27,"turns":2},{"damage":4,"enemies":"Centurion and Healer","floor":28,"turns":4},{"damage":0,"enemies":"Gremlin Leader","floor":30,"turns":5},{"damage":16,"enemies":"Pondfish","floor":33,"turns":8},{"damage":3,"enemies":"3 Shapes","floor":35,"turns":3},{"damage":0,"enemies":"Orb Walker","floor":36,"turns":3},{"damage":0,"enemies":"Transient","floor":38,"turns":5},{"damage":5,"enemies":"R_Hoarder","floor":40,"turns":8},{"damage":17,"enemies":"Sphere and 2 Shapes","floor":41,"turns":4},{"damage":23,"enemies":"3 Darklings","floor":44,"turns":3},{"damage":41,"enemies":"Writhing Mass","floor":45,"turns":4},{"damage":6,"enemies":"Jaw Worm Horde","floor":46,"turns":4},{"damage":0,"enemies":"3 Darklings","floor":48,"turns":2},{"damage":90,"enemies":"Time Eater","floor":50,"turns":7}],"seed_played":"4455672756253692606","potions_obtained":[{"floor":3,"key":"Languid Potion"},{"floor":7,"key":"EssenceOfSteel"},{"floor":16,"key":"SkillPotion"},{"floor":24,"key":"Block Potion"},{"floor":28,"key":"Swift Potion"},{"floor":38,"key":"Fire Potion"},{"floor":40,"key":"RobotSpaceExplorer:RecyclePotion"}],"is_trial":false,"path_per_floor":["M","?","M","M","?","R","E","R","T","$","M","R","$","E","R","B",null,"M","M","?","$","M","R","E","R","T","M","M","R","E","?","R","B",null,"M","M","?","M","$","E","M","R","T","M","M","M","R","M","R","B"],"character_chosen":"RobotSpaceExplorer","items_purchased":["BargainBundle","RobotSpaceExplorer:Discharger","RobotSpaceExplorer:Electropulse","Regen Potion","RobotSpaceExplorer:StarDust","RobotSpaceExplorer:Electropulse"],"campfire_rested":8,"item_purchase_floors":[10,10,10,10,39,39],"current_hp_per_floor":[79,79,79,79,79,79,67,67,67,67,59,82,82,72,72,53,82,78,61,45,45,35,59,52,76,76,59,55,79,79,71,82,66,82,79,79,79,79,79,74,57,82,82,59,18,12,51,51,82,0,0],"gold":238,"neow_bonus":"TEN_PERCENT_HP_BONUS","is_daily":false,"chose_seed":false,"campfire_upgraded":3,"win_rate":0.0,"timestamp":1610239665,"path_taken":["M","?","M","M","?","R","E","R","T","$","M","R","$","E","R","BOSS","M","?","?","$","M","R","E","R","T","M","M","R","E","?","R","BOSS","M","M","?","M","$","E","M","R","T","M","M","M","R","?","R","BOSS"],"items_purchased_type":["Relic","Card","Card","Potion","Card","Card"],"build_version":"2020-12-22","purchased_purges":3,"victory":false,"max_hp_per_floor":[82,82,82,82,82,82,82,82,82,82,82,82,82,82,82,82,82,82,82,82,82,82,82,82,82,82,82,82,82,82,82,82,82,82,82,82,82,82,82,82,82,82,82,82,82,82,82,82,82,82,82],"card_choices":[{"not_picked":["RobotSpaceExplorer:Counterblock","RobotSpaceExplorer:GearShield"],"picked":"RobotSpaceExplorer:StarLightning","floor":1},{"not_picked":["RobotSpaceExplorer:FranticSearch","RobotSpaceExplorer:Jetpack"],"picked":"RobotSpaceExplorer:PowerGlove","floor":3},{"not_picked":["RobotSpaceExplorer:MakeshiftVolley","RobotSpaceExplorer:ShockKick"],"picked":"RobotSpaceExplorer:MiniDrones","floor":4},{"not_picked":["RobotSpaceExplorer:SurgingShield","RobotSpaceExplorer:SlimeMissile"],"picked":"RobotSpaceExplorer:Pulsar","floor":7},{"not_picked":["RobotSpaceExplorer:MiniDrones","RobotSpaceExplorer:FranticSearch","RobotSpaceExplorer:TurboDodge"],"picked":"SKIP","floor":11},{"not_picked":["RobotSpaceExplorer:MiniDrones","RobotSpaceExplorer:SurgingStrike"],"picked":"RobotSpaceExplorer:Pulsar","floor":14},{"not_picked":["RobotSpaceExplorer:Scanner","RobotSpaceExplorer:BlastShield"],"picked":"RobotSpaceExplorer:DroneSwarm","floor":16},{"not_picked":["RobotSpaceExplorer:Reload","RobotSpaceExplorer:Pulsar"],"picked":"RobotSpaceExplorer:PowerCollector","floor":18},{"not_picked":["RobotSpaceExplorer:SurgingStrike+1","RobotSpaceExplorer:FrostMissile+1"],"picked":"RobotSpaceExplorer:ShovelStrike","floor":19},{"not_picked":["RobotSpaceExplorer:Ammunition","RobotSpaceExplorer:Jetpack","RobotSpaceExplorer:ImprovisedAttack"],"picked":"SKIP","floor":22},{"not_picked":["RobotSpaceExplorer:ShovelStrike+1","RobotSpaceExplorer:FranticSearch","RobotSpaceExplorer:ToxicBomb"],"picked":"SKIP","floor":24},{"not_picked":["RobotSpaceExplorer:SurgingShield","RobotSpaceExplorer:FrostMissile+1"],"picked":"RobotSpaceExplorer:Discharger+1","floor":27},{"not_picked":["RobotSpaceExplorer:GlueShot","RobotSpaceExplorer:GearShield","RobotSpaceExplorer:Counterblock"],"picked":"SKIP","floor":28},{"not_picked":["RobotSpaceExplorer:Ammunition","RobotSpaceExplorer:ShockKick"],"picked":"RobotSpaceExplorer:Discharger","floor":30},{"not_picked":["RobotSpaceExplorer:Jetpack","RobotSpaceExplorer:StunGrenade"],"picked":"RobotSpaceExplorer:PlasmaMissile+1","floor":31},{"not_picked":["jugglermod: BarrierWeave","Reaper"],"picked":"RobotSpaceExplorer:Scanner","floor":33},{"not_picked":["Underhanded Strike","hermit:HoleUp","hermit:Ricochet+1"],"picked":"SKIP","floor":35},{"not_picked":["hermit:Showdown+1","Perfected Strike","TheCursedMod:CursedShiv+1"],"picked":"SKIP","floor":36},{"not_picked":["ClearTheMind+1","TheCursedMod:Evocation+1","TheCursedMod:ManaCirculation"],"picked":"SKIP","floor":38},{"not_picked":["jugglermod: ShowOff","Replay:AtTheReady+1","hermit:PistolWhip"],"picked":"SKIP","floor":40},{"not_picked":["rmod:unsinkable","rmod:combined+1","beaked:BloodForTheGods+1"],"picked":"SKIP","floor":41},{"not_picked":["All Out Attack+1","Shrug It Off+1","jugglermod: Box+1"],"picked":"SKIP","floor":44},{"not_picked":["Thunderclap","TheCursedMod:RavingStaff","hermit:TakeAim+1"],"picked":"SKIP","floor":45},{"not_picked":["Outmaneuver","SashWhip","Backflip"],"picked":"SKIP","floor":46},{"not_picked":["beaked:Overexert+1","Stack+1"],"picked":"beaked:BraceForImpact+1","floor":48}],"player_experience":982889,"relics_obtained":[{"floor":7,"key":"Boot"},{"floor":9,"key":"hubris:MysteriousPyramids"},{"floor":14,"key":"Quantum Egg"},{"floor":24,"key":"Mummified Hand"},{"floor":26,"key":"RobotSpaceExplorer:BottledGravity"},{"floor":30,"key":"CaptainsWheel"},{"floor":31,"key":"PrismaticShard"},{"floor":40,"key":"Bottled Flame"},{"floor":40,"key":"Regal Pillow"},{"floor":43,"key":"Darkstone Periapt"}],"event_choices":[{"damage_healed":0,"gold_gain":0,"player_choice":"Leave","damage_taken":0,"max_hp_gain":0,"max_hp_loss":0,"event_name":"conspire:Investor","floor":2,"gold_loss":0},{"damage_healed":0,"gold_gain":0,"player_choice":"Ignored","damage_taken":0,"max_hp_gain":0,"max_hp_loss":0,"event_name":"NoteForYourself","floor":5,"gold_loss":0},{"damage_healed":0,"gold_gain":0,"player_choice":"Bought 0 Potions","damage_taken":0,"max_hp_gain":0,"max_hp_loss":0,"event_name":"The Woman in Blue","floor":37,"gold_loss":0}],"is_beta":false,"boss_relics":[{"not_picked":["Kintsugi","Cursed Key"],"picked":"RobotSpaceExplorer:SearchSpecs"},{"not_picked":["Fusion Hammer","ChewingGum"],"picked":"Black Star"}],"items_purged_floors":[10,21,39],"is_endless":false,"potions_floor_spawned":[3,7,14,16,24,28,35,38,40],"killed_by":"Time Eater","ascension_level":0}}