{"host":"Krakhan","time":1610315893,"event":{"mods":["AchievementEnabler","BaseMod","Colored Map","Colored Powertips","Faster Ascension Climbing","Highlight Path","Minty Spire (QoL Compilation)","Rare Cards Sparkle","Relic Stats","StSLib"],"gold_per_floor":[110,110,35,50,50,50,50,50,50,50,50,60,78,78,78,177,177,192,203,203,203,219,251,251,251,251,271,271,290,190,202,202,298,298,308,358,369,369,369,369,369,244,244,94,113,131,164,164,164,164],"floor_reached":51,"playtime":1792,"items_purged":["Defend_B","Strike_B","Strike_B","Strike_B"],"score":758,"play_id":"e303f8a4-832f-40ec-b24c-d48d346b05ce","local_time":"20210110165813","is_ascension_mode":false,"campfire_choices":[{"data":"Hologram","floor":6.0,"key":"SMITH"},{"data":"Zap","floor":8.0,"key":"SMITH"},{"data":"Dualcast","floor":11.0,"key":"SMITH"},{"data":"Hologram","floor":15.0,"key":"SMITH"},{"floor":24.0,"key":"REST"},{"floor":32,"key":"REST"},{"floor":40,"key":"REST"},{"data":"Defend_B","floor":49,"key":"SMITH"}],"circlet_count":0,"master_deck":["Defend_B+1","Zap+1","Dualcast+1","Hologram+1","Hologram+1","Gash+1"],"relics":["Cracked Core","Regal Pillow","InkBottle","Runic Pyramid","Du-Vu Doll","Pear","Nuclear Battery","Incense Burner","White Beast Statue","DataDisk"],"acts_visited":["Exordium","TheCity","TheBeyond"],"potions_floor_usage":[33,33,37,37,46,46,46,46,50],"damage_taken":[{"damage":11.0,"enemies":"Jaw Worm","floor":1.0,"turns":3.0},{"damage":1.0,"enemies":"Cultist","floor":4.0,"turns":4.0},{"damage":0.0,"enemies":"2 Louse","floor":12.0,"turns":2.0},{"damage":2.0,"enemies":"Blue Slaver","floor":13.0,"turns":3.0},{"damage":36.0,"enemies":"Hexaghost","floor":16.0,"turns":7.0},{"damage":5.0,"enemies":"Chosen","floor":18.0,"turns":4.0},{"damage":15.0,"enemies":"2 Thieves","floor":19.0,"turns":3.0},{"damage":15.0,"enemies":"Snake Plant","floor":22.0,"turns":4.0},{"damage":24.0,"enemies":"Book of Stabbing","floor":23.0,"turns":5.0},{"damage":25.0,"enemies":"3 Cultists","floor":27.0,"turns":5.0},{"damage":16,"enemies":"Shelled Parasite and Fungi","floor":29,"turns":4},{"damage":17,"enemies":"Snake Plant","floor":31,"turns":3},{"damage":45,"enemies":"Automaton","floor":33,"turns":9},{"damage":24,"enemies":"3 Shapes","floor":35,"turns":4},{"damage":18,"enemies":"Mind Bloom Boss Battle","floor":36,"turns":6},{"damage":42,"enemies":"3 Darklings","floor":37,"turns":5},{"damage":18,"enemies":"Sphere and 2 Shapes","floor":45,"turns":5},{"damage":3,"enemies":"Maw","floor":46,"turns":5},{"damage":15,"enemies":"Giant Head","floor":47,"turns":6},{"damage":40,"enemies":"Awakened One","floor":50,"turns":9}],"seed_played":"9032091997126682823","potions_obtained":[{"floor":1.0,"key":"ColorlessPotion"},{"floor":4.0,"key":"Strength Potion"},{"floor":19.0,"key":"EssenceOfSteel"},{"floor":27.0,"key":"Fire Potion"},{"floor":29,"key":"SkillPotion"},{"floor":33,"key":"SkillPotion"},{"floor":35,"key":"EssenceOfSteel"},{"floor":36,"key":"Energy Potion"},{"floor":45,"key":"EntropicBrew"},{"floor":46,"key":"SteroidPotion"},{"floor":47,"key":"Swift Potion"}],"is_trial":false,"path_per_floor":["M","?","$","M","?","R","$","R","T","?","R","M","M","?","R","B",null,"M","M","?","?","M","E","R","?","T","M","?","M","$","M","R","B",null,"M","?","M","?","?","R","?","$","T","$","M","M","E","?","R","B",null],"character_chosen":"DEFECT","items_purchased":[],"campfire_rested":3,"item_purchase_floors":[],"current_hp_per_floor":[64,64,64,63,63,63,63,63,63,63,63,63,61,61,61,25,75,70,55,55,55,40,16,53,53,63,38,66,50,50,33,73,28,85,61,43,1,1,1,40,40,40,40,40,22,19,4,71,71,31],"gold":164,"neow_bonus":"RANDOM_COMMON_RELIC","is_daily":false,"chose_seed":false,"campfire_upgraded":5,"win_rate":0.0,"timestamp":1610315893,"path_taken":["M","?","?","M","?","R","?","R","T","?","R","?","M","?","R","BOSS","M","M","?","?","?","E","R","?","T","M","?","M","$","M","R","BOSS","M","?","M","?","?","R","?","$","T","$","M","?","E","?","R","BOSS"],"items_purchased_type":[],"build_version":"2020-12-18","purchased_purges":4,"victory":true,"max_hp_per_floor":[75,75,75,75,75,75,75,75,75,75,75,75,75,75,75,75,75,75,75,75,75,75,75,75,75,85,85,85,85,85,85,85,85,85,85,85,85,81,81,81,81,81,81,81,81,81,81,71,71,71],"relic_stats":{"Regal Pillow":45,"counters":[20,96],"obtain_stats":[{"Du-Vu Doll":23,"Regal Pillow":0,"DataDisk":47,"Pear":26,"Incense Burner":36,"Cracked Core":0,"InkBottle":9,"White Beast Statue":43,"Runic Pyramid":17,"Nuclear Battery":34},{"Du-Vu Doll":9,"Regal Pillow":0,"DataDisk":19,"Pear":9,"Incense Burner":15,"Cracked Core":0,"InkBottle":2,"White Beast Statue":16,"Runic Pyramid":5,"Nuclear Battery":13},{"Du-Vu Doll":35,"Regal Pillow":0,"DataDisk":87,"Pear":35,"Incense Burner":66,"Cracked Core":0,"InkBottle":7,"White Beast Statue":71,"Runic Pyramid":19,"Nuclear Battery":56}],"InkBottle":[48]},"card_choices":[{"not_picked":["White Noise","Leap","Sunder"],"picked":"SKIP","floor":1.0},{"not_picked":["Ball Lightning","Redo","Hologram"],"picked":"SKIP","floor":4.0},{"not_picked":["Ball Lightning","Redo"],"picked":"Hologram","floor":4.0},{"not_picked":["Double Energy","Amplify","Redo"],"picked":"SKIP","floor":12.0},{"not_picked":["Storm","Redo"],"picked":"Hologram","floor":13.0},{"not_picked":["Turbo+1","Streamline+1"],"picked":"Gash+1","floor":18.0},{"not_picked":["Tempest+1","Turbo+1","Steam"],"picked":"SKIP","floor":19.0},{"not_picked":["Redo","Compile Driver","Sweeping Beam"],"picked":"SKIP","floor":22.0},{"not_picked":["Beam Cell","Tempest","Rebound+1"],"picked":"SKIP","floor":23.0},{"not_picked":["Beam Cell","Tempest","Rebound+1"],"picked":"SKIP","floor":23.0},{"not_picked":["Beam Cell","Tempest","Rebound+1"],"picked":"SKIP","floor":23.0},{"not_picked":["Genetic Algorithm","Hologram","Blizzard+1"],"picked":"SKIP","floor":27.0},{"not_picked":["Scrape","Ball Lightning+1","BootSequence+1"],"picked":"SKIP","floor":29},{"not_picked":["Conserve Battery","Hyperbeam","Ball Lightning+1"],"picked":"SKIP","floor":31},{"not_picked":["Turbo","Tempest","Streamline"],"picked":"SKIP","floor":35},{"not_picked":["Doom and Gloom+1","Cold Snap+1","Fusion"],"picked":"SKIP","floor":37},{"not_picked":["Stack","Coolheaded","Hologram"],"picked":"SKIP","floor":45},{"not_picked":["Barrage+1","White Noise+1","Undo"],"picked":"SKIP","floor":46},{"not_picked":["Loop","Ball Lightning","Beam Cell+1"],"picked":"SKIP","floor":47}],"player_experience":1304780,"relics_obtained":[{"floor":9.0,"key":"InkBottle"},{"floor":23.0,"key":"Du-Vu Doll"},{"floor":26.0,"key":"Pear"},{"floor":36,"key":"Incense Burner"},{"floor":43,"key":"White Beast Statue"},{"floor":47,"key":"DataDisk"}],"event_choices":[{"cards_removed":["Defend_B"],"damage_healed":0.0,"max_hp_gain":0.0,"max_hp_loss":0.0,"gold_gain":0.0,"event_name":"Purifier","player_choice":"Purged","floor":2.0,"gold_loss":0.0,"damage_taken":0.0},{"cards_removed":["Defend_B"],"damage_healed":0.0,"max_hp_gain":0.0,"max_hp_loss":0.0,"gold_gain":0.0,"event_name":"Living Wall","player_choice":"Forget","floor":5.0,"gold_loss":0.0,"damage_taken":0.0},{"damage_healed":0.0,"max_hp_gain":0.0,"max_hp_loss":0.0,"gold_gain":0.0,"event_name":"Scrap Ooze","player_choice":"Fled","floor":10.0,"gold_loss":0.0,"damage_taken":0.0},{"damage_healed":0.0,"max_hp_gain":0.0,"max_hp_loss":0.0,"gold_gain":0.0,"event_name":"Shining Light","player_choice":"Ignored","floor":14.0,"gold_loss":0.0,"damage_taken":0.0},{"cards_removed":["Strike_B"],"damage_healed":0.0,"max_hp_gain":0.0,"max_hp_loss":0.0,"gold_gain":0.0,"event_name":"Back to Basics","player_choice":"Elegance","floor":20.0,"gold_loss":0.0,"damage_taken":0.0},{"damage_healed":0.0,"max_hp_gain":0.0,"max_hp_loss":0.0,"gold_gain":0.0,"event_name":"NoteForYourself","player_choice":"Ignored","floor":21.0,"gold_loss":0.0,"damage_taken":0.0},{"damage_healed":0.0,"max_hp_gain":0.0,"max_hp_loss":0.0,"gold_gain":0.0,"event_name":"Vampires","player_choice":"Ignored","floor":25.0,"gold_loss":0.0,"damage_taken":0.0},{"damage_healed":28,"gold_gain":0,"player_choice":"Heal","damage_taken":0,"max_hp_gain":0,"max_hp_loss":0,"event_name":"The Library","floor":28,"gold_loss":0},{"damage_healed":0,"gold_gain":0,"player_choice":"Fight","damage_taken":0,"max_hp_gain":0,"max_hp_loss":0,"event_name":"MindBloom","floor":36,"gold_loss":0},{"damage_healed":0,"gold_gain":0,"player_choice":"Max HP","damage_taken":0,"max_hp_gain":0,"max_hp_loss":4,"event_name":"Winding Halls","floor":38,"gold_loss":0},{"damage_healed":0,"gold_gain":0,"player_choice":"Ignored","damage_taken":0,"max_hp_gain":0,"max_hp_loss":0,"event_name":"Mysterious Sphere","floor":39,"gold_loss":0},{"damage_healed":0,"gold_gain":0,"player_choice":"Memory 1","damage_taken":0,"max_hp_gain":0,"max_hp_loss":0,"event_name":"SensoryStone","floor":41,"gold_loss":0},{"damage_healed":71,"gold_gain":0,"player_choice":"Heal","damage_taken":0,"max_hp_gain":0,"max_hp_loss":10,"event_name":"The Moai Head","floor":48,"gold_loss":0}],"is_beta":true,"boss_relics":[{"not_picked":["Velvet Choker","SlaversCollar"],"picked":"Runic Pyramid"},{"not_picked":["Busted Crown","Cursed Key"],"picked":"Nuclear Battery"}],"items_purged_floors":[3,30,42,44],"is_endless":false,"potions_floor_spawned":[1,4,19,27,29,33,35,36,45,46,47],"ascension_level":0}}