{"host":"3ikutf0nfngyhvfs","time":1610252198,"event":{"mods":["AchievementEnabler","BaseMod","Downfall","Duelist Mod","Hermit","Minty Spire (QoL Compilation)","Shop Mod","StSLib","The Bug Knight","The Construct","The Cursed","The Disciple","The Hierophant","The Necromancer","The Poker Player","The Runesmith"],"gold_per_floor":[112,112,187,137,153,180,180,220,246,286,286,295,67,76,76,215,215,240,274,296,296,315,315,335,373,373,373,418,427,471,494,494,494,494],"floor_reached":33,"playtime":4370,"items_purged":["Injury"],"score":351,"play_id":"fbbaa508-97f9-46c9-b1a3-42afe79d7dc8","local_time":"20210109221638","is_ascension_mode":false,"campfire_choices":[{"data":"Runesmith:HammerAndChisel","floor":7,"key":"SMITH"},{"data":"Runesmith:BackupBattery","floor":11,"key":"SMITH"},{"data":"Runesmith:BackupBattery+1","floor":15,"key":"SMITH"},{"data":"Runesmith:BackupBattery+2","floor":23,"key":"SMITH"},{"data":"Runesmith:BackupBattery+3","floor":27,"key":"SMITH"},{"floor":32,"key":"RECALL"}],"circlet_count":0,"master_deck":["Runesmith:Strike_RS","Runesmith:Strike_RS","Runesmith:Strike_RS","Runesmith:Strike_RS","Runesmith:Defend_RS","Runesmith:Defend_RS","Runesmith:Defend_RS","Runesmith:CraftFirestone","Runesmith:Fortify","Runesmith:Terraform","Runesmith:BackupBattery+4","Runesmith:HammerAndChisel+1","Runesmith:CraftMagma","Runesmith:NegativeSpace","expansioncontent:CaCaw","Runesmith:CraftMedicinae","Runesmith:CraftIncendium","Runesmith:NanitesCloud+1","Runesmith:Repurpose+1","Runesmith:Augment","Runesmith:ElementalConversion+1","Runesmith:LightningRod","Ghostly","Ghostly","Ghostly","Ghostly","Ghostly","Necronomicurse","Runesmith:CraftSpiculum","Runesmith:StaticCage"],"relics":["Runesmith:BrokenRuby","Centennial Puzzle","CeramicFish","Ancient Tea Set","Bloody Idol","Art of War","Sozu","Lantern","Question Card","Necronomicon","Anchor"],"acts_visited":["Exordium","TheCity"],"potions_floor_usage":[8,10],"damage_taken":[{"damage":4,"enemies":"Jaw Worm","floor":1,"turns":4},{"damage":1,"enemies":"Small Slimes","floor":5,"turns":4},{"damage":36,"enemies":"Gremlin Nob","floor":6,"turns":5},{"damage":0,"enemies":"HollowMod:MossKnight","floor":8,"turns":5},{"damage":2,"enemies":"Lagavulin","floor":10,"turns":6},{"damage":14,"enemies":"Slime Boss","floor":16,"turns":9},{"damage":1,"enemies":"Shell Parasite","floor":18,"turns":5},{"damage":15,"enemies":"3 Cultists","floor":19,"turns":5},{"damage":4,"enemies":"Chosen and Byrds","floor":20,"turns":4},{"damage":3,"enemies":"Shelled Parasite and Fungi","floor":22,"turns":6},{"damage":48,"enemies":"Sentry and Sphere","floor":24,"turns":8},{"damage":2,"enemies":"theDuelist:KaibaA2","floor":25,"turns":7},{"damage":34,"enemies":"Slavers","floor":30,"turns":8},{"damage":6,"enemies":"Centurion and Healer","floor":31,"turns":7},{"damage":105,"enemies":"Automaton","floor":33,"turns":12}],"seed_played":"6283397721931954800","potions_obtained":[{"floor":6,"key":"ColorlessPotion"},{"floor":8,"key":"Swift Potion"},{"floor":16,"key":"FairyPotion"}],"is_trial":false,"path_per_floor":["M","?","?","?","M","E","R","E","T","E","R","?","$","?","R","B",null,"M","M","M","?","M","R","M","E","T","R","?","?","E","M","R","B"],"character_chosen":"RUNESMITH_CLASS","items_purchased":["Art of War"],"campfire_rested":0,"item_purchase_floors":[13],"current_hp_per_floor":[73,78,67,67,66,30,30,30,30,28,28,28,28,28,28,14,82,82,68,66,66,73,73,38,55,55,55,41,30,12,19,19,0,0],"gold":494,"neow_bonus":"TEN_PERCENT_HP_BONUS","is_daily":false,"chose_seed":false,"campfire_upgraded":5,"win_rate":0.0,"timestamp":1610252198,"path_taken":["M","?","?","?","M","E","R","E","T","E","R","?","$","?","R","BOSS","M","?","M","?","M","R","M","E","T","R","?","?","E","M","R","BOSS"],"items_purchased_type":["Relic"],"build_version":"2020-12-22","purchased_purges":1,"victory":false,"max_hp_per_floor":[77,82,82,82,82,82,82,82,82,82,82,82,82,82,82,82,82,82,82,82,82,82,82,82,82,82,82,41,41,41,41,41,41,41],"card_choices":[{"not_picked":["Runesmith:RuneHurl","Runesmith:EnergizedChisel"],"picked":"Runesmith:Terraform","floor":1},{"not_picked":["Runesmith:WhiteBalance","Runesmith:UnstableHammer"],"picked":"Runesmith:BackupBattery","floor":5},{"not_picked":["Runesmith:CraftProtectio","Runesmith:CraftVitae"],"picked":"Runesmith:HammerAndChisel","floor":6},{"not_picked":["Runesmith:RuneHurl","Runesmith:Overpower"],"picked":"Runesmith:CraftMagma","floor":8},{"not_picked":["Runesmith:Firewall","Runesmith:Accelerate"],"picked":"Runesmith:NegativeSpace","floor":10},{"not_picked":["Runesmith:DuctTape","Runesmith:CraftPrismatica"],"picked":"Runesmith:CraftMedicinae","floor":16},{"not_picked":["Runesmith:ShiftingStrike+1","Runesmith:HeatExchange"],"picked":"Runesmith:CraftIncendium","floor":18},{"not_picked":["Runesmith:Malloc","Runesmith:DoubleUp"],"picked":"Runesmith:NanitesCloud+1","floor":19},{"not_picked":["Runesmith:FrozenChisel","Runesmith:HeatExchange"],"picked":"Runesmith:Repurpose+1","floor":20},{"not_picked":["Runesmith:HeatedChisel+1","Runesmith:CraftMagma"],"picked":"Runesmith:Augment","floor":22},{"not_picked":["Runesmith:UnstableHammer","Runesmith:MakeshiftArmor"],"picked":"Runesmith:ElementalConversion+1","floor":24},{"not_picked":["Runesmith:EnergizedChisel+1","Runesmith:HeatedChisel+1"],"picked":"Runesmith:LightningRod","floor":25},{"not_picked":["Runesmith:HammerAndChisel","Runesmith:Electrocute","Runesmith:Retool"],"picked":"Runesmith:CraftSpiculum","floor":30},{"not_picked":["Runesmith:Overpower","Runesmith:ShiftingStrike","Runesmith:HeatedChisel"],"picked":"Runesmith:StaticCage","floor":31}],"player_experience":449595,"relics_obtained":[{"floor":6,"key":"Centennial Puzzle"},{"floor":8,"key":"CeramicFish"},{"floor":10,"key":"Ancient Tea Set"},{"floor":25,"key":"Lantern"},{"floor":26,"key":"Question Card"},{"floor":29,"key":"Necronomicon"},{"floor":30,"key":"Anchor"}],"event_choices":[{"damage_healed":0,"gold_gain":0,"player_choice":"Donut","damage_taken":0,"max_hp_gain":5,"max_hp_loss":0,"event_name":"Big Fish","floor":2,"gold_loss":0},{"damage_healed":0,"gold_gain":75,"player_choice":"Gather Gold","damage_taken":11,"max_hp_gain":0,"max_hp_loss":0,"event_name":"World of Goop","floor":3,"gold_loss":0},{"cards_removed":["Runesmith:Defend_RS"],"damage_healed":0,"gold_gain":0,"player_choice":"Card Removal","damage_taken":0,"max_hp_gain":0,"max_hp_loss":0,"event_name":"The Cleric","floor":4,"gold_loss":50},{"damage_healed":0,"gold_gain":0,"player_choice":"Take Wound","damage_taken":0,"relics_obtained":["Golden Idol"],"max_hp_gain":0,"max_hp_loss":0,"event_name":"Golden Idol","floor":12,"gold_loss":0,"cards_obtained":["Injury"]},{"damage_healed":0,"gold_gain":0,"player_choice":"1 cards matched","damage_taken":0,"max_hp_gain":0,"max_hp_loss":0,"event_name":"Match and Keep!","floor":14,"gold_loss":0,"cards_obtained":["expansioncontent:CaCaw"]},{"damage_healed":0,"gold_gain":0,"player_choice":"Gave Idol","damage_taken":0,"relics_obtained":["Bloody Idol"],"max_hp_gain":0,"max_hp_loss":0,"event_name":"Forgotten Altar","floor":21,"relics_lost":["Golden Idol"],"gold_loss":0},{"damage_healed":0,"gold_gain":0,"player_choice":"Became a Ghost","damage_taken":0,"max_hp_gain":0,"max_hp_loss":41,"event_name":"Ghosts","floor":28,"gold_loss":0,"cards_obtained":["Ghostly","Ghostly","Ghostly","Ghostly","Ghostly"]},{"damage_healed":0,"gold_gain":0,"player_choice":"Obtained Book","damage_taken":16,"max_hp_gain":0,"max_hp_loss":0,"event_name":"Cursed Tome","floor":29,"gold_loss":0}],"is_beta":false,"boss_relics":[{"not_picked":["Calling Bell","construct:ClawGrip"],"picked":"Sozu"}],"items_purged_floors":[13],"is_endless":false,"potions_floor_spawned":[6,8,16,20,22,25,30],"killed_by":"Automaton","ascension_level":0}}