{"host":"5x08nt64u3vxxcfi","time":1610273703,"event":{"mods":["BaseMod","Minty Spire (QoL Compilation)","StSLib","SuperFastMode"],"gold_per_floor":[110,110,126,126,21,46,65,65,133,161,161,161,336,82,82,181,181,197,197,45,58,45,45,45,45],"floor_reached":24,"playtime":481,"items_purged":["Doubt","Strike_G"],"score":320,"play_id":"69e36d1d-cea3-42d6-918e-29890672be7b","local_time":"20210110191503","is_ascension_mode":true,"campfire_choices":[{"data":"Noxious Fumes","floor":8.0,"key":"SMITH"},{"data":"Catalyst","floor":11.0,"key":"SMITH"},{"floor":15.0,"key":"REST"},{"data":"Burst","floor":23,"key":"SMITH"}],"circlet_count":0,"master_deck":["AscendersBane","Strike_G","Strike_G","Defend_G+1","Defend_G","Defend_G","Defend_G","Defend_G","Survivor","Neutralize","Corpse Explosion","Deadly Poison","Deflect","Noxious Fumes+1","Deadly Poison+1","Adrenaline","Dagger Throw","Catalyst+1","Footwork","Prepared","Burst+1","Bane+1","Poisoned Stab","Leg Sweep","Backflip"],"relics":["Ring of the Snake","Potion Belt","Blue Candle","Juzu Bracelet","Membership Card","SacredBark","Strange Spoon"],"acts_visited":["Exordium","TheCity"],"potions_floor_usage":[],"damage_taken":[{"damage":8.0,"enemies":"Small Slimes","floor":1.0,"turns":5.0},{"damage":11.0,"enemies":"Jaw Worm","floor":3.0,"turns":5.0},{"damage":13.0,"enemies":"3 Sentries","floor":6.0,"turns":4.0},{"damage":0.0,"enemies":"2 Louse","floor":7.0,"turns":2.0},{"damage":12.0,"enemies":"Gremlin Nob","floor":10.0,"turns":4.0},{"damage":7.0,"enemies":"Hexaghost","floor":16.0,"turns":6.0},{"damage":7,"enemies":"Spheric Guardian","floor":18,"turns":3},{"damage":33,"enemies":"2 Thieves","floor":21,"turns":3},{"damage":36,"enemies":"Chosen and Byrds","floor":24,"turns":5}],"seed_played":"3903286133036403270","potions_obtained":[{"floor":1.0,"key":"Ancient Potion"},{"floor":10.0,"key":"Regen Potion"},{"floor":18,"key":"DuplicationPotion"}],"is_trial":false,"path_per_floor":["M","?","M","?","$","E","M","R","T","E","R","?","?","$","R","B",null,"M","?","$","M","$","R","M"],"character_chosen":"THE_SILENT","items_purchased":["Noxious Fumes","Deadly Poison","Membership Card","Footwork","Prepared","Strange Spoon","Poisoned Stab","Backflip"],"campfire_rested":1,"item_purchase_floors":[5,5,14,14,14,20,20,22],"current_hp_per_floor":[37,30,19,42,42,29,29,29,29,17,17,3,3,3,24,32,61,54,54,54,21,21,21,0,0],"gold":45,"neow_bonus":"THREE_RARE_CARDS","is_daily":false,"chose_seed":false,"campfire_upgraded":3,"win_rate":0.0,"timestamp":1610273703,"path_taken":["M","?","M","?","$","E","M","R","T","E","R","?","?","$","R","BOSS","M","?","$","M","$","R","M"],"items_purchased_type":["Card","Card","Relic","Card","Card","Relic","Card","Card"],"build_version":"2020-12-22","purchased_purges":2,"victory":false,"max_hp_per_floor":[70,70,70,70,70,70,70,70,70,70,70,70,70,70,70,70,70,70,70,70,70,70,70,70,70],"card_choices":[{"not_picked":["Burst","Unload"],"picked":"Corpse Explosion","floor":0.0},{"not_picked":["Reflex","Prepared"],"picked":"Deadly Poison","floor":1.0},{"not_picked":["Prepared","Well Laid Plans"],"picked":"Deflect","floor":3.0},{"not_picked":["Malaise","Quick Slash"],"picked":"Adrenaline","floor":6.0},{"not_picked":["Dodge and Roll","Backflip"],"picked":"Dagger Throw","floor":7.0},{"not_picked":["Backflip","Masterful Stab"],"picked":"Catalyst","floor":10.0},{"not_picked":["Phantasmal Killer","After Image"],"picked":"Burst","floor":16.0},{"not_picked":["Flying Knee","Cloak And Dagger"],"picked":"Bane+1","floor":18},{"not_picked":["Reflex","Backflip"],"picked":"Leg Sweep","floor":21}],"player_experience":89255,"relics_obtained":[{"floor":6.0,"key":"Potion Belt"},{"floor":9.0,"key":"Blue Candle"},{"floor":10.0,"key":"Juzu Bracelet"}],"event_choices":[{"cards_removed":["Strike_G"],"damage_healed":0.0,"max_hp_gain":0.0,"max_hp_loss":0.0,"gold_gain":0.0,"event_name":"Golden Wing","player_choice":"Card Removal","floor":2.0,"gold_loss":0.0,"damage_taken":7.0},{"damage_healed":23.0,"max_hp_gain":0.0,"max_hp_loss":0.0,"gold_gain":0.0,"event_name":"Big Fish","player_choice":"Banana","floor":4.0,"gold_loss":0.0,"damage_taken":0.0},{"damage_healed":0.0,"max_hp_gain":0.0,"max_hp_loss":0.0,"gold_gain":0.0,"event_name":"Shining Light","player_choice":"Entered Light","floor":12.0,"gold_loss":0.0,"damage_taken":14.0,"cards_upgraded":["Defend_G","Deadly Poison"]},{"damage_healed":0.0,"max_hp_gain":0.0,"max_hp_loss":0.0,"gold_gain":175.0,"event_name":"Liars Game","player_choice":"AGREE","floor":13.0,"gold_loss":0.0,"damage_taken":0.0,"cards_obtained":["Doubt"]},{"cards_removed":["Strike_G"],"damage_healed":0,"gold_gain":0,"player_choice":"Elegance","damage_taken":0,"max_hp_gain":0,"max_hp_loss":0,"event_name":"Back to Basics","floor":19,"gold_loss":0}],"is_beta":false,"boss_relics":[{"not_picked":["Velvet Choker","Pandora\u0027s Box"],"picked":"SacredBark"}],"items_purged_floors":[14,20],"is_endless":false,"potions_floor_spawned":[1,10,18],"killed_by":"Chosen and Byrds","ascension_level":12}}