{"host":"bm1qfstn98p1odmu","time":1610320624,"event":{"mods":["AchievementEnabler","BaseMod","Bestiary","Block Reminder","Colored Map","Colored Powertips","DeckTracker","Highlight Path","Minty Spire (QoL Compilation)","Relic Stats","Replay The Spire","StSLib"],"gold_per_floor":[219,169,114,128,188,188,188,204,231,283,298,298,331,344,344,442,442,458,458,468,468,468,497,497,508,508,508,518,551,551,551,551,551,551],"floor_reached":33,"playtime":2656,"items_purged":[],"score":308,"play_id":"c15317db-ad70-4f98-823a-e3096847b45b","local_time":"20210111011704","is_ascension_mode":false,"campfire_choices":[{"floor":6,"key":"REST"},{"data":"Mirror Shield","floor":27,"key":"SMITH"},{"data":"ReplayRNGCard","floor":30,"key":"SMITH"},{"data":"White Noise","floor":32,"key":"SMITH"}],"circlet_count":0,"master_deck":["Strike_B+1","Strike_B+1","Defend_B","Zap","Dualcast","White Noise+1","Barrage","Conserve Battery","Melter","Pot Of Greed","Pot Of Greed","Coolheaded","Fusion+1","Barrage+1","Mirror Shield+1","Glacier+1","Storm+1","Meteor Strike+1","Cold Snap+1","Ball Lightning+1","Writhe","Time Bomb","BasicCrystalCard+1","Pot Of Greed","ReplayRNGCard+1"],"relics":["Replay:Wanted Poster","Simple Rune","Smiling Mask","Grinning Jar","Bag of Marbles","Molten Egg 2","Replay:Grab Bag","Sozu","Coffee Dripper","Astrolabe","Omamori","Nunchaku","Centennial Puzzle","Replay:Antivirus Software","Happy Flower","Quantum Egg"],"acts_visited":["Exordium","TheCity"],"potions_floor_usage":[29,29],"damage_taken":[{"damage":12,"enemies":"Jaw Worm","floor":1,"turns":4},{"damage":2,"enemies":"Small Slimes","floor":4,"turns":3},{"damage":0,"enemies":"Cultist","floor":8,"turns":3},{"damage":0,"enemies":"Blue Slaver","floor":11,"turns":3},{"damage":4,"enemies":"Replay:BlueRogue","floor":13,"turns":7},{"damage":8,"enemies":"2 Fungi Beasts","floor":14,"turns":3},{"damage":51,"enemies":"Slime Boss","floor":16,"turns":10},{"damage":1,"enemies":"3 Byrds","floor":18,"turns":4},{"damage":0,"enemies":"Shell Parasite","floor":20,"turns":4},{"damage":27,"enemies":"Slavers","floor":23,"turns":5},{"damage":3,"enemies":"Chosen and Byrds","floor":25,"turns":3},{"damage":7,"enemies":"Snake Plant","floor":28,"turns":4},{"damage":21,"enemies":"Book of Stabbing","floor":29,"turns":4},{"damage":46,"enemies":"Champ","floor":33,"turns":10}],"seed_played":"6481910453431527107","potions_obtained":[{"floor":5,"key":"FairyPotion"},{"floor":5,"key":"LiquidMemories"},{"floor":8,"key":"Dexterity Potion"},{"floor":11,"key":"BlessingOfTheForge"}],"is_trial":false,"path_per_floor":["M","?","?","M","?","R","?","M","T","T","M","?","E","M","R_BF","B",null,"M","?","M","?","T","E","?","M","T","R","M","E","R","T","R","B"],"character_chosen":"DEFECT","items_purchased":[],"campfire_rested":1,"item_purchase_floors":[],"current_hp_per_floor":[63,63,63,61,31,53,53,53,53,53,53,53,49,41,63,12,75,74,74,74,74,74,47,47,44,44,44,37,16,16,16,16,0,0],"gold":551,"neow_bonus":"BOSS_RELIC","is_daily":false,"chose_seed":false,"campfire_upgraded":3,"win_rate":0.0,"timestamp":1610320624,"path_taken":["M","?","?","?","?","R","?","M","T","?","?","?","E","M","R_BF","BOSS","M","?","?","?","?","E","?","?","T","R","M","E","R","?","R","BOSS"],"items_purchased_type":[],"build_version":"2020-12-22","purchased_purges":0,"victory":false,"max_hp_per_floor":[75,75,75,75,75,75,75,75,75,75,75,75,75,75,75,75,75,75,75,75,75,75,75,75,75,75,75,75,75,75,75,75,75,75],"relic_stats":{"Sozu":3,"Nunchaku":[4],"Centennial Puzzle":[12],"Happy Flower":[3],"counters":[14,67],"Astrolabe":["Glacier","Storm","Meteor Strike"],"Smiling Mask":0,"obtain_stats":[{"Happy Flower":29,"Replay:Grab Bag":17,"Astrolabe":17,"Quantum Egg":31,"Omamori":21,"Smiling Mask":5,"Replay:Wanted Poster":0,"Sozu":17,"Nunchaku":22,"Centennial Puzzle":23,"Simple Rune":3,"Molten Egg 2":13,"Bag of Marbles":10,"Coffee Dripper":17,"Grinning Jar":9,"Replay:Antivirus Software":26,"Cracked Core":0},{"Happy Flower":13,"Replay:Grab Bag":7,"Astrolabe":7,"Quantum Egg":13,"Omamori":9,"Smiling Mask":2,"Replay:Wanted Poster":0,"Sozu":7,"Nunchaku":9,"Centennial Puzzle":10,"Simple Rune":1,"Molten Egg 2":5,"Bag of Marbles":3,"Coffee Dripper":7,"Grinning Jar":3,"Replay:Antivirus Software":11,"Cracked Core":0},{"Happy Flower":57,"Replay:Grab Bag":33,"Astrolabe":33,"Quantum Egg":57,"Omamori":41,"Smiling Mask":7,"Replay:Wanted Poster":0,"Sozu":33,"Nunchaku":41,"Centennial Puzzle":46,"Simple Rune":4,"Molten Egg 2":20,"Bag of Marbles":10,"Coffee Dripper":33,"Grinning Jar":10,"Replay:Antivirus Software":49,"Cracked Core":0}]},"card_choices":[{"not_picked":["Rebound","BasicCrystalCard"],"picked":"White Noise","floor":1},{"not_picked":["Go for the Eyes","Melter"],"picked":"Barrage","floor":4},{"not_picked":["Melter","Streamline"],"picked":"Conserve Battery","floor":5},{"not_picked":["Hologram","Panic Button"],"picked":"Melter","floor":8},{"not_picked":["BasicCrystalCard","Heatsinks"],"picked":"Coolheaded","floor":11},{"not_picked":["Beam Cell+1","Thunder Strike+1"],"picked":"Fusion","floor":13},{"not_picked":["Hello World","Rip and Tear+1"],"picked":"Barrage+1","floor":14},{"not_picked":["All For One+1","Biased Cognition"],"picked":"Mirror Shield","floor":16},{"not_picked":["ReplaySolidLightProjector","Redo"],"picked":"Cold Snap+1","floor":18},{"not_picked":["Stack","Conserve Battery+1"],"picked":"Ball Lightning+1","floor":20},{"not_picked":["ReplayTheSpireMod:Calculation Training+1","Streamline+1"],"picked":"Time Bomb","floor":23},{"not_picked":["Coolheaded","FTL+1"],"picked":"BasicCrystalCard+1","floor":25},{"not_picked":["Leap","Turbo+1","ReplayTheSpireMod:GoodbyeWorld"],"picked":"SKIP","floor":28},{"not_picked":["Barrage+1","BasicCrystalCard"],"picked":"ReplayRNGCard","floor":29}],"player_experience":43590,"relics_obtained":[{"floor":5,"key":"Smiling Mask"},{"floor":9,"key":"Grinning Jar"},{"floor":10,"key":"Bag of Marbles"},{"floor":13,"key":"Molten Egg 2"},{"floor":22,"key":"Nunchaku"},{"floor":23,"key":"Centennial Puzzle"},{"floor":26,"key":"Replay:Antivirus Software"},{"floor":29,"key":"Happy Flower"},{"floor":31,"key":"Quantum Egg"}],"event_choices":[{"cards_removed":["Strike_B"],"damage_healed":0,"gold_gain":0,"player_choice":"Card Removal","damage_taken":0,"max_hp_gain":0,"max_hp_loss":0,"event_name":"The Cleric","floor":2,"gold_loss":50},{"damage_healed":0,"gold_gain":0,"player_choice":"Paid Gold","damage_taken":0,"relics_obtained":["Simple Rune"],"max_hp_gain":0,"max_hp_loss":0,"event_name":"WeMeetAgain","floor":3,"gold_loss":55},{"cards_removed":["Defend_B"],"damage_healed":0,"gold_gain":0,"player_choice":"Forget","damage_taken":0,"max_hp_gain":0,"max_hp_loss":0,"event_name":"Living Wall","floor":7,"gold_loss":0},{"damage_healed":0,"gold_gain":0,"player_choice":"Ignored","damage_taken":0,"max_hp_gain":0,"max_hp_loss":0,"event_name":"NoteForYourself","floor":19,"gold_loss":0},{"damage_healed":0,"gold_gain":0,"player_choice":"Opened","damage_taken":0,"relics_obtained":["Omamori"],"max_hp_gain":0,"max_hp_loss":0,"event_name":"The Mausoleum","floor":21,"gold_loss":0,"cards_obtained":["Writhe"]},{"damage_healed":0,"gold_gain":0,"player_choice":"Ignored","damage_taken":0,"max_hp_gain":0,"max_hp_loss":0,"event_name":"Vampires","floor":24,"gold_loss":0}],"is_beta":false,"boss_relics":[{"not_picked":["Philosopher\u0027s Stone","Calling Bell"],"picked":"Replay:Grab Bag"},{"not_picked":["Runic Dome","Busted Crown"],"picked":"Sozu"},{"not_picked":["ReplayTheSpireMod:DimensionalGlitch","Velvet Choker"],"picked":"Coffee Dripper"},{"not_picked":["Ring of Chaos","Snecko Eye"],"picked":"Astrolabe"}],"items_purged_floors":[],"is_endless":false,"potions_floor_spawned":[8,11,13,14,18,28,29],"killed_by":"Champ","ascension_level":0}}