{"host":"0vlubjftylzdr3ny","time":1610238626,"event":{"mods":["Always Whale","BaseMod","GifTheSpireLib","Minty Spire (QoL Compilation)","Relic Filter","StSLib","Stuff the Spire"],"gold_per_floor":[109,109,125,125,50,50,68,97,97,108,120,120,130,158,158,258,258,239,250,150,164,164,164,164,197,220,95,95,95,174,193,193,292,292,310,57,76,126,126,126,160,160,160,160,173,198,215,246,246,246],"floor_reached":51,"playtime":2820,"items_purged":["Searing Blow","Strike_R","Defend_R"],"score":838,"play_id":"0e7d0e6c-076f-4b1a-b768-63c125f42f92","local_time":"20210110013026","is_ascension_mode":false,"campfire_choices":[{"data":"Iron Wave","floor":6,"key":"SMITH"},{"data":"True Grit","floor":12,"key":"SMITH"},{"data":"Flame Barrier","floor":15,"key":"SMITH"},{"data":"Iron Wave","floor":23,"key":"SMITH"},{"data":"Shrug It Off","floor":29,"key":"SMITH"},{"data":"Battle Trance","floor":32,"key":"SMITH"},{"data":"Limit Break","floor":40,"key":"SMITH"},{"data":"Bash","floor":42,"key":"SMITH"},{"floor":49,"key":"REST"}],"circlet_count":0,"master_deck":["Strike_R","Defend_R","Bash+1","Flame Barrier+1","Iron Wave+1","Iron Wave+1","True Grit+1","Battle Trance+1","Twin Strike+1","Limit Break+1","Metallicize+1","Evolve+1","Shrug It Off+1","Feed","Power Through+1","Sword Boomerang+1","Madness","Madness","Sword Boomerang+1"],"relics":["Burning Blood","Shuriken","StuffTheSpire:Mouthbags","Kunai","StuffTheSpire:Tea","Mark of Pain","Matryoshka","Gremlin Horn","Bag of Preparation","Vajra","Omamori","HornCleat","Empty Cage","Mummified Hand","Champion Belt","Regal Pillow","Mercury Hourglass","Happy Flower","Art of War"],"acts_visited":["Exordium","TheCity","TheBeyond"],"potions_floor_usage":[11,16,46,50],"damage_taken":[{"damage":1,"enemies":"Cultist","floor":1,"turns":3},{"damage":2,"enemies":"Small Slimes","floor":3,"turns":5},{"damage":0,"enemies":"Jaw Worm","floor":7,"turns":5},{"damage":14,"enemies":"Gremlin Nob","floor":8,"turns":5},{"damage":4,"enemies":"Exordium Wildlife","floor":10,"turns":5},{"damage":2,"enemies":"3 Louse","floor":11,"turns":5},{"damage":0,"enemies":"Looter","floor":13,"turns":3},{"damage":12,"enemies":"3 Sentries","floor":14,"turns":8},{"damage":21,"enemies":"Slime Boss","floor":16,"turns":10},{"damage":5,"enemies":"2 Thieves","floor":18,"turns":4},{"damage":0,"enemies":"3 Byrds","floor":19,"turns":2},{"damage":4,"enemies":"Shelled Parasite and Fungi","floor":21,"turns":6},{"damage":0,"enemies":"Book of Stabbing","floor":25,"turns":5},{"damage":4,"enemies":"Snake Plant","floor":31,"turns":4},{"damage":2,"enemies":"Champ","floor":33,"turns":9},{"damage":0,"enemies":"3 Shapes","floor":35,"turns":4},{"damage":0,"enemies":"Orb Walker","floor":37,"turns":3},{"damage":0,"enemies":"Mind Bloom Boss Battle","floor":38,"turns":6},{"damage":5,"enemies":"Giant Head","floor":41,"turns":7},{"damage":12,"enemies":"3 Darklings","floor":45,"turns":5},{"damage":0,"enemies":"Nemesis","floor":46,"turns":7},{"damage":8,"enemies":"Spire Growth","floor":47,"turns":4},{"damage":9,"enemies":"Reptomancer","floor":48,"turns":4},{"damage":0,"enemies":"Donu and Deca","floor":50,"turns":6}],"seed_played":"3269073115851439145","potions_obtained":[{"floor":8,"key":"Block Potion"},{"floor":10,"key":"SmokeBomb"},{"floor":11,"key":"Swift Potion"},{"floor":21,"key":"Dexterity Potion"},{"floor":37,"key":"ElixirPotion"},{"floor":41,"key":"Block Potion"},{"floor":46,"key":"Weak Potion"}],"is_trial":false,"path_per_floor":["M","T","M","?","$","R","M","E","T","M","M","R","M","E","R","B",null,"M","M","$","M","?","R","?","E","T","$","?","R","T","M","R","B",null,"M","$","M","?","?","R","E","R","T","?","M","E","M","E","R","B",null],"character_chosen":"IRONCLAD","items_purchased":["Mummified Hand"],"campfire_rested":1,"item_purchase_floors":[36],"current_hp_per_floor":[80,80,80,80,80,80,80,72,72,74,78,78,80,74,74,59,80,80,80,80,80,80,80,80,80,80,80,80,80,80,80,80,80,80,83,83,83,83,73,73,74,74,74,74,68,74,72,69,83,83],"gold":246,"neow_bonus":"REMOVE_CARD","is_daily":false,"chose_seed":false,"campfire_upgraded":8,"win_rate":0.0,"timestamp":1610238626,"path_taken":["M","?","M","?","$","R","M","E","T","M","M","R","M","E","R","BOSS","M","M","$","M","?","R","?","E","T","$","?","R","?","M","R","BOSS","M","$","M","?","?","R","E","R","T","?","M","E","M","E","R","BOSS"],"items_purchased_type":["Relic"],"build_version":"2020-12-22","purchased_purges":3,"victory":true,"max_hp_per_floor":[80,80,80,80,80,80,80,80,80,80,80,80,80,80,80,80,80,80,80,80,80,80,80,80,80,80,80,80,80,80,80,80,80,80,83,83,83,83,83,83,83,83,83,83,83,83,83,83,83,83],"card_choices":[{"not_picked":["True Grit","Iron Wave"],"picked":"Flame Barrier","floor":1},{"not_picked":["Havoc","Clothesline"],"picked":"Iron Wave","floor":3},{"not_picked":["StuffTheSpire:BloodClot","Sentinel"],"picked":"Iron Wave","floor":7},{"not_picked":["Searing Blow","Intimidate"],"picked":"True Grit","floor":8},{"not_picked":["Infernal Blade","Perfected Strike"],"picked":"Battle Trance","floor":10},{"not_picked":["Juggernaut","StuffTheSpire:RockThrow"],"picked":"Twin Strike","floor":11},{"not_picked":["Heavy Blade","StuffTheSpire:Incineration","Iron Wave"],"picked":"SKIP","floor":13},{"not_picked":["Seeing Red","Flame Barrier","Cleave"],"picked":"SKIP","floor":14},{"not_picked":["Reaper","Exhume"],"picked":"Limit Break","floor":16},{"not_picked":["Inflame+1","Dual Wield"],"picked":"Metallicize+1","floor":18},{"not_picked":["Combust","Headbutt+1"],"picked":"Evolve+1","floor":19},{"not_picked":["Spot Weakness","Perfected Strike+1","Flex"],"picked":"SKIP","floor":21},{"not_picked":["Seeing Red","StuffTheSpire:Resist"],"picked":"Shrug It Off","floor":25},{"not_picked":["StuffTheSpire:Incineration","Wild Strike","Armaments"],"picked":"SKIP","floor":31},{"not_picked":["Impervious","Brutality"],"picked":"Feed","floor":33},{"not_picked":["Clash+1","True Grit"],"picked":"Power Through+1","floor":35},{"not_picked":["Pummel","Body Slam"],"picked":"Sword Boomerang+1","floor":37},{"not_picked":["Metallicize","StuffTheSpire:Slingshot+1","Headbutt"],"picked":"SKIP","floor":41},{"not_picked":["Spot Weakness","Headbutt+1"],"picked":"Sword Boomerang+1","floor":45},{"not_picked":["Shockwave","Pummel+1","Sever Soul+1"],"picked":"SKIP","floor":46},{"not_picked":["Flame Barrier","Heavy Blade+1","Uppercut"],"picked":"SKIP","floor":47},{"not_picked":["Combust","Sword Boomerang","Twin Strike+1"],"picked":"SKIP","floor":48}],"player_experience":802700,"relics_obtained":[{"floor":2,"key":"Shuriken"},{"floor":8,"key":"StuffTheSpire:Mouthbags"},{"floor":9,"key":"Kunai"},{"floor":14,"key":"StuffTheSpire:Tea"},{"floor":25,"key":"Gremlin Horn"},{"floor":26,"key":"Bag of Preparation"},{"floor":26,"key":"Vajra"},{"floor":30,"key":"Omamori"},{"floor":30,"key":"HornCleat"},{"floor":38,"key":"Champion Belt"},{"floor":41,"key":"Regal Pillow"},{"floor":43,"key":"Mercury Hourglass"},{"floor":46,"key":"Happy Flower"},{"floor":48,"key":"Art of War"}],"event_choices":[{"damage_healed":0,"gold_gain":0,"cards_transformed":["Defend_R"],"player_choice":"Change","damage_taken":0,"max_hp_gain":0,"max_hp_loss":0,"event_name":"Living Wall","floor":4,"gold_loss":0,"cards_obtained":["Searing Blow"]},{"damage_healed":0,"gold_gain":0,"player_choice":"Opened","damage_taken":0,"relics_obtained":["Matryoshka"],"max_hp_gain":0,"max_hp_loss":0,"event_name":"The Mausoleum","floor":22,"gold_loss":0},{"cards_removed":["Strike_R"],"damage_healed":0,"gold_gain":0,"player_choice":"Elegance","damage_taken":0,"max_hp_gain":0,"max_hp_loss":0,"event_name":"Back to Basics","floor":24,"gold_loss":0},{"damage_healed":0,"gold_gain":0,"player_choice":"Ignored","damage_taken":0,"max_hp_gain":0,"max_hp_loss":0,"event_name":"Vampires","floor":28,"gold_loss":0},{"damage_healed":0,"gold_gain":0,"player_choice":"Fight","damage_taken":0,"max_hp_gain":0,"max_hp_loss":0,"event_name":"MindBloom","floor":38,"gold_loss":0},{"damage_healed":0,"gold_gain":0,"player_choice":"Embrace Madness","damage_taken":10,"max_hp_gain":0,"max_hp_loss":0,"event_name":"Winding Halls","floor":39,"gold_loss":0,"cards_obtained":["Madness","Madness"]},{"damage_healed":0,"gold_gain":0,"player_choice":"Forge","damage_taken":0,"max_hp_gain":0,"max_hp_loss":0,"event_name":"Accursed Blacksmith","floor":44,"gold_loss":0,"cards_upgraded":["Twin Strike"]}],"is_beta":false,"boss_relics":[{"not_picked":["Black Star","Astrolabe"],"picked":"Mark of Pain"},{"not_picked":["Fusion Hammer","Philosopher\u0027s Stone"],"picked":"Empty Cage"}],"items_purged_floors":[5,20,27],"is_endless":false,"potions_floor_spawned":[8,10,11,21,37,41,46,47],"ascension_level":0}}