{"host":"627up2rvtmm0cf0r","time":1610285627,"event":{"mods":["ATMod(阿瑾Mod)","Act Like it!","BaseMod","Better Vampires","CapriCore","Card Filter","Card Forge","Colored Powertips","DeckTracker","Dota2Spire","Friendly Minions","Highlight Path","Infinite Spire","Jedi Mod","Marked Mod","Mimic Mod","Minty Spire (QoL Compilation)","MostiFishMod","Permanent Neow","Practice Mode","Quick Restart","Relic Stats","Shop Mod","Spicy Shops","StSLib","SuperFastMode","TestMod","The Marked","【遗物卡牌】REMEMod","残留之物","篝火指南"],"gold_per_floor":[210,230,230,305,317,317,342,353,353,378,388,406,429,463,463,574,574,593,793,808,825,845,873,890,890,928,961,841,867,687,716,596,697,697,715,1115,1115,975,985,49,81,81,81,107,107,107,107,132,132,132,132,132,132,166,196],"floor_reached":56,"playtime":728,"items_purged":["Strike_G","Strike_G","Strike_G","Strike_G","Strike_G","Defend_G"],"score":2332,"play_id":"261d13ac-4298-42ad-b19c-8087b822a36e","local_time":"20210110213347","is_ascension_mode":true,"campfire_choices":[{"data":"MostiFishMod:404NotFound","floor":6,"key":"SMITH"},{"data":"AT_ThistleTea","floor":15,"key":"SMITH"},{"floor":42,"key":"RECALL"}],"circlet_count":0,"master_deck":["Defend_G","Defend_G","Defend_G","Defend_G+1","Survivor","Neutralize","AT_ThistleTea+1","MostiFishMod:404NotFound+1","AT_BodySlamDance"],"relics":["Ring of the Snake","Hammer of Thor","Seething Fire","Anvil of the Gods","DaveBox","testmod-TestBox","AT_ATBox","testmod-ChristmasGift","The Courier","SynthV:TestCard","infinitespire:BottledMercury","Dota2Spire:BattleFury","TungstenRod","CeramicFish","testmod-HeartOfDaVinci","HereWithMe","Singing Bowl","Tingsha","PlaceholderMod:FlatBlood","Orichalcum","Juzu Bracelet","testmod-NegativeEmotionEnhancer","infinitespire:EmpoweringShard","Omamori","infinitespire:Midas Blood","infinitespire:Golems Mask","Anchor","testmod-Hope","jedi:cryingmask","infinitespire:Lucky Rock","Champion Belt"],"acts_visited":["Exordium","TheCity","TheBeyond","TheEnding"],"potions_floor_usage":[35,35,35],"damage_taken":[{"damage":0,"enemies":"Jaw Worm","floor":1,"turns":1},{"damage":0,"enemies":"2 Louse","floor":2,"turns":1},{"damage":0,"enemies":"Cultist","floor":5,"turns":1},{"damage":0,"enemies":"3 Sentries","floor":7,"turns":1},{"damage":0,"enemies":"Blue Slaver","floor":8,"turns":1},{"damage":0,"enemies":"Gremlin Nob","floor":10,"turns":1},{"damage":0,"enemies":"Exordium Thugs","floor":11,"turns":1},{"damage":0,"enemies":"3 Louse","floor":12,"turns":1},{"damage":0,"enemies":"3 Sentries","floor":14,"turns":1},{"damage":0,"enemies":"Slime Boss","floor":16,"turns":1},{"damage":0,"enemies":"Chosen","floor":18,"turns":2},{"damage":0,"enemies":"2 Thieves","floor":20,"turns":2},{"damage":0,"enemies":"Centurion and Healer","floor":21,"turns":1},{"damage":0,"enemies":"Snecko","floor":22,"turns":1},{"damage":0,"enemies":"Book of Stabbing","floor":23,"turns":2},{"damage":0,"enemies":"3 Cultists","floor":24,"turns":2},{"damage":0,"enemies":"Snake Plant","floor":26,"turns":2},{"damage":0,"enemies":"Gremlin Leader","floor":27,"turns":2},{"damage":0,"enemies":"Slavers","floor":29,"turns":1},{"damage":0,"enemies":"Book of Stabbing","floor":31,"turns":1},{"damage":0,"enemies":"Collector","floor":33,"turns":2},{"damage":0,"enemies":"3 Shapes","floor":35,"turns":2},{"damage":0,"enemies":"Orb Walker","floor":39,"turns":1},{"damage":0,"enemies":"Reptomancer","floor":41,"turns":1},{"damage":0,"enemies":"Nemesis","floor":44,"turns":1},{"damage":0,"enemies":"Giant Head","floor":48,"turns":1},{"damage":0,"enemies":"Time Eater","floor":50,"turns":1},{"damage":0,"enemies":"Shield and Spear","floor":54,"turns":1},{"damage":67,"enemies":"The Heart","floor":55,"turns":6}],"seed_played":"-4473259242322280839","potions_obtained":[{"floor":1,"key":"LiquidMemories"},{"floor":10,"key":"Regen Potion"},{"floor":11,"key":"Explosive Potion"},{"floor":23,"key":"testmod-TestPotion"}],"is_trial":false,"path_per_floor":["M","M","?","?","M","R","E","M","T","E","M","M","T","E","R","B",null,"M","?","M","M","M","E","M","?","MIM","E","R","E","R","E","R","B",null,"M","?","?","$","M","R","E","R","T","E","?","?","R","E","R","B",null,"R","$","E","B",null],"character_chosen":"THE_SILENT","items_purchased":["PlaceholderMod:FlatBlood","infinitespire:EmpoweringShard","Omamori","infinitespire:Midas Blood","infinitespire:Golems Mask"],"campfire_rested":0,"item_purchase_floors":[28,40,40,40,40],"current_hp_per_floor":[70,70,70,59,59,59,59,59,59,59,59,59,59,59,59,59,70,70,70,70,70,70,72,74,74,76,78,78,80,80,82,82,84,84,87,87,87,87,90,90,93,93,93,96,96,96,96,99,99,100,100,100,100,103,55],"gold":196,"neow_bonus":"HUNDRED_GOLD","is_daily":false,"chose_seed":false,"campfire_upgraded":2,"win_rate":0.0,"timestamp":1610285627,"path_taken":["M","M","?","?","M","R","E","M","T","E","M","M","?","E","R","BOSS","M","?","M","?","M","E","M","?","MIM","E","R","E","R","E","R","BOSS","M","?","?","$","M","R","E","R","T","E","?","?","R","E","R","BOSS","R","$","E","BOSS"],"items_purchased_type":["Relic","Relic","Relic","Relic","Relic"],"build_version":"2020-12-22","purchased_purges":6,"victory":true,"max_hp_per_floor":[70,70,70,70,70,70,70,70,70,70,70,70,70,70,70,70,70,70,70,70,70,70,72,74,74,76,78,78,80,80,82,82,84,84,87,87,87,87,90,90,93,93,93,96,96,96,96,99,99,100,100,100,100,103,104],"relic_stats":{"Singing Bowl":26,"counters":[29,42],"CeramicFish":18,"Tingsha":[3],"Juzu Bracelet":1,"Champion Belt":[1],"Orichalcum":[18],"obtain_stats":[{"infinitespire:BottledMercury":7,"AT_ATBox":0,"DaveBox":0,"Singing Bowl":23,"CeramicFish":13,"Hammer of Thor":0,"Juzu Bracelet":31,"testmod-NegativeEmotionEnhancer":34,"HereWithMe":17,"infinitespire:Golems Mask":40,"jedi:cryingmask":44,"testmod-ChristmasGift":0,"Ring of the Snake":0,"testmod-TestBox":0,"Tingsha":27,"The Courier":0,"Dota2Spire:BattleFury":9,"Omamori":40,"Seething Fire":0,"infinitespire:Lucky Rock":48,"Orichalcum":29,"Anchor":41,"SynthV:TestCard":1,"Anvil of the Gods":0,"testmod-Hope":43,"infinitespire:EmpoweringShard":40,"Champion Belt":54,"TungstenRod":10,"REME_ComplimentaryCards":0,"testmod-HeartOfDaVinci":14,"PlaceholderMod:FlatBlood":28,"infinitespire:Midas Blood":40},{"infinitespire:BottledMercury":4,"AT_ATBox":0,"DaveBox":0,"Singing Bowl":15,"CeramicFish":8,"Hammer of Thor":0,"Juzu Bracelet":20,"testmod-NegativeEmotionEnhancer":21,"HereWithMe":10,"infinitespire:Golems Mask":23,"jedi:cryingmask":25,"testmod-ChristmasGift":0,"Ring of the Snake":0,"testmod-TestBox":0,"Tingsha":18,"The Courier":0,"Dota2Spire:BattleFury":5,"Omamori":23,"Seething Fire":0,"infinitespire:Lucky Rock":26,"Orichalcum":19,"Anchor":24,"SynthV:TestCard":1,"Anvil of the Gods":0,"testmod-Hope":24,"infinitespire:EmpoweringShard":23,"Champion Belt":28,"TungstenRod":6,"REME_ComplimentaryCards":0,"testmod-HeartOfDaVinci":9,"PlaceholderMod:FlatBlood":18,"infinitespire:Midas Blood":23},{"infinitespire:BottledMercury":4,"AT_ATBox":0,"DaveBox":0,"Singing Bowl":18,"CeramicFish":8,"Hammer of Thor":0,"Juzu Bracelet":26,"testmod-NegativeEmotionEnhancer":28,"HereWithMe":10,"infinitespire:Golems Mask":31,"jedi:cryingmask":33,"testmod-ChristmasGift":0,"Ring of the Snake":0,"testmod-TestBox":0,"Tingsha":24,"The Courier":0,"Dota2Spire:BattleFury":5,"Omamori":31,"Seething Fire":0,"infinitespire:Lucky Rock":34,"Orichalcum":25,"Anchor":32,"SynthV:TestCard":1,"Anvil of the Gods":0,"testmod-Hope":32,"infinitespire:EmpoweringShard":31,"Champion Belt":36,"TungstenRod":6,"REME_ComplimentaryCards":0,"testmod-HeartOfDaVinci":9,"PlaceholderMod:FlatBlood":24,"infinitespire:Midas Blood":31}],"TungstenRod":35,"Ring of the Snake":[58]},"card_choices":[{"not_picked":["Outmaneuver","PiercingWail","Poisoned Stab"],"picked":"SKIP","floor":1},{"not_picked":["Cloak And Dagger","Quick Slash","AT_ShadowStep","Acrobatics","Bane"],"picked":"SKIP","floor":2},{"not_picked":["Distraction","AT_ShadowStep","Dodge and Roll","Dagger Spray","MostiFishMod:VineMother"],"picked":"SKIP","floor":5},{"not_picked":["Blade Dance","Deflect","Concentrate","Bullet Time","MostiFishMod:FrostNova"],"picked":"SKIP","floor":7},{"not_picked":["Prepared","AT_ArcaneSupremacy","jedi:pocketpoison","Blade Dance","AT_WindRun"],"picked":"SKIP","floor":8},{"not_picked":["Sucker Punch","Quick Slash","Blade Dance","Flechettes","Bouncing Flask"],"picked":"SKIP","floor":10},{"not_picked":["MostiFishMod:PerfectParry","Quick Slash","Deadly Poison","AT_WindFlip","Blade Dance"],"picked":"SKIP","floor":11},{"not_picked":["AT_WindRun","Envenom","Bane","AT_WindFlip","Quick Slash"],"picked":"SKIP","floor":12},{"not_picked":["Dodge and Roll","Eviscerate","Prepared","Terror","Blade Dance"],"picked":"SKIP","floor":14},{"not_picked":["REME_CopyPotion","MostiFishMod:GrandStart","MostiFishMod:Neurotoxin","AT_MyraUnstableElement"],"picked":"MostiFishMod:FullyArmed","floor":16},{"not_picked":["Deadly Poison+1","jedi:pocketpoison","Flechettes","Blade Dance","Flying Knee"],"picked":"SKIP","floor":18},{"not_picked":["jedi:collectorvenom","Slice","Caltrops","Acrobatics","Heel Hook"],"picked":"SKIP","floor":20},{"not_picked":["Choke","Prepared","AT_WindFlip+1","jedi:poisonivy","jedi:collectorvenom"],"picked":"SKIP","floor":21},{"not_picked":["AT_Desolate","Eviscerate","Bouncing Flask","Quick Slash","Poisoned Stab"],"picked":"SKIP","floor":22},{"not_picked":["Underhanded Strike","REME_GreenPollution","Eviscerate","Riddle With Holes","Sucker Punch"],"picked":"Singing Bowl","floor":23},{"not_picked":["Bane","AT_ThistleTea","jedi:unstablefumes","Endless Agony","Backflip"],"picked":"Singing Bowl","floor":24},{"not_picked":["Tactician","jedi:pocketpoison+1","Deflect","MostiFishMod:FrostNova","Underhanded Strike"],"picked":"Singing Bowl","floor":26},{"not_picked":["Tactician","Escape Plan+1","jedi:pocketpoison+1","MostiFishMod:AdrenalineArouse","Well Laid Plans"],"picked":"Singing Bowl","floor":27},{"not_picked":["jedi:brewingpoison","Cloak And Dagger","Blade Dance","PiercingWail","AT_WindRun"],"picked":"Singing Bowl","floor":29},{"not_picked":["Predator","Footwork","Storm of Steel","MostiFishMod:PerfectParry+1","Setup"],"picked":"Singing Bowl","floor":31},{"not_picked":["Bullet Time","Wraith Form v2","jedi:studypoison","MostiFishMod:HiddenBlade","Die Die Die"],"picked":"Singing Bowl","floor":33},{"not_picked":["Cloak And Dagger+1","MostiFishMod:ThornCasing","Catalyst","Backflip","Blade Dance"],"picked":"Singing Bowl","floor":35},{"not_picked":["Backflip+1","Sucker Punch","Acrobatics","PiercingWail+1","Skewer+1"],"picked":"Singing Bowl","floor":39},{"not_picked":["Bane","Concentrate","Deflect","AT_TinkerSharpsword+1","jedi:unstablefumes+1"],"picked":"Singing Bowl","floor":41},{"not_picked":["Eviscerate","Predator+1","PiercingWail+1","Dodge and Roll","jedi:studyshivs"],"picked":"Singing Bowl","floor":44},{"not_picked":["Flying Knee","Slice+1","AT_EssenceShift","Dagger Throw+1","Dagger Spray"],"picked":"Singing Bowl","floor":48},{"not_picked":["Sucker Punch+1","AT_ArcaneSupremacy","Dodge and Roll","Poisoned Stab+1","Backflip"],"picked":"Singing Bowl","floor":54}],"player_experience":85894,"relics_obtained":[{"floor":1,"key":"SynthV:TestCard"},{"floor":7,"key":"infinitespire:BottledMercury"},{"floor":9,"key":"Dota2Spire:BattleFury"},{"floor":10,"key":"TungstenRod"},{"floor":13,"key":"CeramicFish"},{"floor":14,"key":"testmod-HeartOfDaVinci"},{"floor":23,"key":"Singing Bowl"},{"floor":27,"key":"Tingsha"},{"floor":29,"key":"Orichalcum"},{"floor":31,"key":"Juzu Bracelet"},{"floor":41,"key":"Anchor"},{"floor":43,"key":"testmod-Hope"},{"floor":44,"key":"jedi:cryingmask"},{"floor":48,"key":"infinitespire:Lucky Rock"},{"floor":54,"key":"Champion Belt"}],"event_choices":[{"damage_healed":0,"gold_gain":75,"player_choice":"Gather Gold","damage_taken":11,"max_hp_gain":0,"max_hp_loss":0,"event_name":"World of Goop","floor":4,"gold_loss":0},{"damage_healed":0,"gold_gain":200,"player_choice":"Gold","damage_taken":0,"max_hp_gain":0,"max_hp_loss":0,"event_name":"Wheel of Change","floor":19,"gold_loss":0},{"damage_healed":0,"gold_gain":0,"player_choice":"Ignored","damage_taken":0,"max_hp_gain":0,"max_hp_loss":0,"event_name":"Cursed Tome","floor":25,"gold_loss":0},{"damage_healed":0,"gold_gain":400,"player_choice":"Sell","damage_taken":0,"max_hp_gain":0,"max_hp_loss":0,"event_name":"恩洛斯的盘子","floor":36,"relics_lost":["REME_ComplimentaryCards"],"gold_loss":0},{"damage_healed":0,"gold_gain":0,"player_choice":"Forge","damage_taken":0,"max_hp_gain":0,"max_hp_loss":0,"event_name":"Accursed Blacksmith","floor":37,"gold_loss":0,"cards_upgraded":["Defend_G"]},{"damage_healed":24,"gold_gain":0,"player_choice":"Writhe","damage_taken":0,"max_hp_gain":0,"max_hp_loss":0,"event_name":"Winding Halls","floor":45,"gold_loss":0,"cards_obtained":["Writhe"]},{"damage_healed":0,"gold_gain":0,"player_choice":"Got Potions","damage_taken":0,"max_hp_gain":0,"max_hp_loss":0,"event_name":"Lab","floor":46,"gold_loss":0}],"is_beta":false,"boss_relics":[{"not_picked":["Inserter","Ectoplasm"],"picked":"HereWithMe"},{"not_picked":["Runic Cube","FrostBlade"],"picked":"testmod-NegativeEmotionEnhancer"}],"items_purged_floors":[28,30,30,32,38,40],"is_endless":false,"potions_floor_spawned":[1,10,11,14,16,23,27,29,31,33,35,54],"ascension_level":4}}