{"host":"dm4yvegl9um2tlqd","time":1610278480,"event":{"mods":["2.2 Compatiblity","AchievementEnabler","BaseMod","Colored Map","DeckTracker","Highlight Path","KOR Keyword Fix","Keyboard Shortcuts","Minty Spire (QoL Compilation)","Permanent Neow","Quick Restart","Random Character Button","StSLib","SuperFastMode","everything is the same but u backflip on backflip"],"gold_per_floor":[109,109,184,199,217,217,260,260,285,285,15,33,33,133,133,262,262,278,26,46,64,83,124,124,160,160,160,195,195,195,229,229,359,359,380,68,68,68,68,68,68,131,199,238,238,257,10,10,10,10,10,10,10,41,41,41],"floor_reached":55,"playtime":2418,"items_purged":["Strike_B"],"score":949,"play_id":"d56ea652-f730-42de-a25a-5100d64ad614","local_time":"20210110203440","is_ascension_mode":true,"campfire_choices":[{"data":"Beam Cell","floor":6.0,"key":"SMITH"},{"data":"Sunder","floor":8.0,"key":"SMITH"},{"data":"Streamline","floor":10.0,"key":"SMITH"},{"data":"Go for the Eyes","floor":15.0,"key":"SMITH"},{"data":"Apotheosis","floor":24,"key":"SMITH"},{"data":"Echo Form","floor":27,"key":"SMITH"},{"data":"Reboot","floor":29,"key":"SMITH"},{"data":"Reprogram","floor":32,"key":"SMITH"},{"data":"Meteor Strike","floor":40,"key":"SMITH"},{"floor":45,"key":"RECALL"},{"data":"Metamorphosis","floor":49,"key":"SMITH"},{"data":"Madness","floor":52,"key":"SMITH"}],"circlet_count":0,"master_deck":["Defend_B","Defend_B","Defend_B","Defend_B","Zap","Dualcast","Reboot+1","Sunder+1","Streamline+1","Beam Cell+1","Conserve Battery","Fission","Echo Form+1","Chill+1","Apotheosis+1","Enlightenment","Reprogram+1","Steam","Turbo+1","Sunder+1","Meteor Strike+1","Leap","Enlightenment","Madness+1","Madness","White Noise+1","Skim+1","Metamorphosis+1"],"relics":["Cracked Core","Golden Idol","Omamori","ClockworkSouvenir","Coffee Dripper","Juzu Bracelet","FossilizedHelix","StoneCalendar","Bag of Marbles","Lantern","Sundial","SacredBark","Ice Cream","TungstenRod","Meat on the Bone","Bottled Tornado","Membership Card","Mango","Gremlin Horn"],"acts_visited":["Exordium","TheCity","TheBeyond","TheEnding"],"potions_floor_usage":[16,25,28,33,54,55,55,55],"damage_taken":[{"damage":0.0,"enemies":"Small Slimes","floor":1.0,"turns":3.0},{"damage":1.0,"enemies":"2 Louse","floor":4.0,"turns":2.0},{"damage":0.0,"enemies":"Cultist","floor":5.0,"turns":2.0},{"damage":19.0,"enemies":"Gremlin Nob","floor":7.0,"turns":4.0},{"damage":5.0,"enemies":"Gremlin Gang","floor":12.0,"turns":4.0},{"damage":18,"enemies":"Slime Boss","floor":16,"turns":6},{"damage":6,"enemies":"3 Byrds","floor":18,"turns":4},{"damage":18,"enemies":"2 Thieves","floor":20,"turns":3},{"damage":0,"enemies":"Cultist and Chosen","floor":21,"turns":6},{"damage":3,"enemies":"Centurion and Healer","floor":22,"turns":5},{"damage":0,"enemies":"Gremlin Leader","floor":23,"turns":6},{"damage":0,"enemies":"Book of Stabbing","floor":25,"turns":4},{"damage":27,"enemies":"Slavers","floor":28,"turns":4},{"damage":0,"enemies":"Gremlin Leader","floor":31,"turns":7},{"damage":0,"enemies":"Collector","floor":33,"turns":8},{"damage":0,"enemies":"3 Darklings","floor":35,"turns":4},{"damage":5,"enemies":"Mind Bloom Boss Battle","floor":42,"turns":10},{"damage":16,"enemies":"Giant Head","floor":44,"turns":8},{"damage":15,"enemies":"3 Shapes","floor":46,"turns":7},{"damage":23,"enemies":"Donu and Deca","floor":50,"turns":5},{"damage":52,"enemies":"Shield and Spear","floor":54,"turns":5},{"damage":39,"enemies":"The Heart","floor":55,"turns":5}],"seed_played":"-1367667371457579297","potions_obtained":[{"floor":4.0,"key":"PowerPotion"},{"floor":5.0,"key":"Dexterity Potion"},{"floor":7.0,"key":"Energy Potion"},{"floor":20,"key":"EssenceOfSteel"},{"floor":25,"key":"PowerPotion"},{"floor":33,"key":"Energy Potion"},{"floor":35,"key":"FearPotion"},{"floor":54,"key":"EssenceOfSteel"}],"is_trial":false,"path_per_floor":["M","?","?","M","M","R","E","R","T","R","$","M","?","?","R","B",null,"M","$","M","M","M","E","R","E","T","R","E","R","?","E","R","B",null,"M","$","?","?","?","R","?","?","T","E","R","M","$","?","R","B",null,"R","$","E","B"],"character_chosen":"DEFECT","items_purchased":["ClockworkSouvenir","Conserve Battery","Apotheosis","Enlightenment","Ice Cream","Membership Card","Metamorphosis"],"campfire_rested":0,"item_purchase_floors":[11,11,19,19,36,47,47],"current_hp_per_floor":[68,63,52,51,51,51,32,32,32,32,32,27,20,20,20,2,63,57,57,39,39,36,36,36,36,36,36,9,9,9,9,9,9,63,63,63,63,63,63,63,55,50,50,34,34,31,31,45,45,34,77,77,77,37,0,0],"gold":41,"neow_bonus":"TRANSFORM_TWO_CARDS","is_daily":false,"chose_seed":false,"campfire_upgraded":11,"win_rate":0.0,"timestamp":1610278480,"path_taken":["M","?","?","M","M","R","E","R","T","R","$","M","?","?","R","BOSS","M","$","?","M","M","E","R","E","T","R","E","R","?","E","R","BOSS","M","$","?","?","?","R","?","?","T","E","R","M","$","?","R","BOSS","R","$","E","BOSS"],"items_purchased_type":["Relic","Card","Card","Card","Relic","Relic","Card"],"build_version":"2020-12-22","purchased_purges":1,"victory":false,"max_hp_per_floor":[68,63,63,63,63,63,63,63,63,63,63,63,63,63,63,63,63,63,63,63,63,63,63,63,63,63,63,63,63,63,63,63,63,63,63,63,63,63,63,63,63,63,63,63,63,63,63,77,77,77,77,77,77,77,77,77],"card_choices":[{"not_picked":["Steam","Leap"],"picked":"Streamline","floor":1.0},{"not_picked":["Melter","Barrage"],"picked":"Go for the Eyes","floor":4.0},{"not_picked":["Steam","FTL"],"picked":"Beam Cell","floor":5.0},{"not_picked":["Compile Driver","Stack","Coolheaded"],"picked":"SKIP","floor":7.0},{"not_picked":["Compile Driver","Auto Shields"],"picked":"Fission","floor":12.0},{"not_picked":["Thunder Strike","Machine Learning"],"picked":"Echo Form","floor":16},{"not_picked":["Auto Shields","Go for the Eyes"],"picked":"Chill+1","floor":18},{"not_picked":["Sunder","Steam+1"],"picked":"Reprogram","floor":20},{"not_picked":["Reinforced Body","Coolheaded"],"picked":"Steam","floor":21},{"not_picked":["Barrage+1","Go for the Eyes","Cold Snap+1"],"picked":"SKIP","floor":22},{"not_picked":["Tempest","Go for the Eyes"],"picked":"Turbo+1","floor":23},{"not_picked":["Stack+1","Amplify","Steam Power"],"picked":"SKIP","floor":25},{"not_picked":["Stack","Barrage"],"picked":"Sunder+1","floor":28},{"not_picked":["All For One","Lockon"],"picked":"Coolheaded+1","floor":31},{"not_picked":["Fission","All For One"],"picked":"Meteor Strike","floor":33},{"not_picked":["Fusion+1","Reprogram"],"picked":"Leap","floor":35},{"not_picked":["Glacier+1","Ball Lightning+1"],"picked":"White Noise+1","floor":44},{"not_picked":["Beam Cell+1","Hello World+1"],"picked":"Skim+1","floor":46},{"not_picked":["Sweeping Beam","Gash+1","Capacitor+1"],"picked":"SKIP","floor":54}],"player_experience":21205,"relics_obtained":[{"floor":7.0,"key":"Omamori"},{"floor":23,"key":"Juzu Bracelet"},{"floor":25,"key":"FossilizedHelix"},{"floor":26,"key":"StoneCalendar"},{"floor":28,"key":"Bag of Marbles"},{"floor":31,"key":"Sundial"},{"floor":42,"key":"TungstenRod"},{"floor":43,"key":"Meat on the Bone"},{"floor":44,"key":"Bottled Tornado"},{"floor":54,"key":"Gremlin Horn"}],"event_choices":[{"damage_healed":0.0,"max_hp_gain":0.0,"max_hp_loss":5.0,"gold_gain":0.0,"event_name":"Golden Idol","player_choice":"Lose Max HP","floor":2.0,"gold_loss":0.0,"damage_taken":0.0,"relics_obtained":["Golden Idol"]},{"damage_healed":0.0,"max_hp_gain":0.0,"max_hp_loss":0.0,"gold_gain":75.0,"event_name":"World of Goop","player_choice":"Gather Gold","floor":3.0,"gold_loss":0.0,"damage_taken":11.0},{"cards_removed":["Strike_B"],"damage_healed":0.0,"max_hp_gain":0.0,"max_hp_loss":0.0,"gold_gain":0.0,"event_name":"Golden Wing","player_choice":"Card Removal","floor":13.0,"gold_loss":0.0,"damage_taken":7.0},{"damage_healed":0.0,"max_hp_gain":0.0,"max_hp_loss":0.0,"gold_gain":100.0,"event_name":"Wheel of Change","player_choice":"Gold","floor":14.0,"gold_loss":0.0,"damage_taken":0.0},{"damage_healed":0,"gold_gain":0,"player_choice":"Opened","damage_taken":0,"relics_obtained":["Lantern"],"max_hp_gain":0,"max_hp_loss":0,"event_name":"The Mausoleum","floor":30,"gold_loss":0,"cards_obtained":["Writhe"]},{"damage_healed":0,"gold_gain":0,"player_choice":"Ignored","damage_taken":0,"max_hp_gain":0,"max_hp_loss":0,"event_name":"SecretPortal","floor":37,"gold_loss":0},{"damage_healed":0,"gold_gain":0,"player_choice":"Copied","damage_taken":0,"max_hp_gain":0,"max_hp_loss":0,"event_name":"Duplicator","floor":38,"gold_loss":0,"cards_obtained":["Enlightenment"]},{"cards_removed":["Go for the Eyes"],"damage_healed":0,"gold_gain":0,"player_choice":"Removed Attack","damage_taken":0,"max_hp_gain":0,"max_hp_loss":0,"event_name":"Falling","floor":39,"gold_loss":0},{"damage_healed":0,"gold_gain":0,"player_choice":"Embrace Madness","damage_taken":8,"max_hp_gain":0,"max_hp_loss":0,"event_name":"Winding Halls","floor":41,"gold_loss":0,"cards_obtained":["Madness","Madness"]},{"damage_healed":0,"gold_gain":0,"player_choice":"Fight","damage_taken":0,"max_hp_gain":0,"max_hp_loss":0,"event_name":"MindBloom","floor":42,"gold_loss":0},{"cards_removed":["Coolheaded"],"damage_healed":0,"gold_gain":0,"player_choice":"Gave Card","damage_taken":0,"relics_obtained":["Mango"],"max_hp_gain":0,"max_hp_loss":0,"event_name":"WeMeetAgain","floor":48,"gold_loss":0}],"is_beta":false,"boss_relics":[{"not_picked":["Tiny House","Astrolabe"],"picked":"Coffee Dripper"},{"not_picked":["Inserter","SlaversCollar"],"picked":"SacredBark"}],"items_purged_floors":[11],"is_endless":false,"potions_floor_spawned":[4,5,7,12,20,22,25,33,35,54],"killed_by":"The Heart","ascension_level":2}}