{"host":"ormi09wwzv7sq47a","time":1610310801,"event":{"mods":["2.2 Compatiblity","AchievementEnabler","Act Like it!","BaseMod","Bestiary","Better Altar","Better Note","Better Sensory Stone","Better Skull","Better Third Choice","Better Vampires","BetterRewards","Block Reminder","Card Forge","Colored Map","Colored Powertips","Curses Come First","DeckTracker","Downfall","Highlight Path","Minty Spire (QoL Compilation)","Permanent Neow","Quick Restart","Rare Cards Sparkle","Relic Stats","Shop Mod","StSLib","The Jungle"],"gold_per_floor":[114,129,129,156,168,195,232,244,319,331,343,355,392,442,454,591,603,634,665,777,808,201,201,201,239,239,69,117,146,71,121,121,256,256,275,1274,1299,899,968,1016,1016,941,989,989,698,623,623,623,623,623,623,661,246,246,246],"floor_reached":56,"playtime":3472,"items_purged":["hexamod:FourthSeal"],"score":1433,"play_id":"8ec3e2c9-8f7c-43c5-9062-de933f14fd7d","local_time":"20210110183321","daily_mods":["SealedDeck","Flight","Lethality"],"is_ascension_mode":false,"campfire_choices":[{"data":"hexamod:HeatCrush","floor":8,"key":"SMITH"},{"data":"hexamod:RetreatToShadows","floor":10,"key":"SMITH"},{"data":"Mayhem","floor":15,"key":"SMITH"},{"data":"hexamod:GhostLash","floor":23,"key":"SMITH"},{"data":"hexamod:GhostLash","floor":26,"key":"SMITH"},{"data":"hexamod:GhostflameBarrier","floor":30,"key":"SMITH"},{"data":"hexamod:Hexaguard","floor":32,"key":"SMITH"},{"floor":42,"key":"RECALL"},{"data":"hexamod:GhostShield","floor":46,"key":"SMITH"},{"data":"hexamod:SpectersWail","floor":47,"key":"SMITH"},{"data":"hexamod:BacktrackSmack","floor":49,"key":"SMITH"},{"data":"hexamod:GhostOfSpirePast","floor":54,"key":"SMITH"}],"circlet_count":0,"master_deck":["hexamod:GhostShield+1","hexamod:HeatCrush+1","hexamod:GhostShield+1","hexamod:GhostLash+1","hexamod:GhostLash+1","hexamod:BacktrackSmack+1","hexamod:RetreatToShadows+1","hexamod:Hexaguard+1","hexamod:GhostOfSpirePast","hexamod:SpectersWail+1","hexamod:GhostOfSpirePast+1","hexamod:FirstSeal","Mayhem+1","hexamod:GhostflameBarrier+1","hexamod:ParanormalForm+1","expansioncontent:Corrupt+1","Panacea+1","hexamod:PowerFromBeyond+1","hexamod:Haunt+1","hexamod:BacktrackSmack+1","Discovery+1","expansioncontent:DefensiveMode+1"],"relics":["hexamod:SpiritBrand","Hammer of Thor","Seething Fire","Anvil of the Gods","MawBank","Tiny Chest","Golden Idol","hexamod:MatchstickCase","Frozen Egg 2","Busted Crown","Toxic Egg 2","Medical Kit","Toy Ornithopter","Eternal Feather","hexamod:RecyclingMachine","Singing Bowl","Omamori","downfall:HeartBlessingGreen","Blood Vial","hexamod:InflammatoryLetter","MealTicket","Guardian:GemstoneGun","Anchor","Pen Nib","downfall:HeartBlessingBlue","Akabeko","Lantern","Centennial Puzzle","downfall:HeartBlessingRed","Whetstone","Happy Flower"],"acts_visited":["Exordium","TheCity","TheBeyond","TheEnding"],"potions_floor_usage":[14,22,27,29,39,40,43,52,55,55],"damage_taken":[{"damage":0,"enemies":"2 Louse","floor":1,"turns":1},{"damage":0,"enemies":"Cultist","floor":2,"turns":2},{"damage":0,"enemies":"Small Slimes","floor":4,"turns":2},{"damage":11,"enemies":"2 Fungi Beasts","floor":6,"turns":2},{"damage":0,"enemies":"Lagavulin","floor":14,"turns":4},{"damage":0,"enemies":"Slime Boss","floor":16,"turns":5},{"damage":0,"enemies":"Chosen","floor":18,"turns":3},{"damage":3,"enemies":"Snake Plant","floor":19,"turns":3},{"damage":3,"enemies":"Cultist and Chosen","floor":21,"turns":4},{"damage":0,"enemies":"downfall:FleeingMerchant","floor":22,"turns":4},{"damage":6,"enemies":"Slavers","floor":25,"turns":4},{"damage":18,"enemies":"downfall:FleeingMerchant","floor":27,"turns":4},{"damage":3,"enemies":"Book of Stabbing","floor":28,"turns":4},{"damage":3,"enemies":"Centurion and Healer","floor":29,"turns":3},{"damage":7,"enemies":"downfall:Watcher","floor":33,"turns":5},{"damage":6,"enemies":"3 Darklings","floor":35,"turns":4},{"damage":15,"enemies":"2 Orb Walkers","floor":39,"turns":4},{"damage":4,"enemies":"Giant Head","floor":40,"turns":6},{"damage":12,"enemies":"Nemesis","floor":43,"turns":5},{"damage":20,"enemies":"downfall:Defect","floor":50,"turns":4},{"damage":8,"enemies":"downfall:CharBossMerchant","floor":52,"turns":7},{"damage":78,"enemies":"downfall:NeowBoss","floor":55,"turns":25}],"seed_played":"-956745095108410897","potions_obtained":[{"floor":1,"key":"Dexterity Potion"},{"floor":4,"key":"Weak Potion"},{"floor":14,"key":"CultistPotion"},{"floor":14,"key":"PowerPotion"},{"floor":16,"key":"CultistPotion"},{"floor":22,"key":"LiquidBronze"},{"floor":28,"key":"ColorlessPotion"},{"floor":33,"key":"Fire Potion"},{"floor":35,"key":"DistilledChaos"},{"floor":39,"key":"Fire Potion"},{"floor":40,"key":"Block Potion"},{"floor":43,"key":"FairyPotion"},{"floor":52,"key":"Fire Potion"}],"is_trial":false,"path_per_floor":["M","M","?","M","?","M","T","R","?","R","?","?","T","E","R","B",null,"M","M","?","M","$","R","T","E","R","$","E","M","R","T","R","B",null,"M","?","?","$","?","E","T","R","E","T","$","R","R","?","R","B",null,"E","$","R","B",null],"character_chosen":"THE_SPIRIT","items_purchased":["Toxic Egg 2","Medical Kit","expansioncontent:Corrupt+1","hexamod:SecondSeal","hexamod:RecyclingMachine","Singing Bowl","Panacea+1","hexamod:InflammatoryLetter","MealTicket","Centennial Puzzle","hexamod:BacktrackSmack","Discovery+1","expansioncontent:DefensiveMode+1","CultistPotion","Happy Flower"],"campfire_rested":0,"item_purchase_floors":[22,22,22,22,27,27,27,38,38,45,45,45,53,53,53],"current_hp_per_floor":[70,70,42,42,42,31,31,31,31,31,31,31,31,38,38,45,65,65,65,65,65,65,65,65,65,65,47,53,64,69,69,69,71,71,73,73,73,73,65,75,75,85,80,80,85,85,85,85,85,72,85,86,87,87,25],"gold":246,"neow_bonus":"","is_daily":true,"chose_seed":false,"campfire_upgraded":11,"win_rate":0.0,"timestamp":1610310801,"path_taken":["M","M","?","?","?","M","T","R","?","R","?","?","?","E","R","BOSS","M","M","?","M","$","R","T","E","R","?","E","?","R","?","R","BOSS","M","?","?","$","?","E","T","R","E","?","$","R","R","?","R","BOSS","E","$","R","BOSS"],"items_purchased_type":["Relic","Relic","Card","Card","Relic","Relic","Card","Relic","Relic","Relic","Card","Card","Card","Potion","Relic"],"build_version":"2020-12-22","purchased_purges":1,"victory":true,"max_hp_per_floor":[70,70,70,70,70,70,70,70,70,70,65,65,65,65,65,65,65,65,65,65,65,65,65,65,65,65,65,67,69,69,69,69,71,71,73,73,73,73,73,75,75,85,85,85,85,85,85,85,85,85,85,87,87,87,87],"relic_stats":{"Singing Bowl":12,"Happy Flower":[8],"counters":[22,105],"Golden Idol":216,"Eternal Feather":5,"Pen Nib":[9],"Whetstone":["hexamod:BacktrackSmack"],"MawBank":228,"Medical Kit":[9],"Blood Vial":2,"Centennial Puzzle":[9],"Busted Crown":28,"Tiny Chest":3,"MealTicket":6,"obtain_stats":[{"Lantern":44,"Singing Bowl":27,"downfall:HeartBlessingGreen":30,"Hammer of Thor":0,"Whetstone":52,"Blood Vial":31,"Centennial Puzzle":45,"downfall:HeartBlessingBlue":42,"Tiny Chest":7,"MealTicket":38,"hexamod:RecyclingMachine":27,"Toxic Egg 2":22,"hexamod:SpiritBrand":0,"downfall:HeartBlessingRed":46,"Happy Flower":53,"Golden Idol":11,"Guardian:GemstoneGun":39,"Eternal Feather":25,"hexamod:InflammatoryLetter":38,"Pen Nib":41,"Omamori":28,"Seething Fire":0,"Frozen Egg 2":14,"MawBank":3,"Medical Kit":22,"Akabeko":43,"hexamod:MatchstickCase":13,"Anchor":40,"Busted Crown":17,"Anvil of the Gods":0,"Toy Ornithopter":24},{"Lantern":19,"Singing Bowl":12,"downfall:HeartBlessingGreen":14,"Hammer of Thor":0,"Whetstone":21,"Blood Vial":14,"Centennial Puzzle":19,"downfall:HeartBlessingBlue":18,"Tiny Chest":4,"MealTicket":16,"hexamod:RecyclingMachine":12,"Toxic Egg 2":10,"hexamod:SpiritBrand":0,"downfall:HeartBlessingRed":19,"Happy Flower":21,"Golden Idol":4,"Guardian:GemstoneGun":17,"Eternal Feather":11,"hexamod:InflammatoryLetter":16,"Pen Nib":18,"Omamori":13,"Seething Fire":0,"Frozen Egg 2":5,"MawBank":2,"Medical Kit":10,"Akabeko":19,"hexamod:MatchstickCase":4,"Anchor":18,"Busted Crown":6,"Anvil of the Gods":0,"Toy Ornithopter":10},{"Lantern":69,"Singing Bowl":38,"downfall:HeartBlessingGreen":45,"Hammer of Thor":0,"Whetstone":80,"Blood Vial":45,"Centennial Puzzle":69,"downfall:HeartBlessingBlue":64,"Tiny Chest":7,"MealTicket":54,"hexamod:RecyclingMachine":38,"Toxic Egg 2":30,"hexamod:SpiritBrand":0,"downfall:HeartBlessingRed":69,"Happy Flower":80,"Golden Idol":7,"Guardian:GemstoneGun":58,"Eternal Feather":34,"hexamod:InflammatoryLetter":54,"Pen Nib":64,"Omamori":42,"Seething Fire":0,"Frozen Egg 2":11,"MawBank":3,"Medical Kit":30,"Akabeko":69,"hexamod:MatchstickCase":7,"Anchor":64,"Busted Crown":16,"Anvil of the Gods":0,"Toy Ornithopter":30}],"Toy Ornithopter":19},"card_choices":[{"not_picked":["hexamod:DynamicBlow","hexamod:PhantomFireball"],"picked":"hexamod:FourthSeal","floor":1},{"not_picked":["hexamod:GhostOfSpirePresent","hexamod:BurningTouch"],"picked":"hexamod:GhostOfSpirePast","floor":2},{"not_picked":["hexamod:NightmareStrike","hexamod:Hexaguard"],"picked":"hexamod:FirstSeal","floor":4},{"not_picked":["hexamod:InspiringFlames","hexamod:SpectersWail","hexamod:HeatShield"],"picked":"SKIP","floor":6},{"not_picked":["Magnetism","The Bomb"],"picked":"Mayhem","floor":12},{"not_picked":["hexamod:NecessarySacrifice","hexamod:GhostShield"],"picked":"hexamod:GhostflameBarrier","floor":14},{"not_picked":["hexamod:FifthSeal","hexamod:TimeWarp"],"picked":"hexamod:ParanormalForm+1","floor":16},{"not_picked":["hexamod:EmpoweredFlame+1"],"picked":"SKIP","floor":18},{"not_picked":["hexamod:FastForward"],"picked":"SKIP","floor":19},{"not_picked":["hexamod:NightmareStrike"],"picked":"SKIP","floor":21},{"not_picked":["hexamod:BacktrackSmack"],"picked":"SKIP","floor":22},{"not_picked":["hexamod:GhostOfSpireFuture+1"],"picked":"SKIP","floor":25},{"not_picked":["hexamod:GhostLash"],"picked":"SKIP","floor":27},{"not_picked":["hexamod:Toasty"],"picked":"Singing Bowl","floor":28},{"not_picked":["hexamod:SpectersWail"],"picked":"Singing Bowl","floor":29},{"not_picked":["hexamod:HexaLevel+1"],"picked":"Singing Bowl","floor":33},{"not_picked":["hexamod:HeatMetal+1"],"picked":"Singing Bowl","floor":35},{"not_picked":[],"picked":"hexamod:PowerFromBeyond+1","floor":39},{"not_picked":["hexamod:RainOfEmbers+1"],"picked":"Singing Bowl","floor":40},{"not_picked":[],"picked":"hexamod:Haunt+1","floor":43},{"not_picked":["hexamod:SpectralSpark+1"],"picked":"Singing Bowl","floor":52}],"player_experience":937882,"relics_obtained":[{"floor":7,"key":"Tiny Chest"},{"floor":13,"key":"hexamod:MatchstickCase"},{"floor":14,"key":"Frozen Egg 2"},{"floor":24,"key":"Toy Ornithopter"},{"floor":25,"key":"Eternal Feather"},{"floor":28,"key":"Omamori"},{"floor":31,"key":"Blood Vial"},{"floor":39,"key":"Guardian:GemstoneGun"},{"floor":40,"key":"Anchor"},{"floor":41,"key":"Pen Nib"},{"floor":43,"key":"Akabeko"},{"floor":44,"key":"Lantern"},{"floor":52,"key":"Whetstone"}],"event_choices":[{"damage_healed":0,"gold_gain":0,"player_choice":"UP RE ","damage_taken":32,"relics_obtained":["MawBank"],"max_hp_gain":0,"max_hp_loss":0,"event_name":"betterSkull:BetterSkull","floor":3,"gold_loss":0,"cards_upgraded":["hexamod:GhostShield"]},{"damage_healed":0,"gold_gain":0,"player_choice":"Ignored","damage_taken":168,"max_hp_gain":0,"max_hp_loss":0,"event_name":"betterThird:BetterSerpent","floor":5,"gold_loss":0},{"damage_healed":0,"gold_gain":63,"player_choice":"Gained Gold","damage_taken":0,"max_hp_gain":0,"max_hp_loss":0,"event_name":"Golden Wing","floor":9,"gold_loss":0},{"damage_healed":0,"gold_gain":0,"player_choice":"Lose Max HP","damage_taken":0,"relics_obtained":["Golden Idol"],"max_hp_gain":0,"max_hp_loss":5,"event_name":"Golden Idol","floor":11,"gold_loss":0},{"damage_healed":0,"gold_gain":1,"player_choice":"1","damage_taken":0,"max_hp_gain":0,"max_hp_loss":0,"event_name":"betterStone:BetterStone","floor":12,"gold_loss":0},{"damage_healed":0,"gold_gain":0,"player_choice":"Fight","damage_taken":0,"max_hp_gain":0,"max_hp_loss":0,"event_name":"Mysterious Sphere","floor":39,"gold_loss":0},{"cards_removed":["hexamod:SecondSeal"],"damage_healed":0,"gold_gain":0,"player_choice":"Purged","damage_taken":0,"max_hp_gain":0,"max_hp_loss":0,"event_name":"Purifier","floor":48,"gold_loss":0}],"is_beta":false,"boss_relics":[{"not_picked":["expansioncontent:StudyCardRelic","Astrolabe"],"picked":"Busted Crown"},{"not_picked":["Fusion Hammer","Runic Dome","Sozu"]}],"items_purged_floors":[53],"is_endless":false,"potions_floor_spawned":[1,14,16,21,25,33,35],"ascension_level":0}}