{"host":"htox8xlq8uiapwxq","time":1610276734,"event":{"mods":["ATMod(阿瑾Mod)","Act Like it!","Arknights The Spire","BaseMod","Gensokyo","KinomotoSakuraMod(木之本樱)","Koishi","Lobotomy","LobotomyExtend","Minty Spire (QoL Compilation)","Prisma Mod","Remilia（蕾米莉亚）","StSLib","The Alterego","WarShipGirlsR/战舰少女R mod","Yakumo Yukari mod","Youmu（魂魄妖梦）"],"gold_per_floor":[115,115,128,128,128,148,162,197,244,244,268,268,268,287,287,389,389,399,399,399,399,649,676,689,525,525,541,541,541],"floor_reached":28,"playtime":4401,"items_purged":[],"score":236,"play_id":"95562340-4699-4506-9d78-82d4159a621b","local_time":"20210110190534","is_ascension_mode":false,"campfire_choices":[{"data":"ats:Leaping Hammer","floor":10,"key":"SMITH"},{"data":"ats:Powerful Strike","floor":13,"key":"SMITH"},{"floor":15,"key":"REST"}],"circlet_count":0,"master_deck":["ats:Strike C","ats:Strike G","ats:Strike S","ats:Strike V","ats:Armor Crushing Shot","ats:Defend+1","ats:Defend","ats:Defend","ats:Defend","ats:Emotion Absorption+1","ats:Assault Order","ats:Powerful Strike+1","ats:Curse Doll+1","ats:Poison Spread+1","Clumsy","ats:Leaping Hammer+1","ats:Shadow Assault","ats:Healing Drone","ats:Calcification","ats:Cat Scratch","Shame","ats:Thermite Blade+1","Gensokyo:Shovel","Gensokyo:TarnishedGold","Gensokyo:DepletedGenerator","ats:Rat Pack"],"relics":["ats:Sanity","AT_ATBox","LetterFromLob","Gensokyo:NagashiBinaDoll","ats:Originium","Mercury Hourglass","Bronze Scales","Nunchaku","Black Star","Gensokyo:DirgeOfMelancholy","Anchor","AT_SpeedBoots","Gremlin Horn","AT_RedTearstoneRing"],"acts_visited":["Gensokyo:Gensokyo","Gensokyo:Gensokyoer"],"potions_floor_usage":[16],"damage_taken":[{"damage":7,"enemies":"Gensokyo:2_Kodama","floor":1,"turns":4},{"damage":2,"enemies":"Gensokyo:3_Fairies","floor":3,"turns":4},{"damage":8,"enemies":"Gensokyo:Gryphon","floor":6,"turns":3},{"damage":6,"enemies":"Gensokyo:Python_and_Kodama","floor":7,"turns":4},{"damage":16,"enemies":"Gensokyo:Aya","floor":8,"turns":6},{"damage":2,"enemies":"Gensokyo:Kitsune","floor":14,"turns":3},{"damage":48,"enemies":"Gensokyo:Kokoro","floor":16,"turns":10},{"damage":23,"enemies":"Gensokyo:CosmicMonolith","floor":18,"turns":4},{"damage":32,"enemies":"Gensokyo:Koishi","floor":23,"turns":6},{"damage":6,"enemies":"Gensokyo:2_Gloops","floor":24,"turns":4},{"damage":18,"enemies":"Gensokyo:Monolith_and_Dog","floor":27,"turns":6},{"damage":13,"enemies":"Gensokyo:Chomper_and_Gloop","floor":28,"turns":2}],"seed_played":"4033222398459061733","potions_obtained":[{"floor":1,"key":"AttackPotion"},{"floor":6,"key":"AttackPotion"},{"floor":7,"key":"Weak Potion"},{"floor":24,"key":"EntropicBrew"}],"is_trial":false,"path_per_floor":["M","?","M","?","?","M","M","E","T","R","T","$","R","M","R","B",null,"M","?","$","?","?","E","M","COS","T","M","M"],"character_chosen":"DOCTOR_CLASS","items_purchased":[],"campfire_rested":1,"item_purchase_floors":[],"current_hp_per_floor":[65,65,63,63,63,55,49,33,33,33,33,33,33,31,52,16,72,54,54,54,54,54,23,24,24,24,13,0,0],"gold":541,"neow_bonus":"","is_daily":false,"chose_seed":false,"campfire_upgraded":2,"win_rate":0.0,"timestamp":1610276734,"path_taken":["M","?","M","?","?","M","?","E","T","R","?","?","R","M","R","BOSS","M","?","?","?","?","E","M","COS","T","?","M"],"items_purchased_type":[],"build_version":"2020-12-22","purchased_purges":0,"victory":false,"max_hp_per_floor":[72,72,72,72,72,72,72,72,72,72,72,72,72,72,72,72,72,72,72,72,72,68,68,68,68,68,68,68,68],"card_choices":[{"not_picked":["ats:Flame Of Heaven","ats:Curse Doll"],"picked":"ats:Assault Order","floor":1},{"not_picked":["ats:Revitalization","ats:Childhood Dance"],"picked":"ats:Powerful Strike","floor":2},{"not_picked":["ats:Childhood Dance","ats:Assault Order"],"picked":"ats:Curse Doll","floor":2},{"not_picked":["ats:Red Shift","ats:Automatic Cover"],"picked":"ats:Poison Spread","floor":3},{"not_picked":["ats:Ignite","ats:Powerful Strike"],"picked":"ats:Leaping Hammer","floor":6},{"not_picked":["ats:Consecutive Shot Auto","ats:Beaten Up","ats:Assault Order"],"picked":"SKIP","floor":7},{"not_picked":["ats:Apocalypse","ats:Overload"],"picked":"ats:Shadow Assault","floor":8},{"not_picked":["ats:Spore Proliferation","ats:Childhood Dance"],"picked":"ats:Healing Drone","floor":14},{"not_picked":["ats:Wolf Pack","ats:Echo Reverb"],"picked":"ats:Calcification","floor":16},{"not_picked":["ats:Childhood Dance","ats:Ignite"],"picked":"ats:Cat Scratch","floor":18},{"not_picked":["ats:Poison Spread","ats:Healing Drone","ats:Guardian Obelisk"],"picked":"SKIP","floor":23},{"not_picked":["ats:Cat Scratch","ats:Leaping Hammer"],"picked":"ats:Thermite Blade+1","floor":24},{"not_picked":["ats:Burning Ground","ats:Curse Doll"],"picked":"ats:Rat Pack","floor":27}],"player_experience":349998,"relics_obtained":[{"floor":1,"key":"LetterFromLob"},{"floor":8,"key":"ats:Originium"},{"floor":8,"key":"Mercury Hourglass"},{"floor":9,"key":"Bronze Scales"},{"floor":11,"key":"Nunchaku"},{"floor":23,"key":"ats:Originium"},{"floor":23,"key":"Anchor"},{"floor":23,"key":"AT_SpeedBoots"},{"floor":26,"key":"Gremlin Horn"}],"event_choices":[],"is_beta":false,"boss_relics":[{"not_picked":["Sozu","Calling Bell"],"picked":"Black Star"}],"items_purged_floors":[],"is_endless":false,"potions_floor_spawned":[1,6,7,24,27],"killed_by":"Gensokyo:Chomper_and_Gloop","ascension_level":0}}