{"host":"wj90f2q0h2omert0","time":1610298642,"event":{"mods":["BaseMod","Beaked The Cultist","Better Third Choice","ChefMod","Clawfect","Colored Map","DeckTracker","Downfall","Hubris","JesterMod","Minty Spire (QoL Compilation)","Relic Stats","Robot Space Explorer","Shade Mod","StSLib","The Blackbeard","The Caster","The Dragon Tamer","The Druid"],"gold_per_floor":[99,111,121,121,141,141,220,237,255,288,288,16,116,147,162,263,313,313,325,341,341,96,96,96,126,76,1,1,1,11,37,50,154,154,154,154,188,288,319,223,223,223,223,173,185,185,135,135,149,244,244,244,263,144,18,18,18,87,5,5,5,5,39,68,90,113,226,238,250,278,26,26,26,37,64,94,94,124,124,154,154,179,195,296,296,296,311,331,331,362,362,395,421,32,32,41,22,22,22,35,147,147,147,159,434,13,42,42,81,81,81,81,95,121,59,168,183,279,279,279,279,298,54,28,28,62,90,119,119,119,119,128,155,171,278,278,278],"floor_reached":136,"playtime":23007,"items_purged":["RobotSpaceExplorer:Probe","RobotSpaceExplorer:LuckyStrike","RobotSpaceExplorer:ImprovisedAttack","RobotSpaceExplorer:Ammunition","RobotSpaceExplorer:PowerGlove+1","RobotSpaceExplorer:PowerGlove+1","RobotSpaceExplorer:Probe+1","RobotSpaceExplorer:ScrapMissile+1"],"score":4397,"play_id":"9a65720d-d8fe-4fce-a3bc-c54e905b125c","local_time":"20210110121042","daily_mods":["SealedDeck","Vintage","Heirloom","Time Dilation","Flight","DeadlyEvents","Elite Swarm"],"is_ascension_mode":false,"campfire_choices":[{"data":"RobotSpaceExplorer:MiniBoosters","floor":1.0,"key":"SMITH"},{"data":"RobotSpaceExplorer:PowerGlove","floor":6.0,"key":"SMITH"},{"data":"RobotSpaceExplorer:Comet","floor":18.0,"key":"SMITH"},{"data":"RobotSpaceExplorer:Pulsar","floor":23.0,"key":"SMITH"},{"data":"RobotSpaceExplorer:Pulsar","floor":28.0,"key":"SMITH"},{"data":"RobotSpaceExplorer:Pulsar","floor":29.0,"key":"SMITH"},{"data":"RobotSpaceExplorer:PowerGlove","floor":35.0,"key":"SMITH"},{"data":"RobotSpaceExplorer:Pulsar","floor":42.0,"key":"SMITH"},{"data":"RobotSpaceExplorer:Comet","floor":43.0,"key":"SMITH"},{"data":"RobotSpaceExplorer:ScrapMissile","floor":46.0,"key":"SMITH"},{"floor":52.0,"key":"REST"},{"floor":57.0,"key":"REST"},{"floor":60.0,"key":"RECALL"},{"floor":61.0,"key":"REST"},{"floor":69.0,"key":"REST"},{"data":"RobotSpaceExplorer:Comet","floor":77,"key":"SMITH"},{"data":"RobotSpaceExplorer:Comet","floor":79,"key":"SMITH"},{"data":"RobotSpaceExplorer:Comet","floor":81,"key":"SMITH"},{"floor":86,"key":"REST"},{"floor":95,"key":"REST"},{"floor":96,"key":"REST"},{"data":"RobotSpaceExplorer:Pulsar","floor":98,"key":"SMITH"},{"data":"RobotSpaceExplorer:Comet","floor":103,"key":"SMITH"},{"floor":108,"key":"REST"},{"floor":110,"key":"REST"},{"floor":120,"key":"REST"},{"data":"RobotSpaceExplorer:StarLightning","floor":125,"key":"SMITH"},{"floor":129,"key":"REST"},{"floor":130,"key":"REST"},{"floor":132,"key":"REST"}],"circlet_count":0,"master_deck":["RobotSpaceExplorer:Pulsar+1","RobotSpaceExplorer:MiniBoosters+1","RobotSpaceExplorer:Pulsar+1","RobotSpaceExplorer:StarDust+1","RobotSpaceExplorer:Pulsar+1","RobotSpaceExplorer:TrailblazerForm+1","RobotSpaceExplorer:Pulsar+1","RobotSpaceExplorer:TrailblazerForm+1","expansioncontent:AwakenDeath+1","RobotSpaceExplorer:MiniBoosters+1","RobotSpaceExplorer:Comet+1","RobotSpaceExplorer:StarDust+1","hubris:DuctTapeCard","RobotSpaceExplorer:Comet+1","RobotSpaceExplorer:Comet+1","RobotSpaceExplorer:TrailblazerForm+1","RobotSpaceExplorer:TrailblazerForm+1","RobotSpaceExplorer:DroneSwarm+1","Magnetism+1","RobotSpaceExplorer:Pulsar+1","RobotSpaceExplorer:StarDust+1","RobotSpaceExplorer:Comet+1","RobotSpaceExplorer:MiniBoosters+1","RobotSpaceExplorer:StarDust+1","RobotSpaceExplorer:StarDust+1","Mayhem+1","RobotSpaceExplorer:MiniBoosters+1","RobotSpaceExplorer:StarLightning+1","RobotSpaceExplorer:Comet+1","RobotSpaceExplorer:Pulsar+1","RobotSpaceExplorer:Arsenal+1"],"relics":["RobotSpaceExplorer:TurboCore","Ginger","hubris:DuctTape","hubris:GlazedTorus","Turnip","Frozen Egg 2","Meat on the Bone","hubris:CrystalStatue","Ornamental Fan","Kunai","hubris:SphereOfDissonance","Blood Vial","RobotSpaceExplorer:BottledGravity","Tiny House","Art of War","Strawberry","FossilizedHelix","Omamori","HornCleat","Smiling Mask","Happy Flower","MealTicket","Bag of Preparation","jesterMod:MachoBrace","PreservedInsect","Potion Belt","Darkstone Periapt","The Courier","CaptainsWheel","InkBottle","TungstenRod","hubris:BlackHole","Orichalcum","Membership Card","hubris:SlimyHat","beaked:ShinyBauble","MawBank","Dream Catcher","Guardian:PocketSentry","Vajra","DollysMirror","Centennial Puzzle","Matryoshka","Bronze Scales","Akabeko","hubris:ScarierMask","hubris:CuriousFeather","hubris:MysteriousPyramids","Pantograph","War Paint","RobotSpaceExplorer:PlasmaHourglass","CeramicFish","Ancient Tea Set","hubris:BottledRain","Boot","champ:DeflectingBracers","hubris:ToyBattleship","White Beast Statue","Cauldron","champ:DuelingGlove","hubris:OldNail","Pen Nib","Black Star","RobotSpaceExplorer:ClockworkSextant","Toy Ornithopter","Toxic Egg 2","Frozen Eye","Regal Pillow","hubris:VirtuousBlindfold"],"acts_visited":["Exordium","TheCity","TheBeyond","Exordium","TheCity","TheBeyond","Exordium","TheCity","TheBeyond"],"potions_floor_usage":[80,84,90,90,92,101,101,116,118,128,135,135,135,135,135],"damage_taken":[{"damage":0.0,"enemies":"Small Slimes","floor":2.0,"turns":3.0},{"damage":0.0,"enemies":"Cultist","floor":3.0,"turns":3.0},{"damage":2.0,"enemies":"Jaw Worm","floor":5.0,"turns":2.0},{"damage":0.0,"enemies":"Large Slime","floor":8.0,"turns":2.0},{"damage":0.0,"enemies":"Blue Slaver","floor":9.0,"turns":2.0},{"damage":0.0,"enemies":"3 Sentries","floor":10.0,"turns":3.0},{"damage":0.0,"enemies":"downfall:FleeingMerchant","floor":12.0,"turns":4.0},{"damage":0.0,"enemies":"Gremlin Nob","floor":14.0,"turns":2.0},{"damage":3.0,"enemies":"3 Louse","floor":15.0,"turns":2.0},{"damage":6.0,"enemies":"downfall:Ironclad","floor":16.0,"turns":4.0},{"damage":0.0,"enemies":"Chosen","floor":19.0,"turns":1.0},{"damage":0.0,"enemies":"Snecko","floor":20.0,"turns":4.0},{"damage":0.0,"enemies":"downfall:FleeingMerchant","floor":22.0,"turns":4.0},{"damage":12.0,"enemies":"Gremlin Leader","floor":25.0,"turns":4.0},{"damage":0.0,"enemies":"Shelled Parasite and Fungi","floor":30.0,"turns":3.0},{"damage":0.0,"enemies":"Book of Stabbing","floor":31.0,"turns":4.0},{"damage":0.0,"enemies":"Snake Plant","floor":32.0,"turns":3.0},{"damage":14.0,"enemies":"downfall:Silent","floor":33.0,"turns":6.0},{"damage":12.0,"enemies":"Reptomancer","floor":37.0,"turns":5.0},{"damage":0.0,"enemies":"downfall:LadyInBlue","floor":38.0,"turns":3.0},{"damage":4.0,"enemies":"beaked:SuperParasite","floor":39.0,"turns":5.0},{"damage":0.0,"enemies":"Orb Walker","floor":45.0,"turns":3.0},{"damage":0.0,"enemies":"3 Darklings","floor":49.0,"turns":3.0},{"damage":12.0,"enemies":"downfall:Defect","floor":50.0,"turns":5.0},{"damage":0.0,"enemies":"2 Louse","floor":53.0,"turns":1.0},{"damage":0.0,"enemies":"Gremlin Nob","floor":63.0,"turns":2.0},{"damage":0.0,"enemies":"3 Sentries","floor":64.0,"turns":2.0},{"damage":0.0,"enemies":"Jaw Worm","floor":65.0,"turns":2.0},{"damage":0.0,"enemies":"Cultist","floor":66.0,"turns":2.0},{"damage":0.0,"enemies":"Hexaghost","floor":67.0,"turns":6.0},{"damage":0.0,"enemies":"3 Byrds","floor":70.0,"turns":2.0},{"damage":0.0,"enemies":"Chosen","floor":74.0,"turns":3.0},{"damage":0.0,"enemies":"Book of Stabbing","floor":75.0,"turns":2.0},{"damage":0.0,"enemies":"Slavers","floor":76.0,"turns":2.0},{"damage":0,"enemies":"Book of Stabbing","floor":78,"turns":3},{"damage":0,"enemies":"Slavers","floor":80,"turns":2},{"damage":0,"enemies":"Gremlin Leader","floor":82,"turns":2},{"damage":0,"enemies":"Snecko","floor":83,"turns":3},{"damage":0,"enemies":"Collector","floor":84,"turns":5},{"damage":0,"enemies":"3 Shapes","floor":87,"turns":1},{"damage":0,"enemies":"Orb Walker","floor":88,"turns":2},{"damage":15,"enemies":"Giant Head","floor":90,"turns":7},{"damage":0,"enemies":"beaked:SuperParasite","floor":92,"turns":6},{"damage":0,"enemies":"Reptomancer","floor":93,"turns":3},{"damage":0,"enemies":"Sphere and 2 Shapes","floor":100,"turns":2},{"damage":29,"enemies":"hubris:GrandSnecko","floor":101,"turns":12},{"damage":0,"enemies":"Cultist","floor":104,"turns":2},{"damage":0,"enemies":"3 Sentries","floor":107,"turns":1},{"damage":0,"enemies":"Lagavulin","floor":109,"turns":2},{"damage":0,"enemies":"2 Louse","floor":113,"turns":1},{"damage":0,"enemies":"3 Sentries","floor":114,"turns":2},{"damage":0,"enemies":"downfall:Heads","floor":116,"turns":2},{"damage":0,"enemies":"Jaw Worm","floor":117,"turns":2},{"damage":0,"enemies":"The Guardian","floor":118,"turns":4},{"damage":0,"enemies":"Chosen","floor":121,"turns":1},{"damage":0,"enemies":"Shell Parasite","floor":122,"turns":2},{"damage":0,"enemies":"Book of Stabbing","floor":126,"turns":2},{"damage":0,"enemies":"Gremlin Leader","floor":127,"turns":3},{"damage":0,"enemies":"Book of Stabbing","floor":128,"turns":3},{"damage":0,"enemies":"Gremlin Leader","floor":133,"turns":3},{"damage":0,"enemies":"Centurion and Healer","floor":134,"turns":2},{"damage":0,"enemies":"Champ","floor":135,"turns":5}],"seed_played":"-7183945281134332555","potions_obtained":[{"floor":2.0,"key":"Dexterity Potion"},{"floor":5.0,"key":"SmokeBomb"},{"floor":14.0,"key":"Fire Potion"},{"floor":15.0,"key":"PowerPotion"},{"floor":17.0,"key":"EntropicBrew"},{"floor":30.0,"key":"Energy Potion"},{"floor":31.0,"key":"Fire Potion"},{"floor":33.0,"key":"Fire Potion"},{"floor":38.0,"key":"LiquidBronze"},{"floor":38.0,"key":"SkillPotion"},{"floor":45.0,"key":"Block Potion"},{"floor":65.0,"key":"Block Potion"},{"floor":74.0,"key":"sneckomod:MuddlingPotion"},{"floor":76,"key":"SpeedPotion"},{"floor":78,"key":"BlessingOfTheForge"},{"floor":83,"key":"Block Potion"},{"floor":84,"key":"Energy Potion"},{"floor":87,"key":"EssenceOfSteel"},{"floor":90,"key":"ColorlessPotion"},{"floor":92,"key":"Explosive Potion"},{"floor":104,"key":"BlessingOfTheForge"},{"floor":106,"key":"Guardian:BlockOnCardUsePotion"},{"floor":106,"key":"Ancient Potion"},{"floor":116,"key":"PowerPotion"},{"floor":117,"key":"Guardian:BlockOnCardUsePotion"},{"floor":118,"key":"hexamod:EctoCoolerPotion"},{"floor":122,"key":"Guardian:BlockOnCardUsePotion"},{"floor":126,"key":"LiquidBronze"},{"floor":127,"key":"Slimebound:ThreeZeroPotion"},{"floor":128,"key":"Energy Potion"},{"floor":133,"key":"Energy Potion"},{"floor":135,"key":"Slimebound:ThreeZeroPotion"}],"is_trial":true,"path_per_floor":["R","M","M","?","M","R","T","M","M","E","T","$","?","E","M","B",null,"R","M","M","?","$","R","T","E","$","$","R","R","M","E","M","B",null,"R","?","E","?","E","$","T","R","R","$","M","R","$","T","M","B",null,"R","M","$","$","?","R","T","$","R","R","?","E","E","M","M","B",null,"R","M","$","$","?","M","E","E","R","E","R","E","R","E","M","B",null,"R","M","M","?","E","?","E","E","$","R","R","$","R","$","M","B",null,"R","M","?","$","E","R","E","R","?","?","M","E","$","?","M","B",null,"R","M","M","$","$","R","E","E","E","R","R","?","R","E","M","B",null],"character_chosen":"RobotSpaceExplorer","items_purchased":["hubris:SphereOfDissonance","RobotSpaceExplorer:StarDust+1","RobotSpaceExplorer:Probe","FossilizedHelix","Omamori","RobotSpaceExplorer:Pulsar","RobotSpaceExplorer:Pulsar","expansioncontent:AwakenDeath+1","Membership Card","RobotSpaceExplorer:MiniBoosters+1","DollysMirror","Centennial Puzzle","Matryoshka","Magnetism+1","Pantograph","War Paint","RobotSpaceExplorer:PlasmaHourglass","CeramicFish","RobotSpaceExplorer:StarDust+1","RobotSpaceExplorer:MiniBoosters+1","Boot","champ:DeflectingBracers","hubris:ToyBattleship","White Beast Statue","Cauldron","hubris:OldNail","RobotSpaceExplorer:StarDust+1","Mayhem+1","Toxic Egg 2","Frozen Eye","RobotSpaceExplorer:MiniBoosters+1","RobotSpaceExplorer:StarLightning"],"campfire_rested":13,"item_purchase_floors":[12,22,22,22,22,27,40,54,55,59,71,71,71,94,94,94,94,94,97,106,106,106,106,106,106,115,123,123,123,123,124,124],"current_hp_per_floor":[75,75,75,75,73,73,73,73,73,73,73,73,73,73,72,68,80,80,80,87,87,87,87,87,75,75,75,75,75,77,79,81,69,87,87,87,75,77,75,87,87,87,87,87,87,87,87,87,87,75,87,87,87,87,87,87,87,87,87,87,87,87,87,87,87,87,87,87,87,87,87,87,87,87,87,87,87,87,87,87,87,87,87,87,87,87,87,87,87,72,72,87,87,87,87,87,87,87,87,87,58,87,87,87,87,87,87,87,87,87,87,87,87,87,87,87,87,87,87,87,87,87,87,87,87,87,87,87,87,87,87,87,87,87,87,87,87],"gold":278,"neow_bonus":"","is_daily":false,"chose_seed":false,"campfire_upgraded":16,"win_rate":0.0,"timestamp":1610298642,"path_taken":["R","M","M","?","?","R","T","?","?","?","?","$","?","?","M","BOSS","R","M","M","?","$","R","T","?","?","$","R","R","?","?","M","BOSS","R","?","?","?","?","?","T","R","R","$","?","R","$","?","M","BOSS","R","M","?","$","?","R","T","$","R","R","?","?","E","?","M","BOSS","R","M","$","$","?","?","E","?","R","E","R","E","R","E","M","BOSS","R","M","M","?","?","?","E","?","$","R","R","$","R","$","M","BOSS","R","M","?","$","?","R","E","R","?","?","?","?","?","?","M","BOSS","R","M","M","$","$","R","E","E","E","R","R","?","R","E","M","BOSS"],"items_purchased_type":["Relic","Card","Card","Relic","Relic","Card","Card","Card","Relic","Card","Relic","Relic","Relic","Card","Relic","Relic","Relic","Relic","Card","Card","Relic","Relic","Relic","Relic","Relic","Relic","Card","Card","Relic","Relic","Card","Card"],"build_version":"2020-12-22","purchased_purges":8,"victory":false,"max_hp_per_floor":[75,75,75,75,75,75,75,75,75,75,75,75,75,75,75,75,80,80,80,87,87,87,87,87,87,87,87,87,87,87,87,87,87,87,87,87,87,87,87,87,87,87,87,87,87,87,87,87,87,87,87,87,87,87,87,87,87,87,87,87,87,87,87,87,87,87,87,87,87,87,87,87,87,87,87,87,87,87,87,87,87,87,87,87,87,87,87,87,87,87,87,87,87,87,87,87,87,87,87,87,87,87,87,87,87,87,87,87,87,87,87,87,87,87,87,87,87,87,87,87,87,87,87,87,87,87,87,87,87,87,87,87,87,87,87,87,87],"relic_stats":{"Darkstone Periapt":0,"Regal Pillow":0,"CeramicFish":117,"Bag of Preparation":[93],"Ginger":[23],"Smiling Mask":510,"Boot":[0],"Blood Vial":18,"Dream Catcher":10,"Centennial Puzzle":[0],"Pantograph":0,"MealTicket":12,"Kunai":[17],"InkBottle":[58],"Happy Flower":[48],"counters":[62,187],"PreservedInsect":1476,"Pen Nib":[0],"Orichalcum":[108],"War Paint":[],"MawBank":84,"Ornamental Fan":[68],"Bronze Scales":[148],"Turnip":[20],"Art of War":[73],"Black Star":4,"obtain_stats":[{"RobotSpaceExplorer:ClockworkSextant":121,"champ:DuelingGlove":113,"hubris:CrystalStatue":9,"Tiny House":17,"CeramicFish":94,"Vajra":70,"hubris:VirtuousBlindfold":136,"Ginger":0,"hubris:MysteriousPyramids":88,"Boot":106,"Blood Vial":14,"Centennial Puzzle":71,"HornCleat":24,"downfall:BrokenWingStatue":112,"RobotSpaceExplorer:BottledGravity":15,"DollysMirror":71,"Strawberry":20,"MealTicket":31,"Kunai":11,"Toxic Egg 2":123,"hubris:DuctTape":2,"Happy Flower":30,"jesterMod:MachoBrace":34,"hubris:SphereOfDissonance":12,"Pen Nib":117,"Guardian:PocketSentry":66,"War Paint":94,"Akabeko":83,"RobotSpaceExplorer:TurboCore":102,"Bronze Scales":74,"hubris:ToyBattleship":106,"Black Star":119,"Meat on the Bone":8,"Darkstone Periapt":39,"beaked:ShinyBauble":58,"Regal Pillow":134,"RobotSpaceExplorer:PlasmaHourglass":94,"Bag of Preparation":32,"hubris:SlimyHat":56,"Smiling Mask":25,"Ancient Tea Set":100,"hubris:BlackHole":51,"Frozen Eye":123,"Dream Catcher":65,"Matryoshka":71,"Pantograph":94,"hubris:ScarierMask":85,"hubris:CuriousFeather":87,"InkBottle":48,"hubris:GlazedTorus":3,"Potion Belt":38,"RobotSpaceExplorer:RoboCore":0,"PreservedInsect":37,"The Courier":41,"champ:DeflectingBracers":106,"Omamori":22,"Frozen Egg 2":7,"Orichalcum":53,"MawBank":64,"White Beast Statue":106,"Cauldron":106,"CaptainsWheel":45,"Ornamental Fan":10,"Turnip":5,"Art of War":19,"Membership Card":55,"FossilizedHelix":22,"TungstenRod":49,"hubris:OldNail":115,"Toy Ornithopter":122,"hubris:BottledRain":104},{"RobotSpaceExplorer:ClockworkSextant":55,"champ:DuelingGlove":50,"hubris:CrystalStatue":5,"Tiny House":10,"CeramicFish":44,"Vajra":31,"hubris:VirtuousBlindfold":62,"Ginger":0,"hubris:MysteriousPyramids":41,"Boot":47,"Blood Vial":8,"Centennial Puzzle":31,"HornCleat":13,"downfall:BrokenWingStatue":49,"RobotSpaceExplorer:BottledGravity":9,"DollysMirror":31,"Strawberry":12,"MealTicket":16,"Kunai":6,"Toxic Egg 2":56,"hubris:DuctTape":1,"Happy Flower":15,"jesterMod:MachoBrace":18,"hubris:SphereOfDissonance":7,"Pen Nib":53,"Guardian:PocketSentry":29,"War Paint":44,"Akabeko":38,"RobotSpaceExplorer:TurboCore":46,"Bronze Scales":32,"hubris:ToyBattleship":47,"Black Star":54,"Meat on the Bone":4,"Darkstone Periapt":21,"beaked:ShinyBauble":25,"Regal Pillow":61,"RobotSpaceExplorer:PlasmaHourglass":44,"Bag of Preparation":17,"hubris:SlimyHat":25,"Smiling Mask":14,"Ancient Tea Set":45,"hubris:BlackHole":24,"Frozen Eye":56,"Dream Catcher":28,"Matryoshka":31,"Pantograph":44,"hubris:ScarierMask":39,"hubris:CuriousFeather":40,"InkBottle":22,"hubris:GlazedTorus":2,"Potion Belt":20,"RobotSpaceExplorer:RoboCore":0,"PreservedInsect":19,"The Courier":21,"champ:DeflectingBracers":47,"Omamori":13,"Frozen Egg 2":3,"Orichalcum":25,"MawBank":27,"White Beast Statue":47,"Cauldron":47,"CaptainsWheel":22,"Ornamental Fan":6,"Turnip":3,"Art of War":11,"Membership Card":25,"FossilizedHelix":13,"TungstenRod":23,"hubris:OldNail":51,"Toy Ornithopter":56,"hubris:BottledRain":47},{"RobotSpaceExplorer:ClockworkSextant":168,"champ:DuelingGlove":157,"hubris:CrystalStatue":12,"Tiny House":27,"CeramicFish":137,"Vajra":97,"hubris:VirtuousBlindfold":187,"Ginger":0,"hubris:MysteriousPyramids":121,"Boot":153,"Blood Vial":21,"Centennial Puzzle":97,"HornCleat":36,"downfall:BrokenWingStatue":156,"RobotSpaceExplorer:BottledGravity":23,"DollysMirror":97,"Strawberry":32,"MealTicket":47,"Kunai":15,"Toxic Egg 2":170,"hubris:DuctTape":3,"Happy Flower":43,"jesterMod:MachoBrace":56,"hubris:SphereOfDissonance":19,"Pen Nib":163,"Guardian:PocketSentry":89,"War Paint":137,"Akabeko":114,"RobotSpaceExplorer:TurboCore":151,"Bronze Scales":100,"hubris:ToyBattleship":153,"Black Star":167,"Meat on the Bone":10,"Darkstone Periapt":69,"beaked:ShinyBauble":81,"Regal Pillow":182,"RobotSpaceExplorer:PlasmaHourglass":137,"Bag of Preparation":50,"hubris:SlimyHat":81,"Smiling Mask":40,"Ancient Tea Set":139,"hubris:BlackHole":80,"Frozen Eye":170,"Dream Catcher":87,"Matryoshka":97,"Pantograph":137,"hubris:ScarierMask":118,"hubris:CuriousFeather":119,"InkBottle":72,"hubris:GlazedTorus":6,"Potion Belt":64,"RobotSpaceExplorer:RoboCore":0,"PreservedInsect":61,"The Courier":69,"champ:DeflectingBracers":153,"Omamori":36,"Frozen Egg 2":8,"Orichalcum":81,"MawBank":85,"White Beast Statue":153,"Cauldron":153,"CaptainsWheel":72,"Ornamental Fan":15,"Turnip":8,"Art of War":28,"Membership Card":81,"FossilizedHelix":36,"TungstenRod":75,"hubris:OldNail":159,"Toy Ornithopter":170,"hubris:BottledRain":153}],"TungstenRod":8,"Toy Ornithopter":0,"Meat on the Bone":0},"card_choices":[{"not_picked":["RobotSpaceExplorer:Exploration","RobotSpaceExplorer:Autoloader+1","RobotSpaceExplorer:Explosion"],"picked":"SKIP","floor":10.0},{"not_picked":["RobotSpaceExplorer:ToxicBomb","RobotSpaceExplorer:GlueSpray"],"picked":"RobotSpaceExplorer:LuckyStrike","floor":12.0},{"not_picked":["RobotSpaceExplorer:BlastShield","RobotSpaceExplorer:DroneSwarm+1","RobotSpaceExplorer:Explosion"],"picked":"SKIP","floor":14.0},{"not_picked":["RobotSpaceExplorer:Scanner+1","RobotSpaceExplorer:Multitool+1"],"picked":"RobotSpaceExplorer:Comet","floor":16.0},{"not_picked":["RobotSpaceExplorer:BigMissile","RobotSpaceExplorer:FrostMissile"],"picked":"RobotSpaceExplorer:Pulsar","floor":17.0},{"not_picked":["RobotSpaceExplorer:Smokescreen","RobotSpaceExplorer:Electroshield","RobotSpaceExplorer:ChargingLaser"],"picked":"SKIP","floor":22.0},{"not_picked":["RobotSpaceExplorer:DroneSwarm+1","RobotSpaceExplorer:Asteroid","RobotSpaceExplorer:Autoloader+1"],"picked":"SKIP","floor":25.0},{"not_picked":["RobotSpaceExplorer:HighVoltage","RobotSpaceExplorer:DroneSwarm+1"],"picked":"RobotSpaceExplorer:TrailblazerForm+1","floor":31.0},{"not_picked":["RobotSpaceExplorer:Asteroid","RobotSpaceExplorer:HighVoltage"],"picked":"RobotSpaceExplorer:Comet","floor":37.0},{"not_picked":["RobotSpaceExplorer:Autoloader+1","RobotSpaceExplorer:Arsenal","RobotSpaceExplorer:ShockMissile"],"picked":"SKIP","floor":39.0},{"not_picked":["RobotSpaceExplorer:Arsenal","RobotSpaceExplorer:Multitool+1"],"picked":"RobotSpaceExplorer:TrailblazerForm+1","floor":50.0},{"not_picked":["RobotSpaceExplorer:Wormhole","RobotSpaceExplorer:Autoloader+1"],"picked":"RobotSpaceExplorer:Exploration","floor":63.0},{"not_picked":["RobotSpaceExplorer:DroneSwarm+1","RobotSpaceExplorer:HighVoltage"],"picked":"RobotSpaceExplorer:Comet","floor":64.0},{"not_picked":["RobotSpaceExplorer:Arsenal","RobotSpaceExplorer:ShockMissile","RobotSpaceExplorer:HighVoltage"],"picked":"SKIP","floor":75.0},{"not_picked":["RobotSpaceExplorer:Asteroid","RobotSpaceExplorer:Multitool+1"],"picked":"RobotSpaceExplorer:Comet","floor":76},{"not_picked":["RobotSpaceExplorer:Scanner+1","RobotSpaceExplorer:Accelerator+1"],"picked":"RobotSpaceExplorer:Comet","floor":78},{"not_picked":["RobotSpaceExplorer:Scanner+1","RobotSpaceExplorer:Accelerator+1","RobotSpaceExplorer:Asteroid"],"picked":"SKIP","floor":80},{"not_picked":["RobotSpaceExplorer:BlastShield","RobotSpaceExplorer:Wormhole","RobotSpaceExplorer:ChargingLaser"],"picked":"SKIP","floor":82},{"not_picked":["RobotSpaceExplorer:Autoloader+1","RobotSpaceExplorer:DroneSwarm+1"],"picked":"RobotSpaceExplorer:TrailblazerForm+1","floor":90},{"not_picked":["RobotSpaceExplorer:Multitool+1","RobotSpaceExplorer:ShockMissile"],"picked":"RobotSpaceExplorer:DroneSwarm+1","floor":92},{"not_picked":["RobotSpaceExplorer:Multitool+1","RobotSpaceExplorer:HighVoltage","RobotSpaceExplorer:ChargingLaser"],"picked":"SKIP","floor":93},{"not_picked":["RobotSpaceExplorer:ScrapMissile+1","RobotSpaceExplorer:PowerGlove+1"],"picked":"RobotSpaceExplorer:Pulsar","floor":96},{"not_picked":["RobotSpaceExplorer:Accelerator+1","RobotSpaceExplorer:ShockMissile"],"picked":"RobotSpaceExplorer:Comet","floor":101},{"not_picked":["RobotSpaceExplorer:Autoloader+1","RobotSpaceExplorer:Wormhole","RobotSpaceExplorer:ChargingLaser"],"picked":"SKIP","floor":107},{"not_picked":["RobotSpaceExplorer:HighVoltage","RobotSpaceExplorer:BlastShield"],"picked":"RobotSpaceExplorer:Exploration","floor":109},{"not_picked":["RobotSpaceExplorer:Autoloader+1","RobotSpaceExplorer:ShockMissile","RobotSpaceExplorer:Arsenal"],"picked":"SKIP","floor":114},{"not_picked":["RobotSpaceExplorer:HighVoltage","RobotSpaceExplorer:Explosion"],"picked":"RobotSpaceExplorer:Comet+1","floor":126},{"not_picked":["RobotSpaceExplorer:ShockMissile","RobotSpaceExplorer:ChargingLaser","RobotSpaceExplorer:Accelerator+1"],"picked":"SKIP","floor":127},{"not_picked":["RobotSpaceExplorer:Multitool+1","RobotSpaceExplorer:BlastShield+1","RobotSpaceExplorer:HighVoltage"],"picked":"SKIP","floor":128},{"not_picked":["RobotSpaceExplorer:SelfCleaning+1","RobotSpaceExplorer:ImprovisedAttack"],"picked":"RobotSpaceExplorer:Pulsar+1","floor":132},{"not_picked":["RobotSpaceExplorer:Blaster","RobotSpaceExplorer:HighVoltage","RobotSpaceExplorer:DroneSwarm+1"],"picked":"SKIP","floor":133},{"not_picked":["RobotSpaceExplorer:Accelerator+1","RobotSpaceExplorer:BlastShield+1"],"picked":"RobotSpaceExplorer:Arsenal+1","floor":135}],"player_experience":704373,"relics_obtained":[{"floor":2.0,"key":"hubris:DuctTape"},{"floor":3.0,"key":"hubris:GlazedTorus"},{"floor":5.0,"key":"Turnip"},{"floor":7.0,"key":"Frozen Egg 2"},{"floor":8.0,"key":"Meat on the Bone"},{"floor":9.0,"key":"hubris:CrystalStatue"},{"floor":10.0,"key":"Ornamental Fan"},{"floor":11.0,"key":"Kunai"},{"floor":14.0,"key":"Blood Vial"},{"floor":15.0,"key":"RobotSpaceExplorer:BottledGravity"},{"floor":19.0,"key":"Art of War"},{"floor":20.0,"key":"Strawberry"},{"floor":24.0,"key":"HornCleat"},{"floor":25.0,"key":"Smiling Mask"},{"floor":30.0,"key":"Happy Flower"},{"floor":31.0,"key":"MealTicket"},{"floor":32.0,"key":"Bag of Preparation"},{"floor":37.0,"key":"PreservedInsect"},{"floor":38.0,"key":"Potion Belt"},{"floor":39.0,"key":"Darkstone Periapt"},{"floor":41.0,"key":"The Courier"},{"floor":45.0,"key":"CaptainsWheel"},{"floor":48.0,"key":"InkBottle"},{"floor":49.0,"key":"TungstenRod"},{"floor":53.0,"key":"Orichalcum"},{"floor":58.0,"key":"beaked:ShinyBauble"},{"floor":64.0,"key":"MawBank"},{"floor":65.0,"key":"Dream Catcher"},{"floor":66.0,"key":"Guardian:PocketSentry"},{"floor":70.0,"key":"Vajra"},{"floor":74.0,"key":"Bronze Scales"},{"floor":83,"key":"Akabeko"},{"floor":87,"key":"hubris:CuriousFeather"},{"floor":88,"key":"hubris:MysteriousPyramids"},{"floor":100,"key":"Ancient Tea Set"},{"floor":104,"key":"hubris:BottledRain"},{"floor":113,"key":"champ:DuelingGlove"},{"floor":117,"key":"Pen Nib"},{"floor":121,"key":"RobotSpaceExplorer:ClockworkSextant"},{"floor":122,"key":"Toy Ornithopter"},{"floor":134,"key":"Regal Pillow"}],"event_choices":[{"damage_healed":0.0,"max_hp_gain":0.0,"max_hp_loss":0.0,"gold_gain":0.0,"event_name":"Upgrade Shrine","player_choice":"Upgraded","floor":4.0,"gold_loss":0.0,"damage_taken":0.0,"cards_upgraded":["hubris:DuctTapeCard"]},{"damage_healed":0.0,"max_hp_gain":0.0,"max_hp_loss":0.0,"gold_gain":0.0,"event_name":"NoteForYourself","player_choice":"Ignored","floor":21.0,"gold_loss":0.0,"damage_taken":0.0},{"damage_healed":0.0,"max_hp_gain":0.0,"max_hp_loss":0.0,"gold_gain":0.0,"event_name":"Lab","player_choice":"Got Potions","floor":36.0,"gold_loss":0.0,"damage_taken":0.0},{"damage_healed":0.0,"max_hp_gain":0.0,"max_hp_loss":0.0,"gold_gain":0.0,"event_name":"Big Fish","player_choice":"Box","floor":56.0,"gold_loss":0.0,"damage_taken":0.0,"relics_obtained":["hubris:SlimyHat"],"cards_obtained":["Regret"]},{"damage_healed":0.0,"max_hp_gain":0.0,"max_hp_loss":0.0,"gold_gain":0.0,"event_name":"Vampires","player_choice":"Ignored","floor":73.0,"gold_loss":0.0,"damage_taken":0.0},{"damage_healed":0,"gold_gain":0,"cards_transformed":["RobotSpaceExplorer:Comet"],"player_choice":"Transformed","damage_taken":0,"max_hp_gain":0,"max_hp_loss":0,"event_name":"Transmorgrifier","floor":89,"gold_loss":0,"cards_obtained":["RobotSpaceExplorer:TrailblazerForm"]},{"damage_healed":0,"gold_gain":0,"player_choice":"Ignored","damage_taken":0,"max_hp_gain":0,"max_hp_loss":0,"event_name":"Upgrade Shrine","floor":91,"gold_loss":0},{"damage_healed":0,"gold_gain":0,"player_choice":"Ignored","damage_taken":0,"max_hp_gain":0,"max_hp_loss":0,"event_name":"Ghosts","floor":131,"gold_loss":0}],"is_beta":false,"boss_relics":[{"not_picked":["Calling Bell","SacredBark"],"picked":"Tiny House"},{"not_picked":["sneckomod:SneckoTalon","hubris:CrackedHourglass"],"picked":"jesterMod:MachoBrace"},{"not_picked":["Astrolabe","hubris:RunicObelisk"],"picked":"hubris:BlackHole"},{"not_picked":["hubris:GrandSneckoEye","hubris:TerracottaHorce","Velvet Choker"]},{"not_picked":["SacredBark","Runic Pyramid"],"picked":"hubris:ScarierMask"},{"not_picked":["Runic Dome","hubris:CrackedHourglass"],"picked":"RobotSpaceExplorer:TurboCore"},{"not_picked":["Philosopher\u0027s Stone","hubris:GrandSneckoEye"],"picked":"Black Star"},{"not_picked":["hubris:CrackedHourglass","beaked:SacredDeck"],"picked":"hubris:VirtuousBlindfold"}],"items_purged_floors":[26,27,40,44,47,54,59,71],"is_endless":true,"potions_floor_spawned":[2,5,14,15,30,31,33,38,39,45,63,65,66,74,76,78,83,84,87,90,92,104,107,109,113,114,116,117,118,121,122,126,127,128,133,134,135],"ascension_level":0}}