{"host":"fjaupvxe7fzqrf4j","time":1610288442,"event":{"mods":["ATMod(°¢èªMod)","BaseMod","Minty Spire (QoL Compilation)","StSLib"],"gold_per_floor":[115,115,115,133,133,158,184,213,213,247,278,309,323,358,358,435,435,445,445,445,445,445,475,500,532,532,564,281,308,341,373,373,450,450,462,462,462,90,90,117,144,179,226,261,261,296,325,369,369,369,369],"floor_reached":50,"playtime":1101,"items_purged":["SignatureMove","FollowUp+1"],"score":2785,"play_id":"a7c1cf87-d0e3-445c-99ed-dc02aa9513e2","local_time":"20210110222042","daily_mods":["SealedDeck","Heirloom","Time Dilation","Flight","Elite Swarm"],"is_ascension_mode":true,"campfire_choices":[{"data":"Halt","floor":15.0,"key":"SMITH"},{"data":"Ragnarok","floor":32,"key":"SMITH"},{"floor":49,"key":"RECALL"}],"circlet_count":0,"master_deck":["AscendersBane","Consecrate+1","Halt+1","Adaptation+1","Indignation+1","FlurryOfBlows+1","Crescendo+1","Prostrate+1","Prostrate+1","InnerPeace+1","DeusExMachina+1","Scrawl+1","Brilliance+1","LessonLearned+1","Brilliance+1","TalkToTheHand+1","Ragnarok+1","Omniscience+1","Fasting2+1","Omniscience+1","Scrawl+1","Vault+1"],"relics":["PureWater","AT_ATBox","Ginger","Sundial","Pocketwatch","CaptainsWheel","AT_Manta","The Courier","Bag of Marbles","Runic Dome","Juzu Bracelet","AT_RabadonDeathcap","Anchor","Pantograph","Akabeko","Toxic Egg 2","Bird Faced Urn","Ornamental Fan","AT_BellDemon","AT_GoldPhoenixTree","Coffee Dripper","StoneCalendar","Shuriken","Art of War","Eternal Feather","CeramicFish","AT_RedNoBalance","Blood Vial","AT_RedTearstoneRing","Mango","Meat on the Bone","PreservedInsect","Regal Pillow","AT_Kusabimaru","Toy Ornithopter","Mercury Hourglass","Yang"],"acts_visited":["Exordium","TheCity","TheBeyond"],"potions_floor_usage":[41,46,46],"damage_taken":[{"damage":0.0,"enemies":"Jaw Worm","floor":1.0,"turns":1.0},{"damage":0.0,"enemies":"Cultist","floor":4.0,"turns":1.0},{"damage":0.0,"enemies":"Lagavulin","floor":6.0,"turns":2.0},{"damage":0.0,"enemies":"Gremlin Nob","floor":7.0,"turns":2.0},{"damage":2.0,"enemies":"3 Sentries","floor":8.0,"turns":3.0},{"damage":0.0,"enemies":"Lagavulin","floor":10.0,"turns":2.0},{"damage":7.0,"enemies":"Gremlin Nob","floor":11.0,"turns":3.0},{"damage":0.0,"enemies":"Lagavulin","floor":12.0,"turns":2.0},{"damage":1.0,"enemies":"2 Louse","floor":13.0,"turns":2.0},{"damage":0.0,"enemies":"Gremlin Nob","floor":14.0,"turns":1.0},{"damage":0.0,"enemies":"The Guardian","floor":16.0,"turns":2.0},{"damage":0.0,"enemies":"Shell Parasite","floor":18.0,"turns":1.0},{"damage":0.0,"enemies":"Book of Stabbing","floor":23.0,"turns":1.0},{"damage":0.0,"enemies":"Gremlin Leader","floor":24.0,"turns":1.0},{"damage":10,"enemies":"Book of Stabbing","floor":25,"turns":2},{"damage":0,"enemies":"Gremlin Leader","floor":27,"turns":2},{"damage":0,"enemies":"Slavers","floor":29,"turns":2},{"damage":0,"enemies":"Gremlin Leader","floor":30,"turns":1},{"damage":0,"enemies":"Book of Stabbing","floor":31,"turns":1},{"damage":20,"enemies":"Automaton","floor":33,"turns":3},{"damage":0,"enemies":"3 Shapes","floor":35,"turns":1},{"damage":0,"enemies":"Reptomancer","floor":40,"turns":1},{"damage":27,"enemies":"Giant Head","floor":41,"turns":2},{"damage":0,"enemies":"Nemesis","floor":42,"turns":1},{"damage":0,"enemies":"Giant Head","floor":44,"turns":2},{"damage":0,"enemies":"Nemesis","floor":46,"turns":1},{"damage":0,"enemies":"Giant Head","floor":47,"turns":1},{"damage":0,"enemies":"Reptomancer","floor":48,"turns":1},{"damage":91,"enemies":"Time Eater","floor":50,"turns":1}],"seed_played":"1806183955491324440","potions_obtained":[{"floor":4.0,"key":"ColorlessPotion"},{"floor":8.0,"key":"GamblersBrew"},{"floor":10.0,"key":"Regen Potion"},{"floor":13.0,"key":"EntropicBrew"},{"floor":41,"key":"DuplicationPotion"},{"floor":46,"key":"LiquidBronze"},{"floor":48,"key":"Regen Potion"}],"is_trial":true,"path_per_floor":["M","?","?","M","?","E","E","E","T","E","E","E","M","E","R","B",null,"M","?","?","?","?","E","E","E","T","E","$","E","E","E","R","B",null,"M","?","?","$","$","E","E","E","T","E","?","E","E","E","R","B"],"character_chosen":"WATCHER","items_purchased":["Toxic Egg 2","Shuriken","Fasting2"],"campfire_rested":0,"item_purchase_floors":[28,38,38],"current_hp_per_floor":[61,35,35,35,35,35,35,33,33,33,26,26,25,25,25,25,57,57,57,57,57,78,78,78,68,68,68,68,68,70,72,72,60,74,76,76,76,76,76,78,53,47,47,67,67,47,47,53,65,0,0],"gold":369,"neow_bonus":"","is_daily":false,"chose_seed":false,"campfire_upgraded":2,"win_rate":0.0,"timestamp":1610288442,"path_taken":["M","?","?","?","?","E","E","E","T","E","E","E","M","E","R","BOSS","M","?","?","?","?","E","E","E","T","E","$","E","E","E","R","BOSS","M","?","?","$","$","E","E","E","T","E","?","E","E","E","R","BOSS"],"items_purchased_type":["Relic","Relic","Card"],"build_version":"2020-12-22","purchased_purges":2,"victory":false,"max_hp_per_floor":[68,68,68,68,68,68,68,68,68,68,68,68,68,68,68,68,68,68,68,68,68,78,78,78,78,78,78,78,78,78,78,78,78,78,78,78,78,78,78,78,78,78,78,92,87,87,87,87,87,87,87],"card_choices":[{"not_picked":["LikeWater","JustLucky"],"picked":"InnerPeace","floor":1.0},{"not_picked":["Vengeance","Perseverance","Pray"],"picked":"SKIP","floor":4.0},{"not_picked":["Establishment","MasterReality"],"picked":"DeusExMachina","floor":6.0},{"not_picked":["MasterReality","SpiritShield"],"picked":"Scrawl","floor":7.0},{"not_picked":["SpiritShield","Vault"],"picked":"Brilliance","floor":8.0},{"not_picked":["Judgement","ConjureBlade","AT_MachinaRedman"],"picked":"SKIP","floor":10.0},{"not_picked":["ConjureBlade","DevaForm","AT_IrregularMenstruation"],"picked":"SKIP","floor":11.0},{"not_picked":["Scrawl","DeusExMachina"],"picked":"LessonLearned","floor":12.0},{"not_picked":["Prostrate","Sanctity","FlyingSleeves"],"picked":"SKIP","floor":13.0},{"not_picked":["ConjureBlade","Scrawl"],"picked":"Brilliance","floor":14.0},{"not_picked":["LessonLearned","Vault"],"picked":"Omniscience","floor":16.0},{"not_picked":["Crescendo","Prostrate","SandsOfTime"],"picked":"SKIP","floor":18.0},{"not_picked":["AT_RealColorLess","ConjureBlade","Devotion"],"picked":"SKIP","floor":23.0},{"not_picked":["Wish","Blasphemy","SpiritShield"],"picked":"SKIP","floor":24.0},{"not_picked":["Wish","Omniscience"],"picked":"Ragnarok","floor":25},{"not_picked":["Devotion","MasterReality","AT_IrregularMenstruation"],"picked":"SKIP","floor":27},{"not_picked":["MasterReality","LessonLearned","Establishment"],"picked":"SKIP","floor":29},{"not_picked":["Ragnarok","AT_MachinaRedman+1"],"picked":"Omniscience+1","floor":30},{"not_picked":["AT_IrregularMenstruation+1","SpiritShield+1","AT_MachinaRedman+1"],"picked":"SKIP","floor":31},{"not_picked":["LikeWater","PathToVictory+1","Nirvana+1"],"picked":"SKIP","floor":35},{"not_picked":["Ragnarok","LessonLearned"],"picked":"Omniscience+1","floor":40},{"not_picked":["AT_IrregularMenstruation+1","AT_MachinaRedman+1","Blasphemy+1"],"picked":"SKIP","floor":41},{"not_picked":["LessonLearned","ConjureBlade+1","Establishment"],"picked":"SKIP","floor":42},{"not_picked":["ConjureBlade+1","AT_IrregularMenstruation+1","AT_RealColorLess"],"picked":"SKIP","floor":44},{"not_picked":["Blasphemy+1","Wish+1"],"picked":"Scrawl+1","floor":46},{"not_picked":["AT_ChampionKick","ConjureBlade+1","Scrawl+1"],"picked":"SKIP","floor":47},{"not_picked":["AT_IrregularMenstruation+1","DevaForm"],"picked":"Vault+1","floor":48}],"player_experience":386516,"relics_obtained":[{"floor":8.0,"key":"Pocketwatch"},{"floor":10.0,"key":"CaptainsWheel"},{"floor":11.0,"key":"AT_Manta"},{"floor":12.0,"key":"The Courier"},{"floor":14.0,"key":"Bag of Marbles"},{"floor":23.0,"key":"Juzu Bracelet"},{"floor":24.0,"key":"AT_RabadonDeathcap"},{"floor":25,"key":"Anchor"},{"floor":26,"key":"Pantograph"},{"floor":27,"key":"Akabeko"},{"floor":29,"key":"Bird Faced Urn"},{"floor":30,"key":"Ornamental Fan"},{"floor":31,"key":"AT_BellDemon"},{"floor":33,"key":"AT_GoldPhoenixTree"},{"floor":35,"key":"StoneCalendar"},{"floor":40,"key":"Art of War"},{"floor":40,"key":"Eternal Feather"},{"floor":41,"key":"CeramicFish"},{"floor":41,"key":"AT_SilverBalance"},{"floor":42,"key":"Blood Vial"},{"floor":43,"key":"AT_RedTearstoneRing"},{"floor":44,"key":"Mango"},{"floor":44,"key":"Meat on the Bone"},{"floor":46,"key":"PreservedInsect"},{"floor":46,"key":"Regal Pillow"},{"floor":47,"key":"AT_Kusabimaru"},{"floor":47,"key":"Toy Ornithopter"},{"floor":48,"key":"Mercury Hourglass"},{"floor":48,"key":"Yang"}],"event_choices":[{"damage_healed":0.0,"max_hp_gain":0.0,"max_hp_loss":0.0,"gold_gain":0.0,"event_name":"Scrap Ooze","player_choice":"Success","floor":2.0,"gold_loss":0.0,"damage_taken":26.0,"relics_obtained":["Sundial"]},{"damage_healed":0.0,"max_hp_gain":0.0,"max_hp_loss":0.0,"gold_gain":0.0,"event_name":"WeMeetAgain","player_choice":"Ignored","floor":3.0,"gold_loss":0.0,"damage_taken":0.0},{"damage_healed":0.0,"max_hp_gain":0.0,"max_hp_loss":0.0,"gold_gain":0.0,"event_name":"Liars Game","player_choice":"Ignored","floor":5.0,"gold_loss":0.0,"damage_taken":0.0},{"damage_healed":0.0,"max_hp_gain":0.0,"max_hp_loss":0.0,"gold_gain":0.0,"event_name":"Vampires","player_choice":"Ignored","floor":19.0,"gold_loss":0.0,"damage_taken":0.0},{"damage_healed":0.0,"max_hp_gain":0.0,"max_hp_loss":0.0,"gold_gain":0.0,"event_name":"The Library","player_choice":"Read","floor":20.0,"gold_loss":0.0,"damage_taken":0.0,"cards_obtained":["TalkToTheHand"]},{"damage_healed":0.0,"max_hp_gain":0.0,"max_hp_loss":0.0,"gold_gain":0.0,"event_name":"The Mausoleum","player_choice":"Ignored","floor":21.0,"gold_loss":0.0,"damage_taken":0.0},{"cards_removed":["Omniscience"],"damage_healed":11.0,"max_hp_gain":10.0,"max_hp_loss":0.0,"gold_gain":0.0,"event_name":"Bonfire Elementals","player_choice":"Offered Rare","floor":22.0,"gold_loss":0.0,"damage_taken":0.0},{"damage_healed":0,"gold_gain":0,"player_choice":"Ignored","damage_taken":0,"max_hp_gain":0,"max_hp_loss":0,"event_name":"Tomb of Lord Red Mask","floor":36,"gold_loss":0},{"damage_healed":0,"gold_gain":0,"player_choice":"Memory 1","damage_taken":0,"max_hp_gain":0,"max_hp_loss":0,"event_name":"SensoryStone","floor":37,"gold_loss":0},{"damage_healed":0,"gold_gain":0,"player_choice":"Max HP","damage_taken":0,"max_hp_gain":0,"max_hp_loss":5,"event_name":"Winding Halls","floor":45,"gold_loss":0}],"is_beta":false,"boss_relics":[{"not_picked":["Cursed Key","Sozu"],"picked":"Runic Dome"},{"not_picked":["Astrolabe","VioletLotus"],"picked":"Coffee Dripper"}],"items_purged_floors":[28,38],"is_endless":false,"potions_floor_spawned":[4,8,10,12,13,18,24,30,33,35,40,41,46,48],"killed_by":"Time Eater","ascension_level":20}}