{"host":"vohenq18pmg6jboc","time":1610277389,"event":{"mods":["Arknights The Spire","BaseMod","Chen","Gremlin Mod","Hermit","Koishi","Marisa¡]Ãú«B¡@Å]²z¨F¡^","Minty Spire (QoL Compilation)","Remilia¡]Á¢¦Ì²ú?¡^","StSLib","The Administrix","The Bug Knight","The Cursed","The Servant 0.9.4","Yakumo Yukari mod","Youmu¡]»î¾z§¯?¡^","Yuyuko"],"gold_per_floor":[114,9,9,22,33,33,45,70,70,70,70,35,48,58,58,160,460,473,473,492,508,15,15,15,15],"floor_reached":24,"playtime":1670,"items_purged":[],"score":223,"play_id":"f2d37d41-830c-4e19-bab5-63f2b825979c","local_time":"20210110191629","is_ascension_mode":false,"campfire_choices":[{"data":"TheCursedMod:StingEye","floor":6,"key":"SMITH"},{"data":"TheCursedMod:CircleOfFlame","floor":10,"key":"SMITH"},{"data":"TheCursedMod:HellsGateOpen","floor":15,"key":"SMITH"},{"floor":23,"key":"REST"}],"circlet_count":0,"master_deck":["TheCursedMod:Strike_TheCursed","TheCursedMod:Strike_TheCursed","TheCursedMod:Strike_TheCursed","TheCursedMod:Strike_TheCursed","TheCursedMod:Defend_TheCursed","TheCursedMod:Defend_TheCursed","TheCursedMod:Defend_TheCursed","TheCursedMod:Defend_TheCursed","TheCursedMod:CursedWand","TheCursedMod:CleanUpWorkshop","TheCursedMod:Dregs","TheCursedMod:FleshFromBone","TheCursedMod:FleshFromBone","TheCursedMod:HellsGateOpen+1","TheCursedMod:StingEye+1","TheCursedMod:CircleOfFlame+1","TheCursedMod:WearCloak","TheCursedMod:SpreadPlague","TheCursedMod:SurpriseAttack","TheCursedMod:SpitefulPray","TheCursedMod:Neurasthenia","CurseOfTheBell","TheCursedMod:CursedBlade","TheCursedMod:Torture+1","TheCursedMod:Stretching+1","TheCursedMod:Wield","TheCursedMod:CursedShiv"],"relics":["TheCursedMod:BlackMagic101","NeowsBlessing","Bronze Scales","Pear","Calling Bell","Ancient Tea Set","Toxic Egg 2","Old Coin","HollowMod:StagPassRelic","Vajra"],"acts_visited":["Exordium","TheCity"],"potions_floor_usage":[16,16,21],"damage_taken":[{"damage":0,"enemies":"Cultist","floor":1,"turns":1},{"damage":0,"enemies":"Small Slimes","floor":4,"turns":2},{"damage":0,"enemies":"Jaw Worm","floor":5,"turns":1},{"damage":0,"enemies":"Large Slime","floor":7,"turns":5},{"damage":13,"enemies":"Lagavulin","floor":8,"turns":6},{"damage":10,"enemies":"Exordium Wildlife","floor":13,"turns":3},{"damage":10,"enemies":"Exordium Thugs","floor":14,"turns":4},{"damage":36,"enemies":"The Guardian","floor":16,"turns":9},{"damage":26,"enemies":"2 Thieves","floor":18,"turns":3},{"damage":21,"enemies":"Snake Plant","floor":20,"turns":3},{"damage":22,"enemies":"Centurion and Healer","floor":21,"turns":6},{"damage":48,"enemies":"Slavers","floor":24,"turns":4}],"seed_played":"-9202364686147897519","potions_obtained":[{"floor":13,"key":"SteroidPotion"},{"floor":14,"key":"Strength Potion"},{"floor":18,"key":"LiquidMemories"}],"is_trial":false,"path_per_floor":["M","$","$","M","M","R","M","E","T","R","?","?","M","M","R","B",null,"M","?","M","M","$","R","E"],"character_chosen":"THE_CURSED","items_purchased":["TheCursedMod:FleshFromBone","TheCursedMod:HellsGateOpen","HollowMod:StagPassRelic","TheCursedMod:Wield","TheCursedMod:CursedShiv","Vajra"],"campfire_rested":1,"item_purchase_floors":[2,2,22,22,22,22],"current_hp_per_floor":[75,75,75,75,75,75,75,62,72,72,77,90,80,70,70,34,90,64,64,43,21,21,48,0,0],"gold":15,"neow_bonus":"THREE_ENEMY_KILL","is_daily":false,"chose_seed":false,"campfire_upgraded":3,"win_rate":0.0,"timestamp":1610277389,"path_taken":["M","?","$","M","M","R","?","E","T","R","?","?","M","M","R","BOSS","M","?","M","M","$","R","E"],"items_purchased_type":["Card","Card","Relic","Card","Card","Relic"],"build_version":"2020-12-22","purchased_purges":0,"victory":false,"max_hp_per_floor":[75,75,75,75,75,75,75,75,85,85,90,90,90,90,90,90,90,90,90,90,90,90,90,90,90],"card_choices":[{"not_picked":["TheCursedMod:Stretching","TheCursedMod:SmokeScreen"],"picked":"TheCursedMod:FleshFromBone","floor":1},{"not_picked":["TheCursedMod:CursedBlade","TheCursedMod:CircleOfBlood"],"picked":"TheCursedMod:StingEye","floor":4},{"not_picked":["TheCursedMod:FleshFromBone","TheCursedMod:CursedSpellbook"],"picked":"TheCursedMod:CircleOfFlame","floor":5},{"not_picked":["TheCursedMod:VitalStrike","TheCursedMod:RavingStaff"],"picked":"TheCursedMod:WearCloak","floor":7},{"not_picked":["TheCursedMod:CircleOfWindfury","TheCursedMod:DemonicPact"],"picked":"TheCursedMod:SpreadPlague","floor":8},{"not_picked":["TheCursedMod:Torture","TheCursedMod:FleshFromBone"],"picked":"TheCursedMod:SurpriseAttack","floor":13},{"not_picked":["TheCursedMod:Stigma","TheCursedMod:SpitefulPlan"],"picked":"TheCursedMod:SpitefulPray","floor":14},{"not_picked":["TheCursedMod:DemonSword","TheCursedMod:AntiAging"],"picked":"TheCursedMod:Neurasthenia","floor":16},{"not_picked":["TheCursedMod:SurpriseAttack","TheCursedMod:TacticalStrike"],"picked":"TheCursedMod:CursedBlade","floor":18},{"not_picked":["TheCursedMod:SoulReap+1","TheCursedMod:CursedBlade"],"picked":"TheCursedMod:Torture+1","floor":20},{"not_picked":["TheCursedMod:SurpriseAttack+1","TheCursedMod:Torture+1"],"picked":"TheCursedMod:Stretching+1","floor":21}],"player_experience":45075,"relics_obtained":[{"floor":8,"key":"Bronze Scales"},{"floor":9,"key":"Pear"},{"floor":17,"key":"Ancient Tea Set"},{"floor":17,"key":"Toxic Egg 2"},{"floor":17,"key":"Old Coin"}],"event_choices":[{"damage_healed":0,"gold_gain":0,"player_choice":"Donut","damage_taken":0,"max_hp_gain":5,"max_hp_loss":0,"event_name":"Big Fish","floor":11,"gold_loss":0},{"damage_healed":22,"gold_gain":0,"player_choice":"Healed","damage_taken":0,"max_hp_gain":0,"max_hp_loss":0,"event_name":"The Cleric","floor":12,"gold_loss":35},{"damage_healed":0,"gold_gain":0,"player_choice":"Ignored","damage_taken":0,"max_hp_gain":0,"max_hp_loss":0,"event_name":"Ghosts","floor":19,"gold_loss":0}],"is_beta":false,"boss_relics":[{"not_picked":["SlaversCollar","Astrolabe"],"picked":"Calling Bell"}],"items_purged_floors":[],"is_endless":false,"potions_floor_spawned":[13,14,18],"killed_by":"Slavers","ascension_level":0}}