{"host":"kh6fvhxn285ncg0o","time":1610272206,"event":{"mods":["Act Like it!","BaseMod","Colored Map","Friendly Minions","Keyboard Shortcuts","Minty Spire (QoL Compilation)","Quick Restart","Relic Stats","StSLib","SuperFastMode"],"gold_per_floor":[109,109,128,53,53,53,72,72,72],"floor_reached":8,"playtime":66,"items_purged":["Pain"],"score":92,"play_id":"3868eb7f-2263-46cb-9159-a3bcb3e9439b","local_time":"20210110185006","is_ascension_mode":true,"campfire_choices":[{"floor":6,"key":"REST"}],"circlet_count":0,"master_deck":["AscendersBane","Strike_R","Strike_R","Strike_R","Strike_R","Strike_R","Defend_R","Defend_R","Defend_R","Defend_R","Bash","Wild Strike"],"relics":["Burning Blood","NeowsBlessing","WarpedTongs","Ginger"],"acts_visited":["Exordium"],"potions_floor_usage":[],"damage_taken":[{"damage":0,"enemies":"Jaw Worm","floor":1,"turns":1},{"damage":0,"enemies":"Cultist","floor":3,"turns":1},{"damage":0,"enemies":"2 Louse","floor":7,"turns":1},{"damage":0,"enemies":"3 Sentries","floor":8,"turns":1}],"seed_played":"643297094413033379","potions_obtained":[{"floor":1,"key":"Swift Potion"}],"is_trial":false,"path_per_floor":["M","?","M","$","?","R","M","E"],"character_chosen":"IRONCLAD","items_purchased":[],"campfire_rested":1,"item_purchase_floors":[],"current_hp_per_floor":[74,74,75,75,40,62,68,68,68],"gold":72,"neow_bonus":"THREE_ENEMY_KILL","is_daily":false,"chose_seed":false,"campfire_upgraded":0,"win_rate":0.0,"timestamp":1610272206,"path_taken":["M","?","M","?","?","R","M","E"],"items_purchased_type":[],"build_version":"2020-12-22","purchased_purges":1,"victory":false,"max_hp_per_floor":[75,75,75,75,75,75,75,75,75],"relic_stats":{"counters":[4,4],"Ginger":[0],"obtain_stats":[{"NeowsBlessing":0,"Ginger":5,"Burning Blood":0,"WarpedTongs":2},{"NeowsBlessing":0,"Ginger":2,"Burning Blood":0,"WarpedTongs":1},{"NeowsBlessing":0,"Ginger":2,"Burning Blood":0,"WarpedTongs":1}],"Burning Blood":13,"WarpedTongs":[3]},"card_choices":[{"not_picked":["Rupture","Clash","Twin Strike"],"picked":"SKIP","floor":1},{"not_picked":["Iron Wave","Armaments","Whirlwind"],"picked":"SKIP","floor":3},{"not_picked":["Shrug It Off","Headbutt"],"picked":"Wild Strike","floor":7}],"player_experience":3408864,"relics_obtained":[],"event_choices":[{"damage_healed":0,"gold_gain":0,"player_choice":"Rummage","damage_taken":0,"relics_obtained":["WarpedTongs"],"max_hp_gain":0,"max_hp_loss":0,"event_name":"Accursed Blacksmith","floor":2,"gold_loss":0,"cards_obtained":["Pain"]},{"damage_healed":0,"gold_gain":0,"player_choice":"Success","damage_taken":35,"relics_obtained":["Ginger"],"max_hp_gain":0,"max_hp_loss":0,"event_name":"Scrap Ooze","floor":5,"gold_loss":0}],"is_beta":false,"boss_relics":[],"items_purged_floors":[4],"is_endless":false,"potions_floor_spawned":[1],"killed_by":"3 Sentries","ascension_level":20}}