{"host":"mmyob72dycyg5z21","time":1610261154,"event":{"mods":["Act Like it!","Alarm Clock","BaseMod","Bestiary","Better Note","Better Third Choice","Better Vampires","Colored Powertips","Custom Start","Gold Saver","Gremlin Skip","Luminous","Marked Mod","Minty Spire (QoL Compilation)","Rare Cards Sparkle","Spicy Shops","StSLib","SuperFastMode","[功能]功能增强和修复MOD","【功能Mod】精心准备"],"gold_per_floor":[928,947,947,897,912,912,929,929,929,247,258,258,258,268,268,371,371,382,402,418,418,430,430,430,442,442,474,474,774,789,789,789,894,894,910,925,260,279,329,329,354,354,400,435,53,153,181,197,197,197,197,197,26,56,56],"floor_reached":56,"playtime":3312,"items_purged":["Strike_B","Defend_B","Zap","Dualcast"],"score":1422,"play_id":"839af422-6db7-43a4-b8b2-68196e820613","local_time":"20210110144554","is_ascension_mode":false,"campfire_choices":[{"data":"Defend_B","floor":6,"key":"SMITH"},{"data":"Zap","floor":8,"key":"SMITH"},{"data":"Madness","floor":13,"key":"SMITH"},{"data":"Hologram","floor":15,"key":"SMITH"},{"data":"Amplify","floor":23,"key":"SMITH"},{"data":"Force Field","floor":28,"key":"SMITH"},{"data":"Force Field","floor":32,"key":"SMITH"},{"data":"Coolheaded","floor":40,"key":"SMITH"},{"data":"Steam","floor":42,"key":"SMITH"},{"floor":49,"key":"RECALL"},{"data":"BootSequence","floor":52,"key":"SMITH"}],"circlet_count":0,"master_deck":["Defend_B+1","Zap+1","Steam+1","Defragment+1","Madness+1","Creative AI+1","Hologram+1","Self Repair+1","Heatsinks+1","Amplify+1","BootSequence+1","Loop+1","Turbo+1","Chill","Force Field+1","Force Field+1","Thunder Strike+1","Barrage+1","Self Repair+1","Hyperbeam+1","Coolheaded+1","Heatsinks+1","Hologram+1","Leap+1","Coolheaded+1","Creative AI+1","Consume+1","Heatsinks+1","Lockon","Turbo","Apotheosis"],"relics":["Frozen Egg 2","betterThird:SlimedRelic","Centennial Puzzle","Omamori","TungstenRod","Coffee Dripper","Mango","Anchor","Old Coin","Necronomicon","Astrolabe","Happy Flower","Ancient Tea Set","Matryoshka","Orrery","Thread and Needle","Blood Vial","Toy Ornithopter","Boot","Membership Card","Whetstone","HandDrill","Kunai","Lantern","Art of War"],"acts_visited":["Exordium","TheCity","TheBeyond","TheEnding"],"potions_floor_usage":[48,54,55,55],"damage_taken":[{"damage":1,"enemies":"Jaw Worm","floor":1,"turns":4},{"damage":0,"enemies":"2 Louse","floor":2,"turns":3},{"damage":3,"enemies":"Small Slimes","floor":5,"turns":5},{"damage":0,"enemies":"Red Slaver","floor":7,"turns":5},{"damage":7,"enemies":"Exordium Thugs","floor":11,"turns":4},{"damage":6,"enemies":"Looter","floor":14,"turns":3},{"damage":31,"enemies":"The Guardian","floor":16,"turns":10},{"damage":1,"enemies":"Chosen","floor":18,"turns":6},{"damage":1,"enemies":"Shell Parasite","floor":19,"turns":8},{"damage":11,"enemies":"Snake Plant","floor":20,"turns":4},{"damage":8,"enemies":"Centurion and Healer","floor":22,"turns":6},{"damage":9,"enemies":"Snecko","floor":25,"turns":6},{"damage":10,"enemies":"Book of Stabbing","floor":27,"turns":6},{"damage":3,"enemies":"Shelled Parasite and Fungi","floor":30,"turns":6},{"damage":25,"enemies":"Automaton","floor":33,"turns":15},{"damage":0,"enemies":"3 Darklings","floor":35,"turns":3},{"damage":8,"enemies":"Orb Walker","floor":36,"turns":8},{"damage":1,"enemies":"Maw","floor":38,"turns":11},{"damage":34,"enemies":"2 Orb Walkers","floor":39,"turns":4},{"damage":12,"enemies":"Nemesis","floor":41,"turns":17},{"damage":0,"enemies":"Giant Head","floor":44,"turns":10},{"damage":18,"enemies":"Nemesis","floor":47,"turns":9},{"damage":44,"enemies":"Transient","floor":48,"turns":5},{"damage":13,"enemies":"Time Eater","floor":50,"turns":10},{"damage":0,"enemies":"Shield and Spear","floor":54,"turns":8},{"damage":0,"enemies":"The Heart","floor":55,"turns":10}],"seed_played":"-8279675004795067327","potions_obtained":[{"floor":2,"key":"PotionOfCapacity"},{"floor":7,"key":"DuplicationPotion"},{"floor":11,"key":"Explosive Potion"},{"floor":14,"key":"Block Potion"},{"floor":25,"key":"Ancient Potion"}],"is_trial":false,"path_per_floor":["M","M","?","?","M","R","M","R","T","$","M","?","R","M","R","B",null,"M","M","M","?","M","R","?","M","T","E","R","T","M","?","R","B",null,"M","M","$","M","?","R","E","R","T","E","$","?","E","M","R","B",null,"R","$","E","B",null],"character_chosen":"DEFECT","items_purchased":["Omamori","TungstenRod","Madness","Creative AI+1","Hologram","Heatsinks+1","Happy Flower","Ancient Tea Set","Matryoshka","Orrery","Membership Card","Whetstone","HandDrill","Lantern","Turbo","Weak Potion","Apotheosis"],"campfire_rested":0,"item_purchase_floors":[10,10,10,10,10,37,37,37,37,37,45,45,45,53,53,53,53],"current_hp_per_floor":[67,67,72,61,58,58,58,58,58,58,51,51,51,55,55,34,73,73,73,72,72,73,73,61,62,76,76,76,76,83,71,71,56,92,92,92,92,92,68,68,86,86,86,92,92,92,92,83,83,92,92,92,92,92,92],"gold":56,"neow_bonus":"REMOVE_TWO","is_daily":false,"chose_seed":false,"campfire_upgraded":10,"win_rate":0.0,"timestamp":1610261154,"path_taken":["M","M","?","?","M","R","M","R","T","$","?","?","R","M","R","BOSS","M","M","M","?","?","R","?","M","T","E","R","?","?","?","R","BOSS","M","M","$","M","?","R","E","R","T","E","$","?","E","?","R","BOSS","R","$","E","BOSS"],"items_purchased_type":["Relic","Relic","Card","Card","Card","Card","Relic","Relic","Relic","Relic","Relic","Relic","Relic","Relic","Card","Potion","Card"],"build_version":"2020-12-22","purchased_purges":4,"victory":true,"max_hp_per_floor":[68,68,73,73,73,73,73,73,73,73,73,73,73,73,73,73,73,73,73,73,73,73,73,78,78,92,92,92,92,92,92,92,92,92,92,92,92,92,92,92,92,92,92,92,92,92,92,92,92,92,92,92,92,92,92],"card_choices":[{"not_picked":["Beam Cell","Storm+1"],"picked":"Steam","floor":1},{"not_picked":["Barrage","Scrape","Redo"],"picked":"SKIP","floor":2},{"not_picked":["Chaos","Ball Lightning"],"picked":"Defragment+1","floor":5},{"not_picked":["Cold Snap","Steam","Go for the Eyes"],"picked":"SKIP","floor":7},{"not_picked":["Thunder Strike","Steam"],"picked":"Self Repair+1","floor":11},{"not_picked":["Gash","Tempest"],"picked":"Heatsinks+1","floor":14},{"not_picked":["Creative AI+1","Thunder Strike"],"picked":"Amplify","floor":16},{"not_picked":["Ball Lightning","Lockon+1"],"picked":"BootSequence","floor":18},{"not_picked":["Redo","Conserve Battery"],"picked":"Loop+1","floor":19},{"not_picked":["Leap","Streamline"],"picked":"Turbo+1","floor":20},{"not_picked":["Storm+1","Skim"],"picked":"Chill","floor":22},{"not_picked":["Hologram","Seek"],"picked":"Force Field","floor":25},{"not_picked":["Lockon","Reinforced Body","Ball Lightning+1"],"picked":"SKIP","floor":27},{"not_picked":["Gash","Cold Snap"],"picked":"Force Field","floor":30},{"not_picked":["Creative AI+1","Echo Form+1"],"picked":"Thunder Strike","floor":33},{"not_picked":["Auto Shields","Turbo"],"picked":"Coolheaded","floor":35},{"not_picked":["FTL","Rebound","Conserve Battery"],"picked":"SKIP","floor":36},{"not_picked":["Ball Lightning","Cold Snap+1"],"picked":"Hologram+1","floor":37},{"not_picked":["Rebound+1","Blizzard"],"picked":"Leap+1","floor":37},{"not_picked":["Scrape","Leap"],"picked":"Coolheaded+1","floor":37},{"not_picked":["Go for the Eyes","Auto Shields"],"picked":"Creative AI+1","floor":37},{"not_picked":["Steam+1","Sunder","Go for the Eyes+1"],"picked":"SKIP","floor":38},{"not_picked":["Redo+1","BootSequence+1"],"picked":"Consume+1","floor":39},{"not_picked":["Fusion","Scrape"],"picked":"Heatsinks+1","floor":41},{"not_picked":["Conserve Battery+1","Steam Power+1","Ball Lightning"],"picked":"SKIP","floor":44},{"not_picked":["Gash+1","Leap+1"],"picked":"Lockon","floor":47},{"not_picked":["Barrage","Steam+1","Coolheaded"],"picked":"SKIP","floor":48},{"not_picked":["Steam","Compile Driver+1","All For One"],"picked":"SKIP","floor":54}],"player_experience":371521,"relics_obtained":[{"floor":9,"key":"Centennial Puzzle"},{"floor":26,"key":"Mango"},{"floor":27,"key":"Anchor"},{"floor":29,"key":"Old Coin"},{"floor":31,"key":"Necronomicon"},{"floor":39,"key":"Thread and Needle"},{"floor":41,"key":"Blood Vial"},{"floor":43,"key":"Toy Ornithopter"},{"floor":44,"key":"Boot"},{"floor":47,"key":"Kunai"},{"floor":54,"key":"Art of War"}],"event_choices":[{"damage_healed":0,"gold_gain":0,"player_choice":"Donut","damage_taken":0,"max_hp_gain":5,"max_hp_loss":0,"event_name":"Big Fish","floor":3,"gold_loss":0},{"damage_healed":0,"gold_gain":0,"player_choice":"Slimed","damage_taken":11,"max_hp_gain":0,"max_hp_loss":0,"event_name":"betterThird:BetterGoop","floor":4,"gold_loss":50},{"damage_healed":0,"gold_gain":0,"player_choice":"1 cards matched","damage_taken":0,"max_hp_gain":0,"max_hp_loss":0,"event_name":"Match and Keep!","floor":12,"gold_loss":0,"cards_obtained":["Zap"]},{"cards_removed":["Creative AI"],"damage_healed":0,"gold_gain":0,"player_choice":"Give","damage_taken":0,"max_hp_gain":0,"max_hp_loss":0,"event_name":"betterNote:BetterNote","floor":21,"gold_loss":0,"cards_obtained":["Storm"]},{"damage_healed":0,"gold_gain":0,"player_choice":"Shed Blood","damage_taken":18,"max_hp_gain":5,"max_hp_loss":0,"event_name":"Forgotten Altar","floor":24,"gold_loss":0},{"damage_healed":0,"gold_gain":0,"player_choice":"Obtained Book","damage_taken":16,"max_hp_gain":0,"max_hp_loss":0,"event_name":"Cursed Tome","floor":31,"gold_loss":0},{"damage_healed":0,"gold_gain":0,"player_choice":"Fight","damage_taken":0,"max_hp_gain":0,"max_hp_loss":0,"event_name":"Mysterious Sphere","floor":39,"gold_loss":0},{"damage_healed":0,"gold_gain":100,"player_choice":"Pray","damage_taken":0,"max_hp_gain":0,"max_hp_loss":0,"event_name":"Golden Shrine","floor":46,"gold_loss":0}],"is_beta":false,"boss_relics":[{"not_picked":["Velvet Choker","Nuclear Battery"],"picked":"Coffee Dripper"},{"not_picked":["Philosopher\u0027s Stone","Runic Pyramid"],"picked":"Astrolabe"}],"items_purged_floors":[10,37,45,45],"is_endless":false,"potions_floor_spawned":[2,7,11,14,14,16,19,20,22,25,25,30,35,38,39,41,47,47],"ascension_level":0}}