{"host":"z9811rt50ti81n54","time":1610246407,"event":{"mods":["BaseMod","Better Altar","Better Match","Better Sensory Stone","Better Skull","Better Third Choice","Minty Spire (QoL Compilation)","StSLib","SuperFastMode"],"gold_per_floor":[112,127,127,143,18,18,30,30,30,48,62,89,89,108,108,204,204,215,0,0,0,0,0,0,0,0,16,16,30,44,92,92,191,191,191],"floor_reached":34,"playtime":1102,"items_purged":[],"score":367,"play_id":"0b0c70bc-987a-4f58-9c67-e4d1e7ce04ef","local_time":"20210110114007","is_ascension_mode":false,"campfire_choices":[{"data":"Bash","floor":6.0,"key":"SMITH"},{"data":"Feel No Pain","floor":13.0,"key":"SMITH"},{"data":"Combust","floor":15.0,"key":"SMITH"},{"data":"Ghostly","floor":23,"key":"SMITH"},{"data":"Ghostly","floor":25,"key":"SMITH"},{"data":"Ghostly","floor":32,"key":"SMITH"}],"circlet_count":0,"master_deck":["Strike_R+1","Strike_R+1","Strike_R+1","Strike_R+1","Strike_R+1","Defend_R+1","Defend_R+1","Defend_R+1","Defend_R+1","Bash+1","Cleave","Twin Strike","Disarm","Feel No Pain+1","Clothesline","Havoc","Apotheosis+1","Limit Break","Seeing Red","Combust+1","Sword Boomerang","Immolate","Disarm","Immolate","Feel No Pain","Ghostly+1","Ghostly+1","Ghostly+1","Ghostly","Ghostly","Feel No Pain","Metallicize+1","Whirlwind","Offering"],"relics":["Burning Blood","Bottled Tornado","Odd Mushroom","Velvet Choker","Bloody Idol","Blood Vial","Bird Faced Urn","Oddly Smooth Stone","Mark of Pain"],"acts_visited":["Exordium","TheCity","TheBeyond"],"potions_floor_usage":[],"damage_taken":[{"damage":4.0,"enemies":"2 Louse","floor":1.0,"turns":3.0},{"damage":0.0,"enemies":"Cultist","floor":2.0,"turns":2.0},{"damage":7.0,"enemies":"Small Slimes","floor":4.0,"turns":4.0},{"damage":2.0,"enemies":"2 Fungi Beasts","floor":7.0,"turns":3.0},{"damage":17.0,"enemies":"Looter","floor":10.0,"turns":3.0},{"damage":5.0,"enemies":"Exordium Thugs","floor":11.0,"turns":5.0},{"damage":0.0,"enemies":"The Mushroom Lair","floor":12.0,"turns":4.0},{"damage":3.0,"enemies":"Exordium Wildlife","floor":14.0,"turns":3.0},{"damage":27.0,"enemies":"The Guardian","floor":16.0,"turns":8.0},{"damage":23.0,"enemies":"2 Thieves","floor":18.0,"turns":3.0},{"damage":2,"enemies":"Spheric Guardian","floor":27,"turns":4},{"damage":0,"enemies":"Centurion and Healer","floor":29,"turns":7},{"damage":2,"enemies":"Snake Plant","floor":30,"turns":7},{"damage":24,"enemies":"Automaton","floor":33,"turns":14}],"seed_played":"-2935797710283978184","potions_obtained":[{"floor":1.0,"key":"Fruit Juice"},{"floor":10.0,"key":"AttackPotion"},{"floor":12.0,"key":"DistilledChaos"},{"floor":14.0,"key":"FearPotion"},{"floor":29,"key":"EssenceOfSteel"},{"floor":33,"key":"AttackPotion"}],"is_trial":false,"path_per_floor":["M","M","?","M","$","R","M","?","T","M","M","?","R","M","R","B",null,"M","$","?","?","?","R","?","R","T","M","$","M","M","T","R","B",null],"character_chosen":"IRONCLAD","items_purchased":["Feel No Pain","Clothesline","Immolate","Feel No Pain"],"campfire_rested":0,"item_purchase_floors":[5,5,19,19],"current_hp_per_floor":[72,77,87,86,86,86,87,87,87,76,77,83,83,86,86,65,87,70,70,43,43,43,43,10,10,10,25,25,43,43,43,43,36,43,43],"gold":191,"neow_bonus":"THREE_RARE_CARDS","is_daily":false,"chose_seed":false,"campfire_upgraded":6,"win_rate":0.0,"timestamp":1610246407,"path_taken":["M","M","?","?","$","R","M","?","T","M","M","?","R","M","R","BOSS","M","$","?","?","?","R","?","R","T","M","$","M","?","?","R","BOSS"],"items_purchased_type":["Card","Card","Card","Card"],"build_version":"2020-12-22","purchased_purges":0,"victory":false,"max_hp_per_floor":[72,77,87,87,87,87,87,87,87,87,87,87,87,87,87,87,87,87,87,43,43,43,43,43,43,43,43,43,43,43,43,43,43,43,43],"card_choices":[{"not_picked":["Exhume","Double Tap"],"picked":"Berserk","floor":0.0},{"not_picked":["Sever Soul","Clash"],"picked":"Cleave","floor":1.0},{"not_picked":["Flex","True Grit"],"picked":"Twin Strike","floor":2.0},{"not_picked":["Dual Wield","Pommel Strike"],"picked":"Disarm","floor":4.0},{"not_picked":["True Grit","Body Slam"],"picked":"Havoc","floor":7.0},{"not_picked":["Perfected Strike","Cleave"],"picked":"Limit Break","floor":10.0},{"not_picked":["Thunderclap","Perfected Strike"],"picked":"Seeing Red","floor":11.0},{"not_picked":["Dual Wield","Cleave"],"picked":"Combust","floor":12.0},{"not_picked":["Wild Strike","Thunderclap"],"picked":"Sword Boomerang","floor":14.0},{"not_picked":["Double Tap","Fiend Fire"],"picked":"Immolate","floor":16.0},{"not_picked":["Iron Wave","Anger"],"picked":"Disarm","floor":18.0},{"not_picked":["Twin Strike+1","Flex"],"picked":"Feel No Pain","floor":27},{"not_picked":["Iron Wave+1","Clash"],"picked":"Metallicize+1","floor":29},{"not_picked":["Bloodletting","Clothesline"],"picked":"Whirlwind","floor":30},{"not_picked":["Double Tap","Impervious"],"picked":"Offering","floor":33}],"player_experience":348580,"relics_obtained":[{"floor":9.0,"key":"Bottled Tornado"},{"floor":12.0,"key":"Odd Mushroom"},{"floor":26,"key":"Bird Faced Urn"},{"floor":31,"key":"Oddly Smooth Stone"}],"event_choices":[{"cards_removed":["Berserk"],"damage_healed":0.0,"max_hp_gain":10.0,"max_hp_loss":0.0,"gold_gain":0.0,"event_name":"Bonfire Elementals","player_choice":"Offered Rare","floor":3.0,"gold_loss":0.0,"damage_taken":0.0},{"damage_healed":0.0,"max_hp_gain":0.0,"max_hp_loss":0.0,"gold_gain":1.0,"event_name":"betterStone:BetterStone","player_choice":"4","floor":8.0,"gold_loss":0.0,"damage_taken":0.0,"cards_obtained":["Apotheosis"]},{"damage_healed":0.0,"max_hp_gain":0.0,"max_hp_loss":0.0,"gold_gain":0.0,"event_name":"Mushrooms","player_choice":"Fought Mushrooms","floor":12.0,"gold_loss":0.0,"damage_taken":0.0},{"damage_healed":0,"gold_gain":0,"player_choice":"Became a Ghost","damage_taken":0,"max_hp_gain":0,"max_hp_loss":44,"event_name":"Ghosts","floor":20,"gold_loss":0,"cards_obtained":["Ghostly","Ghostly","Ghostly","Ghostly","Ghostly"]},{"damage_healed":0,"gold_gain":0,"player_choice":"Simplicity","damage_taken":0,"max_hp_gain":0,"max_hp_loss":9,"event_name":"betterThird:BetterWriting","floor":21,"gold_loss":0},{"damage_healed":0,"gold_gain":0,"player_choice":"Ignored","damage_taken":0,"max_hp_gain":0,"max_hp_loss":0,"event_name":"Vampires","floor":22,"gold_loss":0},{"damage_healed":0,"gold_gain":0,"player_choice":" Idol Vial ","damage_taken":33,"relics_obtained":["Bloody Idol","Blood Vial"],"max_hp_gain":43,"max_hp_loss":10,"event_name":"betterAltar:BetterAltar","floor":24,"potions_obtained":[],"relics_lost":[],"gold_loss":0}],"is_beta":false,"boss_relics":[{"not_picked":["Cursed Key","Coffee Dripper"],"picked":"Velvet Choker"},{"not_picked":["Snecko Eye","Philosopher\u0027s Stone"],"picked":"Mark of Pain"}],"items_purged_floors":[],"is_endless":false,"potions_floor_spawned":[1,10,12,14,29,33],"ascension_level":0}}