{"host":"51f0ad793vly1w6u","time":1610251023,"event":{"mods":["BaseMod","Colored Map","DeckTracker","Minty Spire (QoL Compilation)","StSLib","SuperFastMode"],"gold_per_floor":[17,30,30,47,62,110,110,127,209,209,238,163,163,174,174,245,245,245,245,195,27,27,27,27,27,27,27,27,27,27,27,27,27,27,27,27,27,27,27,27,27],"floor_reached":40,"playtime":712,"items_purged":["Strike_G"],"score":832,"play_id":"5433b3b1-c6d4-4861-893f-ddcceadc7e84","local_time":"20210110125703","is_ascension_mode":true,"campfire_choices":[{"data":"Glass Knife","floor":7.0,"key":"SMITH"},{"data":"Cloak And Dagger","floor":10.0,"key":"SMITH"},{"data":"Finisher","floor":13.0,"key":"SMITH"},{"data":"Blade Dance","floor":15.0,"key":"SMITH"},{"data":"Footwork","floor":23.0,"key":"SMITH"},{"data":"Phantasmal Killer","floor":25.0,"key":"SMITH"},{"data":"Footwork","floor":27.0,"key":"SMITH"},{"data":"Accuracy","floor":30.0,"key":"SMITH"},{"data":"Storm of Steel","floor":32.0,"key":"SMITH"}],"circlet_count":0,"master_deck":["AscendersBane","Strike_G","Strike_G","Defend_G","Defend_G","Defend_G","Survivor","Neutralize","Glass Knife+1","Escape Plan","Footwork+1","Cloak And Dagger+1","All Out Attack","Storm of Steel+1","Blade Dance+1","Finisher+1","PiercingWail","Phantasmal Killer+1","Choke+1","Footwork+1","Decay","Accuracy+1","Burst+1","CurseOfTheBell","Backflip+1"],"relics":["Ring of the Snake","StrikeDummy","Pantograph","CaptainsWheel","Ectoplasm","Pen Nib","Juzu Bracelet","Boot","Calling Bell","Art of War","Ninja Scroll","Ginger","Turnip"],"acts_visited":["Exordium","TheCity","TheBeyond"],"potions_floor_usage":[39],"damage_taken":[{"damage":0.0,"enemies":"2 Louse","floor":1.0,"turns":2.0},{"damage":0.0,"enemies":"Cultist","floor":2.0,"turns":3.0},{"damage":7.0,"enemies":"Small Slimes","floor":4.0,"turns":3.0},{"damage":1.0,"enemies":"3 Louse","floor":5.0,"turns":4.0},{"damage":2.0,"enemies":"Gremlin Nob","floor":6.0,"turns":3.0},{"damage":7.0,"enemies":"Gremlin Gang","floor":8.0,"turns":5.0},{"damage":9.0,"enemies":"3 Sentries","floor":11.0,"turns":6.0},{"damage":0.0,"enemies":"2 Fungi Beasts","floor":14.0,"turns":2.0},{"damage":14.0,"enemies":"Slime Boss","floor":16.0,"turns":6.0},{"damage":0.0,"enemies":"3 Byrds","floor":18.0,"turns":4.0},{"damage":0.0,"enemies":"Spheric Guardian","floor":19.0,"turns":2.0},{"damage":7.0,"enemies":"3 Cultists","floor":22.0,"turns":3.0},{"damage":0.0,"enemies":"Snecko","floor":24.0,"turns":2.0},{"damage":9.0,"enemies":"Slavers","floor":29.0,"turns":5.0},{"damage":4.0,"enemies":"Centurion and Healer","floor":31.0,"turns":3.0},{"damage":34.0,"enemies":"Champ","floor":33.0,"turns":6.0},{"damage":0.0,"enemies":"3 Shapes","floor":35.0,"turns":3.0},{"damage":0.0,"enemies":"Orb Walker","floor":36.0,"turns":1.0},{"damage":18,"enemies":"2 Orb Walkers","floor":39,"turns":3},{"damage":42,"enemies":"Reptomancer","floor":40,"turns":2}],"seed_played":"3182374539270308692","potions_obtained":[{"floor":4.0,"key":"Swift Potion"},{"floor":5.0,"key":"ColorlessPotion"},{"floor":8.0,"key":"GamblersBrew"},{"floor":11.0,"key":"Block Potion"},{"floor":24.0,"key":"DistilledChaos"},{"floor":31.0,"key":"PowerPotion"},{"floor":36.0,"key":"SteroidPotion"}],"is_trial":false,"path_per_floor":["M","M","?","M","M","E","R","M","T","R","E","$","R","M","R","B",null,"M","M","?","$","M","R","M","R","T","R","?","E","R","M","R","B",null,"M","M","?","?","?","E"],"character_chosen":"THE_SILENT","items_purchased":["Pen Nib"],"campfire_rested":0,"item_purchase_floors":[21],"current_hp_per_floor":[59,59,59,52,51,49,49,42,42,42,33,33,33,33,33,44,61,61,61,61,61,54,54,54,54,54,54,54,45,45,41,41,32,58,58,58,58,58,40,0,0],"gold":27,"neow_bonus":"TRANSFORM_TWO_CARDS","is_daily":false,"chose_seed":false,"campfire_upgraded":9,"win_rate":0.0,"timestamp":1610251023,"path_taken":["M","M","?","M","?","E","R","M","T","R","E","?","R","M","R","BOSS","M","M","?","?","M","R","M","R","T","R","?","E","R","M","R","BOSS","M","M","?","?","?","E"],"items_purchased_type":["Relic"],"build_version":"2020-12-22","purchased_purges":1,"victory":false,"max_hp_per_floor":[66,66,66,66,66,66,66,66,66,66,66,66,66,66,66,66,66,66,66,66,66,66,66,66,66,66,66,66,66,66,66,66,66,66,66,66,66,66,66,66,66],"card_choices":[{"not_picked":["Bane","Deadly Poison"],"picked":"Footwork","floor":1.0},{"not_picked":["Poisoned Stab","Infinite Blades","Endless Agony"],"picked":"SKIP","floor":2.0},{"not_picked":["Heel Hook","Poisoned Stab"],"picked":"Cloak And Dagger","floor":4.0},{"not_picked":["Outmaneuver","Acrobatics"],"picked":"All Out Attack","floor":5.0},{"not_picked":["Heel Hook","Distraction"],"picked":"Storm of Steel","floor":6.0},{"not_picked":["Cloak And Dagger","Dagger Spray"],"picked":"Blade Dance","floor":8.0},{"not_picked":["Underhanded Strike","Flying Knee"],"picked":"Finisher","floor":11.0},{"not_picked":["Concentrate","PiercingWail","Heel Hook"],"picked":"SKIP","floor":14.0},{"not_picked":["Concentrate","Heel Hook"],"picked":"PiercingWail","floor":14.0},{"not_picked":["Burst","Unload"],"picked":"Phantasmal Killer","floor":16.0},{"not_picked":["Deflect","Predator"],"picked":"Choke+1","floor":18.0},{"not_picked":["Quick Slash","Eviscerate","Poisoned Stab"],"picked":"SKIP","floor":19.0},{"not_picked":["PiercingWail","Distraction"],"picked":"Footwork","floor":22.0},{"not_picked":["Unload","Sucker Punch","Dash"],"picked":"SKIP","floor":24.0},{"not_picked":["Dodge and Roll","Deadly Poison"],"picked":"Accuracy","floor":29.0},{"not_picked":["Dash+1","Flying Knee","Blade Dance"],"picked":"SKIP","floor":31.0},{"not_picked":["Die Die Die","Storm of Steel"],"picked":"Burst","floor":33.0},{"not_picked":["Prepared","Flying Knee","Dodge and Roll"],"picked":"SKIP","floor":35.0},{"not_picked":["Distraction","Glass Knife"],"picked":"Backflip+1","floor":36.0}],"player_experience":1390747,"relics_obtained":[{"floor":6.0,"key":"StrikeDummy"},{"floor":9.0,"key":"Pantograph"},{"floor":11.0,"key":"CaptainsWheel"},{"floor":26.0,"key":"Juzu Bracelet"},{"floor":29.0,"key":"Boot"},{"floor":34.0,"key":"Art of War"},{"floor":34.0,"key":"Ninja Scroll"},{"floor":34.0,"key":"Ginger"},{"floor":39,"key":"Turnip"}],"event_choices":[{"cards_removed":["Defend_G"],"damage_healed":0.0,"max_hp_gain":0.0,"max_hp_loss":0.0,"gold_gain":0.0,"event_name":"Bonfire Elementals","player_choice":"Offered Basic","floor":3.0,"gold_loss":0.0,"damage_taken":0.0},{"damage_healed":0.0,"max_hp_gain":0.0,"max_hp_loss":0.0,"gold_gain":100.0,"event_name":"The Joust","player_choice":"Bet on Murderer","floor":20.0,"gold_loss":50.0,"damage_taken":0.0},{"damage_healed":0.0,"max_hp_gain":0.0,"max_hp_loss":0.0,"gold_gain":0.0,"event_name":"Forgotten Altar","player_choice":"Smashed Altar","floor":28.0,"gold_loss":0.0,"damage_taken":0.0,"cards_obtained":["Decay"]},{"damage_healed":0.0,"max_hp_gain":0.0,"max_hp_loss":0.0,"gold_gain":0.0,"event_name":"Upgrade Shrine","player_choice":"Upgraded","floor":37.0,"gold_loss":0.0,"damage_taken":0.0,"cards_upgraded":["Burst"]},{"cards_removed":["Strike_G"],"damage_healed":0.0,"max_hp_gain":0.0,"max_hp_loss":0.0,"gold_gain":0.0,"event_name":"Falling","player_choice":"Removed Attack","floor":38.0,"gold_loss":0.0,"damage_taken":0.0},{"damage_healed":0,"gold_gain":0,"player_choice":"Fight","damage_taken":0,"max_hp_gain":0,"max_hp_loss":0,"event_name":"Mysterious Sphere","floor":39,"gold_loss":0}],"is_beta":false,"boss_relics":[{"not_picked":["Sozu","Snecko Eye"],"picked":"Ectoplasm"},{"not_picked":["Fusion Hammer","Philosopher\u0027s Stone"],"picked":"Calling Bell"}],"items_purged_floors":[12],"is_endless":false,"potions_floor_spawned":[4,5,8,11,18,24,31,36],"killed_by":"Reptomancer","ascension_level":20}}