{"host":"uflv0e3ja7hvnij7","time":1610238100,"event":{"mods":["BaseMod","Better Altar","Better Match","Better Note","Better Sensory Stone","Better Skull","Better Third Choice","Marisa????????","Minty Spire (QoL Compilation)","Permanent Neow","Replay The Spire","StSLib"],"gold_per_floor":[113,113,132,150,162,162,189,189,189,189,189],"floor_reached":10,"playtime":492,"items_purged":[],"score":92,"play_id":"a1b12401-2f94-4bea-9f20-fabd3b2fd631","local_time":"20210109192140","is_ascension_mode":true,"campfire_choices":[{"data":"Toxin Wave","floor":6,"key":"SMITH"}],"circlet_count":0,"master_deck":["Strike_G","Strike_G","Strike_G","Strike_G","Strike_G","Defend_G","Defend_G","Defend_G","Defend_G","Defend_G","Survivor","Neutralize","Toxin Wave+1","Escape Plan","Bane","PiercingWail","A Thousand Cuts"],"relics":["Ring of the Snake","Vampiric Spirits","Letter Opener"],"acts_visited":["Exordium"],"potions_floor_usage":[5,10],"damage_taken":[{"damage":2,"enemies":"2 Louse","floor":1,"turns":3},{"damage":1,"enemies":"Cultist","floor":3,"turns":5},{"damage":0,"enemies":"Jaw Worm","floor":4,"turns":3},{"damage":10,"enemies":"Gremlin Gang","floor":5,"turns":2},{"damage":32,"enemies":"Lagavulin","floor":7,"turns":8},{"damage":15,"enemies":"3 Sentries","floor":10,"turns":5}],"seed_played":"-5592415061097545475","potions_obtained":[{"floor":1,"key":"DuplicationPotion"},{"floor":7,"key":"Weak Potion"}],"is_trial":false,"path_per_floor":["M","$","M","M","M","R","E","?","T","E"],"character_chosen":"THE_SILENT","items_purchased":[],"campfire_rested":0,"item_purchase_floors":[],"current_hp_per_floor":[61,61,60,60,50,50,18,18,18,4,4],"gold":189,"neow_bonus":"THREE_CARDS","is_daily":false,"chose_seed":false,"campfire_upgraded":1,"win_rate":0.0,"timestamp":1610238100,"path_taken":["M","$","M","M","M","R","E","?","T","E"],"items_purchased_type":[],"build_version":"2020-12-22","purchased_purges":0,"victory":false,"max_hp_per_floor":[70,70,70,70,70,70,70,70,70,70,70],"card_choices":[{"not_picked":["Caltrops","Poisoned Stab"],"picked":"Toxin Wave","floor":0},{"not_picked":["Dagger Throw","Prepared"],"picked":"Escape Plan","floor":1},{"not_picked":["Dagger Throw","PiercingWail"],"picked":"Bane","floor":3},{"not_picked":["Flying Knee","Backflip","All Out Attack"],"picked":"SKIP","floor":4},{"not_picked":["Distraction","All Out Attack"],"picked":"PiercingWail","floor":5},{"not_picked":["All Out Attack","Eviscerate"],"picked":"A Thousand Cuts","floor":7}],"player_experience":532635,"relics_obtained":[{"floor":7,"key":"Vampiric Spirits"},{"floor":9,"key":"Letter Opener"}],"event_choices":[{"damage_healed":0,"gold_gain":0,"player_choice":"Ignored","damage_taken":0,"max_hp_gain":0,"max_hp_loss":0,"event_name":"Golden Wing","floor":8,"gold_loss":0}],"is_beta":false,"boss_relics":[],"items_purged_floors":[],"is_endless":false,"potions_floor_spawned":[1,7],"killed_by":"3 Sentries","ascension_level":7}}