{"host":"dv3lni0xre0h79kd","time":1610307091,"event":{"mods":["BaseMod","BetterRewards","Colored Map","GifTheSpireLib","Highlight Path","Minty Spire (QoL Compilation)","StSLib"],"gold_per_floor":[111,111,111,128,128,128,146,160,160,160,235,235,77,108,108,227,227,240,264,277,297,321,321,332,332,356,8,8,8,34,34,34,34,34],"floor_reached":33,"playtime":1763,"items_purged":[],"score":315,"play_id":"f555fff0-9d8a-4d04-8fde-4b40df43bd7e","local_time":"20210110143131","is_ascension_mode":false,"campfire_choices":[{"data":"Endless Agony","floor":6,"key":"SMITH"},{"data":"Noxious Fumes","floor":15,"key":"SMITH"},{"floor":25,"key":"REST"},{"data":"Corpse Explosion","floor":32,"key":"SMITH"}],"circlet_count":0,"master_deck":["Strike_G","Strike_G","Strike_G","Strike_G","Defend_G","Defend_G","Defend_G","Survivor","Neutralize","Endless Agony+1","Deadly Poison","Crippling Poison","Injury","Backstab","Die Die Die","Noxious Fumes+1","Adrenaline","Corpse Explosion+1","Footwork","Bane","Noxious Fumes+1","Phantasmal Killer","Noxious Fumes","Deadly Poison","Prepared","Corpse Explosion","Dagger Spray"],"relics":["Ring of the Serpent","Question Card","Paper Crane","Bloody Idol","Orichalcum","Centennial Puzzle","Pear","CaptainsWheel"],"acts_visited":["Exordium","TheCity"],"potions_floor_usage":[14,33,33,33],"damage_taken":[{"damage":0,"enemies":"Small Slimes","floor":1,"turns":4},{"damage":2,"enemies":"Jaw Worm","floor":4,"turns":4},{"damage":0,"enemies":"2 Louse","floor":7,"turns":2},{"damage":0,"enemies":"2 Fungi Beasts","floor":8,"turns":5},{"damage":19,"enemies":"3 Sentries","floor":14,"turns":7},{"damage":46,"enemies":"The Guardian","floor":16,"turns":9},{"damage":8,"enemies":"Spheric Guardian","floor":18,"turns":4},{"damage":23,"enemies":"2 Thieves","floor":19,"turns":3},{"damage":5,"enemies":"Centurion and Healer","floor":20,"turns":5},{"damage":8,"enemies":"Cultist and Chosen","floor":21,"turns":4},{"damage":10,"enemies":"Snake Plant","floor":22,"turns":4},{"damage":21,"enemies":"3 Cultists","floor":24,"turns":4},{"damage":9,"enemies":"Slavers","floor":30,"turns":2},{"damage":49,"enemies":"Champ","floor":33,"turns":8}],"seed_played":"-1367761907646370722","potions_obtained":[{"floor":4,"key":"SneckoOil"},{"floor":7,"key":"Dexterity Potion"},{"floor":22,"key":"FearPotion"},{"floor":30,"key":"BlessingOfTheForge"}],"is_trial":false,"path_per_floor":["M","?","T","M","?","R","M","M","T","?","?","?","$","E","R","B",null,"M","M","M","M","M","?","M","R","T","$","?","?","E","$","R","B"],"character_chosen":"THE_SILENT","items_purchased":["Die Die Die","Noxious Fumes","Noxious Fumes","Deadly Poison","Pear"],"campfire_rested":1,"item_purchase_floors":[13,13,27,27,27],"current_hp_per_floor":[77,82,82,80,80,80,80,80,80,80,69,69,69,50,50,4,82,74,51,46,38,28,28,12,36,41,51,51,51,47,47,47,0,0],"gold":34,"neow_bonus":"TEN_PERCENT_HP_BONUS","is_daily":false,"chose_seed":false,"campfire_upgraded":3,"win_rate":0.0,"timestamp":1610307091,"path_taken":["M","?","?","M","?","R","M","M","T","?","?","?","$","E","R","BOSS","M","M","?","?","M","?","M","R","T","$","?","?","E","?","R","BOSS"],"items_purchased_type":["Card","Card","Card","Card","Relic"],"build_version":"2020-12-22","purchased_purges":0,"victory":false,"max_hp_per_floor":[77,82,82,82,82,82,82,82,82,82,82,82,82,82,82,82,82,82,82,82,82,82,82,82,82,82,92,92,92,92,92,92,92,92],"card_choices":[{"not_picked":["Outmaneuver","PiercingWail","Choke"],"picked":"SKIP","floor":1},{"not_picked":["Prepared","Dodge and Roll","Skewer"],"picked":"Endless Agony","floor":4},{"not_picked":["Quick Slash","Poisoned Stab","Prepared"],"picked":"Deadly Poison","floor":7},{"not_picked":["Slice","Deflect","Endless Agony"],"picked":"Crippling Poison","floor":8},{"not_picked":["Caltrops","Calculated Gamble","Bane"],"picked":"Adrenaline","floor":14},{"not_picked":["Envenom","Storm of Steel","Tools of the Trade"],"picked":"Corpse Explosion","floor":16},{"not_picked":["Cloak And Dagger","Eviscerate+1","Dodge and Roll"],"picked":"Footwork","floor":18},{"not_picked":["Distraction","Calculated Gamble","Eviscerate","Acrobatics"],"picked":"SKIP","floor":19},{"not_picked":["Deflect","Backstab","PiercingWail"],"picked":"Bane","floor":20},{"not_picked":["Dagger Throw","Masterful Stab+1","Tactician"],"picked":"Noxious Fumes+1","floor":21},{"not_picked":["Backstab","Footwork+1","Outmaneuver"],"picked":"Phantasmal Killer","floor":22},{"not_picked":["PiercingWail","Infinite Blades","Tactician","Flechettes"],"picked":"SKIP","floor":24},{"not_picked":["Escape Plan+1","Deflect","Caltrops"],"picked":"Dagger Spray","floor":30}],"player_experience":51367,"relics_obtained":[{"floor":3,"key":"Question Card"},{"floor":9,"key":"Paper Crane"},{"floor":14,"key":"Orichalcum"},{"floor":26,"key":"Centennial Puzzle"},{"floor":30,"key":"CaptainsWheel"}],"event_choices":[{"damage_healed":0,"gold_gain":0,"player_choice":"Donut","damage_taken":0,"max_hp_gain":5,"max_hp_loss":0,"event_name":"Big Fish","floor":2,"gold_loss":0},{"damage_healed":0,"gold_gain":0,"player_choice":"Ignored","damage_taken":0,"max_hp_gain":0,"max_hp_loss":0,"event_name":"Liars Game","floor":5,"gold_loss":0},{"damage_healed":0,"gold_gain":0,"player_choice":"Take Wound","damage_taken":0,"relics_obtained":["Golden Idol"],"max_hp_gain":0,"max_hp_loss":0,"event_name":"Golden Idol","floor":10,"gold_loss":0,"cards_obtained":["Injury"]},{"damage_healed":0,"gold_gain":75,"player_choice":"Gather Gold","damage_taken":11,"max_hp_gain":0,"max_hp_loss":0,"event_name":"World of Goop","floor":11,"gold_loss":0},{"damage_healed":0,"gold_gain":0,"cards_transformed":["Defend_G"],"player_choice":"Transformed","damage_taken":0,"max_hp_gain":0,"max_hp_loss":0,"event_name":"Transmorgrifier","floor":12,"gold_loss":0,"cards_obtained":["Backstab"]},{"damage_healed":0,"gold_gain":0,"player_choice":"Gave Idol","damage_taken":0,"relics_obtained":["Bloody Idol"],"max_hp_gain":0,"max_hp_loss":0,"event_name":"Forgotten Altar","floor":23,"relics_lost":["Golden Idol"],"gold_loss":0},{"damage_healed":0,"gold_gain":0,"cards_transformed":["Defend_G","Strike_G"],"player_choice":"Became Test Subject","damage_taken":0,"max_hp_gain":0,"max_hp_loss":0,"event_name":"Drug Dealer","floor":29,"gold_loss":0,"cards_obtained":["Prepared","Corpse Explosion"]}],"is_beta":false,"boss_relics":[{"not_picked":["Busted Crown","Snecko Eye"],"picked":"Ring of the Serpent"}],"items_purged_floors":[],"is_endless":false,"potions_floor_spawned":[4,7,22,30],"killed_by":"Champ","ascension_level":0}}