{"host":"2tgyrzvaa7l04o2e","time":1610301596,"event":{"mods":["BaseMod","Highlight Path","Minty Spire (QoL Compilation)","Permanent Neow","Relic Stats"],"gold_per_floor":[361,371,371,385,10,10,10,10],"floor_reached":7,"playtime":281,"items_purged":["Strike_R"],"score":62,"play_id":"24f93c19-aba3-42ad-9e5b-c41e2b054a03","local_time":"20210110185956","is_ascension_mode":true,"campfire_choices":[{"data":"Body Slam","floor":6,"key":"SMITH"}],"circlet_count":0,"master_deck":["AscendersBane","Strike_R","Strike_R","Strike_R","Strike_R","Defend_R","Defend_R","Defend_R","Defend_R","Bash","Body Slam+1","Disarm","Reaper"],"relics":["Burning Blood","Membership Card","Gambling Chip"],"acts_visited":["Exordium"],"potions_floor_usage":[7,7],"damage_taken":[{"damage":10,"enemies":"Small Slimes","floor":1,"turns":4},{"damage":5,"enemies":"2 Louse","floor":2,"turns":4},{"damage":10,"enemies":"Jaw Worm","floor":4,"turns":5},{"damage":40,"enemies":"Gremlin Nob","floor":7,"turns":5}],"seed_played":"3477921718990168839","potions_obtained":[{"floor":2,"key":"SneckoOil"},{"floor":4,"key":"SkillPotion"}],"is_trial":false,"path_per_floor":["M","M","?","M","$","R","E"],"character_chosen":"IRONCLAD","items_purchased":["Membership Card","Gambling Chip","Reaper"],"campfire_rested":0,"item_purchase_floors":[5,5,5],"current_hp_per_floor":[47,48,53,49,49,49,15,15],"gold":10,"neow_bonus":"TWO_FIFTY_GOLD","is_daily":false,"chose_seed":false,"campfire_upgraded":1,"win_rate":0.0,"timestamp":1610301596,"path_taken":["M","M","?","M","$","R","E"],"items_purchased_type":["Relic","Relic","Card"],"build_version":"2020-12-22","purchased_purges":1,"victory":false,"max_hp_per_floor":[80,80,85,85,85,85,85,85],"relic_stats":{"counters":[4,18],"Gambling Chip":[4],"obtain_stats":[{"Gambling Chip":5,"Membership Card":5,"Burning Blood":0},{"Gambling Chip":3,"Membership Card":3,"Burning Blood":0},{"Gambling Chip":13,"Membership Card":13,"Burning Blood":0}],"Burning Blood":18},"card_choices":[{"not_picked":["Heavy Blade","Perfected Strike"],"picked":"Body Slam","floor":1},{"not_picked":["Searing Blow","Inflame"],"picked":"Disarm","floor":2},{"not_picked":["Wild Strike","Anger","Pummel"],"picked":"SKIP","floor":4}],"player_experience":579710,"relics_obtained":[],"event_choices":[{"damage_healed":0,"gold_gain":0,"player_choice":"Donut","damage_taken":0,"max_hp_gain":5,"max_hp_loss":0,"event_name":"Big Fish","floor":3,"gold_loss":0}],"is_beta":false,"boss_relics":[],"items_purged_floors":[5],"is_endless":false,"potions_floor_spawned":[2,4],"killed_by":"Gremlin Nob","ascension_level":10}}