{"host":"egwexuw5uvnxf11j","time":1610304591,"event":{"mods":["2.2 Compatiblity","Aspiration","BaseMod","Better Altar","Better Note","Better Sensory Stone","Better Third Choice","Displayed Cursed Tome","Downfall","Hermit","Key Reminder","Koishi","Marisa????????","Minty Spire (QoL Compilation)","Quick Restart","Shade Mod","Spicy Shops","StSLib","The Construct","The Cursed","The Hierophant","The Runesmith","The Senshi","The Servant 0.9.4","Transform Curses"],"gold_per_floor":[118,138,138,151,125,159,177,177,177,177,232,252,252,268,268,363,363,383,116,116,132,150,178,178,203,203,229,249,249,263,120,120,221,221,236,254,308,325,325,325,354,354,399,433,445,445,480,530,530,530,530,530,212,247,247],"floor_reached":56,"playtime":2741,"items_purged":["Clumsy","Pride","Writhe"],"score":1502,"play_id":"ad441aa5-8049-41bb-af6c-7c43cc3f094b","local_time":"20210110134951","is_ascension_mode":true,"campfire_choices":[{"floor":8,"key":"REST"},{"floor":15,"key":"REST"},{"data":"Flex","floor":24,"key":"SMITH"},{"floor":29,"key":"RECALL"},{"data":"Fire Breathing","floor":32,"key":"SMITH"},{"data":"expansioncontent:GuardianWhirl","floor":40,"key":"SMITH"},{"data":"Perfected Strike","floor":42,"key":"SMITH"},{"floor":49,"key":"REST"},{"data":"Juggernaut","floor":52,"key":"SMITH"}],"circlet_count":0,"master_deck":["Strike_R","Strike_R","Strike_R","Strike_R","Strike_R","Defend_R","Defend_R+1","Defend_R+1","Bash+1","Thunderclap","Twin Strike","Perfected Strike","Shrug It Off","Sentinel","Clash","Metamorphosis","Clash","Wild Strike","Searing Blow","Juggernaut+1","Warcry+1","expansioncontent:GuardianWhirl+1","Battle Trance+1","Sword Boomerang","Uppercut","Flex+1","Spot Weakness+1","Warcry+1","Intimidate+1","Pommel Strike+1","Armaments+1","Fire Breathing+1","Perfected Strike+1","Double Tap+1","Flame Barrier+1","Wild Strike+1","Armaments+1","Thunderclap+1","Pommel Strike+1","Headbutt+1","Dual Wield+1","Perfected Strike+1","Armaments+1","Warcry+1","Finesse+1","expansioncontent:Chronoboost","Power Through+1"],"relics":["Burning Blood","aspiration:AnachronicSnailShell","The Courier","HornCleat","construct:FoamFinger","Mark of Pain","Membership Card","Akabeko","MealTicket","Dream Catcher","Toxic Egg 2","Pantograph","Molten Egg 2","aspiration:MobileForge","Runesmith:Locket","Nunchaku","StrikeDummy","Letter Opener","Lizard Tail","War Paint","aspiration:HummingbirdHeart","Sundial"],"acts_visited":["Exordium","TheCity","TheBeyond","TheEnding"],"potions_floor_usage":[11,16,16,25,33,33,33,44,50,55,55,55],"damage_taken":[{"damage":3,"enemies":"Jaw Worm","floor":1,"turns":5},{"damage":10,"enemies":"Small Slimes","floor":2,"turns":3},{"damage":1,"enemies":"Cultist","floor":4,"turns":3},{"damage":52,"enemies":"Lagavulin","floor":6,"turns":7},{"damage":4,"enemies":"Red Slaver","floor":7,"turns":5},{"damage":17,"enemies":"Lagavulin Event","floor":11,"turns":5},{"damage":7,"enemies":"Gremlin Gang","floor":12,"turns":4},{"damage":0,"enemies":"Blue Slaver","floor":14,"turns":2},{"damage":37,"enemies":"Hexaghost","floor":16,"turns":9},{"damage":0,"enemies":"Spheric Guardian","floor":18,"turns":3},{"damage":0,"enemies":"2 Thieves","floor":21,"turns":3},{"damage":2,"enemies":"Snecko","floor":22,"turns":3},{"damage":0,"enemies":"Gremlin Leader","floor":23,"turns":2},{"damage":10,"enemies":"Book of Stabbing","floor":25,"turns":4},{"damage":1,"enemies":"Gremlin Leader","floor":27,"turns":4},{"damage":0,"enemies":"Shelled Parasite and Fungi","floor":28,"turns":3},{"damage":0,"enemies":"Cultist and Chosen","floor":30,"turns":1},{"damage":41,"enemies":"Champ","floor":33,"turns":8},{"damage":0,"enemies":"Orb Walker","floor":35,"turns":1},{"damage":1,"enemies":"3 Shapes","floor":36,"turns":3},{"damage":0,"enemies":"2 Orb Walkers","floor":37,"turns":1},{"damage":0,"enemies":"Sphere and 2 Shapes","floor":38,"turns":2},{"damage":0,"enemies":"Giant Head","floor":41,"turns":4},{"damage":35,"enemies":"Nemesis","floor":44,"turns":5},{"damage":19,"enemies":"Maw","floor":45,"turns":5},{"damage":42,"enemies":"Giant Head","floor":47,"turns":7},{"damage":7,"enemies":"Mind Bloom Boss Battle","floor":48,"turns":3},{"damage":31,"enemies":"Donu and Deca","floor":50,"turns":5},{"damage":21,"enemies":"Shield and Spear","floor":54,"turns":5},{"damage":108,"enemies":"The Heart","floor":55,"turns":8}],"seed_played":"-909678209523670429","potions_obtained":[{"floor":6,"key":"Swift Potion"},{"floor":7,"key":"BloodPotion"},{"floor":12,"key":"SteroidPotion"},{"floor":16,"key":"PowerPotion"},{"floor":21,"key":"SkillPotion"},{"floor":22,"key":"EssenceOfSteel"},{"floor":25,"key":"LiquidBronze"},{"floor":33,"key":"Fruit Juice"},{"floor":37,"key":"Guardian:BlockOnCardUsePotion"},{"floor":44,"key":"Energy Potion"},{"floor":45,"key":"LiquidMemories"},{"floor":54,"key":"Strength Potion"}],"is_trial":false,"path_per_floor":["M","M","?","M","$","E","M","R","T","?","?","M","T","M","R","B",null,"M","$","?","M","M","E","R","E","T","E","M","R","M","$","R","B",null,"M","M","?","M","?","R","E","R","T","E","M","?","E","?","R","B",null,"R","$","E","B",null],"character_chosen":"IRONCLAD","items_purchased":["Shrug It Off","Membership Card","expansioncontent:GuardianWhirl","Battle Trance","Sword Boomerang","Akabeko","Fire Breathing","Perfected Strike","Molten Egg 2","War Paint","aspiration:HummingbirdHeart","Warcry+1","Finesse+1","expansioncontent:Chronoboost"],"campfire_rested":3,"item_purchase_floors":[5,19,19,19,19,19,31,31,31,53,53,53,53,53],"current_hp_per_floor":[88,84,66,71,71,25,27,53,53,53,59,58,58,64,88,57,88,88,88,88,88,88,88,88,84,84,88,88,88,88,88,88,58,93,93,93,93,93,93,93,93,93,93,64,51,74,38,62,89,68,93,93,93,78,40],"gold":247,"neow_bonus":"TEN_PERCENT_HP_BONUS","is_daily":false,"chose_seed":false,"campfire_upgraded":5,"win_rate":0.0,"timestamp":1610304591,"path_taken":["M","M","?","M","$","E","M","R","T","?","?","?","?","?","R","BOSS","M","$","?","M","M","E","R","E","T","E","M","R","M","$","R","BOSS","M","?","?","M","?","R","E","R","T","E","M","?","E","?","R","BOSS","R","$","E","BOSS"],"items_purchased_type":["Card","Relic","Card","Card","Card","Relic","Card","Card","Relic","Relic","Relic","Card","Card","Card"],"build_version":"2020-12-22","purchased_purges":3,"victory":true,"max_hp_per_floor":[88,88,88,88,88,88,88,88,88,88,88,88,88,88,88,88,88,88,88,88,88,88,88,88,88,88,88,88,88,88,88,88,93,93,93,93,93,93,93,93,93,93,93,93,93,93,93,93,93,93,93,93,93,93,93],"card_choices":[{"not_picked":["Wild Strike","Entrench"],"picked":"Thunderclap","floor":1},{"not_picked":["Headbutt","Disarm"],"picked":"Twin Strike","floor":2},{"not_picked":["Armaments","Body Slam"],"picked":"Perfected Strike","floor":4},{"not_picked":["Body Slam","Headbutt"],"picked":"Sentinel","floor":6},{"not_picked":["Sever Soul","Havoc"],"picked":"Clash","floor":7},{"not_picked":["Thinking Ahead","Magnetism"],"picked":"Metamorphosis","floor":10},{"not_picked":["Warcry","Dark Embrace"],"picked":"Clash","floor":11},{"not_picked":["Iron Wave","Bloodletting"],"picked":"Wild Strike","floor":12},{"not_picked":["Impervious","Warcry"],"picked":"Searing Blow","floor":14},{"not_picked":["Immolate","Impervious"],"picked":"Juggernaut","floor":16},{"not_picked":["Iron Wave","Carnage"],"picked":"Warcry+1","floor":18},{"not_picked":["Ghostly Armor+1","Warcry"],"picked":"Uppercut","floor":21},{"not_picked":["Rupture","Body Slam"],"picked":"Flex","floor":22},{"not_picked":["Infernal Blade","Barricade"],"picked":"Spot Weakness+1","floor":23},{"not_picked":["Thunderclap","Seeing Red"],"picked":"Warcry+1","floor":25},{"not_picked":["Wild Strike+1","Thunderclap"],"picked":"Intimidate+1","floor":27},{"not_picked":["Carnage","Second Wind+1"],"picked":"Pommel Strike+1","floor":28},{"not_picked":["Thunderclap","Headbutt"],"picked":"Armaments+1","floor":30},{"not_picked":["Juggernaut","Reaper+1"],"picked":"Double Tap+1","floor":33},{"not_picked":["Battle Trance+1","Burning Pact+1"],"picked":"Flame Barrier+1","floor":35},{"not_picked":["Headbutt+1","Iron Wave+1"],"picked":"Wild Strike+1","floor":36},{"not_picked":["Thunderclap+1","Entrench+1"],"picked":"Armaments+1","floor":37},{"not_picked":["Warcry+1","Clash+1"],"picked":"Thunderclap+1","floor":38},{"not_picked":["Feel No Pain+1","Anger+1"],"picked":"Pommel Strike+1","floor":41},{"not_picked":["Brutality","Clothesline+1","Anger+1"],"picked":"SKIP","floor":44},{"not_picked":["Clothesline+1","Infernal Blade+1"],"picked":"Headbutt+1","floor":45},{"not_picked":["Disarm+1","Bloodletting+1"],"picked":"Dual Wield+1","floor":47},{"not_picked":["Cleave+1","True Grit+1"],"picked":"Perfected Strike+1","floor":48},{"not_picked":["Warcry+1","Limit Break+1"],"picked":"Armaments+1","floor":49},{"not_picked":["Headbutt+1","Clothesline+1"],"picked":"Power Through+1","floor":54}],"player_experience":2184262,"relics_obtained":[{"floor":6,"key":"aspiration:AnachronicSnailShell"},{"floor":9,"key":"The Courier"},{"floor":11,"key":"HornCleat"},{"floor":13,"key":"construct:FoamFinger"},{"floor":23,"key":"MealTicket"},{"floor":25,"key":"Dream Catcher"},{"floor":26,"key":"Toxic Egg 2"},{"floor":27,"key":"Pantograph"},{"floor":37,"key":"Runesmith:Locket"},{"floor":41,"key":"Nunchaku"},{"floor":44,"key":"StrikeDummy"},{"floor":47,"key":"Letter Opener"},{"floor":48,"key":"Lizard Tail"},{"floor":54,"key":"Sundial"}],"event_choices":[{"damage_healed":84,"gold_gain":0,"player_choice":"Upgrade","damage_taken":18,"max_hp_gain":0,"max_hp_loss":88,"event_name":"betterThird:BetterShining","floor":3,"gold_loss":0,"cards_upgraded":["Defend_R","Bash"]},{"damage_healed":0,"gold_gain":1,"player_choice":"1","damage_taken":0,"max_hp_gain":0,"max_hp_loss":0,"event_name":"betterStone:BetterStone","floor":10,"gold_loss":0},{"damage_healed":0,"gold_gain":0,"player_choice":"Searched \u00271\u0027 times","damage_taken":0,"max_hp_gain":0,"max_hp_loss":0,"event_name":"Dead Adventurer","floor":11,"gold_loss":0},{"cards_removed":["Defend_R"],"damage_healed":0,"gold_gain":0,"player_choice":"Purged","damage_taken":0,"max_hp_gain":0,"max_hp_loss":0,"event_name":"Purifier","floor":20,"gold_loss":0},{"damage_healed":0,"gold_gain":0,"player_choice":"Fight","damage_taken":0,"max_hp_gain":0,"max_hp_loss":0,"event_name":"Mysterious Sphere","floor":37,"gold_loss":0},{"damage_healed":23,"gold_gain":0,"player_choice":"Writhe","damage_taken":0,"max_hp_gain":0,"max_hp_loss":0,"event_name":"Winding Halls","floor":46,"gold_loss":0,"cards_obtained":["Writhe"]},{"damage_healed":0,"gold_gain":0,"player_choice":"Fight","damage_taken":0,"max_hp_gain":0,"max_hp_loss":0,"event_name":"MindBloom","floor":48,"gold_loss":0}],"is_beta":false,"boss_relics":[{"not_picked":["SacredBark","Busted Crown"],"picked":"Mark of Pain"},{"not_picked":["Sozu","theSenshi:MoonKaleidoScopeRelic"],"picked":"aspiration:MobileForge"}],"items_purged_floors":[19,31,53],"is_endless":false,"potions_floor_spawned":[6,7,12,16,21,22,25,28,33,37,44,45,47,54],"ascension_level":3}}