{"host":"rolltorest","time":1610240655,"event":{"mods":["BaseMod","Minty Spire (QoL Compilation)","Relic Stats","Robot Space Explorer","Slay the Relics Exporter","StSLib"],"gold_per_floor":[112,16,28,28,103,103,128,128,128,128,139,167,240,267,267,341,341,353,353,278,0,13,13,43,62,86,86,105,120,139,139,139,210,210,222,234,14,14,34,34,64,64,64,89,100,100,112,144,144,144,144,144,31,56,56,56],"floor_reached":55,"playtime":1836,"items_purged":["RobotSpaceExplorer:Strike+1"],"score":1546,"play_id":"6cd3025f-7fde-4fd3-b43a-4310d79616bb","local_time":"20210109170415","is_ascension_mode":true,"campfire_choices":[{"data":"RobotSpaceExplorer:RigExplosive","floor":6,"key":"SMITH"},{"data":"RobotSpaceExplorer:SurgingStrike","floor":8,"key":"SMITH"},{"data":"RobotSpaceExplorer:ShovelStrike","floor":10,"key":"SMITH"},{"data":"RobotSpaceExplorer:Blaster","floor":15,"key":"SMITH"},{"floor":23,"key":"REST"},{"floor":27,"key":"RECALL"},{"floor":32,"key":"REST"},{"floor":40,"key":"REST"},{"floor":42,"key":"REST"},{"floor":46,"key":"REST"},{"floor":49,"key":"REST"},{"floor":52,"key":"REST"}],"circlet_count":0,"master_deck":["AscendersBane","RobotSpaceExplorer:Strike+1","RobotSpaceExplorer:Strike+1","RobotSpaceExplorer:Defend+1","RobotSpaceExplorer:Defend+1","RobotSpaceExplorer:Defend+1","RobotSpaceExplorer:Defend+1","RobotSpaceExplorer:Scan","RobotSpaceExplorer:MiniLasers+1","RobotSpaceExplorer:ShovelStrike+1","RobotSpaceExplorer:RigExplosive+1","RobotSpaceExplorer:ScrapMissile","RobotSpaceExplorer:SurgingStrike+1","RobotSpaceExplorer:PlasmaMissile","RobotSpaceExplorer:Blaster+1","RobotSpaceExplorer:Electropulse","RobotSpaceExplorer:Asteroid+1","RobotSpaceExplorer:MetalStrike","RobotSpaceExplorer:Electroshield","RobotSpaceExplorer:SurgingShield","RobotSpaceExplorer:StunGrenade","RobotSpaceExplorer:Smokescreen+1","RobotSpaceExplorer:RigExplosive","RobotSpaceExplorer:LuckyStrike+1","RobotSpaceExplorer:Arsenal","CurseOfTheBell","RobotSpaceExplorer:SelfCleaning","RobotSpaceExplorer:DoubleFind+1","RobotSpaceExplorer:Accelerator","RobotSpaceExplorer:GlueShot+1","RobotSpaceExplorer:Probe+1","RobotSpaceExplorer:FranticSearch+1"],"relics":["SacredBark","StrikeDummy","Calipers","Lizard Tail","Whetstone","Fusion Hammer","Kunai","RobotSpaceExplorer:BottledGravity","Akabeko","MutagenicStrength","Calling Bell","Nunchaku","Matryoshka","StoneCalendar","Toy Ornithopter","Smiling Mask","Vajra","The Courier","Bronze Scales","Boot"],"acts_visited":["Exordium","TheCity","TheBeyond","TheEnding"],"potions_floor_usage":[3,7,7,12,14,16,18,22,24,24,29,30,33,33,33,33,36,36,39,39,41,41,44,45,45,47,47,48,48,50,50,50,50,54,54,55,55],"damage_taken":[{"damage":0,"enemies":"2 Louse","floor":1,"turns":4},{"damage":0,"enemies":"Jaw Worm","floor":3,"turns":1},{"damage":0,"enemies":"Gremlin Nob","floor":7,"turns":2},{"damage":0,"enemies":"Small Slimes","floor":11,"turns":2},{"damage":5,"enemies":"3 Sentries","floor":12,"turns":5},{"damage":0,"enemies":"Gremlin Nob","floor":14,"turns":2},{"damage":30,"enemies":"The Guardian","floor":16,"turns":9},{"damage":0,"enemies":"3 Byrds","floor":18,"turns":3},{"damage":9,"enemies":"Shell Parasite","floor":22,"turns":3},{"damage":8,"enemies":"Book of Stabbing","floor":24,"turns":3},{"damage":0,"enemies":"3 Cultists","floor":25,"turns":5},{"damage":10,"enemies":"Cultist and Chosen","floor":28,"turns":4},{"damage":3,"enemies":"Chosen and Byrds","floor":29,"turns":3},{"damage":4,"enemies":"Snake Plant","floor":30,"turns":3},{"damage":26,"enemies":"Collector","floor":33,"turns":7},{"damage":11,"enemies":"3 Shapes","floor":35,"turns":4},{"damage":0,"enemies":"3 Darklings","floor":36,"turns":5},{"damage":0,"enemies":"Jaw Worm Horde","floor":39,"turns":2},{"damage":26,"enemies":"Giant Head","floor":41,"turns":7},{"damage":31,"enemies":"Nemesis","floor":44,"turns":5},{"damage":2,"enemies":"Maw","floor":45,"turns":5},{"damage":30,"enemies":"Spire Growth","floor":47,"turns":4},{"damage":20,"enemies":"Giant Head","floor":48,"turns":6},{"damage":68,"enemies":"Awakened One","floor":50,"turns":18},{"damage":74,"enemies":"Shield and Spear","floor":54,"turns":6},{"damage":93,"enemies":"The Heart","floor":55,"turns":3}],"seed_played":"-7911432509003638351","potions_obtained":[{"floor":1,"key":"ColorlessPotion"},{"floor":3,"key":"AttackPotion"},{"floor":18,"key":"FearPotion"},{"floor":24,"key":"LiquidMemories"},{"floor":28,"key":"RobotSpaceExplorer:PlasmaFlask"},{"floor":48,"key":"Energy Potion"}],"is_trial":false,"path_per_floor":["M","$","M","$","?","R","E","R","T","R","M","E","?","E","R","B",null,"M","?","?","$","M","R","E","M","T","R","M","M","M","?","R","B",null,"M","M","$","?","M","R","E","R","T","E","M","R","M","E","R","B",null,"R","$","E","B"],"character_chosen":"RobotSpaceExplorer","items_purchased":["RobotSpaceExplorer:RigExplosive","Fire Potion","Kunai","Toy Ornithopter","Strength Potion","LiquidBronze"],"campfire_rested":7,"item_purchase_floors":[2,2,21,37,37,53],"current_hp_per_floor":[64,64,64,64,53,53,53,53,53,53,53,48,48,48,48,18,58,58,58,58,58,49,70,62,62,62,62,52,49,45,45,66,40,63,52,52,52,52,62,71,50,71,71,45,53,71,51,41,62,14,57,71,71,7,0,0],"gold":56,"neow_bonus":"BOSS_RELIC","is_daily":false,"chose_seed":false,"campfire_upgraded":4,"win_rate":0.0,"timestamp":1610240655,"path_taken":["M","$","M","$","?","R","E","R","T","R","M","E","?","E","R","BOSS","M","?","?","$","M","R","E","M","T","R","M","M","M","?","R","BOSS","M","M","$","?","M","R","E","R","T","E","M","R","M","E","R","BOSS","R","$","E","BOSS"],"items_purchased_type":["Card","Potion","Relic","Relic","Potion","Potion"],"build_version":"2020-12-18","purchased_purges":1,"victory":false,"max_hp_per_floor":[71,71,71,71,71,71,71,71,71,71,71,71,71,71,71,71,71,71,71,71,71,71,71,71,71,71,71,71,71,71,71,71,71,71,71,71,71,71,71,71,71,71,71,71,71,71,71,71,71,71,71,71,71,71,71,71],"relic_stats":{"Lizard Tail":35,"Nunchaku":[17],"counters":[26,121],"Bronze Scales":[165],"StoneCalendar":[52],"Whetstone":["RobotSpaceExplorer:Strike","RobotSpaceExplorer:MiniLasers"],"Kunai":[47],"Smiling Mask":10,"Boot":[0],"obtain_stats":[{"Calipers":9,"SacredBark":0,"Vajra":43,"RobotSpaceExplorer:RoboCore":0,"StoneCalendar":34,"The Courier":44,"Whetstone":14,"Smiling Mask":41,"Boot":54,"Akabeko":26,"Calling Bell":34,"Lizard Tail":12,"Nunchaku":34,"Matryoshka":34,"RobotSpaceExplorer:BottledGravity":24,"MutagenicStrength":31,"Bronze Scales":48,"Fusion Hammer":17,"Kunai":21,"StrikeDummy":7,"Toy Ornithopter":37},{"Calipers":3,"SacredBark":0,"Vajra":19,"RobotSpaceExplorer:RoboCore":0,"StoneCalendar":15,"The Courier":20,"Whetstone":6,"Smiling Mask":19,"Boot":25,"Akabeko":11,"Calling Bell":15,"Lizard Tail":5,"Nunchaku":15,"Matryoshka":15,"RobotSpaceExplorer:BottledGravity":10,"MutagenicStrength":14,"Bronze Scales":23,"Fusion Hammer":7,"Kunai":8,"StrikeDummy":3,"Toy Ornithopter":17},{"Calipers":7,"SacredBark":0,"Vajra":74,"RobotSpaceExplorer:RoboCore":0,"StoneCalendar":56,"The Courier":79,"Whetstone":16,"Smiling Mask":74,"Boot":118,"Akabeko":39,"Calling Bell":56,"Lizard Tail":14,"Nunchaku":56,"Matryoshka":56,"RobotSpaceExplorer:BottledGravity":34,"MutagenicStrength":49,"Bronze Scales":94,"Fusion Hammer":25,"Kunai":28,"StrikeDummy":7,"Toy Ornithopter":65}],"Toy Ornithopter":90},"card_choices":[{"not_picked":["RobotSpaceExplorer:SurgingShield","RobotSpaceExplorer:SlimeMissile"],"picked":"RobotSpaceExplorer:ShovelStrike","floor":1},{"not_picked":["RobotSpaceExplorer:Ammunition","RobotSpaceExplorer:ShovelStrike"],"picked":"RobotSpaceExplorer:ScrapMissile","floor":3},{"not_picked":["RobotSpaceExplorer:Probe","RobotSpaceExplorer:Multitool"],"picked":"RobotSpaceExplorer:SurgingStrike","floor":7},{"not_picked":["RobotSpaceExplorer:ScrapMissile","RobotSpaceExplorer:FranticSearch"],"picked":"RobotSpaceExplorer:PlasmaMissile","floor":11},{"not_picked":["RobotSpaceExplorer:ImprovisedAttack","RobotSpaceExplorer:GlueSpray"],"picked":"RobotSpaceExplorer:Blaster","floor":12},{"not_picked":["RobotSpaceExplorer:StunGrenade","RobotSpaceExplorer:ShockKick"],"picked":"RobotSpaceExplorer:Electropulse","floor":14},{"not_picked":["RobotSpaceExplorer:Comet","RobotSpaceExplorer:ShockMissile"],"picked":"RobotSpaceExplorer:Asteroid","floor":16},{"not_picked":["RobotSpaceExplorer:SurgingShield","RobotSpaceExplorer:Ammunition"],"picked":"RobotSpaceExplorer:MetalStrike","floor":18},{"not_picked":["RobotSpaceExplorer:ShovelStrike","RobotSpaceExplorer:FreezeRay"],"picked":"RobotSpaceExplorer:Electroshield","floor":22},{"not_picked":["RobotSpaceExplorer:MetalStrike","RobotSpaceExplorer:FreezeRay"],"picked":"RobotSpaceExplorer:SurgingShield","floor":24},{"not_picked":["RobotSpaceExplorer:Probe","RobotSpaceExplorer:GlueShot"],"picked":"RobotSpaceExplorer:StunGrenade","floor":25},{"not_picked":["RobotSpaceExplorer:FreezingShield","RobotSpaceExplorer:StunGrenade"],"picked":"RobotSpaceExplorer:Smokescreen+1","floor":28},{"not_picked":["RobotSpaceExplorer:SurgingShield","RobotSpaceExplorer:Discharger+1"],"picked":"RobotSpaceExplorer:RigExplosive","floor":29},{"not_picked":["RobotSpaceExplorer:BlastShield","RobotSpaceExplorer:SlimeMissile"],"picked":"RobotSpaceExplorer:LuckyStrike+1","floor":30},{"not_picked":["RobotSpaceExplorer:BlastShield","RobotSpaceExplorer:Wormhole"],"picked":"RobotSpaceExplorer:Arsenal","floor":33},{"not_picked":["RobotSpaceExplorer:StunGrenade","RobotSpaceExplorer:Probe+1"],"picked":"RobotSpaceExplorer:SelfCleaning","floor":35},{"not_picked":["RobotSpaceExplorer:MetalStrike+1","RobotSpaceExplorer:Probe","RobotSpaceExplorer:SelfCleaning"],"picked":"SKIP","floor":36},{"not_picked":["RobotSpaceExplorer:GlueShot","RobotSpaceExplorer:Probe+1"],"picked":"RobotSpaceExplorer:DoubleFind+1","floor":39},{"not_picked":["RobotSpaceExplorer:Electroshield","RobotSpaceExplorer:GearShield"],"picked":"RobotSpaceExplorer:Accelerator","floor":41},{"not_picked":["RobotSpaceExplorer:FreezingShield","RobotSpaceExplorer:SurgingStrike"],"picked":"RobotSpaceExplorer:GlueShot+1","floor":44},{"not_picked":["RobotSpaceExplorer:Pulsar","RobotSpaceExplorer:StunGrenade"],"picked":"RobotSpaceExplorer:Probe+1","floor":45},{"not_picked":["RobotSpaceExplorer:ImprovisedAttack","RobotSpaceExplorer:Ammunition+1"],"picked":"RobotSpaceExplorer:FranticSearch+1","floor":47},{"not_picked":["RobotSpaceExplorer:Ammunition","RobotSpaceExplorer:BigMissile"],"picked":"RobotSpaceExplorer:Exploration","floor":48},{"not_picked":["RobotSpaceExplorer:MiniDrones","RobotSpaceExplorer:GlueShot","RobotSpaceExplorer:Autoloader"],"picked":"SKIP","floor":54}],"player_experience":1823474,"relics_obtained":[{"floor":7,"key":"StrikeDummy"},{"floor":9,"key":"Calipers"},{"floor":12,"key":"Lizard Tail"},{"floor":14,"key":"Whetstone"},{"floor":24,"key":"RobotSpaceExplorer:BottledGravity"},{"floor":26,"key":"Akabeko"},{"floor":34,"key":"Nunchaku"},{"floor":34,"key":"Matryoshka"},{"floor":34,"key":"StoneCalendar"},{"floor":41,"key":"Smiling Mask"},{"floor":43,"key":"Vajra"},{"floor":44,"key":"The Courier"},{"floor":48,"key":"Bronze Scales"},{"floor":54,"key":"Boot"}],"event_choices":[{"damage_healed":0,"gold_gain":75,"player_choice":"Gather Gold","damage_taken":11,"max_hp_gain":0,"max_hp_loss":0,"event_name":"World of Goop","floor":5,"gold_loss":0},{"damage_healed":0,"gold_gain":73,"player_choice":"Gained Gold","damage_taken":0,"max_hp_gain":0,"max_hp_loss":0,"event_name":"Golden Wing","floor":13,"gold_loss":0},{"damage_healed":0,"gold_gain":0,"player_choice":"Simplicity","damage_taken":0,"max_hp_gain":0,"max_hp_loss":0,"event_name":"Back to Basics","floor":19,"gold_loss":0,"cards_upgraded":["RobotSpaceExplorer:Strike","RobotSpaceExplorer:Strike","RobotSpaceExplorer:Strike","RobotSpaceExplorer:Defend","RobotSpaceExplorer:Defend","RobotSpaceExplorer:Defend","RobotSpaceExplorer:Defend"]},{"cards_removed":["RobotSpaceExplorer:Strike"],"damage_healed":0,"gold_gain":0,"player_choice":"Gave Gold","damage_taken":0,"max_hp_gain":0,"max_hp_loss":0,"event_name":"Beggar","floor":20,"gold_loss":75},{"damage_healed":0,"gold_gain":0,"player_choice":"Inject Mutagens","damage_taken":0,"relics_obtained":["MutagenicStrength"],"max_hp_gain":0,"max_hp_loss":0,"event_name":"Drug Dealer","floor":31,"gold_loss":0},{"damage_healed":0,"gold_gain":0,"player_choice":"Upgraded","damage_taken":0,"max_hp_gain":0,"max_hp_loss":0,"event_name":"Upgrade Shrine","floor":38,"gold_loss":0,"cards_upgraded":["RobotSpaceExplorer:Asteroid"]}],"is_beta":true,"boss_relics":[{"not_picked":["Empty Cage","Ectoplasm"],"picked":"Fusion Hammer"},{"not_picked":["Velvet Choker","Tiny House"],"picked":"Calling Bell"}],"items_purged_floors":[53],"is_endless":false,"potions_floor_spawned":[1,3,11,18,24,28,30,39,41,45,48],"killed_by":"The Heart","ascension_level":19}}