{"host":"qnxnem68q7ulahas","time":1610293244,"event":{"mods":["ATMod(阿瑾Mod)","Act Like it!","Arknights The Spire","BaseMod","Challenge The Spire","Decade(王小明)","GungeonMod","Highlight Path","Minty Spire (QoL Compilation)","Replay The Spire","RumiaBox-露米娅的神秘盒子","SOS（斯巴达之子）","Spicy Shops","StSLib","The Animator","[IsaacMod]以撒尖塔","【功能Mod】混沌之环修复补丁","【遗物卡牌】REMEMod"],"gold_per_floor":[154,199,199,199,199,199,213,213,213,262,262,52,102,122,122,216,216,279,143,176,113,141,193,247,329,355,355,224,287,305,359,359,455,455,489,163,163,178,233],"floor_reached":40,"playtime":1506,"items_purged":["Shoot","Defend_Dante","Defend_Dante","Lucifer","Airhike","Defend_Dante+1"],"score":1428,"play_id":"7c16edda-40e7-4dd5-9c6a-71e8d310e11b","local_time":"20210110234044","is_ascension_mode":true,"campfire_choices":[{"data":"AT_KneejerkReflex","floor":6,"key":"SMITH"},{"data":"Ecstasy","floor":8,"key":"SMITH"},{"data":"Attack_a","floor":11,"key":"SMITH"},{"floor":15,"key":"DIG"},{"data":"Hightime","floor":27,"key":"SMITH"},{"data":"Defend_Dante","floor":32,"key":"PURGE"}],"circlet_count":0,"master_deck":["AscendersBane","Attack_a+1","Attack_a+1","Attack_b+1","Provocation+1","Redorb+1","LessonLearned+1","AT_KneejerkReflex+1","Ecstasy+1","Straight+1","Lucifer+1","Swordmaster","LucifercomboA+1","Hightime+1","Ecstasy+1","LucifercomboC","LucifercomboB+1","VitalstarS+1","Enemystep","Kick13+1"],"relics":["SSS","Combocheck","HushsDoor","REME_ComplimentaryCards","AT_ATBox","NeowsBlessing","DoctorsRemote","Bronze Scales","Replay:Wax Seal","SteamSale","GodSword1","Honey Jar","DemoMod:VorpalBullet","SecretRecord","Smiling Mask","BelialBook","AT_ArchangelStaff","Happy Flower","Busted Crown","GuppysTail","MagicDraw3","GodSword4"],"acts_visited":["Exordium","TheCity","TheBeyond"],"potions_floor_usage":[23],"damage_taken":[{"damage":0.0,"enemies":"Jaw Worm","floor":1.0,"turns":1.0},{"damage":0.0,"enemies":"Small Slimes","floor":2.0,"turns":1.0},{"damage":0,"enemies":"2 Louse","floor":7,"turns":2},{"damage":0,"enemies":"Looter","floor":13,"turns":2},{"damage":23,"enemies":"Large Slime","floor":14,"turns":4},{"damage":20,"enemies":"Hexaghost","floor":16,"turns":4},{"damage":10,"enemies":"Spheric Guardian","floor":18,"turns":4},{"damage":0,"enemies":"2 Thieves","floor":22,"turns":1},{"damage":0,"enemies":"Replay:Snechameleon","floor":23,"turns":1},{"damage":12,"enemies":"Snake Plant","floor":24,"turns":2},{"damage":0,"enemies":"REME_1_Revenger","floor":25,"turns":2},{"damage":0,"enemies":"Cultist and Chosen","floor":29,"turns":3},{"damage":6,"enemies":"Shelled Parasite and Fungi","floor":30,"turns":3},{"damage":0,"enemies":"Chosen and Byrds","floor":31,"turns":2},{"damage":0,"enemies":"Collector","floor":33,"turns":2},{"damage":0,"enemies":"Orb Walker","floor":35,"turns":1},{"damage":0,"enemies":"Replay:Hell Engine","floor":38,"turns":2},{"damage":6,"enemies":"Awakened One","floor":39,"turns":3}],"seed_played":"7807032680585425284","potions_obtained":[{"floor":1.0,"key":"BlessingOfTheForge"},{"floor":14,"key":"SteroidPotion"},{"floor":23,"key":"LiquidBronze"},{"floor":25,"key":"Dexterity Potion"},{"floor":31,"key":"PowerPotion"},{"floor":33,"key":"Energy Potion"}],"is_trial":false,"path_per_floor":["M","M","?","?","?","R","M","R","T","T","R","$","M","M","R","B",null,"M","$","?","$","M","E","M","E","T","R","$","M","M","M","R","B",null,"M","$","?","B","B",null],"character_chosen":"DANTE","items_purchased":["SteamSale","DemoMod:VorpalBullet","Happy Flower","GuppysTail","MagicDraw3","GodSword4"],"campfire_rested":0,"item_purchase_floors":[12,19,28,34,36,36],"current_hp_per_floor":[68,68,68,68,73,73,73,73,73,73,73,73,73,50,50,30,68,58,58,26,26,26,26,14,14,14,14,14,14,8,8,8,13,52,52,52,52,57,56],"gold":233,"neow_bonus":"THREE_ENEMY_KILL","is_daily":false,"chose_seed":false,"campfire_upgraded":4,"win_rate":0.0,"timestamp":1610293244,"path_taken":["M","M","?","?","?","R","M","R","T","?","R","$","?","M","R","BOSS","M","$","?","$","M","E","M","E","T","R","$","?","M","M","R","BOSS","M","$","?","BOSS","BOSS"],"items_purchased_type":["Relic","Relic","Relic","Relic","Relic","Relic"],"build_version":"2020-12-22","purchased_purges":6,"victory":true,"max_hp_per_floor":[75,75,75,75,80,80,80,80,80,80,80,80,80,80,80,80,80,80,80,80,80,80,80,80,80,80,80,80,80,80,80,80,80,65,65,65,65,65,65],"card_choices":[{"not_picked":["Holywater","Gunstinger","Bomb"],"picked":"SKIP","floor":1.0},{"not_picked":["Holywater","Gunstinger"],"picked":"Bomb","floor":1.0},{"not_picked":["LucifercomboB","LucifercomboA"],"picked":"Ecstasy","floor":2.0},{"not_picked":["Greenorb","Straight","Gilgamesh"],"picked":"SKIP","floor":7},{"not_picked":["Honeycombofire","Demonreform"],"picked":"Lucifer","floor":13},{"not_picked":["Weaponupgrade","Lucifer","SSScard"],"picked":"SKIP","floor":14},{"not_picked":["Pandora","Rebellion","LucifercomboC"],"picked":"Swordmaster","floor":18},{"not_picked":["Chargeshoot","DT","LucifercomboD"],"picked":"LucifercomboA","floor":20},{"not_picked":["Stinger","CoyoteA","VitalstarS"],"picked":"Hightime","floor":22},{"not_picked":["Swordcombo","Doubleshoot","Greenorb+1"],"picked":"Ecstasy","floor":23},{"not_picked":["Doubleshoot","Unrisingdragon","Airhike"],"picked":"LucifercomboC","floor":24},{"not_picked":["Shock+1","Weaponchange","Straight+1"],"picked":"Lucifer","floor":25},{"not_picked":["CoyoteA","Rebellion","Chargeshoot2"],"picked":"LucifercomboB","floor":29},{"not_picked":["Weaponchange","Doubleshoot+1","Straight"],"picked":"VitalstarS","floor":30},{"not_picked":["Millionkick","Ecstasy","Unrisingdragon"],"picked":"Airhike","floor":31},{"not_picked":["Goldorb","Airtrick","Stylechange"],"picked":"Enemystep","floor":33},{"not_picked":["Chargeshoot"],"picked":"Kick13+1","floor":35}],"player_experience":435029,"relics_obtained":[{"floor":9,"key":"Bronze Scales"},{"floor":10,"key":"Replay:Wax Seal"},{"floor":15,"key":"GodSword1"},{"floor":20,"key":"SecretRecord"},{"floor":23,"key":"Smiling Mask"},{"floor":25,"key":"BelialBook"},{"floor":26,"key":"AT_ArchangelStaff"}],"event_choices":[{"damage_healed":0,"gold_gain":0,"player_choice":"Grow","damage_taken":0,"max_hp_gain":0,"max_hp_loss":0,"event_name":"Living Wall","floor":4,"gold_loss":0,"cards_upgraded":["Provocation"]},{"damage_healed":0,"gold_gain":0,"player_choice":"Donut","damage_taken":0,"max_hp_gain":5,"max_hp_loss":0,"event_name":"Big Fish","floor":5,"gold_loss":0},{"damage_healed":0,"gold_gain":0,"player_choice":"Took Portal","damage_taken":0,"max_hp_gain":0,"max_hp_loss":0,"event_name":"SecretPortal","floor":37,"gold_loss":0}],"is_beta":false,"boss_relics":[{"not_picked":["Kintsugi","REME_ChargedStone"],"picked":"Honey Jar"},{"not_picked":[]},{"not_picked":["SoulBox","Tiny House"],"picked":"Busted Crown"},{"not_picked":[]}],"items_purged_floors":[12,19,21,28,34,36],"is_endless":false,"potions_floor_spawned":[1,14,23,25,31,33],"ascension_level":20}}