{"host":"684z1xpuwaoqmmh1","time":1610289817,"event":{"mods":["Bard","BaseMod","Downfall","Hermit","Jorbs\u0027s Wanderer Trilogy","Marisa????????","Minty Spire (QoL Compilation)","Robot Space Explorer","Shade Mod","StSLib","The Hierophant","The Marked","The Mystic"],"gold_per_floor":[115,115,133,150,164,164,196,196,196,196,206,216,226,258,270,282,282],"floor_reached":16,"playtime":748,"items_purged":[],"score":114,"play_id":"01a73554-4599-4d4b-9576-b9c3324e11f2","local_time":"20210110164337","is_ascension_mode":false,"campfire_choices":[{"data":"theMarked:DispelDoubt","floor":6,"key":"SMITH"},{"floor":8,"key":"REST"},{"data":"theMarked:SelfDefenseTraining","floor":15,"key":"SMITH"}],"circlet_count":0,"master_deck":["theMarked:Strike","theMarked:Strike","theMarked:Strike","theMarked:Strike","theMarked:Strike","theMarked:Defend","theMarked:Defend","theMarked:Defend","theMarked:Defend","theMarked:SoldierOfQuellstein","theMarked:DispelDoubt+1","theMarked:RepellingDischarge","Regret","theMarked:Panic","theMarked:HeightenedSenses","theMarked:Parry","theMarked:SelfDefenseTraining+1","theMarked:EnhanceMovement","theMarked:ContemptForTheProud","theMarked:MuscleMemory"],"relics":["theMarked:ArtifactOfAir","Bag of Preparation","Sundial","Centennial Puzzle","Mercury Hourglass","MawBank"],"acts_visited":["Exordium"],"potions_floor_usage":[14,16],"damage_taken":[{"damage":1,"enemies":"2 Louse","floor":1,"turns":2},{"damage":4,"enemies":"Jaw Worm","floor":3,"turns":3},{"damage":5,"enemies":"Cultist","floor":4,"turns":3},{"damage":5,"enemies":"Exordium Thugs","floor":5,"turns":7},{"damage":24,"enemies":"Gremlin Nob","floor":7,"turns":5},{"damage":0,"enemies":"Lots of Slimes","floor":11,"turns":3},{"damage":6,"enemies":"Exordium Wildlife","floor":12,"turns":4},{"damage":1,"enemies":"Looter","floor":13,"turns":3},{"damage":6,"enemies":"Lagavulin","floor":14,"turns":5},{"damage":40,"enemies":"Hexaghost","floor":16,"turns":12}],"seed_played":"-4307845834522400953","potions_obtained":[{"floor":7,"key":"AttackPotion"},{"floor":12,"key":"FearPotion"},{"floor":13,"key":"SkillPotion"}],"is_trial":false,"path_per_floor":["M","?","M","M","M","R","E","R","T","?","M","M","M","E","R","B"],"character_chosen":"THE_DEFAULT","items_purchased":[],"campfire_rested":1,"item_purchase_floors":[],"current_hp_per_floor":[69,69,65,60,55,55,31,52,52,52,52,46,45,39,39,0,0],"gold":282,"neow_bonus":"ONE_RANDOM_RARE_CARD","is_daily":false,"chose_seed":false,"campfire_upgraded":2,"win_rate":0.0,"timestamp":1610289817,"path_taken":["M","?","M","M","M","R","E","R","T","?","M","M","M","E","R","BOSS"],"items_purchased_type":[],"build_version":"2020-12-22","purchased_purges":0,"victory":false,"max_hp_per_floor":[70,70,70,70,70,70,70,70,70,70,70,70,70,70,70,70,70],"card_choices":[{"not_picked":["theMarked:Parkour","theMarked:EmpowerWeapon"],"picked":"theMarked:RepellingDischarge","floor":1},{"not_picked":["theMarked:Improvise","theMarked:BanishingStrike"],"picked":"theMarked:Panic","floor":3},{"not_picked":["theMarked:Improvise","theMarked:ChainLightning"],"picked":"theMarked:HeightenedSenses","floor":4},{"not_picked":["theMarked:Parkour","theMarked:ChainLightning"],"picked":"theMarked:Parry","floor":5},{"not_picked":["theMarked:EnhanceMovement","theMarked:TwofoldDefense"],"picked":"theMarked:SelfDefenseTraining","floor":7},{"not_picked":["theMarked:Frustration","theMarked:Electrify","theMarked:Static"],"picked":"SKIP","floor":11},{"not_picked":["theMarked:LightningStrikesTwice","theMarked:Overthink"],"picked":"theMarked:EnhanceMovement","floor":12},{"not_picked":["theMarked:Parkour","theMarked:Static"],"picked":"theMarked:ContemptForTheProud","floor":13},{"not_picked":["theMarked:Seal","theMarked:WardOff"],"picked":"theMarked:MuscleMemory","floor":14}],"player_experience":2468139,"relics_obtained":[{"floor":7,"key":"Sundial"},{"floor":9,"key":"Centennial Puzzle"},{"floor":10,"key":"Mercury Hourglass"},{"floor":14,"key":"MawBank"}],"event_choices":[{"damage_healed":0,"gold_gain":0,"player_choice":"Box","damage_taken":0,"relics_obtained":["Bag of Preparation"],"max_hp_gain":0,"max_hp_loss":0,"event_name":"Big Fish","floor":2,"gold_loss":0,"cards_obtained":["Regret"]},{"damage_healed":0,"gold_gain":0,"player_choice":"Relic","damage_taken":0,"max_hp_gain":0,"max_hp_loss":0,"event_name":"Wheel of Change","floor":10,"gold_loss":0}],"is_beta":false,"boss_relics":[],"items_purged_floors":[],"is_endless":false,"potions_floor_spawned":[7,12,13],"killed_by":"Hexaghost","ascension_level":0}}