{"host":"q0qnzbgdx8oqogg9","time":1610319884,"event":{"mods":["BaseMod","Minty Spire (QoL Compilation)","Slay-I","StSLib"],"gold_per_floor":[116,129,129,146,159,191,203,213,213,242,254,266,266],"floor_reached":12,"playtime":462,"items_purged":[],"score":115,"play_id":"befb6eab-e4b4-4057-ad2e-c59592c5f2f0","local_time":"20210110180444","is_ascension_mode":true,"campfire_choices":[],"circlet_count":0,"master_deck":["Strike_R","Strike_R","Strike_R","Strike_R","Strike_R","Defend_R","Defend_R","Defend_R","Defend_R","Bash","Twin Strike","Warcry","Wild Strike","Uppercut+1","Second Wind","Armaments","Impervious","Metallicize"],"relics":["Burning Blood","PreservedInsect","Torii","Toy Ornithopter","Darkstone Periapt","MawBank"],"acts_visited":["Exordium"],"potions_floor_usage":[12],"damage_taken":[{"damage":8.0,"enemies":"Jaw Worm","floor":1.0,"turns":5.0},{"damage":11.0,"enemies":"Small Slimes","floor":2.0,"turns":4.0},{"damage":1.0,"enemies":"Cultist","floor":4.0,"turns":4.0},{"damage":7.0,"enemies":"Looter","floor":5.0,"turns":3.0},{"damage":30.0,"enemies":"3 Sentries","floor":6.0,"turns":6.0},{"damage":3.0,"enemies":"Red Slaver","floor":7.0,"turns":5.0},{"damage":13.0,"enemies":"Large Slime","floor":8.0,"turns":6.0},{"damage":30.0,"enemies":"Gremlin Nob","floor":10.0,"turns":4.0},{"damage":22,"enemies":"3 Sentries","floor":12,"turns":5}],"seed_played":"-7860060691916386000","potions_obtained":[{"floor":4.0,"key":"BlessingOfTheForge"},{"floor":6.0,"key":"Dexterity Potion"},{"floor":8.0,"key":"LiquidBronze"},{"floor":10.0,"key":"Weak Potion"}],"is_trial":false,"path_per_floor":["M","M","?","M","M","E","M","M","T","E","?","E"],"character_chosen":"IRONCLAD","items_purchased":[],"campfire_rested":0,"item_purchase_floors":[],"current_hp_per_floor":[78,73,61,66,65,41,44,37,37,13,13,0,0],"gold":266,"neow_bonus":"RANDOM_COMMON_RELIC","is_daily":false,"chose_seed":false,"campfire_upgraded":0,"win_rate":0.0,"timestamp":1610319884,"path_taken":["M","M","?","M","M","E","M","M","T","E","?","E"],"items_purchased_type":[],"build_version":"2020-12-22","purchased_purges":0,"victory":false,"max_hp_per_floor":[80,80,80,80,80,80,80,80,80,80,80,80,80],"card_choices":[{"not_picked":["Shrug It Off","Heavy Blade"],"picked":"Twin Strike","floor":1.0},{"not_picked":["Twin Strike","Body Slam"],"picked":"Warcry","floor":2.0},{"not_picked":["Perfected Strike","Flex"],"picked":"Wild Strike","floor":4.0},{"not_picked":["Wild Strike","Heavy Blade"],"picked":"Uppercut","floor":5.0},{"not_picked":["Searing Blow","Heavy Blade"],"picked":"Second Wind","floor":6.0},{"not_picked":["Iron Wave","Power Through"],"picked":"Armaments","floor":7.0},{"not_picked":["Power Through","Dual Wield"],"picked":"Impervious","floor":8.0},{"not_picked":["Hemokinesis","Shockwave"],"picked":"Metallicize","floor":10.0}],"player_experience":204035,"relics_obtained":[{"floor":6.0,"key":"Toy Ornithopter"},{"floor":9.0,"key":"Darkstone Periapt"},{"floor":10.0,"key":"MawBank"}],"event_choices":[{"damage_healed":0.0,"max_hp_gain":0.0,"max_hp_loss":0.0,"gold_gain":0.0,"event_name":"Scrap Ooze","player_choice":"Success","floor":3.0,"gold_loss":0.0,"damage_taken":12.0,"relics_obtained":["Torii"]},{"damage_healed":0.0,"max_hp_gain":0.0,"max_hp_loss":0.0,"gold_gain":0.0,"event_name":"Living Wall","player_choice":"Grow","floor":11.0,"gold_loss":0.0,"damage_taken":0.0,"cards_upgraded":["Uppercut"]}],"is_beta":false,"boss_relics":[],"items_purged_floors":[],"is_endless":false,"potions_floor_spawned":[4,6,8,10],"killed_by":"3 Sentries","ascension_level":5}}