{"host":"bpkhhmvsfrvlto2l","time":1610240625,"event":{"mods":["2.2 Compatiblity","AchievementEnabler","Act Like it!","AlwaysNeverKeys","Aspiration","BaseMod","Better Silent Start","Challenge The Spire","Colored Map","Colored Powertips","Custom Start","Downfall","Energized Spire","Friendly Minions","GifTheSpireLib","Halation","Hubris","Infinite Spire","Ironclad Rager","Mimic Mod","Minty Spire (QoL Compilation)","Permanent Neow","Quick Restart","Random Character Button","Relic Sorter","Replay The Spire","Spikes Relics","StSLib","Stuff the Spire","Swap Starting Deck Mod","Trackpad"],"gold_per_floor":[114,125,136,136,61,61,73,73,96,129,129,164,179,179,179,179,179],"floor_reached":16,"playtime":458,"items_purged":["Regret"],"score":132,"play_id":"55f9c194-6668-4fe2-a95c-d10368b31e21","local_time":"20210109200345","is_ascension_mode":true,"campfire_choices":[{"data":"Vigilance","floor":6,"key":"SMITH"},{"data":"Eruption","floor":8,"key":"SMITH"},{"floor":15,"key":"REST"}],"circlet_count":0,"master_deck":["Strike_P","Strike_P","Strike_P+1","Strike_P+1","Defend_P","Defend_P","Defend_P","Defend_P","Eruption+1","Vigilance+1"],"relics":["PureWater","trackpad:AdjectivePendant","StuffTheSpire:RedRose","trackpad:SappingStone","Whetstone","Meat on the Bone"],"acts_visited":["Exordium"],"potions_floor_usage":[10,12,14],"damage_taken":[{"damage":0,"enemies":"Small Slimes","floor":1,"turns":3},{"damage":0,"enemies":"2 Louse","floor":2,"turns":2},{"damage":0,"enemies":"Cultist","floor":3,"turns":4},{"damage":5,"enemies":"Lots of Slimes","floor":7,"turns":5},{"damage":34,"enemies":"3 Sentries","floor":10,"turns":9},{"damage":25,"enemies":"Gremlin Nob","floor":12,"turns":4},{"damage":0,"enemies":"Large Slime","floor":13,"turns":3},{"damage":0,"enemies":"3 Sentries","floor":14,"turns":1},{"damage":38,"enemies":"Fading Forest","floor":16,"turns":9}],"seed_played":"8810642630311385587","potions_obtained":[{"floor":3,"key":"SteroidPotion"},{"floor":7,"key":"champ:CounterPotion"},{"floor":12,"key":"SmokeBomb"}],"is_trial":false,"path_per_floor":["M","M","M","?","$","R","M","R","T","E","?","E","M","E","R","B"],"character_chosen":"WATCHER","items_purchased":[],"campfire_rested":1,"item_purchase_floors":[],"current_hp_per_floor":[72,72,72,72,72,72,67,67,67,33,33,8,20,32,53,25,25],"gold":179,"neow_bonus":"RANDOM_COMMON_RELIC","is_daily":false,"chose_seed":false,"campfire_upgraded":2,"win_rate":0.0,"timestamp":1610240625,"path_taken":["M","M","M","?","$","R","M","R","T","E","?","E","M","E","R","BOSS"],"items_purchased_type":[],"build_version":"2020-12-22","purchased_purges":1,"victory":false,"max_hp_per_floor":[72,72,72,72,72,72,72,72,72,72,72,72,72,72,72,72,72],"card_choices":[],"player_experience":54583,"relics_obtained":[{"floor":9,"key":"trackpad:SappingStone"},{"floor":10,"key":"Whetstone"},{"floor":12,"key":"Meat on the Bone"}],"event_choices":[{"damage_healed":0,"gold_gain":0,"player_choice":"Ignored","damage_taken":0,"max_hp_gain":0,"max_hp_loss":0,"event_name":"Purifier","floor":11,"gold_loss":0}],"is_beta":false,"boss_relics":[],"items_purged_floors":[5],"is_endless":false,"potions_floor_spawned":[3,7,12],"killed_by":"Fading Forest","ascension_level":2}}