{"host":"pzq1vc4uuxkm5fg8","time":1610322538,"event":{"mods":["BaseMod","BetterRewards","Downfall","Hermit","Minty Spire (QoL Compilation)","Shop Mod","StSLib","The Cursed"],"gold_per_floor":[113,113,126,137,151,151,171,181,204,216,249,260,260,289,289,386,386,405,422,422,437,449,449,449],"floor_reached":23,"playtime":4125,"items_purged":[],"score":309,"play_id":"6a2e9c7e-9171-4f44-b250-afe55213ee28","local_time":"20210110184858","is_ascension_mode":false,"campfire_choices":[{"data":"Apotheosis","floor":6,"key":"SMITH"},{"floor":13,"key":"REST"},{"data":"hermit:Combo","floor":15,"key":"SMITH"}],"circlet_count":0,"master_deck":["hermit:Strike_Hermit","hermit:Strike_Hermit","hermit:Strike_Hermit","hermit:Defend_Hermit","hermit:Defend_Hermit","hermit:Defend_Hermit","hermit:Snapshot","hermit:Covet","hermit:GoldenBullet","hermit:Combo+1","hermit:Horror","Apotheosis+1","hermit:PistolWhip","hermit:Headshot","hermit:Feint","hermit:Virtue","hermit:Magnum","hermit:DeadMansHand","hermit:Quickdraw","hermit:TakeAim","hermit:Glare+1","hermit:ShadowCloak+1","hermit:Showdown+1","hermit:LowProfile+1","hermit:GhostlyPresence+1","hermit:NoHoldsBarred+1","hermit:Feint+1"],"relics":["hermit:Momento","Blood Vial","Pear","Smiling Mask","Astrolabe"],"acts_visited":["Exordium","TheCity"],"potions_floor_usage":[11,16,23],"damage_taken":[{"damage":6,"enemies":"Jaw Worm","floor":1,"turns":3},{"damage":1,"enemies":"Cultist","floor":3,"turns":4},{"damage":0,"enemies":"2 Louse","floor":4,"turns":3},{"damage":13,"enemies":"2 Fungi Beasts","floor":5,"turns":3},{"damage":0,"enemies":"3 Louse","floor":7,"turns":2},{"damage":6,"enemies":"Large Slime","floor":8,"turns":4},{"damage":3,"enemies":"Exordium Thugs","floor":10,"turns":4},{"damage":18,"enemies":"Lagavulin","floor":11,"turns":3},{"damage":3,"enemies":"Gremlin Gang","floor":12,"turns":4},{"damage":8,"enemies":"3 Sentries","floor":14,"turns":6},{"damage":23,"enemies":"The Guardian","floor":16,"turns":6},{"damage":8,"enemies":"Chosen","floor":18,"turns":6},{"damage":5,"enemies":"Spheric Guardian","floor":19,"turns":4},{"damage":25,"enemies":"Snake Plant","floor":21,"turns":4},{"damage":10,"enemies":"Cultist and Chosen","floor":22,"turns":6},{"damage":45,"enemies":"Slavers","floor":23,"turns":3}],"seed_played":"4797535371021000992","potions_obtained":[{"floor":3,"key":"LiquidMemories"},{"floor":5,"key":"LiquidBronze"},{"floor":10,"key":"SteroidPotion"},{"floor":11,"key":"FearPotion"},{"floor":16,"key":"SpeedPotion"},{"floor":21,"key":"Weak Potion"}],"is_trial":false,"path_per_floor":["M","?","M","M","M","R","M","M","T","M","E","M","R","E","R","B",null,"M","M","?","M","M","E"],"character_chosen":"HERMIT","items_purchased":["hermit:GoldenBullet","hermit:Combo","hermit:Horror"],"campfire_rested":1,"item_purchase_floors":[0,0,0],"current_hp_per_floor":[61,66,65,65,52,52,52,46,46,45,39,38,63,57,57,36,85,77,74,74,51,43,0,0],"gold":449,"neow_bonus":"","is_daily":false,"chose_seed":false,"campfire_upgraded":2,"win_rate":0.0,"timestamp":1610322538,"path_taken":["M","?","M","M","M","R","?","M","T","M","E","M","R","E","R","BOSS","M","M","?","M","M","E"],"items_purchased_type":["Card","Card","Card"],"build_version":"2020-12-22","purchased_purges":0,"victory":false,"max_hp_per_floor":[75,75,75,75,75,75,75,75,75,75,85,85,85,85,85,85,85,85,85,85,85,85,85,85],"card_choices":[{"not_picked":["hermit:Roulette","hermit:FullyLoaded"],"picked":"hermit:Quickdraw","floor":1},{"not_picked":["hermit:Feint","hermit:FullyLoaded"],"picked":"hermit:PistolWhip","floor":3},{"not_picked":["hermit:Roulette","hermit:Brawl"],"picked":"hermit:Headshot","floor":4},{"not_picked":["hermit:BodyArmor","hermit:TrackingShot"],"picked":"hermit:Feint","floor":5},{"not_picked":["hermit:Combo","hermit:Roulette","hermit:PistolWhip"],"picked":"SKIP","floor":7},{"not_picked":["hermit:HoleUp","hermit:Ricochet"],"picked":"hermit:Virtue","floor":8},{"not_picked":["hermit:HighCaliber","hermit:Feint"],"picked":"hermit:Magnum","floor":10},{"not_picked":["hermit:Snipe","hermit:ItchyTrigger"],"picked":"hermit:DeadMansHand","floor":11},{"not_picked":["hermit:ItchyTrigger","hermit:Coalescence"],"picked":"hermit:Quickdraw","floor":12},{"not_picked":["hermit:Feint","hermit:FullyLoaded"],"picked":"hermit:TakeAim","floor":14},{"not_picked":["hermit:RoundhouseKick","hermit:Magnum"],"picked":"hermit:FatalDesire","floor":16},{"not_picked":["hermit:Misfire","hermit:Desperado"],"picked":"hermit:LowProfile+1","floor":18},{"not_picked":["hermit:CursedWeapon","hermit:Ricochet"],"picked":"hermit:GhostlyPresence+1","floor":19},{"not_picked":["hermit:BigShot","hermit:ShadowCloak"],"picked":"hermit:NoHoldsBarred+1","floor":21},{"not_picked":["hermit:Roulette","hermit:NoHoldsBarred"],"picked":"hermit:Feint+1","floor":22}],"player_experience":292006,"relics_obtained":[{"floor":9,"key":"Blood Vial"},{"floor":11,"key":"Pear"},{"floor":14,"key":"Smiling Mask"}],"event_choices":[{"cards_removed":["hermit:Quickdraw"],"damage_healed":5,"gold_gain":0,"player_choice":"Offered Common","damage_taken":0,"max_hp_gain":0,"max_hp_loss":0,"event_name":"Bonfire Elementals","floor":2,"gold_loss":0},{"cards_removed":["hermit:Quickdraw"],"damage_healed":5,"gold_gain":0,"player_choice":"Offered Special","damage_taken":0,"max_hp_gain":0,"max_hp_loss":0,"event_name":"Bonfire Elementals","floor":2,"gold_loss":0},{"damage_healed":0,"gold_gain":0,"player_choice":"Ignored","damage_taken":0,"max_hp_gain":0,"max_hp_loss":0,"event_name":"Ghosts","floor":20,"gold_loss":0}],"is_beta":false,"boss_relics":[{"not_picked":["Runic Dome","Coffee Dripper"],"picked":"Astrolabe"}],"items_purged_floors":[],"is_endless":false,"potions_floor_spawned":[3,5,10,11,12,16,21,22],"killed_by":"Slavers","ascension_level":0}}