{"host":"19t2eyow02s954g8","time":1610287882,"event":{"mods":["BaseMod","Colored Map","DeckTracker","Minty Spire (QoL Compilation)","StSLib","SuperFastMode"],"gold_per_floor":[113,263,280,355,13,41,41,67,67,67,38,64,64,74,74,151,151,161,175,195,95,20,53,53,72,124,124,144,144,144,177,177,254,254,270,56,138,158,176,203,203,238,286,299,325,325,325,371,371,371,371],"floor_reached":50,"playtime":1934,"items_purged":["Doubt","Strike_G","Dagger Spray"],"score":1273,"play_id":"d1ef9f4b-9c81-4240-ad48-6b9345c96f98","local_time":"20210110231122","is_ascension_mode":true,"campfire_choices":[{"data":"The Bomb","floor":7.0,"key":"SMITH"},{"data":"Prepared","floor":10.0,"key":"SMITH"},{"data":"Neutralize","floor":15.0,"key":"SMITH"},{"data":"Adrenaline","floor":27,"key":"SMITH"},{"data":"Tactician","floor":32,"key":"SMITH"},{"data":"Calculated Gamble","floor":41,"key":"SMITH"},{"data":"Malaise","floor":47,"key":"SMITH"},{"floor":49,"key":"RECALL"}],"circlet_count":0,"master_deck":["AscendersBane","Survivor","Neutralize+1","Dagger Throw","PiercingWail","Glass Knife","The Bomb+1","Reflex","Prepared+1","Blade Dance","Burst+1","Endless Agony+1","Adrenaline+1","Malaise+1","Acrobatics","Tactician+1","Night Terror","Dodge and Roll","Grand Finale","Infinite Blades","Dagger Throw","A Thousand Cuts","Backstab","Blur+1","Calculated Gamble+1","Venomology"],"relics":["Ring of the Snake","NeowsBlessing","Shuriken","Oddly Smooth Stone","Gremlin Horn","MealTicket","Runic Dome","Orichalcum","Bag of Marbles","Meat on the Bone","Pandora\u0027s Box","Juzu Bracelet","StoneCalendar","Snake Skull","TungstenRod"],"acts_visited":["Exordium","TheCity","TheBeyond","TheBeyond"],"potions_floor_usage":[23,33,39,40,42,45,50,50],"damage_taken":[{"damage":0.0,"enemies":"Small Slimes","floor":1.0,"turns":1.0},{"damage":0.0,"enemies":"Jaw Worm","floor":3.0,"turns":1.0},{"damage":0.0,"enemies":"Lagavulin","floor":6.0,"turns":1.0},{"damage":20.0,"enemies":"3 Sentries","floor":8.0,"turns":4.0},{"damage":0.0,"enemies":"2 Louse","floor":14.0,"turns":2.0},{"damage":22.0,"enemies":"Hexaghost","floor":16.0,"turns":9.0},{"damage":5,"enemies":"Spheric Guardian","floor":18,"turns":3},{"damage":5,"enemies":"2 Thieves","floor":19,"turns":3},{"damage":3,"enemies":"Centurion and Healer","floor":20,"turns":5},{"damage":0,"enemies":"Gremlin Leader","floor":23,"turns":4},{"damage":0,"enemies":"Cultist and Chosen","floor":25,"turns":3},{"damage":0,"enemies":"Snake Plant","floor":28,"turns":6},{"damage":3,"enemies":"Book of Stabbing","floor":31,"turns":6},{"damage":27,"enemies":"Automaton","floor":33,"turns":7},{"damage":0,"enemies":"Orb Walker","floor":35,"turns":2},{"damage":0,"enemies":"3 Shapes","floor":38,"turns":3},{"damage":3,"enemies":"Transient","floor":39,"turns":6},{"damage":45,"enemies":"Nemesis","floor":40,"turns":7},{"damage":25,"enemies":"Giant Head","floor":42,"turns":5},{"damage":0,"enemies":"Sphere and 2 Shapes","floor":44,"turns":3},{"damage":11,"enemies":"Nemesis","floor":45,"turns":5},{"damage":11,"enemies":"2 Orb Walkers","floor":48,"turns":3},{"damage":59,"enemies":"Awakened One","floor":50,"turns":8}],"seed_played":"2075135401473236570","potions_obtained":[{"floor":8.0,"key":"FairyPotion"},{"floor":14.0,"key":"GhostInAJar"},{"floor":23,"key":"SteroidPotion"},{"floor":28,"key":"PowerPotion"},{"floor":33,"key":"Poison Potion"},{"floor":39,"key":"ColorlessPotion"},{"floor":40,"key":"Energy Potion"}],"is_trial":false,"path_per_floor":["M","?","M","?","$","E","R","E","T","R","$","T","?","M","R","B",null,"M","M","M","$","?","E","$","M","T","R","M","?","?","E","R","B",null,"M","$","T","M","M","E","R","E","T","M","E","?","R","?","R","B"],"character_chosen":"THE_SILENT","items_purchased":["Glass Knife","The Bomb","Blade Dance","Calculated Gamble"],"campfire_rested":0,"item_purchase_floors":[5,5,11,36],"current_hp_per_floor":[59,59,59,48,48,48,48,28,28,28,28,28,33,33,33,11,56,51,46,43,58,58,58,71,71,71,71,71,71,71,68,68,41,69,69,71,71,71,68,35,35,22,22,34,35,35,35,36,36,0,0],"gold":371,"neow_bonus":"THREE_ENEMY_KILL","is_daily":false,"chose_seed":false,"campfire_upgraded":7,"win_rate":0.0,"timestamp":1610287882,"path_taken":["M","?","M","?","$","E","R","E","T","R","?","?","?","?","R","BOSS","M","?","M","$","?","E","$","M","T","R","M","?","?","E","R","BOSS","M","$","?","M","M","E","R","E","T","M","E","?","R","?","R","BOSS"],"items_purchased_type":["Card","Card","Card","Card"],"build_version":"2020-12-22","purchased_purges":3,"victory":false,"max_hp_per_floor":[66,66,66,66,66,66,66,66,66,66,66,66,71,71,71,71,71,71,71,71,71,71,71,71,71,71,71,71,71,71,71,71,71,71,71,71,71,71,71,71,71,71,71,71,71,71,71,71,71,71,71],"card_choices":[{"not_picked":["Poisoned Stab","Outmaneuver"],"picked":"Dagger Throw","floor":1.0},{"not_picked":["Dagger Throw","Bane"],"picked":"PiercingWail","floor":3.0},{"not_picked":["Die Die Die","Dash"],"picked":"Reflex","floor":6.0},{"not_picked":["Bouncing Flask","Backflip"],"picked":"Prepared","floor":8.0},{"not_picked":["Dodge and Roll","Cloak And Dagger","Sucker Punch"],"picked":"SKIP","floor":14.0},{"not_picked":["A Thousand Cuts","Wraith Form v2"],"picked":"Burst","floor":16.0},{"not_picked":["Flying Knee","Underhanded Strike"],"picked":"Endless Agony+1","floor":18},{"not_picked":["Deflect","Catalyst"],"picked":"Adrenaline","floor":19},{"not_picked":["Slice","Dagger Throw+1","Outmaneuver"],"picked":"SKIP","floor":20},{"not_picked":["Choke","Deadly Poison"],"picked":"Malaise","floor":23},{"not_picked":["Underhanded Strike","Bane","Dodge and Roll"],"picked":"SKIP","floor":25},{"not_picked":["Cloak And Dagger","Sucker Punch"],"picked":"Acrobatics","floor":28},{"not_picked":["Escape Plan","Blade Dance"],"picked":"Tactician","floor":31},{"not_picked":["Grand Finale","Unload"],"picked":"Night Terror","floor":33},{"not_picked":["Heel Hook","Dagger Spray"],"picked":"Blur+1","floor":35},{"not_picked":["Poisoned Stab+1","Flechettes+1","Flying Knee+1"],"picked":"SKIP","floor":38},{"not_picked":["Predator","Sucker Punch","Underhanded Strike"],"picked":"SKIP","floor":39},{"not_picked":["Acrobatics+1","Slice","Bane+1"],"picked":"SKIP","floor":40},{"not_picked":["Blur","Noxious Fumes"],"picked":"Venomology","floor":42},{"not_picked":["Deflect+1","Endless Agony","Cloak And Dagger"],"picked":"SKIP","floor":44},{"not_picked":["Blur+1","Bane+1","Distraction"],"picked":"SKIP","floor":45}],"player_experience":4244582,"relics_obtained":[{"floor":6.0,"key":"Shuriken"},{"floor":8.0,"key":"Oddly Smooth Stone"},{"floor":9.0,"key":"Gremlin Horn"},{"floor":12.0,"key":"MealTicket"},{"floor":23,"key":"Orichalcum"},{"floor":26,"key":"Bag of Marbles"},{"floor":31,"key":"Meat on the Bone"},{"floor":40,"key":"Juzu Bracelet"},{"floor":42,"key":"StoneCalendar"},{"floor":43,"key":"Snake Skull"},{"floor":48,"key":"TungstenRod"}],"event_choices":[{"damage_healed":0.0,"max_hp_gain":0.0,"max_hp_loss":0.0,"gold_gain":150.0,"event_name":"Liars Game","player_choice":"AGREE","floor":2.0,"gold_loss":0.0,"damage_taken":0.0,"cards_obtained":["Doubt"]},{"damage_healed":0.0,"max_hp_gain":0.0,"max_hp_loss":0.0,"gold_gain":75.0,"event_name":"World of Goop","player_choice":"Gather Gold","floor":4.0,"gold_loss":0.0,"damage_taken":11.0},{"damage_healed":0.0,"max_hp_gain":5.0,"max_hp_loss":0.0,"gold_gain":0.0,"event_name":"Big Fish","player_choice":"Donut","floor":13.0,"gold_loss":0.0,"damage_taken":0.0},{"cards_removed":["Strike_G"],"damage_healed":0,"gold_gain":0,"player_choice":"Gave Gold","damage_taken":0,"max_hp_gain":0,"max_hp_loss":0,"event_name":"Beggar","floor":22,"gold_loss":75},{"cards_removed":["Strike_G"],"damage_healed":0,"gold_gain":0,"player_choice":"Elegance","damage_taken":0,"max_hp_gain":0,"max_hp_loss":0,"event_name":"Back to Basics","floor":29,"gold_loss":0},{"damage_healed":0,"gold_gain":0,"player_choice":"Upgraded","damage_taken":0,"max_hp_gain":0,"max_hp_loss":0,"event_name":"Upgrade Shrine","floor":30,"gold_loss":0,"cards_upgraded":["Burst"]},{"damage_healed":0,"gold_gain":0,"player_choice":"Ignored","damage_taken":0,"max_hp_gain":0,"max_hp_loss":0,"event_name":"The Moai Head","floor":46,"gold_loss":0},{"damage_healed":0,"gold_gain":0,"player_choice":"Fight","damage_taken":0,"max_hp_gain":0,"max_hp_loss":0,"event_name":"Mysterious Sphere","floor":48,"gold_loss":0}],"is_beta":false,"boss_relics":[{"not_picked":["SlaversCollar","Fusion Hammer"],"picked":"Runic Dome"},{"not_picked":["Calling Bell","SacredBark"],"picked":"Pandora\u0027s Box"}],"items_purged_floors":[5,21,36],"is_endless":false,"potions_floor_spawned":[8,14,19,23,28,33,35,39,40,45],"killed_by":"Awakened One","ascension_level":20}}