{"host":"yn1175etg9ni8l0q","time":1610317350,"event":{"mods":["AchievementEnabler","BaseMod","Colored Map","Colored Powertips","DeckTracker","Minty Spire (QoL Compilation)","Rare Cards Sparkle","Relic Stats","SuperFastMode","everything is the same but u backflip on backflip"],"gold_per_floor":[111,125,125,125,137,137,149,163,163,187,187,200,210,227,227,324,324,344,329,342,342,29,29,45,45,45,59,70,70,88,104,104,200,200,211,136,71,91,64,97,114,144,171,171,189,189,201,101,101,101,101,101,3,35,35],"floor_reached":56,"playtime":1638,"items_purged":["Strike_G","Strike_G"],"score":1257,"play_id":"5cd7aa83-51e5-4ea0-9a45-d40aabd566a0","local_time":"20210111072230","is_ascension_mode":false,"campfire_choices":[{"data":"1","floor":6.0,"key":"LIFT"},{"data":"2","floor":11.0,"key":"LIFT"},{"data":"Phantasmal Killer","floor":15.0,"key":"SMITH"},{"data":"3","floor":23.0,"key":"LIFT"},{"floor":25.0,"key":"REST"},{"data":"Apotheosis","floor":32.0,"key":"SMITH"},{"floor":44.0,"key":"REST"},{"floor":49.0,"key":"RECALL"},{"floor":52.0,"key":"REST"}],"circlet_count":0,"master_deck":["Strike_G","Defend_G","Defend_G","Defend_G","Defend_G","Defend_G","Survivor","Neutralize","CurseOfTheBell","Dagger Throw","Grand Finale","Eviscerate","Infinite Blades","Phantasmal Killer+1","Glass Knife","Cloak And Dagger","Acrobatics+1","Apotheosis+1","Footwork+1","Riddle With Holes","All Out Attack","Footwork","Tactician","Wraith Form v2","Blur","Deflect","Terror+1","Master of Strategy","Panacea"],"relics":["Calling Bell","PreservedInsect","Singing Bowl","Girya","Mango","Art of War","Enchiridion","Nunchaku","Meat on the Bone","Fusion Hammer","Unceasing Top","The Specimen","Toy Ornithopter","Pen Nib","Happy Flower"],"acts_visited":["Exordium","TheCity","TheBeyond","TheEnding"],"potions_floor_usage":[55,55,55],"damage_taken":[{"damage":0.0,"enemies":"2 Louse","floor":1.0,"turns":4.0},{"damage":0.0,"enemies":"Small Slimes","floor":2.0,"turns":4.0},{"damage":0.0,"enemies":"Cultist","floor":5.0,"turns":4.0},{"damage":14.0,"enemies":"Exordium Thugs","floor":7.0,"turns":7.0},{"damage":11.0,"enemies":"Large Slime","floor":8.0,"turns":10.0},{"damage":0.0,"enemies":"Exordium Wildlife","floor":12.0,"turns":2.0},{"damage":3.0,"enemies":"Red Slaver","floor":13.0,"turns":4.0},{"damage":12.0,"enemies":"Exordium Thugs","floor":14.0,"turns":4.0},{"damage":67.0,"enemies":"The Guardian","floor":16.0,"turns":14.0},{"damage":17.0,"enemies":"Spheric Guardian","floor":18.0,"turns":4.0},{"damage":21.0,"enemies":"2 Thieves","floor":19.0,"turns":4.0},{"damage":16.0,"enemies":"Snake Plant","floor":20.0,"turns":3.0},{"damage":17.0,"enemies":"Shelled Parasite and Fungi","floor":24.0,"turns":4.0},{"damage":1.0,"enemies":"Centurion and Healer","floor":27.0,"turns":5.0},{"damage":1.0,"enemies":"3 Cultists","floor":28.0,"turns":5.0},{"damage":9.0,"enemies":"Snake Plant","floor":30.0,"turns":3.0},{"damage":7.0,"enemies":"Snecko","floor":31.0,"turns":4.0},{"damage":32.0,"enemies":"Collector","floor":33.0,"turns":10.0},{"damage":19.0,"enemies":"3 Darklings","floor":35.0,"turns":6.0},{"damage":22.0,"enemies":"Orb Walker","floor":38.0,"turns":3.0},{"damage":14.0,"enemies":"Reptomancer","floor":40.0,"turns":2.0},{"damage":10.0,"enemies":"Maw","floor":41.0,"turns":8.0},{"damage":30.0,"enemies":"Giant Head","floor":42.0,"turns":6.0},{"damage":11.0,"enemies":"4 Shapes","floor":45.0,"turns":5.0},{"damage":5.0,"enemies":"Sphere and 2 Shapes","floor":47.0,"turns":6.0},{"damage":52.0,"enemies":"Time Eater","floor":50.0,"turns":13.0},{"damage":68.0,"enemies":"Shield and Spear","floor":54.0,"turns":7.0},{"damage":36,"enemies":"The Heart","floor":55,"turns":10}],"seed_played":"-7626205073460666378","potions_obtained":[{"floor":2.0,"key":"SkillPotion"},{"floor":12.0,"key":"Block Potion"},{"floor":14.0,"key":"DistilledChaos"},{"floor":18.0,"key":"Fruit Juice"},{"floor":24.0,"key":"SteroidPotion"},{"floor":38.0,"key":"DistilledChaos"},{"floor":40.0,"key":"SmokeBomb"},{"floor":42.0,"key":"GhostInAJar"}],"is_trial":false,"path_per_floor":["M","M","?","?","M","R","M","M","T","T","R","M","M","M","R","B",null,"M","M","M","?","$","R","M","R","T","M","M","?","M","M","R","B",null,"M","$","?","M","$","E","M","E","T","R","M","?","M","$","R","B",null,"R","$","E","B",null],"character_chosen":"THE_SILENT","items_purchased":["Apotheosis","Nunchaku","Deflect","PowerPotion","SkillPotion"],"campfire_rested":3,"item_purchase_floors":[22,22,39,53,53],"current_hp_per_floor":[72,72,72,72,74,74,62,53,67,67,67,67,64,52,52,1,92,75,56,40,24,24,24,9,37,37,48,59,59,50,55,55,35,96,79,79,79,57,57,57,61,43,43,73,64,56,65,65,65,40,113,113,113,59,50],"gold":35,"neow_bonus":"BOSS_RELIC","is_daily":false,"chose_seed":false,"campfire_upgraded":2,"win_rate":0.0,"timestamp":1610317350,"path_taken":["M","M","?","?","M","R","M","?","T","?","R","M","M","M","R","BOSS","M","M","M","?","$","R","M","R","T","M","M","?","M","M","R","BOSS","M","$","?","M","?","E","M","E","T","R","M","?","?","$","R","BOSS","R","$","E","BOSS"],"items_purchased_type":["Card","Relic","Card","Potion","Potion"],"build_version":"2020-12-22","purchased_purges":2,"victory":true,"max_hp_per_floor":[72,72,72,72,74,74,76,78,92,92,92,92,92,92,92,92,92,92,94,94,94,94,94,96,96,96,96,96,96,96,96,96,96,96,98,98,98,98,98,100,102,102,102,102,104,106,108,108,108,113,113,113,113,115,115],"relic_stats":{"Nunchaku":[20],"Singing Bowl":26,"Happy Flower":[3],"counters":[28,161],"PreservedInsect":252,"Pen Nib":[8],"Art of War":[14],"obtain_stats":[{"Girya":0,"Singing Bowl":0,"The Specimen":40,"Happy Flower":54,"Enchiridion":21,"Mango":9,"PreservedInsect":0,"Pen Nib":43,"Calling Bell":0,"Nunchaku":22,"Fusion Hammer":34,"Art of War":10,"Unceasing Top":37,"Toy Ornithopter":42,"Ring of the Snake":0,"Meat on the Bone":26},{"Girya":0,"Singing Bowl":0,"The Specimen":21,"Happy Flower":27,"Enchiridion":12,"Mango":5,"PreservedInsect":0,"Pen Nib":23,"Calling Bell":0,"Nunchaku":12,"Fusion Hammer":18,"Art of War":5,"Unceasing Top":19,"Toy Ornithopter":23,"Ring of the Snake":0,"Meat on the Bone":13},{"Girya":0,"Singing Bowl":0,"The Specimen":106,"Happy Flower":151,"Enchiridion":64,"Mango":29,"PreservedInsect":0,"Pen Nib":120,"Calling Bell":0,"Nunchaku":64,"Fusion Hammer":95,"Art of War":29,"Unceasing Top":101,"Toy Ornithopter":120,"Ring of the Snake":0,"Meat on the Bone":68}],"Unceasing Top":[18],"Toy Ornithopter":25,"Meat on the Bone":132},"card_choices":[{"not_picked":["Underhanded Strike","Slice","PiercingWail"],"picked":"Singing Bowl","floor":1.0},{"not_picked":["Flying Knee","Tools of the Trade"],"picked":"Dagger Throw","floor":2.0},{"not_picked":["Poisoned Stab","Choke","Distraction"],"picked":"Singing Bowl","floor":5.0},{"not_picked":["Terror","Acrobatics","Deadly Poison"],"picked":"Singing Bowl","floor":7.0},{"not_picked":["Sucker Punch","Dodge and Roll","PiercingWail"],"picked":"Singing Bowl","floor":8.0},{"not_picked":["Concentrate","Caltrops"],"picked":"Eviscerate","floor":12.0},{"not_picked":["PiercingWail","Sucker Punch"],"picked":"Infinite Blades","floor":13.0},{"not_picked":["Dash","Well Laid Plans"],"picked":"Phantasmal Killer","floor":14.0},{"not_picked":["Burst","Bullet Time"],"picked":"Glass Knife","floor":16.0},{"not_picked":["Backflip","Deadly Poison+1"],"picked":"Cloak And Dagger","floor":18.0},{"not_picked":["Prepared","Endless Agony+1","PiercingWail"],"picked":"Singing Bowl","floor":19.0},{"not_picked":["Outmaneuver","Dodge and Roll"],"picked":"Acrobatics+1","floor":20.0},{"not_picked":["Deflect","Slice","Unload"],"picked":"Singing Bowl","floor":24.0},{"not_picked":["Dagger Spray","Acrobatics"],"picked":"Footwork+1","floor":27.0},{"not_picked":["Poisoned Stab","Setup"],"picked":"Riddle With Holes","floor":28.0},{"not_picked":["Reflex+1","Deadly Poison+1"],"picked":"Footwork","floor":30.0},{"not_picked":["Bane","Quick Slash"],"picked":"Tactician","floor":31.0},{"not_picked":["Tools of the Trade","Phantasmal Killer"],"picked":"Wraith Form v2","floor":33.0},{"not_picked":["Slice","Crippling Poison","Deadly Poison+1"],"picked":"Singing Bowl","floor":35.0},{"not_picked":["Predator","Prepared+1"],"picked":"Blur","floor":38.0},{"not_picked":["Eviscerate","Underhanded Strike","Footwork"],"picked":"Singing Bowl","floor":40.0},{"not_picked":["Underhanded Strike","Setup","Caltrops+1"],"picked":"Singing Bowl","floor":41.0},{"not_picked":["Dodge and Roll+1","Tactician+1"],"picked":"Terror+1","floor":42.0},{"not_picked":["Dodge and Roll+1","Bane","Acrobatics"],"picked":"Singing Bowl","floor":45.0},{"not_picked":["Chrysalis","Mind Blast","Madness"],"picked":"Singing Bowl","floor":46.0},{"not_picked":["Good Instincts","Trip"],"picked":"Master of Strategy","floor":46.0},{"not_picked":["Forethought","The Bomb"],"picked":"Panacea","floor":46.0},{"not_picked":["Quick Slash+1","Outmaneuver","Poisoned Stab+1"],"picked":"Singing Bowl","floor":47.0},{"not_picked":["All Out Attack+1","Bouncing Flask","Deflect+1"],"picked":"Singing Bowl","floor":54.0}],"player_experience":313594,"relics_obtained":[{"floor":0.0,"key":"PreservedInsect"},{"floor":0.0,"key":"Singing Bowl"},{"floor":0.0,"key":"Girya"},{"floor":9.0,"key":"Mango"},{"floor":10.0,"key":"Art of War"},{"floor":21.0,"key":"Enchiridion"},{"floor":26.0,"key":"Meat on the Bone"},{"floor":40.0,"key":"The Specimen"},{"floor":42.0,"key":"Toy Ornithopter"},{"floor":43.0,"key":"Pen Nib"},{"floor":54.0,"key":"Happy Flower"}],"event_choices":[{"damage_healed":0.0,"max_hp_gain":0.0,"max_hp_loss":0.0,"gold_gain":0.0,"event_name":"Shining Light","player_choice":"Ignored","floor":3.0,"gold_loss":0.0,"damage_taken":0.0},{"damage_healed":0.0,"max_hp_gain":0.0,"max_hp_loss":0.0,"gold_gain":0.0,"cards_transformed":["Strike_G"],"event_name":"Transmorgrifier","player_choice":"Transformed","floor":4.0,"gold_loss":0.0,"damage_taken":0.0,"cards_obtained":["Grand Finale"]},{"damage_healed":0.0,"max_hp_gain":0.0,"max_hp_loss":0.0,"gold_gain":0.0,"event_name":"Cursed Tome","player_choice":"Obtained Book","floor":21.0,"gold_loss":0.0,"damage_taken":16.0},{"damage_healed":0.0,"max_hp_gain":0.0,"max_hp_loss":0.0,"gold_gain":0.0,"cards_transformed":["Strike_G"],"event_name":"Transmorgrifier","player_choice":"Transformed","floor":29.0,"gold_loss":0.0,"damage_taken":0.0,"cards_obtained":["All Out Attack"]},{"damage_healed":0.0,"max_hp_gain":0.0,"max_hp_loss":0.0,"gold_gain":0.0,"event_name":"WeMeetAgain","player_choice":"Paid Gold","floor":37.0,"gold_loss":65.0,"damage_taken":0.0,"relics_obtained":["Unceasing Top"]},{"damage_healed":0.0,"max_hp_gain":0.0,"max_hp_loss":0.0,"gold_gain":0.0,"event_name":"SensoryStone","player_choice":"Memory 3","floor":46.0,"gold_loss":0.0,"damage_taken":10.0}],"is_beta":false,"boss_relics":[{"not_picked":["Velvet Choker","Snecko Eye","Runic Dome"]},{"not_picked":["Cursed Key","Sozu"],"picked":"Fusion Hammer"}],"items_purged_floors":[36,48],"is_endless":false,"potions_floor_spawned":[2,12,14,18,24,38,40,42],"ascension_level":0}}