{"host":"1c17lcvl7acx821p","time":1610309051,"event":{"mods":["AchievementEnabler","BaseMod","Colored Map","Minty Spire (QoL Compilation)","StSLib"],"gold_per_floor":[213,231,231,12,30,40,69,69,69,98,163,198,215,248,248,344,344,355,372,297,347,415,415,448,448,448,460,460,122,156,206,206],"floor_reached":31,"playtime":2037,"items_purged":["Strike_R","Strike_R"],"score":427,"play_id":"cba4d96e-9ef1-43de-ba77-7c68020ab194","local_time":"20210110220411","is_ascension_mode":true,"campfire_choices":[{"floor":15.0,"key":"REST"},{"data":"Barricade","floor":23.0,"key":"SMITH"},{"data":"Reaper","floor":25,"key":"SMITH"},{"data":"Metallicize","floor":28,"key":"SMITH"}],"circlet_count":0,"master_deck":["Strike_R+1","Strike_R","Strike_R","Defend_R","Defend_R","Defend_R","Defend_R","Bash","Fire Breathing+1","Clothesline","Reaper+1","Disarm","True Grit","Shockwave","Sever Soul","Warcry","Evolve","Metallicize+1","Wild Strike","Ghostly Armor","Metallicize","Barricade+1","Dark Embrace+1","Pain","Impervious","Juggernaut","Rupture","Deep Breath","Ghostly Armor+1"],"relics":["Burning Blood","Orrery","Oddly Smooth Stone","SsserpentHead","InkBottle","Torii","Eternal Feather","Darkstone Periapt","Velvet Choker","Anchor","Ornamental Fan","Lee\u0027s Waffle","White Beast Statue"],"acts_visited":["Exordium","TheCity"],"potions_floor_usage":[27,30,31,31],"damage_taken":[{"damage":12.0,"enemies":"2 Louse","floor":1.0,"turns":3.0},{"damage":11.0,"enemies":"Jaw Worm","floor":2.0,"turns":4.0},{"damage":0.0,"enemies":"Cultist","floor":5.0,"turns":4.0},{"damage":12.0,"enemies":"2 Fungi Beasts","floor":6.0,"turns":5.0},{"damage":40.0,"enemies":"Gremlin Nob","floor":7.0,"turns":5.0},{"damage":7.0,"enemies":"Lagavulin","floor":10.0,"turns":9.0},{"damage":23.0,"enemies":"Red Slaver","floor":11.0,"turns":5.0},{"damage":10.0,"enemies":"Gremlin Nob","floor":12.0,"turns":6.0},{"damage":1.0,"enemies":"Exordium Wildlife","floor":13.0,"turns":6.0},{"damage":14.0,"enemies":"Lagavulin","floor":14.0,"turns":11.0},{"damage":6.0,"enemies":"Hexaghost","floor":16.0,"turns":13.0},{"damage":4.0,"enemies":"Shell Parasite","floor":18.0,"turns":10.0},{"damage":8.0,"enemies":"Spheric Guardian","floor":19.0,"turns":9.0},{"damage":16.0,"enemies":"Chosen and Byrds","floor":22.0,"turns":5.0},{"damage":73,"enemies":"Gremlin Leader","floor":24,"turns":14},{"damage":24,"enemies":"Snake Plant","floor":27,"turns":7},{"damage":57,"enemies":"Slavers","floor":30,"turns":6},{"damage":27,"enemies":"Colosseum Slavers","floor":31,"turns":8},{"damage":3,"enemies":"Colosseum Nobs","floor":31,"turns":2}],"seed_played":"5225608261290405164","potions_obtained":[{"floor":6.0,"key":"Strength Potion"},{"floor":10.0,"key":"Ancient Potion"},{"floor":11.0,"key":"ColorlessPotion"},{"floor":13.0,"key":"GamblersBrew"},{"floor":16.0,"key":"BloodPotion"},{"floor":18.0,"key":"ElixirPotion"},{"floor":27,"key":"FearPotion"},{"floor":30,"key":"Regen Potion"}],"is_trial":false,"path_per_floor":["M","M","?","$","M","M","E","?","T","E","M","E","M","E","R","B",null,"M","M","$","?","M","R","E","R","T","M","R","$","E","?"],"character_chosen":"IRONCLAD","items_purchased":["Orrery","Sever Soul","Lee\u0027s Waffle","Deep Breath"],"campfire_rested":1,"item_purchase_floors":[4,4,29,29],"current_hp_per_floor":[66,61,45,45,51,50,22,22,22,21,8,10,23,19,55,59,75,80,80,80,86,76,86,28,43,43,25,40,93,42,56,56],"gold":206,"neow_bonus":"HUNDRED_GOLD","is_daily":false,"chose_seed":false,"campfire_upgraded":3,"win_rate":0.0,"timestamp":1610309051,"path_taken":["M","M","?","$","M","M","E","?","T","E","?","E","M","E","R","BOSS","M","M","$","?","?","R","E","R","T","M","R","$","E","?"],"items_purchased_type":["Relic","Card","Relic","Card"],"build_version":"2020-12-22","purchased_purges":2,"victory":false,"max_hp_per_floor":[80,80,80,80,80,80,80,80,80,80,80,80,80,80,80,80,80,80,80,80,86,86,86,86,86,86,86,86,93,93,93,93],"card_choices":[{"not_picked":["Sword Boomerang","Clothesline"],"picked":"Fire Breathing","floor":1.0},{"not_picked":["Pummel","Flex"],"picked":"Clothesline","floor":2.0},{"not_picked":["Armaments","Perfected Strike"],"picked":"Reaper","floor":4.0},{"not_picked":["Body Slam","Havoc"],"picked":"Disarm","floor":4.0},{"not_picked":["Anger","Sword Boomerang"],"picked":"True Grit","floor":4.0},{"not_picked":["Dropkick","Dark Embrace"],"picked":"Shockwave","floor":4.0},{"not_picked":["Uppercut","Cleave"],"picked":"Warcry","floor":5.0},{"not_picked":["Twin Strike","Thunderclap"],"picked":"Evolve","floor":6.0},{"not_picked":["Combust","Cleave"],"picked":"Metallicize","floor":7.0},{"not_picked":["Rampage","True Grit"],"picked":"Wild Strike","floor":10.0},{"not_picked":["Armaments","Pummel"],"picked":"Ghostly Armor","floor":11.0},{"not_picked":["Uppercut","Heavy Blade","Flex"],"picked":"SKIP","floor":12.0},{"not_picked":["Twin Strike","Rupture"],"picked":"Metallicize","floor":13.0},{"not_picked":["Dual Wield","Entrench","Iron Wave"],"picked":"SKIP","floor":14.0},{"not_picked":["Double Tap","Immolate"],"picked":"Barricade","floor":16.0},{"not_picked":["Cleave","Wild Strike"],"picked":"Dark Embrace+1","floor":18.0},{"not_picked":["Pommel Strike","Heavy Blade","Flex"],"picked":"SKIP","floor":19.0},{"not_picked":["Pommel Strike","Flame Barrier","Thunderclap"],"picked":"SKIP","floor":22.0},{"not_picked":["Sword Boomerang+1","Reckless Charge"],"picked":"Juggernaut","floor":24},{"not_picked":["Dual Wield","Headbutt"],"picked":"Rupture","floor":27},{"not_picked":["Anger","Armaments"],"picked":"Ghostly Armor+1","floor":30}],"player_experience":27738,"relics_obtained":[{"floor":7.0,"key":"Oddly Smooth Stone"},{"floor":9.0,"key":"InkBottle"},{"floor":10.0,"key":"Torii"},{"floor":12.0,"key":"Eternal Feather"},{"floor":14.0,"key":"Darkstone Periapt"},{"floor":24,"key":"Anchor"},{"floor":26,"key":"Ornamental Fan"},{"floor":30,"key":"White Beast Statue"}],"event_choices":[{"damage_healed":0.0,"max_hp_gain":0.0,"max_hp_loss":0.0,"gold_gain":0.0,"event_name":"Shining Light","player_choice":"Entered Light","floor":3.0,"gold_loss":0.0,"damage_taken":16.0,"cards_upgraded":["Strike_R","Fire Breathing"]},{"damage_healed":0.0,"max_hp_gain":0.0,"max_hp_loss":0.0,"gold_gain":0.0,"event_name":"FaceTrader","player_choice":"Trade","floor":8.0,"gold_loss":0.0,"damage_taken":0.0,"relics_obtained":["SsserpentHead"]},{"damage_healed":0.0,"max_hp_gain":0.0,"max_hp_loss":0.0,"gold_gain":0.0,"event_name":"Match and Keep!","player_choice":"2 cards matched","floor":21.0,"gold_loss":0.0,"damage_taken":0.0,"cards_obtained":["Pain","Impervious"]},{"damage_healed":0,"gold_gain":0,"player_choice":"Fight","damage_taken":0,"max_hp_gain":0,"max_hp_loss":0,"event_name":"Colosseum","floor":31,"gold_loss":0},{"damage_healed":0,"gold_gain":0,"player_choice":"Fought Nobs","damage_taken":0,"max_hp_gain":0,"max_hp_loss":0,"event_name":"Colosseum","floor":31,"gold_loss":0}],"is_beta":false,"boss_relics":[{"not_picked":["Empty Cage","SacredBark"],"picked":"Velvet Choker"}],"items_purged_floors":[20,29],"is_endless":false,"potions_floor_spawned":[6,10,11,13,16,18,27,30,31],"killed_by":"Colosseum Nobs","ascension_level":8}}