{"host":"640uue19m79c7wbt","time":1610247712,"event":{"mods":["BaseMod","Colored Map","Googly Eyes","Highlight Path","Minty Spire (QoL Compilation)","Quick Restart","StSLib"],"gold_per_floor":[109,109,37,53,53,53,53,53,53,94,108,127,200,200,200,328,328,351,450,450,450,2,2,2],"floor_reached":23,"playtime":510,"items_purged":["Pain"],"score":377,"play_id":"c88f4981-d46a-4207-9729-6e332e1c7412","local_time":"20210109220152","is_ascension_mode":true,"campfire_choices":[{"data":"Predator","floor":6.0,"key":"SMITH"},{"data":"Endless Agony","floor":8.0,"key":"SMITH"},{"floor":15.0,"key":"REST"}],"circlet_count":0,"master_deck":["Strike_G","Strike_G","Strike_G","Strike_G","Defend_G","Defend_G","Defend_G","Defend_G","Defend_G","Survivor","Neutralize","Blur","Predator+1","Endless Agony+1","Backstab","Prepared","Underhanded Strike","Underhanded Strike","Tactician","Envenom","Tactician","Dagger Throw","Backstab"],"relics":["Ring of the Snake","NeowsBlessing","WarpedTongs","Golden Idol","White Beast Statue","Ninja Scroll","Calipers","Mummified Hand","HoveringKite","The Specimen"],"acts_visited":["Exordium","TheCity"],"potions_floor_usage":[18,23],"damage_taken":[{"damage":0.0,"enemies":"Jaw Worm","floor":1.0,"turns":1.0},{"damage":0.0,"enemies":"Cultist","floor":4.0,"turns":1.0},{"damage":0.0,"enemies":"Lagavulin","floor":10.0,"turns":1.0},{"damage":2.0,"enemies":"Small Slimes","floor":11.0,"turns":2.0},{"damage":1.0,"enemies":"Exordium Wildlife","floor":12.0,"turns":2.0},{"damage":10.0,"enemies":"3 Sentries","floor":13.0,"turns":6.0},{"damage":7.0,"enemies":"Slime Boss","floor":16.0,"turns":5.0},{"damage":0,"enemies":"Spheric Guardian","floor":18,"turns":2},{"damage":68,"enemies":"Book of Stabbing","floor":23,"turns":6}],"seed_played":"4505543690018322841","potions_obtained":[{"floor":4.0,"key":"Swift Potion"},{"floor":10.0,"key":"EssenceOfSteel"},{"floor":11.0,"key":"CultistPotion"},{"floor":13.0,"key":"DuplicationPotion"},{"floor":16.0,"key":"GamblersBrew"},{"floor":18,"key":"AttackPotion"}],"is_trial":false,"path_per_floor":["M","?","$","M","?","R","T","R","T","E","M","M","?","?","R","B",null,"M","?","?","?","$","E"],"character_chosen":"THE_SILENT","items_purchased":["Predator","The Specimen","Backstab"],"campfire_rested":1,"item_purchase_floors":[3,22,22],"current_hp_per_floor":[63,63,63,63,46,46,46,46,46,46,44,43,33,33,54,47,64,64,64,64,64,64,0,0],"gold":2,"neow_bonus":"THREE_ENEMY_KILL","is_daily":false,"chose_seed":false,"campfire_upgraded":2,"win_rate":0.0,"timestamp":1610247712,"path_taken":["M","?","$","?","?","R","?","R","T","E","M","M","?","?","R","BOSS","M","?","?","?","?","E"],"items_purchased_type":["Card","Relic","Card"],"build_version":"2020-12-22","purchased_purges":1,"victory":false,"max_hp_per_floor":[70,70,70,70,70,70,70,70,70,70,70,70,70,70,70,70,70,70,70,70,70,70,70,70],"card_choices":[{"not_picked":["Flying Knee","Prepared"],"picked":"Blur","floor":1.0},{"not_picked":["Catalyst","Reflex"],"picked":"Endless Agony","floor":4.0},{"not_picked":["Skewer","Blur"],"picked":"Backstab","floor":10.0},{"not_picked":["Quick Slash","Bane"],"picked":"Prepared","floor":11.0},{"not_picked":["Flying Knee","Backflip"],"picked":"Underhanded Strike","floor":12.0},{"not_picked":["Backflip","Prepared"],"picked":"Underhanded Strike","floor":13.0},{"not_picked":["Bullet Time","Grand Finale"],"picked":"Envenom","floor":16.0},{"not_picked":["Flechettes+1","Bane"],"picked":"Tactician","floor":18}],"player_experience":576948,"relics_obtained":[{"floor":7.0,"key":"White Beast Statue"},{"floor":9.0,"key":"Ninja Scroll"},{"floor":10.0,"key":"Calipers"},{"floor":13.0,"key":"Mummified Hand"}],"event_choices":[{"damage_healed":0.0,"max_hp_gain":0.0,"max_hp_loss":0.0,"gold_gain":0.0,"event_name":"Accursed Blacksmith","player_choice":"Rummage","floor":2.0,"gold_loss":0.0,"damage_taken":0.0,"relics_obtained":["WarpedTongs"],"cards_obtained":["Pain"]},{"damage_healed":0.0,"max_hp_gain":0.0,"max_hp_loss":0.0,"gold_gain":0.0,"event_name":"Golden Idol","player_choice":"Take Damage","floor":5.0,"gold_loss":0.0,"damage_taken":17.0,"relics_obtained":["Golden Idol"]},{"damage_healed":0.0,"max_hp_gain":0.0,"max_hp_loss":0.0,"gold_gain":0.0,"event_name":"Dead Adventurer","player_choice":"Searched \u00271\u0027 times","floor":13.0,"gold_loss":0.0,"damage_taken":0.0},{"damage_healed":0.0,"max_hp_gain":0.0,"max_hp_loss":0.0,"gold_gain":0.0,"cards_transformed":["Strike_G"],"event_name":"Living Wall","player_choice":"Change","floor":14.0,"gold_loss":0.0,"damage_taken":0.0,"cards_obtained":["Tactician"]},{"damage_healed":0,"gold_gain":99,"player_choice":"Stole From Cult","damage_taken":0,"max_hp_gain":0,"max_hp_loss":0,"event_name":"Nest","floor":19,"gold_loss":0},{"damage_healed":0,"gold_gain":0,"player_choice":"Read","damage_taken":0,"max_hp_gain":0,"max_hp_loss":0,"event_name":"The Library","floor":20,"gold_loss":0,"cards_obtained":["Dagger Throw"]},{"damage_healed":0,"gold_gain":0,"player_choice":"Ignored","damage_taken":0,"max_hp_gain":0,"max_hp_loss":0,"event_name":"Vampires","floor":21,"gold_loss":0}],"is_beta":false,"boss_relics":[{"not_picked":["Pandora\u0027s Box","Cursed Key"],"picked":"HoveringKite"}],"items_purged_floors":[22],"is_endless":false,"potions_floor_spawned":[4,10,11,12,13,16,18],"killed_by":"Book of Stabbing","ascension_level":9}}