{"host":"4mxntv5hh20ijfso","time":1610301035,"event":{"mods":["AchievementEnabler","Act Like it!","BaseMod","CapriCore","Chen","Energized Spire","Gensokyo","Halation","Infinite Spire","Koishi","Marisa????????","Minty Spire (QoL Compilation)","Onozuka Komachi Mod","Quick Restart","Random Character Button","Rare Cards Sparkle","Reimu??????","Remilia??????","Shop Mod","Spicy Shops","StSLib","The Administrix","The Immortal","The Servant 0.9.4","TheVelvet","Uncapped","Waifu the Spire","Yakumo Yukari mod","Yuri Mod","Yuyuko"],"gold_per_floor":[115,115,115,131,131,165,165,38,38,13,50,74,93,93,93,206,206,228,250,266,266,266],"floor_reached":20,"playtime":1889,"items_purged":[],"score":182,"play_id":"a55f2bba-6b42-427b-9122-ee81251e3b0f","local_time":"20210110125035","is_ascension_mode":false,"campfire_choices":[{"floor":7,"key":"REST"},{"data":"infinitespire:SevenWalls","floor":15,"key":"SMITH"}],"circlet_count":0,"master_deck":["MokouMod:Strike","MokouMod:Strike","MokouMod:Strike","MokouMod:Strike","MokouMod:Strike","MokouMod:Defend","MokouMod:Defend","MokouMod:Defend","MokouMod:Defend","MokouMod:HeatSpark","MokouMod:InfernalWave","infinitespire:SevenWalls+1","Clumsy","MokouMod:TemporalFireSeal","MokouMod:AdaptivePyromancy","MokouMod:ResoluteFlare","MokouMod:IgnitionBlast","MokouMod:ScorchingColumn","MokouMod:PhoenixForm","MokouMod:RadiantBlade","MokouMod:Sear","MokouMod:TemporalFireSeal+1"],"relics":["MokouMod:PhoenixFeather","Gensokyo:NagashiBinaDoll","halation:KoshaPiece","Lantern","infinitespire:Midas Blood","RuthlessExorcism:ReiMu","Gensokyo:PortableGap","energizedSpire:RedRose"],"acts_visited":["Gensokyo:Gensokyo","Gensokyo:Gensokyoer"],"potions_floor_usage":[11,16,16],"damage_taken":[{"damage":0.0,"enemies":"Gensokyo:Python","floor":1.0,"turns":4.0},{"damage":10.0,"enemies":"Gensokyo:2_Kodama","floor":4.0,"turns":4.0},{"damage":37,"enemies":"Gensokyo:Aya","floor":6,"turns":10},{"damage":17,"enemies":"Gensokyo:Cirno","floor":11,"turns":7},{"damage":9,"enemies":"Gensokyo:Gryphon","floor":12,"turns":3},{"damage":0,"enemies":"Gensokyo:2_Rabbits","floor":13,"turns":2},{"damage":36,"enemies":"Gensokyo:Yukari","floor":16,"turns":13},{"damage":8,"enemies":"Gensokyo:Chomper","floor":18,"turns":5},{"damage":6,"enemies":"Gensokyo:AngelMirror","floor":19,"turns":4},{"damage":60,"enemies":"Gensokyo:Slime_Group","floor":20,"turns":4}],"seed_played":"3497472021747473900","potions_obtained":[{"floor":6,"key":"Energy Potion"},{"floor":12,"key":"ZuzhouPotion:ReiMu"},{"floor":13,"key":"Weak Potion"},{"floor":18,"key":"SpeedPotion"},{"floor":19,"key":"LiquidBronze"}],"is_trial":false,"path_per_floor":["M","?","?","M","?","E","R","$","T","$","E","M","M","?","R","B",null,"M","M","M"],"character_chosen":"MKU","items_purchased":["infinitespire:Midas Blood","MokouMod:ResoluteFlare"],"campfire_rested":1,"item_purchase_floors":[8,10],"current_hp_per_floor":[82,61,61,51,35,20,44,44,44,44,27,18,18,18,18,18,74,66,60,0,0,0],"gold":266,"neow_bonus":"TEN_PERCENT_HP_BONUS","is_daily":false,"chose_seed":false,"campfire_upgraded":1,"win_rate":0.0,"timestamp":1610301035,"path_taken":["M","?","?","M","?","E","R","?","T","$","E","?","M","?","R","BOSS","M","M","M"],"items_purchased_type":["Relic","Card"],"build_version":"2020-12-22","purchased_purges":0,"victory":false,"max_hp_per_floor":[82,82,82,82,82,82,82,82,82,82,82,82,82,74,74,74,74,74,74,74,74,74],"card_choices":[{"not_picked":["MokouMod:Overheat","MokouMod:Ember"],"picked":"MokouMod:InfernalWave","floor":1.0},{"not_picked":["infinitespire:Starlight","infinitespire:NeuralNetwork"],"picked":"infinitespire:SevenWalls","floor":2.0},{"not_picked":["MokouMod:Ember","MokouMod:ThermalPressure"],"picked":"MokouMod:TemporalFireSeal","floor":4.0},{"not_picked":["MokouMod:Rekindle","MokouMod:EternalBurstReactor"],"picked":"MokouMod:AdaptivePyromancy","floor":6},{"not_picked":["MokouMod:Cataclysm","MokouMod:ControlledCombustion"],"picked":"MokouMod:IgnitionBlast","floor":11},{"not_picked":["MokouMod:AdaptivePyromancy","MokouMod:RoaringFlare"],"picked":"MokouMod:ScorchingColumn","floor":12},{"not_picked":["MokouMod:WarmUp","MokouMod:FlamingFireTalons"],"picked":"MokouMod:PhoenixForm","floor":13},{"not_picked":["MokouMod:SacredFire","MokouMod:SpontaneousHumanCombustion"],"picked":"MokouMod:RadiantBlade","floor":16},{"not_picked":["MokouMod:SearingShot","MokouMod:Refresh+1"],"picked":"MokouMod:Sear","floor":18},{"not_picked":["MokouMod:UncontrollableSolarReaction","MokouMod:FusionFlare"],"picked":"MokouMod:TemporalFireSeal+1","floor":19}],"player_experience":19034,"relics_obtained":[{"floor":6,"key":"Lantern"},{"floor":11,"key":"RuthlessExorcism:ReiMu"}],"event_choices":[],"is_beta":false,"boss_relics":[{"not_picked":["SacredBark","halation:CatFaceCupcake"],"picked":"energizedSpire:RedRose"}],"items_purged_floors":[],"is_endless":false,"potions_floor_spawned":[6,12,13,18,19],"killed_by":"Gensokyo:Slime_Group","ascension_level":0}}