{"host":"jm9833yuloeli2yd","time":1610246231,"event":{"mods":["BaseMod","Better Altar","Better Match","Better Note","Better Sensory Stone","Better Skull","Better Third Choice","Better Vampires","BetterRewards","Colored Map","Colored Powertips","DeckTracker","Minty Spire (QoL Compilation)","Permanent Neow","Quick Restart","Slay-I","StSLib","SuperFastMode"],"gold_per_floor":[115,115,125,145,120,152,152,184,184,215,229,245,245,271,271,271,271],"floor_reached":16,"playtime":498,"items_purged":[],"score":333,"play_id":"e4f42121-2e67-447c-a6b9-67aa648b7a5f","local_time":"20210109213711","is_ascension_mode":true,"campfire_choices":[{"data":"Flame Barrier","floor":7.0,"key":"SMITH"},{"data":"Rampage","floor":15.0,"key":"SMITH"}],"circlet_count":0,"master_deck":["AscendersBane","Strike_R","Strike_R","Strike_R","Strike_R","Strike_R","Defend_R","Defend_R","Defend_R","Defend_R","Bash","Flame Barrier+1","Wild Strike","Dropkick","True Grit","Wild Strike","Rage","Metallicize","Armaments","Disarm","Rampage+1"],"relics":["Burning Blood","Incense Burner","Orichalcum","Eternal Feather","Bag of Marbles","Juzu Bracelet","Mango"],"acts_visited":["Exordium"],"potions_floor_usage":[16],"damage_taken":[{"damage":2.0,"enemies":"Jaw Worm","floor":1.0,"turns":5.0},{"damage":7.0,"enemies":"Small Slimes","floor":3.0,"turns":4.0},{"damage":2.0,"enemies":"2 Louse","floor":4.0,"turns":3.0},{"damage":28.0,"enemies":"Gremlin Nob","floor":6.0,"turns":5.0},{"damage":9.0,"enemies":"3 Sentries","floor":8.0,"turns":7.0},{"damage":3.0,"enemies":"Gremlin Nob","floor":10.0,"turns":5.0},{"damage":0.0,"enemies":"Looter","floor":11.0,"turns":2.0},{"damage":4.0,"enemies":"Lots of Slimes","floor":12.0,"turns":5.0},{"damage":6.0,"enemies":"3 Sentries","floor":14.0,"turns":11.0},{"damage":84,"enemies":"Slime Boss","floor":16,"turns":12}],"seed_played":"8585717497249287840","potions_obtained":[{"floor":1.0,"key":"Dexterity Potion"},{"floor":4.0,"key":"DuplicationPotion"},{"floor":14.0,"key":"FearPotion"}],"is_trial":false,"path_per_floor":["M","?","M","M","$","E","R","E","T","E","M","M","$","E","R","B"],"character_chosen":"IRONCLAD","items_purchased":["Flame Barrier","Explosive Potion","Wild Strike"],"campfire_rested":0,"item_purchase_floors":[0,0,5],"current_hp_per_floor":[64,69,68,72,72,50,50,47,47,50,56,58,58,72,84,0,0],"gold":271,"neow_bonus":"","is_daily":false,"chose_seed":false,"campfire_upgraded":2,"win_rate":0.0,"timestamp":1610246231,"path_taken":["M","?","M","M","$","E","R","E","T","E","M","M","$","E","R","BOSS"],"items_purchased_type":["Card","Potion","Card"],"build_version":"2020-12-22","purchased_purges":0,"victory":false,"max_hp_per_floor":[75,80,80,80,80,80,80,80,80,80,80,80,80,94,94,94,94],"card_choices":[{"not_picked":["Clothesline","True Grit"],"picked":"Wild Strike","floor":1.0},{"not_picked":["Heavy Blade","Corruption"],"picked":"Dropkick","floor":3.0},{"not_picked":["Pommel Strike","Twin Strike"],"picked":"True Grit","floor":4.0},{"not_picked":["Anger","Twin Strike"],"picked":"Rage","floor":6.0},{"not_picked":["Combust","Havoc"],"picked":"Metallicize","floor":8.0},{"not_picked":["Clash","True Grit"],"picked":"Armaments","floor":10.0},{"not_picked":["Sword Boomerang","Iron Wave","True Grit"],"picked":"SKIP","floor":11.0},{"not_picked":["Perfected Strike","Metallicize"],"picked":"Disarm","floor":12.0},{"not_picked":["Sword Boomerang","Rupture"],"picked":"Rampage","floor":14.0}],"player_experience":1293296,"relics_obtained":[{"floor":6.0,"key":"Orichalcum"},{"floor":8.0,"key":"Eternal Feather"},{"floor":9.0,"key":"Bag of Marbles"},{"floor":10.0,"key":"Juzu Bracelet"},{"floor":14.0,"key":"Mango"}],"event_choices":[{"damage_healed":0.0,"max_hp_gain":5.0,"max_hp_loss":0.0,"gold_gain":0.0,"event_name":"Big Fish","player_choice":"Donut","floor":2.0,"gold_loss":0.0,"damage_taken":0.0}],"is_beta":false,"boss_relics":[],"items_purged_floors":[],"is_endless":false,"potions_floor_spawned":[1,4,6,14],"killed_by":"Slime Boss","ascension_level":17}}