{"host":"p6y17sixyu8q9v1f","time":1610285694,"event":{"mods":["BaseMod","Colored Map","Minty Spire (QoL Compilation)"],"gold_per_floor":[109,122,141,141,141,174,174,174,174,210,210,65,86,35,35,35,35],"floor_reached":16,"playtime":426,"items_purged":["Strike_B"],"score":135,"play_id":"403fd4ee-d646-4966-b862-685eaebb2ff4","local_time":"20210110073454","is_ascension_mode":true,"campfire_choices":[{"floor":7,"key":"REST"},{"data":"Amplify","floor":11,"key":"SMITH"},{"data":"Blizzard","floor":15,"key":"SMITH"}],"circlet_count":0,"master_deck":["Strike_B","Strike_B","Strike_B","Defend_B","Defend_B","Defend_B","Defend_B","Zap+1","Dualcast+1","Cold Snap","Conserve Battery","Amplify+1","Cold Snap","Blizzard+1","Glacier","Leap"],"relics":["Cracked Core","Prayer Wheel","Happy Flower","Golden Idol","TungstenRod","Art of War"],"acts_visited":["Exordium"],"potions_floor_usage":[10,16,16],"damage_taken":[{"damage":1,"enemies":"Cultist","floor":1,"turns":3},{"damage":13,"enemies":"Small Slimes","floor":2,"turns":3},{"damage":10,"enemies":"Jaw Worm","floor":3,"turns":3},{"damage":26,"enemies":"Gremlin Nob","floor":6,"turns":5},{"damage":11,"enemies":"Lagavulin","floor":10,"turns":8},{"damage":1,"enemies":"Looter","floor":13,"turns":2},{"damage":25,"enemies":"Slime Boss","floor":16,"turns":8}],"seed_played":"-1813710143045475196","potions_obtained":[{"floor":6,"key":"GamblersBrew"},{"floor":10,"key":"Fire Potion"},{"floor":13,"key":"PotionOfCapacity"}],"is_trial":false,"path_per_floor":["M","M","M","?","?","E","R","?","T","E","R","$","M","$","R","B"],"character_chosen":"DEFECT","items_purchased":["Blizzard","Leap"],"campfire_rested":1,"item_purchase_floors":[12,14],"current_hp_per_floor":[81,68,58,42,35,9,33,33,33,22,22,22,21,21,21,0,0],"gold":35,"neow_bonus":"TEN_PERCENT_HP_BONUS","is_daily":false,"chose_seed":false,"campfire_upgraded":2,"win_rate":0.0,"timestamp":1610285694,"path_taken":["M","M","M","?","?","E","R","?","T","E","R","$","M","$","R","BOSS"],"items_purchased_type":["Card","Card"],"build_version":"2020-12-22","purchased_purges":1,"victory":false,"max_hp_per_floor":[82,82,82,82,82,82,82,76,76,76,76,76,76,76,76,76,76],"card_choices":[{"not_picked":["Leap","Barrage"],"picked":"Cold Snap","floor":1},{"not_picked":["Leap","Compile Driver"],"picked":"Conserve Battery","floor":2},{"not_picked":["Hologram","Sunder","Go for the Eyes"],"picked":"SKIP","floor":3},{"not_picked":["Steam Power","Streamline"],"picked":"Amplify","floor":6},{"not_picked":["Tempest","Electrodynamics"],"picked":"Cold Snap","floor":10},{"not_picked":["Go for the Eyes","White Noise"],"picked":"Glacier","floor":13},{"not_picked":["Reinforced Body","Chaos","Hologram"],"picked":"SKIP","floor":13}],"player_experience":1065819,"relics_obtained":[{"floor":6,"key":"Happy Flower"},{"floor":9,"key":"TungstenRod"},{"floor":10,"key":"Art of War"}],"event_choices":[{"damage_healed":0,"gold_gain":0,"player_choice":"Entered Light","damage_taken":16,"max_hp_gain":0,"max_hp_loss":0,"event_name":"Shining Light","floor":4,"gold_loss":0,"cards_upgraded":["Zap","Dualcast"]},{"damage_healed":0,"gold_gain":0,"player_choice":"Success","damage_taken":7,"relics_obtained":["Prayer Wheel"],"max_hp_gain":0,"max_hp_loss":0,"event_name":"Scrap Ooze","floor":5,"gold_loss":0},{"damage_healed":0,"gold_gain":0,"player_choice":"Lose Max HP","damage_taken":0,"relics_obtained":["Golden Idol"],"max_hp_gain":0,"max_hp_loss":6,"event_name":"Golden Idol","floor":8,"gold_loss":0}],"is_beta":false,"boss_relics":[],"items_purged_floors":[12],"is_endless":false,"potions_floor_spawned":[6,10,13],"killed_by":"Slime Boss","ascension_level":5}}