{"host":"4rvakrj1idbgia3f","time":1610248422,"event":{"mods":["BaseMod","Colored Map","Colored Powertips","DeckTracker","Highlight Path","Minty Spire (QoL Compilation)","Random Character Button","StSLib"],"gold_per_floor":[112,130,147,147,117,117,148,161,161,161,194,173,184,195,195,195,195],"floor_reached":16,"playtime":599,"items_purged":[],"score":228,"play_id":"6a7aaaad-c8bd-4dd5-8fb5-687a46004c6f","local_time":"20210110121342","is_ascension_mode":true,"campfire_choices":[{"data":"Armaments","floor":6,"key":"SMITH"},{"data":"Twin Strike","floor":10,"key":"SMITH"},{"data":"1","floor":15,"key":"LIFT"}],"circlet_count":0,"master_deck":["AscendersBane","Strike_R","Strike_R","Strike_R","Strike_R","Strike_R","Defend_R","Defend_R","Defend_R","Defend_R","Bash","Twin Strike+1","Armaments+1","Shrug It Off","Spot Weakness","Power Through","Fiend Fire","Battle Trance"],"relics":["Burning Blood","NeowsBlessing","Omamori","Ornamental Fan","Girya"],"acts_visited":["Exordium"],"potions_floor_usage":[7,7,11,11,16],"damage_taken":[{"damage":0,"enemies":"Cultist","floor":1,"turns":1},{"damage":0,"enemies":"Small Slimes","floor":2,"turns":1},{"damage":0,"enemies":"Jaw Worm","floor":3,"turns":1},{"damage":29,"enemies":"Gremlin Nob","floor":7,"turns":4},{"damage":18,"enemies":"Large Slime","floor":8,"turns":8},{"damage":12,"enemies":"3 Sentries","floor":11,"turns":7},{"damage":0,"enemies":"Exordium Thugs","floor":12,"turns":4},{"damage":4,"enemies":"2 Fungi Beasts","floor":13,"turns":3},{"damage":1,"enemies":"3 Louse","floor":14,"turns":3},{"damage":77,"enemies":"Hexaghost","floor":16,"turns":11}],"seed_played":"898350462735113611","potions_obtained":[{"floor":5,"key":"SpeedPotion"},{"floor":5,"key":"PowerPotion"},{"floor":7,"key":"Regen Potion"},{"floor":8,"key":"AttackPotion"},{"floor":14,"key":"Regen Potion"}],"is_trial":false,"path_per_floor":["M","M","M","?","?","R","E","M","T","R","E","M","M","M","R","B"],"character_chosen":"IRONCLAD","items_purchased":[],"campfire_rested":0,"item_purchase_floors":[],"current_hp_per_floor":[74,75,75,80,80,80,57,45,45,45,54,60,62,67,67,0,0],"gold":195,"neow_bonus":"THREE_ENEMY_KILL","is_daily":false,"chose_seed":false,"campfire_upgraded":2,"win_rate":0.0,"timestamp":1610248422,"path_taken":["M","M","M","?","?","R","E","?","T","R","E","?","M","M","R","BOSS"],"items_purchased_type":[],"build_version":"2020-12-22","purchased_purges":0,"victory":false,"max_hp_per_floor":[75,75,75,80,80,80,80,80,80,80,80,80,80,80,80,80,80],"card_choices":[{"not_picked":["Thunderclap","Burning Pact"],"picked":"Twin Strike","floor":1},{"not_picked":["Heavy Blade","True Grit"],"picked":"Armaments","floor":2},{"not_picked":["Anger","Rupture","True Grit"],"picked":"SKIP","floor":3},{"not_picked":["Heavy Blade","Wild Strike"],"picked":"Shrug It Off","floor":7},{"not_picked":["Headbutt","Shrug It Off"],"picked":"Spot Weakness","floor":8},{"not_picked":["Headbutt","Rupture"],"picked":"Power Through","floor":11},{"not_picked":["Sever Soul","Power Through"],"picked":"Fiend Fire","floor":12},{"not_picked":["Pommel Strike","Shrug It Off"],"picked":"Battle Trance","floor":13},{"not_picked":["Iron Wave","Armaments","Perfected Strike"],"picked":"SKIP","floor":14}],"player_experience":1988243,"relics_obtained":[{"floor":7,"key":"Omamori"},{"floor":9,"key":"Ornamental Fan"},{"floor":11,"key":"Girya"}],"event_choices":[{"damage_healed":0,"gold_gain":0,"player_choice":"Donut","damage_taken":0,"max_hp_gain":5,"max_hp_loss":0,"event_name":"Big Fish","floor":4,"gold_loss":0},{"damage_healed":0,"gold_gain":0,"player_choice":"Bought 2 Potions","damage_taken":0,"max_hp_gain":0,"max_hp_loss":0,"event_name":"The Woman in Blue","floor":5,"gold_loss":0}],"is_beta":false,"boss_relics":[],"items_purged_floors":[],"is_endless":false,"potions_floor_spawned":[7,8,14],"killed_by":"Hexaghost","ascension_level":20}}