{"host":"52m1o8iwwagurbjs","time":1610244806,"event":{"mods":["AchievementEnabler","BaseMod","Bestiary","Colored Powertips","GifTheSpireLib","Minty Spire (QoL Compilation)","Quick Restart","RNG Fix","Relic Stats","StSLib"],"gold_per_floor":[117,135,150,69,69,69,99,149,221,221,221],"floor_reached":10,"playtime":425,"items_purged":[],"score":132,"play_id":"5e098fae-f333-4ebb-a97b-f2eb749325e4","local_time":"20210109211326","is_ascension_mode":true,"campfire_choices":[{"data":"Well Laid Plans","floor":6.0,"key":"SMITH"}],"circlet_count":0,"master_deck":["AscendersBane","Strike_G","Strike_G","Strike_G","Strike_G","Strike_G","Defend_G+1","Defend_G","Defend_G","Defend_G","Defend_G","Survivor+1","Neutralize","Sucker Punch","Backstab","All Out Attack","Well Laid Plans+1","After Image"],"relics":["Ring of the Snake","War Paint","PreservedInsect","StrikeDummy"],"acts_visited":["Exordium"],"potions_floor_usage":[],"damage_taken":[{"damage":8.0,"enemies":"Cultist","floor":1.0,"turns":5.0},{"damage":7.0,"enemies":"Jaw Worm","floor":2.0,"turns":4.0},{"damage":0.0,"enemies":"Small Slimes","floor":3.0,"turns":4.0},{"damage":41.0,"enemies":"Gremlin Nob","floor":7.0,"turns":5.0},{"damage":9,"enemies":"Lagavulin","floor":10,"turns":3}],"seed_played":"-640719222943439868","potions_obtained":[{"floor":7.0,"key":"Strength Potion"}],"is_trial":false,"path_per_floor":["M","M","M","$","?","R","E","?","T","E"],"character_chosen":"THE_SILENT","items_purchased":["Well Laid Plans"],"campfire_rested":0,"item_purchase_floors":[4],"current_hp_per_floor":[51,44,44,44,66,66,25,19,19,10,10],"gold":221,"neow_bonus":"RANDOM_COMMON_RELIC","is_daily":false,"chose_seed":false,"campfire_upgraded":1,"win_rate":0.0,"timestamp":1610244806,"path_taken":["M","M","M","$","?","R","E","?","T","E"],"items_purchased_type":["Card"],"build_version":"2020-12-22","purchased_purges":0,"victory":false,"max_hp_per_floor":[66,66,66,66,66,66,66,66,66,66,66],"relic_stats":{"counters":[5,21],"PreservedInsect":29,"War Paint":["Survivor","Defend_G"],"obtain_stats":[{"PreservedInsect":7,"War Paint":0,"StrikeDummy":9,"Ring of the Snake":0},{"PreservedInsect":4,"War Paint":0,"StrikeDummy":4,"Ring of the Snake":0},{"PreservedInsect":18,"War Paint":0,"StrikeDummy":18,"Ring of the Snake":0}],"Ring of the Snake":[10]},"card_choices":[{"not_picked":["Heel Hook","Dodge and Roll"],"picked":"Sucker Punch","floor":1.0},{"not_picked":["Dodge and Roll","Deflect"],"picked":"Backstab","floor":2.0},{"not_picked":["Terror","Prepared"],"picked":"All Out Attack","floor":3.0},{"not_picked":["All Out Attack","Sucker Punch"],"picked":"After Image","floor":7.0}],"player_experience":1105960,"relics_obtained":[{"floor":7.0,"key":"PreservedInsect"},{"floor":9,"key":"StrikeDummy"}],"event_choices":[{"damage_healed":22.0,"max_hp_gain":0.0,"max_hp_loss":0.0,"gold_gain":0.0,"event_name":"Big Fish","player_choice":"Banana","floor":5.0,"gold_loss":0.0,"damage_taken":0.0},{"damage_healed":0,"gold_gain":50,"player_choice":"Touch","damage_taken":6,"max_hp_gain":0,"max_hp_loss":0,"event_name":"FaceTrader","floor":8,"gold_loss":0}],"is_beta":false,"boss_relics":[],"items_purged_floors":[],"is_endless":false,"potions_floor_spawned":[7],"killed_by":"Lagavulin","ascension_level":20}}