{"host":"Ian","time":1610280513,"event":{"mods":["BaseMod","Bestiary","Block Reminder","Colored Map","Highlight Path","Key Reminder","Minty Spire (QoL Compilation)","Relic Stats"],"gold_per_floor":[111,111,128,128,128,162,162,181,181,208,28,48,60,72,72,146,146,158,173,185,196,213,213,238,238,238,55,55,55,80,97,97,97,97],"floor_reached":33,"playtime":1033,"items_purged":["Strike_R"],"score":698,"play_id":"22189f66-6915-454b-9a67-d924075bab99","local_time":"20210110120833","is_ascension_mode":true,"campfire_choices":[{"data":"Carnage","floor":7.0,"key":"SMITH"},{"data":"Immolate","floor":15.0,"key":"SMITH"},{"data":"Bash","floor":23.0,"key":"SMITH"},{"data":"Impervious","floor":25.0,"key":"SMITH"},{"data":"Armaments","floor":29.0,"key":"SMITH"},{"data":"Offering","floor":32.0,"key":"SMITH"}],"circlet_count":0,"master_deck":["AscendersBane","Strike_R","Strike_R","Strike_R","Defend_R","Defend_R","Defend_R","Defend_R","Bash+1","Headbutt","Carnage+1","Armaments+1","Thunderclap","Impervious+1","Immolate+1","Evolve","Impervious","Offering+1"],"relics":["Burning Blood","NeowsBlessing","Gremlin Horn","Mercury Hourglass","keyreminder:keyreminder","StoneCalendar","Busted Crown","Turnip","Regal Pillow","Nunchaku"],"acts_visited":["Exordium","TheCity"],"potions_floor_usage":[33],"damage_taken":[{"damage":0.0,"enemies":"Small Slimes","floor":1.0,"turns":1.0},{"damage":0.0,"enemies":"Jaw Worm","floor":3.0,"turns":1.0},{"damage":0.0,"enemies":"Gremlin Nob","floor":6.0,"turns":1.0},{"damage":0.0,"enemies":"Cultist","floor":8.0,"turns":2.0},{"damage":5.0,"enemies":"3 Sentries","floor":10.0,"turns":4.0},{"damage":10.0,"enemies":"Exordium Thugs","floor":12.0,"turns":3.0},{"damage":0.0,"enemies":"Large Slime","floor":13.0,"turns":3.0},{"damage":0.0,"enemies":"3 Louse","floor":14.0,"turns":2.0},{"damage":2.0,"enemies":"Slime Boss","floor":16.0,"turns":5.0},{"damage":6.0,"enemies":"Spheric Guardian","floor":18.0,"turns":3.0},{"damage":12.0,"enemies":"Shell Parasite","floor":19.0,"turns":6.0},{"damage":19.0,"enemies":"Snake Plant","floor":20.0,"turns":4.0},{"damage":5.0,"enemies":"Snecko","floor":21.0,"turns":4.0},{"damage":1.0,"enemies":"Centurion and Healer","floor":22.0,"turns":4.0},{"damage":17.0,"enemies":"Slavers","floor":24.0,"turns":2.0},{"damage":0.0,"enemies":"Gremlin Leader","floor":30.0,"turns":4.0},{"damage":8.0,"enemies":"3 Cultists","floor":31.0,"turns":3.0},{"damage":89,"enemies":"Champ","floor":33,"turns":8}],"seed_played":"1307731618463740623","potions_obtained":[{"floor":1.0,"key":"Ancient Potion"},{"floor":13.0,"key":"Dexterity Potion"},{"floor":14.0,"key":"Swift Potion"},{"floor":22.0,"key":"BloodPotion"},{"floor":31.0,"key":"BlessingOfTheForge"}],"is_trial":false,"path_per_floor":["M","?","M","?","?","E","R","M","T","E","$","M","M","M","R","B",null,"M","M","M","M","M","R","E","R","T","$","?","R","E","M","R","B"],"character_chosen":"IRONCLAD","items_purchased":["Immolate","Fruit Juice"],"campfire_rested":0,"item_purchase_floors":[11,27],"current_hp_per_floor":[74,74,75,68,57,63,63,69,69,70,70,66,72,75,75,75,75,75,69,56,57,62,62,51,51,51,51,51,51,57,60,60,0,0],"gold":97,"neow_bonus":"THREE_ENEMY_KILL","is_daily":false,"chose_seed":false,"campfire_upgraded":6,"win_rate":0.0,"timestamp":1610280513,"path_taken":["M","?","M","?","?","E","R","M","T","E","$","M","M","M","R","BOSS","M","M","M","M","M","R","E","R","T","$","?","R","E","M","R","BOSS"],"items_purchased_type":["Card","Potion"],"build_version":"2020-12-18","purchased_purges":1,"victory":false,"max_hp_per_floor":[75,75,75,75,75,75,75,75,75,75,75,75,75,75,75,75,75,75,75,75,75,75,75,75,75,75,75,75,75,75,80,80,80,80],"relic_stats":{"Regal Pillow":0,"Nunchaku":[2],"Busted Crown":16,"Gremlin Horn":[12,12],"counters":[18,60],"StoneCalendar":[52],"Turnip":[6],"obtain_stats":[{"keyreminder:keyreminder":6,"Regal Pillow":26,"Nunchaku":30,"Busted Crown":17,"NeowsBlessing":0,"Gremlin Horn":5,"StoneCalendar":10,"Turnip":24,"Burning Blood":0,"Mercury Hourglass":6},{"keyreminder:keyreminder":3,"Regal Pillow":15,"Nunchaku":16,"Busted Crown":9,"NeowsBlessing":0,"Gremlin Horn":2,"StoneCalendar":5,"Turnip":15,"Burning Blood":0,"Mercury Hourglass":3},{"keyreminder:keyreminder":3,"Regal Pillow":45,"Nunchaku":49,"Busted Crown":22,"NeowsBlessing":0,"Gremlin Horn":2,"StoneCalendar":9,"Turnip":45,"Burning Blood":0,"Mercury Hourglass":3}],"Burning Blood":90,"Mercury Hourglass":[225]},"card_choices":[{"not_picked":["Blood for Blood","Clothesline"],"picked":"Headbutt","floor":1.0},{"not_picked":["Infernal Blade","Shrug It Off"],"picked":"Carnage","floor":3.0},{"not_picked":["Inflame","Cleave"],"picked":"Armaments","floor":6.0},{"not_picked":["Evolve","Warcry"],"picked":"Thunderclap","floor":8.0},{"not_picked":["Thunderclap","Whirlwind"],"picked":"Impervious","floor":10.0},{"not_picked":["Twin Strike","Clothesline","Spot Weakness"],"picked":"SKIP","floor":12.0},{"not_picked":["Thunderclap","Body Slam","Sword Boomerang"],"picked":"SKIP","floor":13.0},{"not_picked":["Seeing Red","True Grit"],"picked":"Evolve","floor":14.0},{"not_picked":["Exhume","Demon Form"],"picked":"Impervious","floor":16.0},{"not_picked":["Inflame"],"picked":"SKIP","floor":18.0},{"not_picked":["Heavy Blade"],"picked":"SKIP","floor":19.0},{"not_picked":["Perfected Strike"],"picked":"SKIP","floor":20.0},{"not_picked":["Rampage"],"picked":"SKIP","floor":21.0},{"not_picked":["Second Wind"],"picked":"SKIP","floor":22.0},{"not_picked":["Thunderclap"],"picked":"SKIP","floor":24.0},{"not_picked":[],"picked":"Offering","floor":30.0},{"not_picked":["Anger+1"],"picked":"SKIP","floor":31.0}],"player_experience":2663833,"relics_obtained":[{"floor":6.0,"key":"Mercury Hourglass"},{"floor":10.0,"key":"StoneCalendar"},{"floor":24.0,"key":"Turnip"},{"floor":26.0,"key":"Regal Pillow"},{"floor":30.0,"key":"Nunchaku"}],"event_choices":[{"damage_healed":0.0,"max_hp_gain":0.0,"max_hp_loss":0.0,"gold_gain":0.0,"event_name":"Liars Game","player_choice":"Ignored","floor":2.0,"gold_loss":0.0,"damage_taken":0.0},{"cards_removed":["Strike_R"],"damage_healed":0.0,"max_hp_gain":0.0,"max_hp_loss":0.0,"gold_gain":0.0,"event_name":"Golden Wing","player_choice":"Card Removal","floor":4.0,"gold_loss":0.0,"damage_taken":7.0},{"damage_healed":0.0,"max_hp_gain":0.0,"max_hp_loss":0.0,"gold_gain":0.0,"event_name":"Scrap Ooze","player_choice":"Success","floor":5.0,"gold_loss":0.0,"damage_taken":11.0,"relics_obtained":["Gremlin Horn"]},{"damage_healed":0.0,"max_hp_gain":0.0,"max_hp_loss":0.0,"gold_gain":0.0,"event_name":"Match and Keep!","player_choice":"0 cards matched","floor":28.0,"gold_loss":0.0,"damage_taken":0.0,"cards_obtained":[]}],"is_beta":true,"boss_relics":[{"not_picked":["Pandora\u0027s Box","SacredBark"],"picked":"Busted Crown"}],"items_purged_floors":[27],"is_endless":false,"potions_floor_spawned":[1,13,14,16,20,22,31],"killed_by":"Champ","ascension_level":20}}