{"host":"k67zwea37tbl4jhz","time":1610272035,"event":{"mods":["AchievementEnabler","Act Like it!","Aspiration","BaseMod","Better Altar","Better Match","Better Note","Better Sensory Stone","Better Skull","Better Third Choice","BetterRewards","CCEM","Clawfect","Colored Map","Conspire","Downfall","GifTheSpireLib","Googly Eyes","Halation","Highlight Path","Hubris","Mimic Mod","Minty Spire (QoL Compilation)","Permanent Neow","Replay The Spire","Shop Mod","Spicy Shops","StSLib","Stuff the Spire","Unceasing Turn Reminder","everything is the same but u backflip on backflip"],"gold_per_floor":[116,41,41,41,41,71,83,109,121,143,166,205,217,229,241,358,370,395,407,437,47,58,58,88,88,88],"floor_reached":25,"playtime":1803,"items_purged":[],"score":254,"play_id":"4c7a7ce3-cb06-43fc-8793-359d929a51a7","local_time":"20210110044715","is_ascension_mode":false,"campfire_choices":[{"floor":7,"key":"REST"},{"floor":15,"key":"REST"},{"data":"ReplayTheSpireMod:Calculation Training","floor":23,"key":"SMITH"}],"circlet_count":0,"master_deck":["Gash","Gash","Gash","Gash","Gash","Defend_B","Defend_B","Defend_B","Defend_B","Defend_B","Chill","Echo Form","Clawfect:Clawter","Rainbow","ReplayTheSpireMod:Dual Polarity","Conserve Battery","Clawfect:ClawingBeam+1","expansioncontent:AwakenDeath","StuffTheSpire:Purify","Clawfect:Clawrage+1","Clawfect:Clawline+1","Clawfect:ClawForOne","Injury","ReplayTheSpireMod:Calculation Training+1","Clawfect:ClawForTheEyes"],"relics":["Clawfect:DRClaw","aspiration:Nostalgia","m_DevilBlood","halation:YellowSoulGem","MawBank","Ginger","StuffTheSpire:Mouthbags","Coffee Dripper","Geode","CCEMRelics:DissonantTune","StuffTheSpire:Nightcore"],"acts_visited":["Exordium","TheCity"],"potions_floor_usage":[6,6,6],"damage_taken":[{"damage":2,"enemies":"Small Slimes","floor":1,"turns":4},{"damage":16,"enemies":"Gremlin Nob","floor":6,"turns":4},{"damage":3,"enemies":"Jaw Worm","floor":8,"turns":4},{"damage":2,"enemies":"conspire:RoseBush","floor":10,"turns":5},{"damage":29,"enemies":"Lots of Slimes","floor":11,"turns":6},{"damage":6,"enemies":"Lagavulin","floor":12,"turns":7},{"damage":46,"enemies":"The Guardian","floor":16,"turns":11},{"damage":26,"enemies":"conspire:FuzzyDice","floor":18,"turns":7},{"damage":8,"enemies":"Shell Parasite","floor":20,"turns":5},{"damage":24,"enemies":"Shelled Parasite and Fungi","floor":22,"turns":3},{"damage":30,"enemies":"conspire:Head Lice","floor":24,"turns":6},{"damage":2,"enemies":"Snecko","floor":25,"turns":2}],"seed_played":"3006765163413744547","potions_obtained":[{"floor":5,"key":"Explosive Potion"},{"floor":5,"key":"GamblersBrew"},{"floor":5,"key":"PotionOfCapacity"},{"floor":10,"key":"Venom Potion"},{"floor":11,"key":"Cursed Concoction"},{"floor":12,"key":"FearPotion"},{"floor":24,"key":"Toxic Potion"}],"is_trial":false,"path_per_floor":["M","?","?","?","?","E","R","M","T","M","M","E","?","$","R","B",null,"M","?","M","$","M","R","E","M"],"character_chosen":"DEFECT","items_purchased":["Clawfect:ClawForOne","Geode","CCEMRelics:DissonantTune"],"campfire_rested":2,"item_purchase_floors":[21,21,21],"current_hp_per_floor":[73,73,73,75,75,59,75,72,72,70,41,35,35,35,57,11,75,49,49,41,41,17,17,1,0,0],"gold":88,"neow_bonus":"NOSTALGIA","is_daily":false,"chose_seed":false,"campfire_upgraded":1,"win_rate":0.0,"timestamp":1610272035,"path_taken":["M","?","?","?","?","E","R","M","T","M","?","E","?","$","R","BOSS","M","?","?","$","?","R","E","M"],"items_purchased_type":["Card","Relic","Relic"],"build_version":"2020-12-22","purchased_purges":0,"victory":false,"max_hp_per_floor":[75,75,75,75,75,75,75,75,75,75,75,75,75,75,75,75,75,75,75,75,75,75,75,75,75,75],"card_choices":[{"not_picked":["hexamod:NightmareStrike","Clawfect:Clawrage"],"picked":"Chill","floor":1},{"not_picked":["hexamod:NightmareStrike","Clawfect:FTC"],"picked":"Clawfect:ClawingBeam","floor":2},{"not_picked":["Amplify","Exhume"],"picked":"Echo Form","floor":2},{"not_picked":["hexamod:RecurringNightmare","Clawfect:ClawForTheEyes"],"picked":"Clawfect:Clawter","floor":6},{"not_picked":["BootSequence","Panic Button"],"picked":"Rainbow","floor":8},{"not_picked":["StuffTheSpire:Plugnplay","Coolheaded"],"picked":"ReplayTheSpireMod:Dual Polarity","floor":10},{"not_picked":["Clawfect:ClawingBeam","Dark Embrace"],"picked":"Conserve Battery","floor":11},{"not_picked":["Warcry","hexamod:NightmareStrike","Sentinel"],"picked":"SKIP","floor":12},{"not_picked":["ReplayTheSpireMod:Necrogeddon","expansioncontent:SuperHexaguard"],"picked":"expansioncontent:AwakenDeath","floor":13},{"not_picked":["ReplayTheSpireMod:Omega Cannon","Thunder Strike"],"picked":"StuffTheSpire:Purify","floor":16},{"not_picked":["Fusion","FTL"],"picked":"Clawfect:Clawrage+1","floor":18},{"not_picked":["StuffTheSpire:Plugnplay+1","StuffTheSpire:LaunchingStrike"],"picked":"Clawfect:Clawline+1","floor":20},{"not_picked":["Clawfect:ScrapingClaw","Coolheaded"],"picked":"ReplayTheSpireMod:Calculation Training","floor":22},{"not_picked":["ReplayTheSpireMod:Reroute Power+1","Clawfect:Clawrage"],"picked":"Clawfect:ClawForTheEyes","floor":24}],"player_experience":172337,"relics_obtained":[{"floor":6,"key":"MawBank"},{"floor":9,"key":"Ginger"},{"floor":12,"key":"StuffTheSpire:Mouthbags"},{"floor":24,"key":"StuffTheSpire:Nightcore"}],"event_choices":[{"damage_healed":0,"gold_gain":0,"player_choice":"1","damage_taken":0,"max_hp_gain":0,"max_hp_loss":0,"event_name":"betterMatch:BetterMatch","floor":2,"gold_loss":0,"cards_obtained":["betterMatch:CommonCard","betterMatch:RareCard"]},{"damage_healed":0,"gold_gain":0,"player_choice":"Got Potions","damage_taken":0,"max_hp_gain":0,"max_hp_loss":0,"event_name":"Lab","floor":5,"gold_loss":0},{"damage_healed":0,"gold_gain":1,"player_choice":"1","damage_taken":0,"max_hp_gain":0,"max_hp_loss":0,"event_name":"betterStone:BetterStone","floor":13,"gold_loss":0},{"damage_healed":0,"gold_gain":0,"player_choice":"Upgraded","damage_taken":0,"max_hp_gain":0,"max_hp_loss":0,"event_name":"Upgrade Shrine","floor":19,"gold_loss":0,"cards_upgraded":["Clawfect:ClawingBeam"]}],"is_beta":false,"boss_relics":[{"not_picked":["halation:CatFaceCupcake","hubris:BlackHole"],"picked":"Coffee Dripper"}],"items_purged_floors":[],"is_endless":false,"potions_floor_spawned":[10,11,12,24],"killed_by":"Snecko","ascension_level":0}}