{"host":"me6mz5vfpl3z3a3z","time":1610266014,"event":{"mods":["Act Like it!","Aspiration","BaseMod","CapriCore","Downfall","Friendly Minions","Gensokyo","Koishi","KomeijiMod","Marisa£®ÏF”Í°°ƒß¿Ì…≥£©","Minty Spire (QoL Compilation)","Pale of the Ancients","Reimu£®≤©¿ˆ¡È√Œ£©","Remilia£®¿Ÿ√◊¿Ú—«£©","RumiaBox-¬∂√◊Ê´µƒ…Ò√ÿ∫–◊”","Spicy Shops","StSLib","The Gatherer","The Hierophant","The Immortal","Yuyuko","°æπ¶ƒ‹Mod°øªÏ„Á÷Æª∑–ﬁ∏¥≤π∂°"],"gold_per_floor":[110,124,124,136,146,146,146,146,170,170,170,170,180,190,190,285,285,285,285,285],"floor_reached":18,"playtime":763,"items_purged":[],"score":252,"play_id":"703bf094-a495-4f98-97b5-d7dceece1c99","local_time":"20210110160654","is_ascension_mode":false,"campfire_choices":[{"data":"MokouMod:Overheat","floor":6,"key":"SMITH"},{"floor":8,"key":"RECALL"},{"data":"MokouMod:HeatSpark","floor":11,"key":"SMITH"},{"data":"MokouMod:PhoenixForm","floor":15,"key":"SMITH"}],"circlet_count":1,"master_deck":["MokouMod:Strike","MokouMod:Strike","MokouMod:Strike","MokouMod:Strike","MokouMod:Strike","MokouMod:Defend","MokouMod:Defend","MokouMod:Defend","MokouMod:Defend","MokouMod:HeatSpark+1","MokouMod:Overheat+1","MokouMod:ScorchedEarth","MokouMod:FlareStarter","MokouMod:ScorchedEarth","MokouMod:PhoenixForm+1","MokouMod:HeartofFire","MokouMod:Geothermal"],"relics":["MokouMod:PhoenixFeather","aspiration:Nostalgia","Circlet","Toy Ornithopter","Unceasing Top","SlaversCollar"],"acts_visited":["Gensokyo:Gensokyoer"],"potions_floor_usage":[13,16],"damage_taken":[{"damage":6,"enemies":"Jaw Worm","floor":1,"turns":5},{"damage":1,"enemies":"Cultist","floor":2,"turns":4},{"damage":0,"enemies":"Small Slimes","floor":4,"turns":4},{"damage":0,"enemies":"3 Louse","floor":5,"turns":5},{"damage":17,"enemies":"Gremlin Gang","floor":13,"turns":5},{"damage":28,"enemies":"Exordium Wildlife","floor":14,"turns":6},{"damage":69,"enemies":"The Guardian","floor":16,"turns":16},{"damage":28,"enemies":"Gensokyo:Chomper","floor":18,"turns":6}],"seed_played":"7743040159819306554","potions_obtained":[{"floor":2,"key":"AttackPotion"},{"floor":13,"key":"PowerPotion"}],"is_trial":false,"path_per_floor":["M","M","?","M","M","R","T","R","T","?","R","?","M","M","R","B",null,"M"],"character_chosen":"MKU","items_purchased":[],"campfire_rested":0,"item_purchase_floors":[],"current_hp_per_floor":[69,68,68,68,68,68,68,68,68,68,68,68,56,28,28,13,75,47,47,47],"gold":285,"neow_bonus":"NOSTALGIA","is_daily":false,"chose_seed":false,"campfire_upgraded":3,"win_rate":0.0,"timestamp":1610266014,"path_taken":["M","M","?","M","?","R","?","R","T","?","R","?","M","M","R","BOSS","M"],"items_purchased_type":[],"build_version":"2020-12-22","purchased_purges":0,"victory":false,"max_hp_per_floor":[75,75,75,75,75,75,75,75,75,75,75,75,75,75,75,75,75,75,75,75],"card_choices":[{"not_picked":["MokouMod:BurningDraft","MokouMod:EternalBurstReactor"],"picked":"MokouMod:Overheat","floor":1},{"not_picked":["MokouMod:AdaptivePyromancy","MokouMod:TemporalFireSeal"],"picked":"MokouMod:ScorchedEarth","floor":2},{"not_picked":["MokouMod:IndiscriminateIgnition","MokouMod:HeartofFire"],"picked":"MokouMod:FlareStarter","floor":4},{"not_picked":["MokouMod:ImperishableFlame","MokouMod:Singe"],"picked":"MokouMod:ScorchedEarth","floor":5},{"not_picked":["MokouMod:Singe","MokouMod:Fireball"],"picked":"MokouMod:PhoenixForm","floor":13},{"not_picked":["MokouMod:FlareStarter","MokouMod:Trailblazer"],"picked":"MokouMod:HeartofFire","floor":14},{"not_picked":["MokouMod:EnchantingBambooForest","MokouMod:ResonatingAura"],"picked":"MokouMod:Geothermal","floor":16}],"player_experience":421704,"relics_obtained":[{"floor":9,"key":"Toy Ornithopter"}],"event_choices":[{"damage_healed":0,"gold_gain":0,"player_choice":"0 cards matched","damage_taken":0,"max_hp_gain":0,"max_hp_loss":0,"event_name":"Match and Keep!","floor":3,"gold_loss":0,"cards_obtained":[]},{"damage_healed":0,"gold_gain":0,"player_choice":"Searched \u00272\u0027 times","damage_taken":0,"relics_obtained":["Unceasing Top"],"max_hp_gain":0,"max_hp_loss":0,"event_name":"Dead Adventurer","floor":10,"gold_loss":0},{"damage_healed":0,"gold_gain":0,"player_choice":"Ignored","damage_taken":0,"max_hp_gain":0,"max_hp_loss":0,"event_name":"Liars Game","floor":12,"gold_loss":0}],"is_beta":false,"boss_relics":[{"not_picked":["aspiration:FutureDiary","aspiration:RunicSpoon"],"picked":"SlaversCollar"}],"items_purged_floors":[],"is_endless":false,"potions_floor_spawned":[2,13],"killed_by":"Gensokyo:Chomper","ascension_level":0}}