{"host":"050ensmz1fh1c58u","time":1610301327,"event":{"mods":["BaseMod","Downfall","Gremlin Mod","Minty Spire (QoL Compilation)","READ ME - Guardian Mod","StSLib","The Animator","The Bug Knight","The Cursed","The Disciple","The Servant 0.9.4"],"gold_per_floor":[99,125,154,168,192,192,192,192,32,62,62,92,17,33,53,148,148,73,92,102,117,132,132,132],"floor_reached":23,"playtime":2833,"items_purged":[],"score":287,"play_id":"dc883b02-81ba-4cfc-af40-90cd192ecb59","local_time":"20210110185527","is_ascension_mode":true,"campfire_choices":[{"data":"animator:TukaLunaMarceau","floor":1,"key":"SMITH"},{"floor":6,"key":"REST"},{"data":"animator:YaoHaDucy","floor":11,"key":"SMITH"},{"floor":13,"key":"RECALL"},{"data":"animator:Caster","floor":18,"key":"SMITH"}],"circlet_count":0,"master_deck":["animator:Strike_GATE","animator:Defend_GATE","animator:Strike","animator:Strike","animator:Defend","animator:Defend","animator:Defend","animator:TukaLunaMarceau+1","animator:Kuribayashi+1","animator:YaoHaDucy+1","animator:Shigure","animator:PinaCoLada","animator:LeleiLaLalena","animator:Hitei","animator:Biyorigo","animator:Caster+1","animator:Nanami","animator:Vesta","animator:Azekura","animator:Rimuru","animator:CrowleyEusford+1","animator:Vesta","animator:Eve"],"relics":["animator:VividPicture","animator:TheMissingPiece","Matryoshka","DataDisk","Toy Ornithopter","Bronze Scales","downfall:HeartBlessingGreen","downfall:HeartBlessingRed"],"acts_visited":["Exordium","TheCity"],"potions_floor_usage":[12,12,16,22,23],"damage_taken":[{"damage":0,"enemies":"Cultist","floor":2,"turns":3},{"damage":0,"enemies":"2 Louse","floor":3,"turns":3},{"damage":0,"enemies":"Small Slimes","floor":4,"turns":3},{"damage":25,"enemies":"Exordium Thugs","floor":5,"turns":6},{"damage":0,"enemies":"downfall:FleeingMerchant","floor":9,"turns":4},{"damage":5,"enemies":"HollowMod:MossKnight","floor":10,"turns":7},{"damage":9,"enemies":"3 Sentries","floor":12,"turns":7},{"damage":8,"enemies":"3 Louse","floor":14,"turns":4},{"damage":6,"enemies":"Exordium Wildlife","floor":15,"turns":4},{"damage":5,"enemies":"downfall:Watcher","floor":16,"turns":9},{"damage":14,"enemies":"3 Byrds","floor":19,"turns":4},{"damage":23,"enemies":"Snake Plant","floor":20,"turns":5},{"damage":3,"enemies":"Centurion and Healer","floor":21,"turns":8},{"damage":15,"enemies":"Sentry and Sphere","floor":22,"turns":7},{"damage":17,"enemies":"Book of Stabbing","floor":23,"turns":5}],"seed_played":"-4369220345379741098","potions_obtained":[{"floor":4,"key":"Dexterity Potion"},{"floor":10,"key":"champ:CounterPotion"},{"floor":14,"key":"Swift Potion"},{"floor":20,"key":"Guardian:BlockOnCardUsePotion"},{"floor":21,"key":"Weak Potion"}],"is_trial":false,"path_per_floor":["R","M","M","M","M","R","T","?","$","E","R","E","R","M","M","B",null,"R","M","M","M","M","E"],"character_chosen":"THE_ANIMATOR","items_purchased":["DataDisk"],"campfire_rested":1,"item_purchase_floors":[9],"current_hp_per_floor":[59,59,59,60,35,55,55,55,55,50,50,51,51,43,37,37,60,60,46,24,21,11,0,0],"gold":132,"neow_bonus":"UPGRADE_CARD","is_daily":false,"chose_seed":false,"campfire_upgraded":3,"win_rate":0.0,"timestamp":1610301327,"path_taken":["R","M","M","?","M","R","T","?","$","E","R","E","R","M","M","BOSS","R","M","?","M","M","E"],"items_purchased_type":["Relic"],"build_version":"2020-12-22","purchased_purges":0,"victory":false,"max_hp_per_floor":[66,66,66,67,67,67,67,67,67,67,67,67,67,67,67,67,67,67,67,68,68,68,68,68],"card_choices":[{"not_picked":["animator:Azekura","animator:Kazuma"],"picked":"animator:YaoHaDucy","floor":2},{"not_picked":["animator:Alexander","animator:Shinoa"],"picked":"animator:Shigure","floor":3},{"not_picked":["animator:YunYun","animator:Hakurou"],"picked":"animator:PinaCoLada","floor":4},{"not_picked":["animator:Kuribayashi","animator:PinaCoLada"],"picked":"animator:LeleiLaLalena","floor":5},{"not_picked":["animator:Lancer","animator:Assassin"],"picked":"animator:Biyorigo","floor":9},{"not_picked":["animator:Kazuma","animator:YaoHaDucy"],"picked":"animator:Caster","floor":10},{"not_picked":["animator:Archer","animator:Rider"],"picked":"animator:Nanami","floor":12},{"not_picked":["animator:Shion","animator:Hakurou"],"picked":"animator:Vesta","floor":14},{"not_picked":["animator:Rena","animator:Lancer"],"picked":"animator:Azekura","floor":15},{"not_picked":["animator:ItamiYouji","animator:Eve"],"picked":"animator:Rimuru","floor":16},{"not_picked":["animator:Elsword","animator:LeleiLaLalena","animator:HiiragiShinya"],"picked":"SKIP","floor":19},{"not_picked":["animator:Elsword+1","animator:Laby"],"picked":"animator:CrowleyEusford+1","floor":20},{"not_picked":["animator:Kaijin","animator:Benimaru"],"picked":"animator:Vesta","floor":21},{"not_picked":["animator:Kuribayashi","animator:Hakurou"],"picked":"animator:Eve","floor":22}],"player_experience":1560356,"relics_obtained":[{"floor":7,"key":"Matryoshka"},{"floor":10,"key":"Toy Ornithopter"},{"floor":12,"key":"Bronze Scales"}],"event_choices":[{"damage_healed":0,"gold_gain":0,"cards_transformed":["animator:Strike"],"player_choice":"Transformed","damage_taken":0,"max_hp_gain":0,"max_hp_loss":0,"event_name":"Transmorgrifier","floor":8,"gold_loss":0,"cards_obtained":["animator:Hitei"]}],"is_beta":false,"boss_relics":[{"not_picked":["Black Star","Tiny House"],"picked":"animator:VividPicture"}],"items_purged_floors":[],"is_endless":false,"potions_floor_spawned":[4,10,14,20,21],"killed_by":"Book of Stabbing","ascension_level":8}}