{"host":"18wi9kpcl4eah7pe","time":1610263006,"event":{"mods":["BaseMod","Colored Powertips","Downfall","Minty Spire (QoL Compilation)","StSLib"],"gold_per_floor":[99,99,199,199,299,325,360,372,484,530,303,153,163,178,189,287,287,287,302,315,515,515,515,515,535,550,475,501,415,434,434,444,546,546,546,564,576,576,591,433,433,433,144,176,176,190,38,38,50,50,50,50,50,50],"floor_reached":52,"playtime":2753,"items_purged":["Parasite","Doubt"],"score":835,"play_id":"3c25c0dd-e995-45c3-a85f-a83fc2808b1f","local_time":"20210110011646","is_ascension_mode":true,"campfire_choices":[{"floor":1.0,"key":"RECALL"},{"floor":12,"key":"REST"},{"data":"hexamod:SkipABeat","floor":18,"key":"SMITH"},{"floor":27,"key":"REST"},{"data":"hexamod:EmpoweringStance","floor":35,"key":"SMITH"},{"data":"hexamod:GiftsFromTheDead","floor":45,"key":"SMITH"}],"circlet_count":0,"master_deck":["hexamod:Strike+1","hexamod:Strike","hexamod:Strike","hexamod:Strike","hexamod:Defend","hexamod:Defend","hexamod:Defend","hexamod:Defend","hexamod:Sear","hexamod:Float","hexamod:SwordOfDarkness","hexamod:SpectersWail","hexamod:FirstSeal","hexamod:ParanormalForm","hexamod:RetreatToShadows","hexamod:InspiringFlames","hexamod:Sear","expansioncontent:DonusPower+1","hexamod:FastForward","hexamod:SkipABeat+1","hexamod:EmpoweredFlame","hexamod:HauntingEcho","hexamod:ShieldOfDarkness+1","hexamod:StepThrough+1","hexamod:GiftsFromTheDead+1","hexamod:PhantomFireball","hexamod:FastForward","hexamod:StepThrough+1","hexamod:NightmareStrike","hexamod:SoulSteal","hexamod:FourthSeal","hexamod:GhostOfSpireFuture","hexamod:RecurringNightmare","hexamod:EmpoweringStance+1","hexamod:GhostOfSpireFuture","hexamod:NightmareGuise+1","hexamod:RadiantFlame","hexamod:SixthSeal","hexamod:PhantomFireball+1","hexamod:NightmareStrike","hexamod:ThermalTransfer"],"relics":["hexamod:SpiritBrand","downfall:HeartsMalice","MawBank","Juzu Bracelet","downfall:GremlinSack","Matryoshka","hexamod:MatchstickCase","downfall:HeartBlessingGreen","downfall:HeartBlessingRed","expansioncontent:StudyCardRelic","hexamod:BolsterEngine","Gremlin Horn","Whetstone","downfall:HeartBlessingBlue","Singing Bowl","StrikeDummy","Strange Spoon","Bottled Lightning","Mummified Hand","Ginger","Mercury Hourglass","PreservedInsect"],"acts_visited":["Exordium","TheCity","TheBeyond","TheEnding"],"potions_floor_usage":[15,19,26,29,32,33,33,40,43,43,49,50,50,50],"damage_taken":[{"damage":0.0,"enemies":"2 Louse","floor":2.0,"turns":1.0},{"damage":0.0,"enemies":"Jaw Worm","floor":4.0,"turns":1.0},{"damage":0.0,"enemies":"3 Sentries","floor":6.0,"turns":1.0},{"damage":16.0,"enemies":"3 Sentries","floor":9.0,"turns":3.0},{"damage":26.0,"enemies":"Lagavulin","floor":10.0,"turns":6.0},{"damage":0,"enemies":"downfall:FleeingMerchant","floor":11,"turns":4},{"damage":12,"enemies":"Small Slimes","floor":13,"turns":3},{"damage":2,"enemies":"Red Slaver","floor":14,"turns":2},{"damage":0,"enemies":"Lots of Slimes","floor":15,"turns":4},{"damage":36,"enemies":"downfall:Watcher","floor":16,"turns":9},{"damage":6,"enemies":"Chosen","floor":19,"turns":4},{"damage":0,"enemies":"Spheric Guardian","floor":20,"turns":3},{"damage":2,"enemies":"Chosen and Byrds","floor":25,"turns":3},{"damage":25,"enemies":"Cultist and Chosen","floor":26,"turns":6},{"damage":5,"enemies":"Book of Stabbing","floor":28,"turns":4},{"damage":0,"enemies":"downfall:FleeingMerchant","floor":29,"turns":4},{"damage":11,"enemies":"Centurion and Healer","floor":30,"turns":3},{"damage":8,"enemies":"Shelled Parasite and Fungi","floor":32,"turns":3},{"damage":64,"enemies":"downfall:Ironclad","floor":33,"turns":7},{"damage":0,"enemies":"3 Shapes","floor":36,"turns":3},{"damage":21,"enemies":"3 Darklings","floor":37,"turns":3},{"damage":29,"enemies":"4 Shapes","floor":39,"turns":4},{"damage":0,"enemies":"downfall:FleeingMerchant","floor":40,"turns":4},{"damage":0,"enemies":"downfall:FleeingMerchant","floor":43,"turns":2},{"damage":7,"enemies":"Reptomancer","floor":44,"turns":5},{"damage":6,"enemies":"Transient","floor":46,"turns":5},{"damage":14,"enemies":"Writhing Mass","floor":49,"turns":4},{"damage":61,"enemies":"downfall:Silent","floor":50,"turns":9},{"damage":90,"enemies":"downfall:CharBossMerchant","floor":52,"turns":7}],"seed_played":"4015987573068207543","potions_obtained":[{"floor":6.0,"key":"Strength Potion"},{"floor":8.0,"key":"Fire Potion"},{"floor":8.0,"key":"champ:CounterPotion"},{"floor":9.0,"key":"hexamod:EctoCoolerPotion"},{"floor":10,"key":"Energy Potion"},{"floor":16,"key":"Swift Potion"},{"floor":20,"key":"SteroidPotion"},{"floor":25,"key":"Explosive Potion"},{"floor":28,"key":"BlessingOfTheForge"},{"floor":30,"key":"AttackPotion"},{"floor":30,"key":"Energy Potion"},{"floor":32,"key":"Strength Potion"},{"floor":32,"key":"Fire Potion"},{"floor":36,"key":"LiquidBronze"},{"floor":39,"key":"sneckomod:MuddlingPotion"},{"floor":39,"key":"AttackPotion"},{"floor":40,"key":"Energy Potion"},{"floor":44,"key":"Fire Potion"},{"floor":46,"key":"Regen Potion"},{"floor":49,"key":"AttackPotion"}],"is_trial":false,"path_per_floor":["R","M","?","M","?","E","T","?","?","E","$","R","M","M","M","B",null,"R","M","M","?","T","?","T","M","M","R","E","$","M","T","M","B",null,"R","M","M","?","M","$","T","?","$","E","R","M","?","$","M","B",null,"E"],"character_chosen":"THE_SPIRIT","items_purchased":["hexamod:MatchstickCase","hexamod:FourthSeal","Strange Spoon","Mummified Hand","Ginger","PreservedInsect"],"campfire_rested":2,"item_purchase_floors":[11,29,40,43,43,47],"current_hp_per_floor":[70,70,70,70,70,70,70,70,61,42,49,67,55,53,60,31,67,67,61,67,67,67,67,67,67,49,77,72,79,75,75,67,10,79,79,81,60,60,38,38,38,81,81,74,74,68,68,68,66,5,81,0,0,0],"gold":50,"neow_bonus":"THREE_ENEMY_KILL","is_daily":false,"chose_seed":false,"campfire_upgraded":3,"win_rate":0.0,"timestamp":1610263006,"path_taken":["R","M","?","M","?","E","T","?","?","E","$","R","M","M","M","BOSS","R","M","M","?","?","?","T","M","M","R","E","$","M","?","M","BOSS","R","M","M","?","M","$","T","?","$","E","R","M","?","$","M","BOSS","E"],"items_purchased_type":["Relic","Card","Relic","Relic","Relic","Relic"],"build_version":"2020-12-22","purchased_purges":2,"victory":false,"max_hp_per_floor":[70,70,70,70,70,70,70,70,70,70,67,67,67,67,67,67,67,67,67,67,67,67,67,67,67,67,77,77,79,79,79,79,79,79,79,81,81,81,81,81,81,81,81,81,81,81,81,81,81,81,81,81,81,81],"card_choices":[{"not_picked":["hexamod:RainOfEmbers","hexamod:HeatMetal"],"picked":"hexamod:SwordOfDarkness","floor":2.0},{"not_picked":["hexamod:GhostShield","hexamod:HauntingEcho"],"picked":"hexamod:SpectersWail","floor":4.0},{"not_picked":["hexamod:ShieldOfDarkness","hexamod:Again"],"picked":"hexamod:FirstSeal","floor":6.0},{"not_picked":["hexamod:GhostShield","hexamod:NightmareStrike"],"picked":"hexamod:FastForward","floor":9.0},{"not_picked":["hexamod:ThermalTransfer","hexamod:UnlimitedPower"],"picked":"hexamod:SkipABeat","floor":10},{"not_picked":["hexamod:SuperheatedStrike","hexamod:SpectersWail"],"picked":"hexamod:EmpoweredFlame","floor":11},{"not_picked":["hexamod:BacktrackSmack","hexamod:GhostShield"],"picked":"hexamod:HauntingEcho","floor":13},{"not_picked":["hexamod:Firestarter","hexamod:Hexaguard"],"picked":"hexamod:ShieldOfDarkness","floor":14},{"not_picked":["hexamod:BacktrackSmack","hexamod:AdvancingGuard"],"picked":"hexamod:StepThrough","floor":15},{"not_picked":["hexamod:UnlimitedPower","hexamod:VolcanoVisage"],"picked":"hexamod:GiftsFromTheDead","floor":16},{"not_picked":["hexamod:HeatMetal","hexamod:ShieldOfDarkness+1"],"picked":"hexamod:PhantomFireball","floor":19},{"not_picked":["hexamod:BacktrackSmack+1","hexamod:NightmareStrike"],"picked":"hexamod:FastForward","floor":20},{"not_picked":["hexamod:GhostLash","hexamod:EmpoweredFlame+1"],"picked":"hexamod:StepThrough+1","floor":25},{"not_picked":["hexamod:SecondSeal","hexamod:SuperheatedStrike"],"picked":"hexamod:NightmareStrike","floor":26},{"not_picked":["hexamod:BacktrackSmack","hexamod:SpectralSpark"],"picked":"hexamod:SoulSteal","floor":28},{"not_picked":["hexamod:SpectersWail","hexamod:BurningTouch+1","hexamod:ExtraCrispy+1"],"picked":"Singing Bowl","floor":29},{"not_picked":["hexamod:SoulSteal","hexamod:GhostLash"],"picked":"hexamod:GhostOfSpireFuture","floor":30},{"not_picked":["hexamod:SwordOfDarkness","hexamod:GhostShield"],"picked":"hexamod:RecurringNightmare","floor":32},{"not_picked":["hexamod:HexaLevel","hexamod:TimeWarp"],"picked":"hexamod:EmpoweringStance","floor":33},{"not_picked":["hexamod:NecessarySacrifice","hexamod:GhostShield","hexamod:NightmareGuise"],"picked":"Singing Bowl","floor":36},{"not_picked":["hexamod:RainOfEmbers+1","hexamod:BacktrackSmack"],"picked":"hexamod:GhostOfSpireFuture","floor":37},{"not_picked":["hexamod:GhostShield+1","hexamod:InspiringFlames+1"],"picked":"hexamod:NightmareGuise+1","floor":39},{"not_picked":["hexamod:RetreatToShadows+1","hexamod:InspiringFlames+1"],"picked":"hexamod:RadiantFlame","floor":40},{"not_picked":["hexamod:NightmareStrike","hexamod:AdvancingGuard+1"],"picked":"hexamod:SixthSeal","floor":43},{"not_picked":["hexamod:SecondSeal","hexamod:HauntingEcho"],"picked":"hexamod:PhantomFireball+1","floor":44},{"not_picked":["hexamod:SecondSeal","hexamod:SpectralAdrenaline"],"picked":"hexamod:NightmareStrike","floor":46},{"not_picked":["hexamod:RainOfEmbers","hexamod:UnlimitedPower"],"picked":"hexamod:ThermalTransfer","floor":49}],"player_experience":893112,"relics_obtained":[{"floor":6.0,"key":"MawBank"},{"floor":7.0,"key":"Juzu Bracelet"},{"floor":9.0,"key":"downfall:GremlinSack"},{"floor":10,"key":"Matryoshka"},{"floor":22,"key":"hexamod:BolsterEngine"},{"floor":22,"key":"Gremlin Horn"},{"floor":24,"key":"Whetstone"},{"floor":28,"key":"Singing Bowl"},{"floor":31,"key":"StrikeDummy"},{"floor":41,"key":"Bottled Lightning"},{"floor":44,"key":"Mercury Hourglass"}],"event_choices":[{"damage_healed":0.0,"max_hp_gain":0.0,"max_hp_loss":0.0,"gold_gain":0.0,"event_name":"Lab","player_choice":"Got Potions","floor":8.0,"gold_loss":0.0,"damage_taken":0.0},{"damage_healed":0,"gold_gain":0,"player_choice":"Ignored","damage_taken":0,"max_hp_gain":0,"max_hp_loss":0,"event_name":"Vampires","floor":23,"gold_loss":0}],"is_beta":false,"boss_relics":[{"not_picked":["Runic Pyramid","Runic Dome"],"picked":"expansioncontent:StudyCardRelic"},{"not_picked":["Coffee Dripper","Cursed Key","Snecko Eye"]}],"items_purged_floors":[11,43],"is_endless":false,"potions_floor_spawned":[6,9,10,16,20,25,28,30,32,39,44,46,49],"killed_by":"downfall:CharBossMerchant","ascension_level":3}}