{"host":"sian7qp8a9pc9xwd","time":1610276579,"event":{"mods":["BaseMod","Lobotomy","Minty Spire (QoL Compilation)","StSLib"],"gold_per_floor":[115,115,115,17,33,33,33,61,88,88,88,106,122,141,141,141,141],"floor_reached":16,"playtime":642,"items_purged":[],"score":105,"play_id":"3c70ecbc-5862-4026-a2a6-25414c24b5c8","local_time":"20210110060259","is_ascension_mode":true,"campfire_choices":[{"floor":6.0,"key":"REST"},{"data":"Zap","floor":11.0,"key":"SMITH"},{"data":"Doom and Gloom","floor":15,"key":"SMITH"}],"circlet_count":0,"master_deck":["Strike_B+1","Strike_B+1","Strike_B","Strike_B","Defend_B","Defend_B","Defend_B","Defend_B+1","Zap+1","Dualcast+1","UniverseFragment","Doom and Gloom+1","Bandage Up","OSAHOGD","Redo","Wellcheers","Conserve Battery+1","Zap+1","VoidDream","Conserve Battery","Coolheaded","PunishingBird","Consume"],"relics":["Cracked Core","CogitoBucket","Letter Opener","Whetstone","War Paint","TreeSap"],"acts_visited":["Exordium"],"potions_floor_usage":[16],"damage_taken":[{"damage":0.0,"enemies":"Small Slimes","floor":1.0,"turns":3.0},{"damage":0.0,"enemies":"2 Louse","floor":5.0,"turns":2.0},{"damage":10.0,"enemies":"Lagavulin","floor":8.0,"turns":6.0},{"damage":6.0,"enemies":"Jaw Worm","floor":12.0,"turns":3.0},{"damage":0.0,"enemies":"3 Louse","floor":13.0,"turns":1.0},{"damage":0,"enemies":"Red Slaver","floor":14,"turns":3},{"damage":105,"enemies":"The Guardian","floor":16,"turns":3}],"seed_played":"-5115724295634188935","potions_obtained":[{"floor":1.0,"key":"Explosive Potion"},{"floor":5.0,"key":"EssenceOfDarkness"},{"floor":14,"key":"FocusPotion"}],"is_trial":false,"path_per_floor":["M","?","?","$","M","R","$","E","T","?","R","M","M","M","R","B"],"character_chosen":"DEFECT","items_purchased":["Bandage Up"],"campfire_rested":1,"item_purchase_floors":[4],"current_hp_per_floor":[75,50,35,35,39,61,61,55,55,55,55,56,56,59,59,0,0],"gold":141,"neow_bonus":"","is_daily":false,"chose_seed":false,"campfire_upgraded":2,"win_rate":0.0,"timestamp":1610276579,"path_taken":["M","?","?","?","M","R","$","E","T","?","R","?","M","M","R","BOSS"],"items_purchased_type":["Card"],"build_version":"2020-12-22","purchased_purges":0,"victory":false,"max_hp_per_floor":[75,75,75,75,75,75,75,75,75,75,75,75,75,75,75,75,75],"card_choices":[{"not_picked":["WallGazer","Bloodbath"],"picked":"UniverseFragment","floor":1.0},{"not_picked":["Force Field","Skim"],"picked":"Doom and Gloom","floor":1.0},{"not_picked":["BigBird","CrumblingArmor"],"picked":"OSAHOGD","floor":5.0},{"not_picked":["Streamline","Gash"],"picked":"Redo","floor":5.0},{"not_picked":["MeatLantern","DreamingCurrent"],"picked":"Wellcheers","floor":8.0},{"not_picked":["Fusion","Storm"],"picked":"Conserve Battery","floor":8.0},{"not_picked":["Bloodbath","MHz"],"picked":"VoidDream","floor":12.0},{"not_picked":["Steam","Turbo"],"picked":"Conserve Battery","floor":12.0},{"not_picked":["Lockon","Leap"],"picked":"Coolheaded","floor":13},{"not_picked":["CherryBlossoms","OldLady"],"picked":"PunishingBird","floor":14},{"not_picked":["Streamline","Conserve Battery"],"picked":"Consume","floor":14}],"player_experience":657239,"relics_obtained":[{"floor":8.0,"key":"Whetstone"},{"floor":9.0,"key":"War Paint"}],"event_choices":[{"damage_healed":0.0,"max_hp_gain":0.0,"max_hp_loss":0.0,"gold_gain":0.0,"event_name":"Scrap Ooze","player_choice":"Success","floor":2.0,"gold_loss":0.0,"damage_taken":25.0,"relics_obtained":["Letter Opener"]},{"damage_healed":0.0,"max_hp_gain":0.0,"max_hp_loss":0.0,"gold_gain":0.0,"event_name":"Shining Light","player_choice":"Entered Light","floor":3.0,"gold_loss":0.0,"damage_taken":15.0,"cards_upgraded":["Dualcast","Defend_B"]},{"damage_healed":0.0,"max_hp_gain":0.0,"max_hp_loss":0.0,"gold_gain":0.0,"event_name":"Match and Keep!","player_choice":"1 cards matched","floor":10.0,"gold_loss":0.0,"damage_taken":0.0,"cards_obtained":["Zap"]}],"is_beta":false,"boss_relics":[],"items_purged_floors":[],"is_endless":false,"potions_floor_spawned":[1,5,14],"killed_by":"The Guardian","ascension_level":1}}