{"host":"4c7oxphrh4ok8x7u","time":1610297450,"event":{"mods":["100% Spire Juice","2.2 Compatiblity","Act Like it!","Arknights The Spire","Aspiration","BaseMod","Better Skull","Better Vampires","BetterRewards","Challenge The Spire","Conjunction","Conspire","Custom Start","Dota2Spire","Ekko","Evolution","Fiend Mod","Friendly Minions","FruityMod","GifTheSpireLib","Good Game Mod","Halation","Hermit","HololiveMod","Hubris","Hyrulean Relics","Jedi Mod","Jess\u0027s Bottle","Kratos Character Expansion","Minty Spire (QoL Compilation)","MostiFishMod","Permanent Neow","Poor People Problems","Prisma Mod","Quarter Circle Forward PUNCH!","RatMod","Replay The Spire","Robot Space Explorer","SCP261 Mod","Shade Mod","Slay the Relics Exporter","Small Relic Pack","Spicy Shops","Spikes Relics","Spires And Sneckos","StSLib","Stuff the Spire","The Animator","The Blue Laboratory","The Death Knight","The Edgeheg","The Exalted","The Fake Hero","The Trickster","TheVacant","TheWitcher","Wandering Minibosses"],"gold_per_floor":[116,116,128,146,163,193,468,468,468,488,6,20,37,53,53,150,150,164,178,193,204,204,230,246,246,246,274,285,301,301,313,313,409,409,422,441,441,144,144,144,154,154,154,187,187,187,218,228,228,228,228,228,37,71,71],"floor_reached":56,"playtime":3831,"items_purged":["Regret"],"score":1305,"play_id":"2c9e66a7-a363-44d7-8d00-0134ba09116f","local_time":"20210110195050","is_ascension_mode":false,"campfire_choices":[{"data":"Invigoration","floor":8,"key":"SMITH"},{"data":"Armaments","floor":15,"key":"PURGE"},{"data":"Life Link","floor":32,"key":"SMITH"},{"floor":40,"key":"RECALL"},{"data":"theTrickster:Safeguard","floor":45,"key":"SMITH"},{"data":"Defend_R","floor":49,"key":"PURGE"},{"data":"Replay:Undeath\u0027s Touch","floor":52,"key":"SMITH"}],"circlet_count":0,"master_deck":["Twin Strike","Twin Strike","Twin Strike","Twin Strike","Armaments","Armaments","Bash","ReplayTheSpireMod:Uncanny Aura+1","theTrickster:Safeguard+1","Run Through+1","Invigoration+1","StuffTheSpire:Resist","Run Through","Replay:Undeath\u0027s Touch+1","Twin Strike+1","jedi:MakeshiftSword","jedi:MakeshiftSword","jedi:unlimitedpower","Entrench+1","Evolve+1","jedi:collectorstrike+1","Life Link+1","StuffTheSpire:Resist+1","Jack Of All Trades+1","Hallucinations","Replay:Undeath\u0027s Touch+1","Seeing Red+1","CommonCold","Body Slam+1"],"relics":["Burning Blood","EVO:Axolotl","DaveBox","REME:ComplimentaryCards","PatriotShield","SynthV:TestCard","qcfpunch:Wrestler\u0027s_Cloak","Replay:Bottled Steam","aspiration:Nostalgia","theEdgeheg:CSGunRelic","StuffTheSpire:Mouthbags","conspire:Flyswatter","Black Star","wanderingMiniBosses:CarrionFlame","Dota2Spire:ArcaneBoots","hubris:CuriousFeather","jedi:arcanewood","Dota2Spire:UrnOfShadows","qcfpunch:Chain_With_Nametags","Juzu Bracelet","Dota2Spire:EtherealBlade","Painkiller Herb","rat:BigChungusPlushie","Bromod:ArcaneConsequence","ReplayTheSpireMod:Ring of Challenge","Ring of Panic","Dota2Spire:MagicBottle","qcfpunch:Unceasing_Flame","Toxic Egg 2","Blue Doll","ReplayTheSpireMod:Spearhead","ReplayTheSpireMod:CursedCoin","Centennial Puzzle","halation:LettersToHer","halation:KoshaPiece"],"acts_visited":["Exordium","TheCity","TheBeyond","TheEnding"],"potions_floor_usage":[10,54,54,55],"damage_taken":[{"damage":0,"enemies":"Small Slimes","floor":1,"turns":1},{"damage":0,"enemies":"Cultist","floor":3,"turns":1},{"damage":0,"enemies":"2 Louse","floor":4,"turns":1},{"damage":0,"enemies":"Red Slaver","floor":5,"turns":1},{"damage":0,"enemies":"Gremlin Nob","floor":6,"turns":2},{"damage":4,"enemies":"Blue Slaver","floor":10,"turns":5},{"damage":0,"enemies":"Exordium Wildlife","floor":12,"turns":1},{"damage":0,"enemies":"3 Louse","floor":13,"turns":1},{"damage":0,"enemies":"2 Fungi Beasts","floor":14,"turns":1},{"damage":0,"enemies":"Hexaghost","floor":16,"turns":3},{"damage":2,"enemies":"3 Byrds","floor":18,"turns":3},{"damage":0,"enemies":"2 Thieves","floor":19,"turns":2},{"damage":0,"enemies":"Shelled Parasite and Fungi","floor":20,"turns":2},{"damage":0,"enemies":"Snecko","floor":21,"turns":4},{"damage":0,"enemies":"Book of Stabbing","floor":23,"turns":3},{"damage":0,"enemies":"Sentry and Sphere","floor":24,"turns":1},{"damage":7,"enemies":"Slavers","floor":27,"turns":2},{"damage":0,"enemies":"Snake Plant","floor":28,"turns":1},{"damage":2,"enemies":"Shelled Parasite and Fungi","floor":29,"turns":1},{"damage":2,"enemies":"Cultist and Chosen","floor":31,"turns":2},{"damage":0,"enemies":"hubris:MusketHawk","floor":33,"turns":6},{"damage":2,"enemies":"3 Shapes","floor":35,"turns":1},{"damage":0,"enemies":"3 Darklings","floor":36,"turns":2},{"damage":0,"enemies":"Sphere and 2 Shapes","floor":41,"turns":1},{"damage":0,"enemies":"Giant Head","floor":44,"turns":2},{"damage":0,"enemies":"Reptomancer","floor":47,"turns":2},{"damage":0,"enemies":"Maw","floor":48,"turns":3},{"damage":11,"enemies":"Replay:Hell Engine","floor":50,"turns":3},{"damage":0,"enemies":"Shield and Spear","floor":54,"turns":2},{"damage":64,"enemies":"The Heart","floor":55,"turns":6}],"seed_played":"7006748364142518796","potions_obtained":[{"floor":4,"key":"blueLaboratory:LouseDecoction"},{"floor":5,"key":"DeathKnight:RimePotion"},{"floor":16,"key":"LiquidBronze"},{"floor":24,"key":"GamblersBrew"}],"is_trial":false,"path_per_floor":["M","?","M","M","M","E","?","R","T","M","$","M","M","M","R","B",null,"M","M","M","M","?","E","M","?","T","E","M","M","?","M","R","B",null,"?","?","?","T","?","T","?","?","T","E","T","?","E","?","T","B",null,"T","T","E","B",null],"character_chosen":"IRONCLAD","items_purchased":["aspiration:Nostalgia","StuffTheSpire:Mouthbags","conspire:Flyswatter","rat:BigChungusPlushie","Bromod:ArcaneConsequence","Seeing Red+1","ReplayTheSpireMod:Spearhead","ReplayTheSpireMod:CursedCoin","Centennial Puzzle"],"campfire_rested":0,"item_purchase_floors":[11,11,11,38,38,53,53,53,53],"current_hp_per_floor":[80,80,80,80,80,80,80,80,80,80,80,80,80,80,80,80,80,80,80,80,80,80,80,80,43,43,42,48,52,37,41,41,47,85,85,85,85,85,85,85,85,85,85,85,85,60,66,72,72,67,85,85,85,85,27],"gold":71,"neow_bonus":"RANDOM_COLORLESS","is_daily":false,"chose_seed":false,"campfire_upgraded":4,"win_rate":0.0,"timestamp":1610297450,"path_taken":["M","?","M","M","?","E","?","R","T","M","$","M","M","M","R","BOSS","M","M","?","M","?","E","?","?","T","E","M","M","?","M","R","BOSS","?","?","?","T","?","T","?","?","T","E","T","?","E","?","T","BOSS","T","T","E","BOSS"],"items_purchased_type":["Relic","Relic","Relic","Relic","Relic","Card","Relic","Relic","Relic"],"build_version":"2020-12-22","purchased_purges":1,"victory":true,"max_hp_per_floor":[80,80,80,80,80,80,80,80,80,80,80,80,80,80,80,80,80,80,80,80,80,80,80,80,80,80,80,80,80,85,85,85,85,85,85,85,85,85,85,85,85,85,85,85,85,85,85,85,85,85,85,85,85,85,85],"card_choices":[{"not_picked":["Survey Options","Sharp Hide"],"picked":"ReplayTheSpireMod:Uncanny Aura","floor":0},{"not_picked":["Replay:Undeath\u0027s Touch","hubris:ReadiedAction"],"picked":"Run Through","floor":1},{"not_picked":["Replay:Undeath\u0027s Touch","Clash","Shrug It Off","Havoc"],"picked":"Invigoration","floor":3},{"not_picked":["Cleave","StuffTheSpire:Slingshot","Anger","Sentinel"],"picked":"StuffTheSpire:Resist","floor":4},{"not_picked":["ReplayTheSpireMod:Strike From Hell","MostiFishMod:#F4004","Replay:Undeath\u0027s Touch","hubris:StunningStrike"],"picked":"Run Through","floor":5},{"not_picked":["Sword Boomerang","Cleave","Carnage","Combust"],"picked":"Replay:Undeath\u0027s Touch","floor":6},{"not_picked":["Flame Barrier","Whirlwind","Heavy Blade","BarbarianYell","ReplayTheSpireMod:Corrosion Curse"],"picked":"SKIP","floor":10},{"not_picked":["Clash","Entrench","Rage","StuffTheSpire:RagingBull"],"picked":"jedi:MakeshiftSword","floor":12},{"not_picked":["jedi:collectorstrike","StuffTheSpire:RagingBull","Perfected Strike","Warcry"],"picked":"jedi:MakeshiftSword","floor":13},{"not_picked":["hubris:StunningStrike","Headbutt","Sword Boomerang","StuffTheSpire:Slingshot","Power Through"],"picked":"SKIP","floor":14},{"not_picked":["MostiFishMod:DarkDeal","Exhume","StuffTheSpire:TitanForm","Demonic Infusion"],"picked":"jedi:unlimitedpower","floor":16},{"not_picked":["ReplayTheSpireMod:Strike From Hell","Anger+1","Iron Wave","Clash"],"picked":"Entrench","floor":18},{"not_picked":["ReplayTheSpireMod:Strike From Hell","Run Through","Hemokinesis","Shrug It Off+1"],"picked":"Evolve+1","floor":19},{"not_picked":["StuffTheSpire:Slingshot","hubris:ReadiedAction+1","Intimidate","StuffTheSpire:Incineration","Reckless Charge"],"picked":"SKIP","floor":20},{"not_picked":["Heavy Blade","Warcry","hubris:ReadiedAction","rat:Decimate"],"picked":"jedi:collectorstrike+1","floor":21},{"not_picked":["Abandon","Reckless Charge","MostiFishMod:OrdinaryWorld","Havoc"],"picked":"Life Link","floor":23},{"not_picked":["Flex","jedi:collectorstrike+1","ReplayTheSpireMod:Corrosion Curse","Wild Strike+1"],"picked":"jedi:collectorstrike+1","floor":24},{"not_picked":["Heavy Blade","Warcry","Sword Boomerang+1","jedi:MakeshiftSword"],"picked":"StuffTheSpire:Resist+1","floor":27},{"not_picked":["StuffTheSpire:RockThrow+1","Pummel","Iron Wave","Cleave"],"picked":"jedi:collectorstrike+1","floor":28},{"not_picked":["Abandon+1","Sentinel+1","Defy Death","Iron Wave"],"picked":"jedi:collectorstrike+1","floor":29},{"not_picked":["rat:Decimate","StuffTheSpire:Incineration","Shrug It Off","Pummel"],"picked":"jedi:collectorstrike+1","floor":31},{"not_picked":["MostiFishMod:Chiaki","Impervious","MostiFishMod:RacingGame","Exhume"],"picked":"jedi:collectorstrike+1","floor":33},{"not_picked":["Sentinel+1","Run Through","Sever Soul+1","StuffTheSpire:Slingshot"],"picked":"jedi:collectorstrike+1","floor":35},{"not_picked":["Perfected Strike","Flex+1","Defy Death+1","Thunderclap"],"picked":"jedi:collectorstrike+1","floor":36},{"not_picked":["ReplayTheSpireMod:Trickstab","MostiFishMod:SupremeArchaeology","Dark Shackles","Replay:Parry"],"picked":"Jack Of All Trades","floor":39},{"not_picked":["Twin Strike+1","Reckless Charge","StuffTheSpire:Resist","Defy Death+1"],"picked":"jedi:collectorstrike+1","floor":41},{"not_picked":["Thunderclap+1","MostiFishMod:KnuckleDown","StuffTheSpire:Incineration+1","Shockwave"],"picked":"jedi:collectorstrike+1","floor":44},{"not_picked":["Armaments+1","jedi:hate","Thunderclap+1","Massacre"],"picked":"jedi:collectorstrike+1","floor":47},{"not_picked":["jedi:collectorstrike+1","StuffTheSpire:Slingshot+1","ReplayTheSpireMod:Strike From Hell","Hemokinesis+1"],"picked":"Replay:Undeath\u0027s Touch+1","floor":48},{"not_picked":["conspire:HitWhereItHurts","jedi:collectorstrike+1","Perfected Strike+1","Intimidate+1"],"picked":"Body Slam+1","floor":54}],"player_experience":692638,"relics_obtained":[{"floor":1,"key":"SynthV:TestCard"},{"floor":6,"key":"qcfpunch:Wrestler\u0027s_Cloak"},{"floor":9,"key":"Replay:Bottled Steam"},{"floor":18,"key":"wanderingMiniBosses:CarrionFlame"},{"floor":23,"key":"Dota2Spire:ArcaneBoots"},{"floor":23,"key":"hubris:CuriousFeather"},{"floor":26,"key":"qcfpunch:Chain_With_Nametags"},{"floor":27,"key":"Juzu Bracelet"},{"floor":27,"key":"Dota2Spire:EtherealBlade"},{"floor":42,"key":"ReplayTheSpireMod:Ring of Challenge"},{"floor":42,"key":"Ring of Panic"},{"floor":44,"key":"Dota2Spire:MagicBottle"},{"floor":44,"key":"qcfpunch:Unceasing_Flame"},{"floor":47,"key":"Toxic Egg 2"},{"floor":47,"key":"Blue Doll"},{"floor":54,"key":"halation:LettersToHer"},{"floor":54,"key":"halation:KoshaPiece"}],"event_choices":[{"damage_healed":0,"gold_gain":0,"player_choice":"Upgraded","damage_taken":0,"max_hp_gain":0,"max_hp_loss":0,"event_name":"Upgrade Shrine","floor":2,"gold_loss":0,"cards_upgraded":["ReplayTheSpireMod:Uncanny Aura"]},{"damage_healed":0,"gold_gain":275,"player_choice":"Desecrate","damage_taken":0,"max_hp_gain":0,"max_hp_loss":0,"event_name":"Golden Shrine","floor":7,"gold_loss":0,"cards_obtained":["Regret"]},{"damage_healed":0,"gold_gain":0,"player_choice":"Ignored","damage_taken":0,"max_hp_gain":0,"max_hp_loss":0,"event_name":"NoteForYourself","floor":22,"gold_loss":0},{"damage_healed":0,"gold_gain":0,"player_choice":"RE RE ","damage_taken":41,"relics_obtained":["jedi:arcanewood","Dota2Spire:UrnOfShadows"],"max_hp_gain":0,"max_hp_loss":0,"event_name":"betterSkull:BetterSkull","floor":25,"gold_loss":0,"cards_upgraded":[]},{"damage_healed":0,"gold_gain":0,"player_choice":"Shed Blood","damage_taken":20,"max_hp_gain":5,"max_hp_loss":0,"event_name":"Forgotten Altar","floor":30,"gold_loss":0},{"damage_healed":0,"gold_gain":0,"player_choice":"Memory 1","damage_taken":0,"max_hp_gain":0,"max_hp_loss":0,"event_name":"SensoryStone","floor":39,"gold_loss":0}],"is_beta":false,"boss_relics":[{"not_picked":["Runic Dome","TimeKeys"],"picked":"Black Star"},{"not_picked":["StuffTheSpire:ModemDavis","Honey Jar"],"picked":"Painkiller Herb"}],"items_purged_floors":[11],"is_endless":false,"potions_floor_spawned":[4,5,10,16,20,24,28,31,35,41,44,48],"ascension_level":0}}