{"host":"d739yreqm0rh30t5","time":1610309305,"event":{"mods":["BaseMod","BetterRewards","Colored Powertips","Downfall","Googly Eyes","Hermit","Minty Spire (QoL Compilation)","Replay The Spire","Shop Mod","StSLib","The Cursed"],"gold_per_floor":[0,16,27,43,493,493,519,519,32,42,42,42,27,47,59,156,156,156,156,168,168,185,98,98,198,198,215,215,227,227,243,263,360,360,360,373,373,13,29,79,133,133,145,5,5,20,70,120,135,135,135,135],"floor_reached":50,"playtime":4550,"items_purged":["Slimebound:Icky","Regret","Spreading Infection"],"score":586,"play_id":"b3018277-24f1-42fe-b915-9d7bbb62b65e","local_time":"20210110210825","is_ascension_mode":false,"campfire_choices":[{"data":"hexamod:Float","floor":1.0,"key":"SMITH"},{"data":"hexamod:EmpoweredFlame","floor":6.0,"key":"SMITH"},{"data":"hexamod:SwordOfDarkness","floor":8.0,"key":"SMITH"},{"data":"hexamod:ShieldOfDarkness","floor":26.0,"key":"SMITH"},{"data":"hexamod:GhostOfSpirePresent","floor":28.0,"key":"SMITH"},{"data":"hexamod:AdvancingGuard","floor":30.0,"key":"SMITH"},{"data":"1","floor":35,"key":"LIFT"},{"data":"hexamod:VolcanoVisage","floor":42,"key":"SMITH"},{"floor":45,"key":"REST"}],"circlet_count":0,"master_deck":["hexamod:Strike","hexamod:Strike","hexamod:Strike","hexamod:Strike","hexamod:Defend","hexamod:Defend","hexamod:Defend","hexamod:Defend","hexamod:Sear+1","hexamod:Float+1","hexamod:SwordOfDarkness+1","hexamod:EmpoweredFlame+1","hexamod:HauntingEcho+1","Slimebound:Icky","Slimebound:Icky","hexamod:InspiringFlames","hexamod:ChargedBarrage+1","hexamod:GhostOfSpirePresent+1","hexamod:AdvancingGuard+1","hexamod:StepThrough+1","hexamod:NightmareGuise","hexamod:ShieldOfDarkness+1","hexamod:SixthSeal","hexamod:FirstSeal","hexamod:SpectralAdrenaline+1","hexamod:SwordOfDarkness+1","hexamod:StepThrough+1","hexamod:FourthSeal","Voices","hexamod:FirstSeal","hexamod:AdvancingGuard+1","hexamod:CrushingStance+1","hexamod:CatchUp","hexamod:HauntingEcho+1","hexamod:VolcanoVisage+1","Injury","hexamod:PhantomCloak+1","hexamod:HeatShield","hexamod:FlamesFromBeyond+1","hexamod:SwordOfDarkness+1","hexamod:ThirdSeal","TheCursedMod:Dregs","hexamod:EmpoweredFlame+1","hexamod:FastForward","hexamod:PhantomCloak","Delirium","hexamod:EmpoweredFlame+1","hexamod:FastForward+1"],"relics":["hexamod:SpiritBrand","Ice Cream","hexamod:MatchstickCase","Molten Egg 2","InkBottle","Bottled Lightning","Cursed Key","MutagenicStrength","Blue Candle","downfall:CloakOfManyFaces","CultistMask","FaceOfCleric","NlothsMask","GremlinMask","SsserpentHead","Replay:Ancient Bell","Simple Rune","Gremlin Horn","Girya","Replay:Bottled Eggs"],"acts_visited":["Exordium","TheCity","TheBeyond"],"potions_floor_usage":[44],"damage_taken":[{"damage":1.0,"enemies":"Jaw Worm","floor":2.0,"turns":4.0},{"damage":3.0,"enemies":"2 Louse","floor":3.0,"turns":4.0},{"damage":0.0,"enemies":"Cultist","floor":4.0,"turns":4.0},{"damage":0.0,"enemies":"downfall:FleeingMerchant","floor":9.0,"turns":4.0},{"damage":8.0,"enemies":"Blue Slaver","floor":10.0,"turns":3.0},{"damage":0.0,"enemies":"downfall:FleeingMerchant","floor":13.0,"turns":4.0},{"damage":1.0,"enemies":"3 Louse","floor":14.0,"turns":3.0},{"damage":0.0,"enemies":"Large Slime","floor":15.0,"turns":4.0},{"damage":9.0,"enemies":"downfall:Watcher","floor":16.0,"turns":7.0},{"damage":14.0,"enemies":"3 Byrds","floor":20.0,"turns":6.0},{"damage":8.0,"enemies":"Spheric Guardian","floor":22.0,"turns":5.0},{"damage":3.0,"enemies":"downfall:FleeingMerchant","floor":23.0,"turns":4.0},{"damage":6.0,"enemies":"downfall:FaceTrader","floor":25.0,"turns":5.0},{"damage":22.0,"enemies":"Shelled Parasite and Fungi","floor":27.0,"turns":6.0},{"damage":1.0,"enemies":"Centurion and Healer","floor":29.0,"turns":7.0},{"damage":22.0,"enemies":"Snake Plant","floor":31.0,"turns":5.0},{"damage":0.0,"enemies":"Chosen and Byrds","floor":32.0,"turns":4.0},{"damage":69.0,"enemies":"downfall:Ironclad","floor":33.0,"turns":8.0},{"damage":23,"enemies":"3 Darklings","floor":36,"turns":7},{"damage":9,"enemies":"3 Shapes","floor":37,"turns":5},{"damage":7,"enemies":"downfall:FleeingMerchant","floor":38,"turns":4},{"damage":12,"enemies":"3 Darklings","floor":39,"turns":7},{"damage":18,"enemies":"Jaw Worm Horde","floor":43,"turns":6},{"damage":25,"enemies":"downfall:FleeingMerchant","floor":44,"turns":4},{"damage":13,"enemies":"Writhing Mass","floor":46,"turns":5},{"damage":54,"enemies":"Sphere and 2 Shapes","floor":49,"turns":8},{"damage":53,"enemies":"downfall:Silent","floor":50,"turns":4}],"seed_played":"8851732474705842696","potions_obtained":[{"floor":3.0,"key":"Milkshake"},{"floor":4.0,"key":"SteroidPotion"},{"floor":10.0,"key":"Adrenaline Potion"},{"floor":14.0,"key":"champ:CounterPotion"},{"floor":18.0,"key":"CultistPotion"},{"floor":32.0,"key":"FairyPotion"},{"floor":44,"key":"Languid Potion"},{"floor":46,"key":"EssenceOfSteel"}],"is_trial":false,"path_per_floor":["R","M","M","M","?","R","T","R","$","M","?","T","$","M","M","B",null,"R","?","M","?","M","$","T","?","R","M","R","M","R","M","M","B",null,"R","M","M","$","M","?","T","R","M","$","R","M","?","?","M","B"],"character_chosen":"THE_SPIRIT","items_purchased":["hexamod:ChargedBarrage","hexamod:GhostOfSpirePresent","Molten Egg 2","hexamod:FourthSeal","Replay:Bottled Eggs","hexamod:SwordOfDarkness+1"],"campfire_rested":1,"item_purchase_floors":[9,9,9,23,38,38],"current_hp_per_floor":[70,69,66,66,66,66,66,66,66,58,51,51,51,50,50,41,70,70,63,56,56,55,59,59,60,60,53,53,67,67,60,74,13,75,75,67,66,67,70,70,70,70,67,50,74,62,62,62,16,0,0,0],"gold":135,"neow_bonus":"ONE_RARE_RELIC","is_daily":false,"chose_seed":false,"campfire_upgraded":7,"win_rate":0.0,"timestamp":1610309305,"path_taken":["R","M","M","M","?","R","T","R","$","M","?","?","$","?","M","BOSS","R","?","M","?","M","?","T","?","R","M","R","M","R","M","M","BOSS","R","M","M","?","M","?","T","R","M","$","R","M","?","?","M","BOSS"],"items_purchased_type":["Card","Card","Relic","Card","Relic","Card"],"build_version":"2020-12-22","purchased_purges":3,"victory":false,"max_hp_per_floor":[70,70,70,70,70,70,70,70,70,70,70,70,70,70,70,70,70,70,70,70,70,70,70,70,70,70,71,71,72,72,73,74,75,75,75,76,77,78,79,79,79,79,80,81,81,82,82,82,83,83,83,83],"card_choices":[{"not_picked":["hexamod:AdvancingGuard","hexamod:NightmareGuise"],"picked":"hexamod:SwordOfDarkness","floor":2.0},{"not_picked":["hexamod:HauntingEcho","hexamod:ThermalTransfer"],"picked":"hexamod:EmpoweredFlame","floor":3.0},{"not_picked":["hexamod:BurningTouch","hexamod:ThermalTransfer"],"picked":"hexamod:HauntingEcho","floor":4.0},{"not_picked":["hexamod:PhantomFireball","hexamod:GiftsFromTheDead"],"picked":"hexamod:InspiringFlames","floor":9.0},{"not_picked":["hexamod:NightmareStrike+1","hexamod:HauntingEcho+1"],"picked":"hexamod:AdvancingGuard","floor":10.0},{"not_picked":["hexamod:EmpoweredFlame","hexamod:GhostflameBarrier"],"picked":"hexamod:StepThrough+1","floor":13.0},{"not_picked":["hexamod:NecessarySacrifice","hexamod:BacktrackSmack+1"],"picked":"hexamod:NightmareGuise","floor":14.0},{"not_picked":["hexamod:RecurringNightmare","hexamod:BurningTouch"],"picked":"hexamod:ShieldOfDarkness","floor":15.0},{"not_picked":["hexamod:VolcanoVisage","hexamod:ParanormalForm"],"picked":"hexamod:SixthSeal","floor":16.0},{"not_picked":["hexamod:BacktrackSmack+1","hexamod:InspiringFlames"],"picked":"hexamod:SpectralAdrenaline","floor":20.0},{"not_picked":["hexamod:HauntingEcho+1","hexamod:BurningTouch"],"picked":"hexamod:SwordOfDarkness+1","floor":22.0},{"not_picked":["hexamod:NecessarySacrifice","hexamod:ThermalTransfer+1"],"picked":"hexamod:StepThrough+1","floor":23.0},{"not_picked":["hexamod:BurningTouch","hexamod:SpectersWail+1"],"picked":"hexamod:FirstSeal","floor":25.0},{"not_picked":["hexamod:ShieldOfDarkness","hexamod:BurningTouch+1"],"picked":"hexamod:AdvancingGuard+1","floor":27.0},{"not_picked":["hexamod:ShieldOfDarkness+1","hexamod:BurningTouch"],"picked":"hexamod:CrushingStance+1","floor":29.0},{"not_picked":["hexamod:StepThrough+1","hexamod:FlamesFromBeyond+1"],"picked":"hexamod:CatchUp","floor":31.0},{"not_picked":["hexamod:SpectersWail+1","hexamod:StepThrough+1"],"picked":"hexamod:HauntingEcho+1","floor":32.0},{"not_picked":["hexamod:UnleashSpirits+1","hexamod:SixthSeal"],"picked":"hexamod:VolcanoVisage","floor":33.0},{"not_picked":["Normality","Guardian:Aged"],"picked":"Injury","floor":34.0},{"not_picked":["Hallucinations","Guardian:Aged"],"picked":"Spreading Infection","floor":34.0},{"not_picked":["AbeCurse","Normality"],"picked":"Regret","floor":34.0},{"not_picked":["hexamod:SpectersWail+1","hexamod:TurnItUp"],"picked":"hexamod:PhantomCloak","floor":36},{"not_picked":["hexamod:BacktrackSmack+1","hexamod:RainOfEmbers+1"],"picked":"hexamod:HeatShield","floor":37},{"not_picked":["hexamod:BacktrackSmack+1","hexamod:RainOfEmbers+1"],"picked":"hexamod:FlamesFromBeyond+1","floor":38},{"not_picked":["hexamod:GhostLash+1","hexamod:FlamesFromBeyond+1"],"picked":"hexamod:ThirdSeal","floor":39},{"not_picked":["hexamod:RecurringNightmare","hexamod:RainOfEmbers+1"],"picked":"hexamod:EmpoweredFlame+1","floor":43},{"not_picked":["hexamod:ThermalTransfer+1","hexamod:InspiringFlames","hexamod:GhostLash+1"],"picked":"SKIP","floor":43},{"not_picked":["hexamod:FourthSeal","hexamod:GhostShield"],"picked":"hexamod:FastForward","floor":44},{"not_picked":["hexamod:SpectersWail+1","hexamod:RadiantFlame"],"picked":"hexamod:PhantomCloak","floor":46},{"not_picked":["hexamod:SoulSteal+1","hexamod:EmpoweredFlame"],"picked":"hexamod:FastForward+1","floor":49},{"not_picked":["hexamod:SwordOfDarkness+1","hexamod:Haunt+1","hexamod:GhostShield"],"picked":"SKIP","floor":49}],"player_experience":132581,"relics_obtained":[{"floor":7.0,"key":"hexamod:MatchstickCase"},{"floor":12.0,"key":"Bottled Lightning"},{"floor":24.0,"key":"Blue Candle"},{"floor":25.0,"key":"downfall:CloakOfManyFaces"}],"event_choices":[{"damage_healed":0.0,"max_hp_gain":0.0,"max_hp_loss":0.0,"gold_gain":0.0,"event_name":"Scrap Ooze","player_choice":"Success","floor":11.0,"gold_loss":0.0,"damage_taken":7.0,"relics_obtained":["InkBottle"]},{"damage_healed":0.0,"max_hp_gain":0.0,"max_hp_loss":0.0,"gold_gain":0.0,"event_name":"Drug Dealer","player_choice":"Inject Mutagens","floor":21.0,"gold_loss":0.0,"damage_taken":0.0,"relics_obtained":["MutagenicStrength"]},{"damage_healed":0,"gold_gain":0,"player_choice":"Copied","damage_taken":0,"max_hp_gain":0,"max_hp_loss":0,"event_name":"Duplicator","floor":48,"gold_loss":0,"cards_obtained":["hexamod:EmpoweredFlame"]}],"is_beta":false,"boss_relics":[{"not_picked":["Runic Dome","ReplayTheSpireMod:DimensionalGlitch"],"picked":"Cursed Key"},{"not_picked":["Kintsugi","Pandora\u0027s Box"],"picked":"Replay:Ancient Bell"},{"not_picked":["Replay:Wax Seal","Replay:Rubber Ducky"],"picked":"Simple Rune"},{"not_picked":["Divine Protection","Meat on the Bone"],"picked":"Gremlin Horn"},{"not_picked":["Bird Faced Urn","Pocketwatch"],"picked":"Girya"}],"items_purged_floors":[9,38,44],"is_endless":false,"potions_floor_spawned":[3,4,10,14,15,20,22,27,29,33,36,37,43],"killed_by":"downfall:Silent","ascension_level":0}}