{"host":"7mo9b2f9hhzb5x6f","time":1610260413,"event":{"mods":["2.2 Compatiblity","ATMod(阿瑾Mod)","Act Like it!","Arknights The Spire","BaseMod","Better-Laid Plans","LazyManMod","Library of Ruina","Library of Ruina Extra","Marked Mod","Minty Spire (QoL Compilation)","MostiFishMod","Relic Stats","Robot Space Explorer","Spicy Shops","StSLib","TestMod","The Alterego","The Dragon Tamer","The Hayseed","The Marked","UnlockEverythingMod","Yakumo Yukari mod","【功能Mod】混沌之环修复补丁","【功能Mod】精心准备"],"gold_per_floor":[115,115,134,145,145,145,145],"floor_reached":6,"playtime":305,"items_purged":[],"score":72,"play_id":"f9971db2-678f-4cbf-8fe5-c8de587400ba","local_time":"20210110143333","is_ascension_mode":true,"campfire_choices":[],"circlet_count":0,"master_deck":["AscendersBane","Strike_B","Strike_B","Strike_B+1","Strike_B","Defend_B+1","Defend_B","Defend_B+1","Defend_B","Zap","Dualcast","AT_DarkMatter","Amplify","Redo","Regret","AT_StudyProgram","Self Repair","Storm","Stack","MostiFishMod:LinkProtocol","Barrage","Turbo"],"relics":["testmod-TestBox","DaveBox","AT_ATBox","DSteel32","testmod-Justice","AT_BellowingDragoncrestRing","SynthV:TestCard","testmod-Déjàvu"],"acts_visited":["Exordium"],"potions_floor_usage":[1],"damage_taken":[{"damage":0,"enemies":"Cultist","floor":1,"turns":3},{"damage":16,"enemies":"Jaw Worm","floor":3,"turns":3},{"damage":15,"enemies":"2 Louse","floor":4,"turns":3},{"damage":44,"enemies":"Lagavulin","floor":6,"turns":6}],"seed_played":"-5104046245189859239","potions_obtained":[{"floor":1,"key":"testmod-SpacePotion"},{"floor":4,"key":"SneckoOil"}],"is_trial":false,"path_per_floor":["M","?","M","M","?","E"],"character_chosen":"DEFECT","items_purchased":[],"campfire_rested":0,"item_purchase_floors":[],"current_hp_per_floor":[64,64,48,33,33,0,0],"gold":145,"neow_bonus":"THREE_RARE_CARDS","is_daily":false,"chose_seed":false,"campfire_upgraded":0,"win_rate":0.0,"timestamp":1610260413,"path_taken":["M","?","M","M","?","E"],"items_purchased_type":[],"build_version":"2020-12-22","purchased_purges":0,"victory":false,"max_hp_per_floor":[64,64,64,64,64,64,64],"relic_stats":{"counters":[4,15],"obtain_stats":[{"DSteel32":0,"testmod-TestBox":0,"AT_ATBox":0,"AT_BellowingDragoncrestRing":0,"SynthV:TestCard":1,"DaveBox":0,"testmod-Déjàvu":2,"testmod-Justice":0,"Cracked Core":0},{"DSteel32":0,"testmod-TestBox":0,"AT_ATBox":0,"AT_BellowingDragoncrestRing":0,"SynthV:TestCard":1,"DaveBox":0,"testmod-Déjàvu":1,"testmod-Justice":0,"Cracked Core":0},{"DSteel32":0,"testmod-TestBox":0,"AT_ATBox":0,"AT_BellowingDragoncrestRing":0,"SynthV:TestCard":3,"DaveBox":0,"testmod-Déjàvu":3,"testmod-Justice":0,"Cracked Core":0}]},"card_choices":[{"not_picked":["MostiFishMod:GoodWordForIt","Multi-Cast"],"picked":"Amplify","floor":0},{"not_picked":["Lockon","Go for the Eyes"],"picked":"Redo","floor":1},{"not_picked":["Barrage","Double Energy","Gash","Beam Cell"],"picked":"AT_StudyProgram","floor":3},{"not_picked":["Redo","Streamline","Amplify","Coolheaded"],"picked":"Self Repair","floor":4}],"player_experience":105239,"relics_obtained":[{"floor":1,"key":"SynthV:TestCard"}],"event_choices":[{"damage_healed":0,"gold_gain":0,"player_choice":"Box","damage_taken":0,"relics_obtained":["testmod-Déjàvu"],"max_hp_gain":0,"max_hp_loss":0,"event_name":"Big Fish","floor":2,"gold_loss":0,"cards_obtained":["Regret"]}],"is_beta":false,"boss_relics":[],"items_purged_floors":[],"is_endless":false,"potions_floor_spawned":[1,4],"killed_by":"Lagavulin","ascension_level":20}}