{"host":"dv3lni0xre0h79kd","time":1610300966,"event":{"mods":["BaseMod","BetterRewards","Colored Map","GifTheSpireLib","Highlight Path","Minty Spire (QoL Compilation)","StSLib"],"gold_per_floor":[114,114,114,124,124,124,124,137,163,175,191,221,149,160,160,160,160],"floor_reached":16,"playtime":631,"items_purged":[],"score":102,"play_id":"9887b751-a30b-44b3-ac10-a8cb3a21bdfd","local_time":"20210110124926","is_ascension_mode":false,"campfire_choices":[{"data":"Finisher","floor":6,"key":"SMITH"},{"data":"Noxious Fumes","floor":15,"key":"SMITH"}],"circlet_count":0,"master_deck":["Strike_G","Strike_G","Strike_G","Strike_G","Strike_G","Defend_G","Defend_G","Defend_G+1","Defend_G","Survivor+1","Neutralize","CurseOfTheBell","Finisher+1","Endless Agony","Terror","Infinite Blades","Adrenaline","Noxious Fumes+1","All Out Attack"],"relics":["Calling Bell","Happy Flower","Question Card","The Specimen","War Paint","Potion Belt"],"acts_visited":["Exordium"],"potions_floor_usage":[10,12],"damage_taken":[{"damage":0,"enemies":"2 Louse","floor":1,"turns":3},{"damage":2,"enemies":"Small Slimes","floor":4,"turns":4},{"damage":6,"enemies":"Jaw Worm","floor":8,"turns":2},{"damage":7,"enemies":"Large Slime","floor":10,"turns":7},{"damage":5,"enemies":"Looter","floor":11,"turns":2},{"damage":19,"enemies":"Lagavulin","floor":12,"turns":7},{"damage":6,"enemies":"3 Louse","floor":14,"turns":3},{"damage":25,"enemies":"The Guardian","floor":16,"turns":4}],"seed_played":"-4545852066282169612","potions_obtained":[{"floor":1,"key":"PowerPotion"},{"floor":4,"key":"Poison Potion"},{"floor":8,"key":"Energy Potion"},{"floor":12,"key":"DuplicationPotion"}],"is_trial":false,"path_per_floor":["M","?","?","M","?","R","?","M","T","M","M","E","$","M","R","B"],"character_chosen":"THE_SILENT","items_purchased":["Noxious Fumes"],"campfire_rested":0,"item_purchase_floors":[13],"current_hp_per_floor":[70,70,63,61,61,61,66,60,60,53,48,29,29,23,23,0,0],"gold":160,"neow_bonus":"BOSS_RELIC","is_daily":false,"chose_seed":false,"campfire_upgraded":2,"win_rate":0.0,"timestamp":1610300966,"path_taken":["M","?","?","M","?","R","?","M","T","M","?","E","$","M","R","BOSS"],"items_purchased_type":["Card"],"build_version":"2020-12-22","purchased_purges":0,"victory":false,"max_hp_per_floor":[70,70,70,70,70,70,75,75,75,75,75,75,75,75,75,75,75],"card_choices":[{"not_picked":["Backflip","Expertise","Heel Hook"],"picked":"Finisher","floor":1},{"not_picked":["Choke","Cloak And Dagger","Quick Slash"],"picked":"Endless Agony","floor":4},{"not_picked":["Prepared","Slice","Acrobatics","Expertise"],"picked":"SKIP","floor":8},{"not_picked":["Quick Slash","Deflect","Dodge and Roll"],"picked":"Terror","floor":10},{"not_picked":["Dash","Tactician","Backflip"],"picked":"Infinite Blades","floor":11},{"not_picked":["Prepared","Dagger Spray","Quick Slash"],"picked":"Adrenaline","floor":12},{"not_picked":["Prepared","Eviscerate","Dagger Throw"],"picked":"All Out Attack","floor":14}],"player_experience":47442,"relics_obtained":[{"floor":0,"key":"Happy Flower"},{"floor":0,"key":"Question Card"},{"floor":0,"key":"The Specimen"},{"floor":9,"key":"War Paint"},{"floor":12,"key":"Potion Belt"}],"event_choices":[{"damage_healed":0,"gold_gain":0,"player_choice":"Ignored","damage_taken":0,"max_hp_gain":0,"max_hp_loss":0,"event_name":"Shining Light","floor":2,"gold_loss":0},{"cards_removed":["Defend_G"],"damage_healed":0,"gold_gain":0,"player_choice":"Card Removal","damage_taken":7,"max_hp_gain":0,"max_hp_loss":0,"event_name":"Golden Wing","floor":3,"gold_loss":0},{"damage_healed":0,"gold_gain":0,"player_choice":"Leave","damage_taken":0,"max_hp_gain":0,"max_hp_loss":0,"event_name":"The Cleric","floor":5,"gold_loss":0},{"damage_healed":0,"gold_gain":0,"player_choice":"Donut","damage_taken":0,"max_hp_gain":5,"max_hp_loss":0,"event_name":"Big Fish","floor":7,"gold_loss":0}],"is_beta":false,"boss_relics":[],"items_purged_floors":[],"is_endless":false,"potions_floor_spawned":[1,4,8,12],"killed_by":"The Guardian","ascension_level":0}}