{"host":"1ql62c9o0mvto073","time":1610311510,"event":{"mods":["BaseMod","Minty Spire (QoL Compilation)","Replay The Spire","StSLib"],"gold_per_floor":[109,109,109,121,137,172,190,248,248,271,8,37,37,91,91,193,193,204,144,7,21,33,61,61,87,110,110,123,223,223,253,253,348,348,360,360,372,417,417,449,449,478,478,502,517,517,542,542,542,542,542,542,43,77,77],"floor_reached":56,"playtime":4027,"items_purged":["Defend_B","Defend_B","Strike_B"],"score":1507,"play_id":"955661da-ce85-48e4-860e-8e69e6d65168","local_time":"20210110154510","is_ascension_mode":true,"campfire_choices":[{"data":"Doom and Gloom","floor":13,"key":"SMITH"},{"data":"Skim","floor":15,"key":"SMITH"},{"floor":24,"key":"RECALL"},{"data":"Zap","floor":27,"key":"SMITH"},{"data":"Crystallizer","floor":32,"key":"PURGE"},{"data":"Languid","floor":41,"key":"PURGE"},{"data":"Writhe","floor":49,"key":"PURGE"},{"data":"Seek","floor":52,"key":"SMITH"}],"circlet_count":0,"master_deck":["Defend_B+1","Zap+1","Dualcast+1","Skim+1","Ball Lightning","Doom and Gloom+1","Conserve Battery","Turbo","Leap","Chaos+1","Panic Button","Bandage Up","Ball Lightning","Beam Cell","Core Surge+1","Rip and Tear","Lockon","Leap+1","Conserve Battery+1","Steam Power+1","FTL+1","Reinforced Body","Seek+1","ReplayTheSpireMod:Faulty Equipment","Melter+1","Streamline+1","BootSequence","Redo+1","Blind","Turbo+1","Hologram+1","Defragment+1"],"relics":["Cracked Core","NeowsBlessing","Replay:Towering Pillar of Hats","Thread and Needle","Odd Mushroom","Bottled Flame","Bag of Marbles","Runic Pyramid","Frozen Egg 2","Prayer Wheel","Replay:Mystery Machine","Potion Belt","Peace Pipe","Replay:WaspNest","MutagenicStrength","Red Mask","Replay:Ancient Bell","Oddly Smooth Stone","ReplayTheSpireMod:Ninjato","Gambling Chip","CaptainsWheel","Snack Pack","Eternal Feather","Happy Flower","Strawberry","Ring of Misfortune","Durian","Counterbalance","Guide Book","War Paint","Art of War"],"acts_visited":["Exordium","TheCity","TheBeyond","TheEnding"],"potions_floor_usage":[12,18,23,25,29,33,50,50,55,55],"damage_taken":[{"damage":0,"enemies":"2 Louse","floor":1,"turns":1},{"damage":0,"enemies":"Cultist","floor":4,"turns":1},{"damage":0,"enemies":"Jaw Worm","floor":5,"turns":1},{"damage":16,"enemies":"Gremlin Nob","floor":6,"turns":3},{"damage":10,"enemies":"Large Slime","floor":7,"turns":4},{"damage":5,"enemies":"3 Sentries","floor":8,"turns":4},{"damage":0,"enemies":"The Mushroom Lair","floor":10,"turns":4},{"damage":0,"enemies":"3 Sentries","floor":12,"turns":4},{"damage":0,"enemies":"Slime Boss","floor":16,"turns":4},{"damage":2,"enemies":"3 Byrds","floor":18,"turns":3},{"damage":0,"enemies":"Chosen","floor":21,"turns":4},{"damage":22,"enemies":"Snake Plant","floor":22,"turns":3},{"damage":4,"enemies":"Book of Stabbing","floor":23,"turns":4},{"damage":0,"enemies":"Gremlin Leader","floor":25,"turns":7},{"damage":0,"enemies":"Snecko","floor":28,"turns":4},{"damage":0,"enemies":"Colosseum Slavers","floor":29,"turns":3},{"damage":3,"enemies":"Colosseum Nobs","floor":29,"turns":2},{"damage":0,"enemies":"Masked Bandits","floor":31,"turns":2},{"damage":11,"enemies":"Pondfish","floor":33,"turns":11},{"damage":0,"enemies":"3 Darklings","floor":35,"turns":2},{"damage":0,"enemies":"Orb Walker","floor":37,"turns":1},{"damage":9,"enemies":"2 Orb Walkers","floor":38,"turns":4},{"damage":2,"enemies":"R_Hoarder","floor":40,"turns":6},{"damage":11,"enemies":"Giant Head","floor":42,"turns":8},{"damage":6,"enemies":"Maw","floor":45,"turns":4},{"damage":0,"enemies":"R_Hoarder","floor":47,"turns":5},{"damage":5,"enemies":"Replay:Hell Engine","floor":50,"turns":7},{"damage":0,"enemies":"Shield and Spear","floor":54,"turns":5},{"damage":22,"enemies":"The Heart","floor":55,"turns":11}],"seed_played":"4923488177179603683","potions_obtained":[{"floor":4,"key":"Elixir"},{"floor":8,"key":"Regen Potion"},{"floor":12,"key":"PowerPotion"},{"floor":16,"key":"SteroidPotion"},{"floor":21,"key":"SteroidPotion"},{"floor":25,"key":"Toxic Potion"},{"floor":29,"key":"Block Potion"},{"floor":42,"key":"Venom Potion"},{"floor":45,"key":"Reflective Coating"}],"is_trial":false,"path_per_floor":["M","?","?","M","M","E","M","?","T","?","$","E","R","T","R","B",null,"M","?","$","M","M","E","R","E","T","R","M","?","?","?","R","B",null,"M","?","M","?","?","E","R","E","T","T","M","?","E","?","R","B",null,"R","$","E","B",null],"character_chosen":"DEFECT","items_purchased":["Panic Button","Bandage Up","Ball Lightning","Leap+1","Guide Book","War Paint","DuplicationPotion"],"campfire_rested":0,"item_purchase_floors":[11,11,11,20,53,53,53],"current_hp_per_floor":[75,80,80,80,80,64,54,49,49,49,49,65,65,65,65,69,80,78,78,78,80,62,62,62,66,66,66,70,71,71,71,71,64,80,80,80,80,75,75,77,77,73,73,80,82,82,92,92,92,92,92,92,92,92,74],"gold":77,"neow_bonus":"THREE_ENEMY_KILL","is_daily":false,"chose_seed":false,"campfire_upgraded":4,"win_rate":0.0,"timestamp":1610311510,"path_taken":["M","?","?","M","?","E","M","?","T","?","$","E","R","?","R","BOSS","M","?","?","M","M","E","R","E","T","R","M","?","?","?","R","BOSS","M","?","?","?","?","E","R","E","T","?","M","?","E","?","R","BOSS","R","$","E","BOSS"],"items_purchased_type":["Card","Card","Card","Card","Relic","Relic","Potion"],"build_version":"2020-12-22","purchased_purges":3,"victory":true,"max_hp_per_floor":[75,80,80,80,80,80,80,80,80,80,80,80,80,80,80,80,80,80,80,80,80,80,80,80,80,80,80,80,80,80,80,80,80,80,80,80,80,80,80,80,80,80,80,87,87,87,92,92,92,92,92,92,92,92,92],"card_choices":[{"not_picked":["Steam","Go for the Eyes"],"picked":"Skim","floor":1},{"not_picked":["Leap","ReplayTheSpireMod:Repulse"],"picked":"Ball Lightning","floor":4},{"not_picked":["Chaos","Static Discharge"],"picked":"Doom and Gloom","floor":5},{"not_picked":["Redo","Compile Driver"],"picked":"Conserve Battery","floor":6},{"not_picked":["Defragment","Compile Driver"],"picked":"Turbo","floor":7},{"not_picked":["Chill","Rip and Tear"],"picked":"Leap","floor":8},{"not_picked":["Glacier","Compile Driver"],"picked":"Chaos","floor":10},{"not_picked":["ReplayTheSpireMod:Reroute Power","Barrage"],"picked":"Beam Cell","floor":12},{"not_picked":["Echo Form","Electrodynamics"],"picked":"Core Surge","floor":16},{"not_picked":["Doom and Gloom","Stack+1"],"picked":"Rip and Tear","floor":18},{"not_picked":["Gash","ReplaySolidLightProjector+1"],"picked":"Conserve Battery+1","floor":21},{"not_picked":["BasicCrystalCard","Self Repair"],"picked":"Steam Power+1","floor":22},{"not_picked":["Reinforced Body+1","All For One"],"picked":"ReplayTheSpireMod:Fabricate Wheel","floor":23},{"not_picked":["Biased Cognition+1","Panic Button","Consume"],"picked":"SKIP","floor":25},{"not_picked":["BasicCrystalCard","ReplaySort+1"],"picked":"FTL+1","floor":28},{"not_picked":["Sweeping Beam","Conserve Battery+1","Compile Driver"],"picked":"SKIP","floor":28},{"not_picked":["FIFO Queue+1","FTL+1"],"picked":"Reinforced Body","floor":29},{"not_picked":["Hyperbeam","Core Surge"],"picked":"Seek","floor":33},{"not_picked":["Looming Evil","Voices"],"picked":"ReplayTheSpireMod:Faulty Equipment","floor":34},{"not_picked":["ReplayTheSpireMod:Doomed","Spreading Infection"],"picked":"Languid","floor":34},{"not_picked":["Sickly","ReplayTheSpireMod:Restless Dread"],"picked":"Writhe","floor":34},{"not_picked":["Rebound","Go for the Eyes+1"],"picked":"Melter+1","floor":35},{"not_picked":["Capacitor+1","Force Field"],"picked":"Streamline+1","floor":35},{"not_picked":["Panic Button","Rebound","Sweeping Beam+1"],"picked":"SKIP","floor":37},{"not_picked":["Tempest+1","Gash","Auto Shields"],"picked":"SKIP","floor":37},{"not_picked":["Heatsinks+1","Melter"],"picked":"Redo+1","floor":38},{"not_picked":["Dramatic Entrance","Mayhem+1"],"picked":"Blind","floor":39},{"not_picked":["Meteor Strike","Compile Driver","Biased Cognition+1"],"picked":"SKIP","floor":40},{"not_picked":["Gash","Reprogram+1","Force Field"],"picked":"SKIP","floor":42},{"not_picked":["Steam","Sweeping Beam+1"],"picked":"Turbo+1","floor":45},{"not_picked":["Storm+1","BootSequence","Capacitor+1"],"picked":"SKIP","floor":45},{"not_picked":["Go for the Eyes+1","Compile Driver+1"],"picked":"Hologram+1","floor":47},{"not_picked":["Rip and Tear","Double Energy+1"],"picked":"Defragment+1","floor":54}],"player_experience":405683,"relics_obtained":[{"floor":6,"key":"Replay:Towering Pillar of Hats"},{"floor":8,"key":"Thread and Needle"},{"floor":10,"key":"Odd Mushroom"},{"floor":12,"key":"Bottled Flame"},{"floor":14,"key":"Bag of Marbles"},{"floor":23,"key":"Frozen Egg 2"},{"floor":25,"key":"Replay:Mystery Machine"},{"floor":26,"key":"Potion Belt"},{"floor":29,"key":"Peace Pipe"},{"floor":29,"key":"Replay:WaspNest"},{"floor":31,"key":"Red Mask"},{"floor":38,"key":"CaptainsWheel"},{"floor":40,"key":"Snack Pack"},{"floor":42,"key":"Eternal Feather"},{"floor":43,"key":"Happy Flower"},{"floor":44,"key":"Strawberry"},{"floor":46,"key":"Ring of Misfortune"},{"floor":47,"key":"Durian"},{"floor":48,"key":"Counterbalance"},{"floor":54,"key":"Art of War"}],"event_choices":[{"damage_healed":0,"gold_gain":0,"player_choice":"Donut","damage_taken":0,"max_hp_gain":5,"max_hp_loss":0,"event_name":"Big Fish","floor":2,"gold_loss":0},{"cards_removed":["Strike_B"],"damage_healed":0,"gold_gain":0,"player_choice":"Offered Basic","damage_taken":0,"max_hp_gain":0,"max_hp_loss":0,"event_name":"Bonfire Elementals","floor":3,"gold_loss":0},{"damage_healed":0,"gold_gain":0,"player_choice":"Searched \u00271\u0027 times","damage_taken":0,"max_hp_gain":0,"max_hp_loss":0,"event_name":"Dead Adventurer","floor":8,"gold_loss":0},{"damage_healed":0,"gold_gain":0,"player_choice":"Fought Mushrooms","damage_taken":0,"max_hp_gain":0,"max_hp_loss":0,"event_name":"Mushrooms","floor":10,"gold_loss":0},{"damage_healed":0,"gold_gain":0,"cards_transformed":["Strike_B","Strike_B"],"player_choice":"Transformed Cards","damage_taken":0,"max_hp_gain":0,"max_hp_loss":0,"event_name":"Designer","floor":19,"gold_loss":60,"cards_obtained":["Lockon","Crystallizer"]},{"damage_healed":0,"gold_gain":0,"player_choice":"Fight","damage_taken":0,"max_hp_gain":0,"max_hp_loss":0,"event_name":"Colosseum","floor":29,"gold_loss":0},{"damage_healed":0,"gold_gain":0,"player_choice":"Fought Nobs","damage_taken":0,"max_hp_gain":0,"max_hp_loss":0,"event_name":"Colosseum","floor":29,"gold_loss":0},{"damage_healed":0,"gold_gain":0,"player_choice":"Inject Mutagens","damage_taken":0,"relics_obtained":["MutagenicStrength"],"max_hp_gain":0,"max_hp_loss":0,"event_name":"Drug Dealer","floor":30,"gold_loss":0},{"damage_healed":0,"gold_gain":0,"player_choice":"Fought Bandits","damage_taken":0,"max_hp_gain":0,"max_hp_loss":0,"event_name":"Masked Bandits","floor":31,"gold_loss":0},{"damage_healed":0,"gold_gain":0,"cards_transformed":["Defend_B"],"player_choice":"Transformed","damage_taken":0,"max_hp_gain":0,"max_hp_loss":0,"event_name":"Transmorgrifier","floor":36,"gold_loss":0,"cards_obtained":["BootSequence"]},{"damage_healed":0,"gold_gain":0,"player_choice":"Fight","damage_taken":0,"max_hp_gain":0,"max_hp_loss":0,"event_name":"Mysterious Sphere","floor":38,"gold_loss":0},{"damage_healed":0,"gold_gain":0,"player_choice":"Memory 1","damage_taken":0,"max_hp_gain":0,"max_hp_loss":0,"event_name":"SensoryStone","floor":39,"gold_loss":0},{"damage_healed":0,"gold_gain":0,"player_choice":"Relic","damage_taken":0,"max_hp_gain":0,"max_hp_loss":0,"event_name":"Wheel of Change","floor":48,"gold_loss":0}],"is_beta":false,"boss_relics":[{"not_picked":["Velvet Choker","Sozu"],"picked":"Runic Pyramid"},{"not_picked":["Inserter","Ring of Chaos"],"picked":"Replay:Ancient Bell"},{"not_picked":["ReplayTheSpireMod:Lightbulb","Anchor"],"picked":"Oddly Smooth Stone"},{"not_picked":["Quantum Egg","Mummified Hand"],"picked":"ReplayTheSpireMod:Ninjato"},{"not_picked":["Replay:Kaleidoscope","Unceasing Top"],"picked":"Gambling Chip"}],"items_purged_floors":[11,20,53],"is_endless":false,"potions_floor_spawned":[4,8,12,16,21,25,29,29,42,45],"ascension_level":1}}