{"host":"sdjng9zhqonqi3uc","time":1610290334,"event":{"mods":["2.2 Compatiblity","AchievementEnabler","BaseMod","BetterRewards","Colored Powertips","Hero for Fun","Minty Spire (QoL Compilation)","Shop Mod","StSLib","Td1madao Mod","The Animator","The Cursed","The Servant 0.9.4"],"gold_per_floor":[115,130,149,162,177,202,202,219,246,258,268,297,297,297,297,428,428,443,542,19,34,52,52,86,111,158,178,178,178,0,25,25,155,155,169,232,288,288,288,331,45,45,71,71,71,87,87,187,187,187,187,187,30,60,60,60],"floor_reached":55,"playtime":2906,"items_purged":["Strike_G"],"score":777,"play_id":"a692426b-b64d-4d25-a143-9521e31bf88a","local_time":"20210110155214","is_ascension_mode":false,"campfire_choices":[{"floor":7,"key":"RECALL"},{"data":"Infinite Blades","floor":15,"key":"SMITH"},{"data":"Adrenaline","floor":23,"key":"SMITH"},{"data":"Accuracy","floor":28,"key":"SMITH"},{"floor":32,"key":"REST"},{"data":"Accuracy","floor":45,"key":"SMITH"},{"data":"Accuracy","floor":47,"key":"SMITH"},{"data":"Accuracy","floor":49,"key":"SMITH"},{"data":"Accuracy","floor":52,"key":"SMITH"}],"circlet_count":0,"master_deck":["Strike_G","Strike_G","Defend_G+1","Defend_G","Defend_G","Defend_G","Survivor","Neutralize","Prepared","Dagger Spray","Endless Agony","Storm of Steel","Blade Dance","Poisoned Stab","Accuracy+1","Endless Agony+1","Accuracy+1","Backstab","Leg Sweep","Cloak And Dagger+1","Accuracy+1","Backstab+1","Storm of Steel","Infinite Blades+1","Adrenaline+1","Accuracy+1","Blade Dance","Backstab","Accuracy+1","Backstab+1","Cloak And Dagger+1","Noxious Fumes+1","Prepared+1","Infinite Blades+1"],"relics":["Ring of the Snake","Prayer Wheel","Vajra","Toy Ornithopter","Omamori","HoveringKite","MerchantsRug","Unceasing Top","Anchor","Enchiridion","Bird Faced Urn","Tingsha","Lantern","HandDrill","War Paint","Whetstone"],"acts_visited":["Exordium","TheCity","TheBeyond","TheEnding"],"potions_floor_usage":[4,6,12,16,27,27,33,36,55,55,55,55],"damage_taken":[{"damage":0,"enemies":"Small Slimes","floor":1,"turns":2},{"damage":0,"enemies":"Jaw Worm","floor":2,"turns":2},{"damage":0,"enemies":"Cultist","floor":3,"turns":3},{"damage":5,"enemies":"3 Louse","floor":4,"turns":2},{"damage":0,"enemies":"Lots of Slimes","floor":5,"turns":1},{"damage":13,"enemies":"3 Sentries","floor":6,"turns":7},{"damage":0,"enemies":"Looter","floor":8,"turns":2},{"damage":5,"enemies":"Red Slaver","floor":10,"turns":2},{"damage":0,"enemies":"Exordium Thugs","floor":11,"turns":2},{"damage":8,"enemies":"Lagavulin","floor":12,"turns":4},{"damage":1,"enemies":"Slime Boss","floor":16,"turns":5},{"damage":0,"enemies":"Chosen","floor":18,"turns":3},{"damage":5,"enemies":"Spheric Guardian","floor":21,"turns":3},{"damage":11,"enemies":"Centurion and Healer","floor":22,"turns":3},{"damage":16,"enemies":"Book of Stabbing","floor":24,"turns":4},{"damage":3,"enemies":"Snecko","floor":25,"turns":3},{"damage":15,"enemies":"Snake Plant","floor":27,"turns":3},{"damage":0,"enemies":"Cultist and Chosen","floor":31,"turns":3},{"damage":35,"enemies":"Automaton","floor":33,"turns":6},{"damage":7,"enemies":"3 Shapes","floor":35,"turns":4},{"damage":19,"enemies":"Mind Bloom Boss Battle","floor":36,"turns":4},{"damage":24,"enemies":"2 Orb Walkers","floor":37,"turns":4},{"damage":3,"enemies":"Giant Head","floor":40,"turns":5},{"damage":5,"enemies":"Orb Walker","floor":46,"turns":2},{"damage":98,"enemies":"Awakened One","floor":50,"turns":7},{"damage":41,"enemies":"Shield and Spear","floor":54,"turns":3},{"damage":90,"enemies":"The Heart","floor":55,"turns":5}],"seed_played":"-4114914385181665622","potions_obtained":[{"floor":1,"key":"Dexterity Potion"},{"floor":2,"key":"LiquidBronze"},{"floor":4,"key":"Fruit Juice"},{"floor":10,"key":"AttackPotion"},{"floor":12,"key":"Explosive Potion"},{"floor":21,"key":"Dexterity Potion"},{"floor":24,"key":"Weak Potion"},{"floor":35,"key":"SpeedPotion"},{"floor":40,"key":"FairyPotion"},{"floor":54,"key":"GhostInAJar"}],"is_trial":false,"path_per_floor":["M","M","M","M","M","E","R","M","T","M","M","E","?","?","R","B",null,"M","?","$","M","M","R","E","M","T","M","R","?","?","M","R","B",null,"M","?","?","?","?","E","$","?","T","?","R","M","R","?","R","B",null,"R","$","E","B"],"character_chosen":"THE_SILENT","items_purchased":["Orrery","Blade Dance","MerchantsRug","Unceasing Top","Accuracy","Lantern","HandDrill","War Paint","DistilledChaos","Swift Potion","Fire Potion"],"campfire_rested":1,"item_purchase_floors":[0,0,20,20,20,41,41,53,53,53,53],"current_hp_per_floor":[56,56,56,51,51,43,43,43,43,38,38,30,27,27,27,31,75,75,75,75,70,59,59,43,40,40,35,35,19,19,19,41,11,75,68,54,42,85,85,85,85,85,85,85,85,80,80,80,80,27,85,85,85,50,0,0],"gold":60,"neow_bonus":"","is_daily":false,"chose_seed":false,"campfire_upgraded":7,"win_rate":0.0,"timestamp":1610290334,"path_taken":["M","M","M","M","M","E","R","M","T","M","M","E","?","?","R","BOSS","M","?","$","M","M","R","E","M","T","M","R","?","?","M","R","BOSS","M","?","?","?","?","E","$","?","T","?","R","M","R","?","R","BOSS","R","$","E","BOSS"],"items_purchased_type":["Relic","Card","Relic","Relic","Card","Relic","Relic","Relic","Potion","Potion","Potion"],"build_version":"2020-12-22","purchased_purges":1,"victory":false,"max_hp_per_floor":[70,70,70,70,70,75,75,75,75,75,75,75,75,75,75,75,75,75,75,75,75,75,75,75,75,75,75,75,75,75,75,75,75,75,75,75,75,85,85,85,85,85,85,85,85,85,85,85,85,85,85,85,85,85,85,85],"card_choices":[{"not_picked":["Skewer","Sucker Punch"],"picked":"Prepared","floor":0},{"not_picked":["Distraction","Cloak And Dagger"],"picked":"Dagger Spray","floor":0},{"not_picked":["Underhanded Strike","Heel Hook"],"picked":"Prepared","floor":0},{"not_picked":["Deflect","Masterful Stab"],"picked":"Endless Agony","floor":0},{"not_picked":["Eviscerate","Flying Knee"],"picked":"Storm of Steel","floor":0},{"not_picked":["Heel Hook","PiercingWail"],"picked":"Accuracy","floor":1},{"not_picked":["All Out Attack","Acrobatics","Dodge and Roll"],"picked":"SKIP","floor":1},{"not_picked":["Distraction","Acrobatics"],"picked":"Endless Agony","floor":2},{"not_picked":["Catalyst","Deflect","Underhanded Strike"],"picked":"SKIP","floor":2},{"not_picked":["Catalyst","Deflect","Underhanded Strike"],"picked":"SKIP","floor":2},{"not_picked":["Finisher","Dagger Throw"],"picked":"Accuracy","floor":3},{"not_picked":["Poisoned Stab","Dash","Backflip"],"picked":"SKIP","floor":3},{"not_picked":["Deflect","Dagger Throw"],"picked":"Backstab","floor":4},{"not_picked":["Bane","Poisoned Stab","Slice"],"picked":"SKIP","floor":4},{"not_picked":["Masterful Stab","Dash"],"picked":"Leg Sweep","floor":5},{"not_picked":["Underhanded Strike","Quick Slash","Dodge and Roll"],"picked":"SKIP","floor":5},{"not_picked":["Leg Sweep","Distraction"],"picked":"Cloak And Dagger","floor":6},{"not_picked":["Flying Knee","Deadly Poison"],"picked":"Accuracy","floor":8},{"not_picked":["Catalyst","Dagger Spray","Underhanded Strike"],"picked":"SKIP","floor":8},{"not_picked":["Outmaneuver","Leg Sweep"],"picked":"Backstab","floor":10},{"not_picked":["Deadly Poison","Predator"],"picked":"Storm of Steel","floor":10},{"not_picked":["Setup","Dodge and Roll"],"picked":"Infinite Blades","floor":11},{"not_picked":["Dagger Spray","Noxious Fumes","Poisoned Stab"],"picked":"SKIP","floor":11},{"not_picked":["Deadly Poison","Dagger Throw"],"picked":"Tools of the Trade","floor":12},{"not_picked":["Tools of the Trade","Venomology"],"picked":"Adrenaline","floor":16},{"not_picked":["All Out Attack+1","Deflect"],"picked":"Endless Agony","floor":18},{"not_picked":["Dodge and Roll","Acrobatics","Backflip"],"picked":"SKIP","floor":18},{"not_picked":["Acrobatics","Quick Slash","PiercingWail"],"picked":"SKIP","floor":21},{"not_picked":["Dagger Spray+1","Heel Hook","Bouncing Flask"],"picked":"SKIP","floor":21},{"not_picked":["Bane","Dodge and Roll+1"],"picked":"Blade Dance","floor":22},{"not_picked":["Poisoned Stab+1","Deadly Poison","Sucker Punch"],"picked":"SKIP","floor":22},{"not_picked":["Malaise","Catalyst"],"picked":"Backstab","floor":24},{"not_picked":["Deadly Poison","Dodge and Roll+1"],"picked":"Accuracy","floor":25},{"not_picked":["Quick Slash","Leg Sweep","Flechettes"],"picked":"SKIP","floor":25},{"not_picked":["Sucker Punch","All Out Attack+1","Outmaneuver"],"picked":"SKIP","floor":27},{"not_picked":["Endless Agony+1","Dash","Deflect+1"],"picked":"SKIP","floor":27},{"not_picked":["Backflip","Deadly Poison+1","Quick Slash"],"picked":"SKIP","floor":31},{"not_picked":["Dagger Throw","Blur","Bane"],"picked":"SKIP","floor":31},{"not_picked":["Dagger Spray+1","Deadly Poison"],"picked":"Backstab+1","floor":35},{"not_picked":["Prepared","Flying Knee"],"picked":"Cloak And Dagger+1","floor":35},{"not_picked":["Well Laid Plans","PiercingWail+1"],"picked":"Noxious Fumes+1","floor":36},{"not_picked":["Concentrate+1","Acrobatics","Setup"],"picked":"SKIP","floor":40},{"not_picked":["Leg Sweep","Slice"],"picked":"Prepared+1","floor":46},{"not_picked":["Crippling Poison","Underhanded Strike+1","Burst"],"picked":"SKIP","floor":46},{"not_picked":["Cloak And Dagger+1","Blade Dance"],"picked":"Infinite Blades+1","floor":54}],"player_experience":295902,"relics_obtained":[{"floor":6,"key":"Vajra"},{"floor":9,"key":"Juzu Bracelet"},{"floor":12,"key":"Toy Ornithopter"},{"floor":24,"key":"Anchor"},{"floor":29,"key":"Enchiridion"},{"floor":36,"key":"Bird Faced Urn"},{"floor":37,"key":"Tingsha"},{"floor":40,"key":"Regal Pillow"},{"floor":43,"key":"Potion Belt"},{"floor":54,"key":"Whetstone"}],"event_choices":[{"damage_healed":0,"gold_gain":0,"player_choice":"Success","damage_taken":3,"relics_obtained":["Omamori"],"max_hp_gain":0,"max_hp_loss":0,"event_name":"Scrap Ooze","floor":13,"gold_loss":0},{"damage_healed":0,"gold_gain":0,"player_choice":"Take Wound","damage_taken":0,"relics_obtained":["Golden Idol"],"max_hp_gain":0,"max_hp_loss":0,"event_name":"Golden Idol","floor":14,"gold_loss":0,"cards_obtained":["Injury"]},{"damage_healed":0,"gold_gain":99,"player_choice":"Stole From Cult","damage_taken":0,"max_hp_gain":0,"max_hp_loss":0,"event_name":"Nest","floor":19,"gold_loss":0},{"damage_healed":0,"gold_gain":0,"player_choice":"Obtained Book","damage_taken":16,"max_hp_gain":0,"max_hp_loss":0,"event_name":"Cursed Tome","floor":29,"gold_loss":0},{"damage_healed":0,"gold_gain":0,"player_choice":"Paid Fearfully","damage_taken":0,"max_hp_gain":0,"max_hp_loss":0,"event_name":"Masked Bandits","floor":30,"gold_loss":178},{"damage_healed":0,"gold_gain":0,"player_choice":"Fight","damage_taken":0,"max_hp_gain":0,"max_hp_loss":0,"event_name":"MindBloom","floor":36,"gold_loss":0},{"damage_healed":0,"gold_gain":0,"player_choice":"Fight","damage_taken":0,"max_hp_gain":0,"max_hp_loss":0,"event_name":"Mysterious Sphere","floor":37,"gold_loss":0},{"cards_removed":["Tools of the Trade"],"damage_healed":33,"gold_gain":0,"player_choice":"Offered Rare","damage_taken":0,"max_hp_gain":10,"max_hp_loss":0,"event_name":"Bonfire Elementals","floor":38,"gold_loss":0},{"damage_healed":0,"gold_gain":0,"player_choice":"Ignored","damage_taken":0,"max_hp_gain":0,"max_hp_loss":0,"event_name":"Tomb of Lord Red Mask","floor":39,"gold_loss":0},{"cards_removed":["Strike_G"],"damage_healed":0,"gold_gain":0,"player_choice":"Purged","damage_taken":0,"max_hp_gain":0,"max_hp_loss":0,"event_name":"Purifier","floor":42,"gold_loss":0},{"cards_removed":["Endless Agony"],"damage_healed":0,"gold_gain":0,"player_choice":"Removed Attack","damage_taken":0,"max_hp_gain":0,"max_hp_loss":0,"event_name":"Falling","floor":44,"gold_loss":0},{"damage_healed":0,"gold_gain":100,"player_choice":"Pray","damage_taken":0,"max_hp_gain":0,"max_hp_loss":0,"event_name":"Golden Shrine","floor":48,"gold_loss":0}],"is_beta":false,"boss_relics":[{"not_picked":["Coffee Dripper","Sozu"],"picked":"HoveringKite"},{"not_picked":["Tiny House","Black Star"],"picked":"Empty Cage"}],"items_purged_floors":[0],"is_endless":false,"potions_floor_spawned":[1,2,4,10,12,21,24,35,40,54],"killed_by":"The Heart","ascension_level":0}}