{"host":"slngz8sobihb8iwl","time":1610251308,"event":{"mods":["2.2 Compatiblity","Act Like it!","BaseMod","Colored Powertips","Elementarium","Gensokyo","GifTheSpireLib","Hallownest","Hermit","Marisa????????","Menagerie","Minty Spire (QoL Compilation)","Permanent Neow","Random Character Button","Rare Cards Sparkle","Relic Filter","Robot Space Explorer","StSLib","SuperFastMode","Td1madao Mod","The Bug Knight","The Cursed","The Disciple","The Gatherer","The Hierophant","The Judge","The Marked","The Runesmith","The Servant 0.9.4","Unceasing Turn Reminder"],"gold_per_floor":[114,42,42,42,52,87,47,67,91,91,108,108,123,123,123,219,269,285,302,227,477,490,490,518,518,565,592,604,616,616],"floor_reached":29,"playtime":2049,"items_purged":["Pain"],"score":254,"play_id":"b2617b5b-dc1f-4e64-88c4-5c02fd64dfef","local_time":"20210109230148","is_ascension_mode":true,"campfire_choices":[{"floor":12.0,"key":"REST"},{"floor":15.0,"key":"REST"},{"floor":23,"key":"REST"},{"floor":25,"key":"REST"}],"circlet_count":0,"master_deck":["Strike_C","Strike_C","Strike_C","Defend_C","Defend_C","Defend_C","Defend_C","Knight Kick","Chip","De Ware Chip+1","Fire Blade","Break Into","Clumsy","Fire Up","Oblique Hack","Load Balancing","Break Into","Oblique Hack","Furious","Preparedness","E MP+1","Paralysis","Preparedness+1","Gensokyo:TekeTeke"],"relics":["Apod","Gensokyo:NagashiBinaDoll","Oddly Smooth Stone","Bag of Marbles","Gensokyo:LunaticRedEyes","Gensokyo:YoukaiFlower","Tiny House","Bottled Flame","MawBank"],"acts_visited":["Exordium","Gensokyo:Gensokyo"],"potions_floor_usage":[27],"damage_taken":[{"damage":6.0,"enemies":"Gensokyo:Gryphon","floor":1.0,"turns":5.0},{"damage":1.0,"enemies":"Gensokyo:Python","floor":5.0,"turns":3.0},{"damage":26.0,"enemies":"Gensokyo:Cirno","floor":6.0,"turns":6.0},{"damage":11.0,"enemies":"Gensokyo:3_Fairies","floor":8.0,"turns":4.0},{"damage":9.0,"enemies":"Gensokyo:Gryphon_and_Rabbit","floor":11.0,"turns":4.0},{"damage":17.0,"enemies":"Gensokyo:5_Fairies","floor":13.0,"turns":7.0},{"damage":35.0,"enemies":"Gensokyo:Yukari","floor":16.0,"turns":7.0},{"damage":11.0,"enemies":"Gensokyo:CosmicMonolith","floor":18.0,"turns":4.0},{"damage":30.0,"enemies":"Gensokyo:3_Dogs","floor":19.0,"turns":5.0},{"damage":21.0,"enemies":"Gensokyo:Chomper_and_Gloop","floor":22.0,"turns":5.0},{"damage":27,"enemies":"Gensokyo:Koishi","floor":24,"turns":5},{"damage":4,"enemies":"Gensokyo:3_Gloops","floor":27,"turns":4},{"damage":31,"enemies":"Gensokyo:Slime_Group","floor":29,"turns":4}],"seed_played":"7826295876794461282","potions_obtained":[{"floor":1.0,"key":"LiquidMemories"},{"floor":6.0,"key":"PowerPotion"},{"floor":11.0,"key":"Weak Potion"},{"floor":16.0,"key":"PowerPotion"},{"floor":24,"key":"Explosive Potion"}],"is_trial":false,"path_per_floor":["M","$","?","?","M","E","$","M","T","?","M","R","M","?","R","B",null,"M","M","$","?","M","R","E","R","T","M","?","M"],"character_chosen":"TD1MADAO_CLASS","items_purchased":["Black Hand","Load Balancing"],"campfire_rested":4,"item_purchase_floors":[2,7],"current_hp_per_floor":[64,64,64,64,63,37,37,26,26,26,17,38,21,21,42,7,75,64,34,34,34,13,34,7,28,28,24,24,0,0],"gold":616,"neow_bonus":"REMOVE_CARD","is_daily":false,"chose_seed":false,"campfire_upgraded":0,"win_rate":0.0,"timestamp":1610251308,"path_taken":["M","$","?","?","?","E","?","M","T","?","?","R","M","?","R","BOSS","M","M","$","?","?","R","E","R","T","M","?","M"],"items_purchased_type":["Card","Card"],"build_version":"2020-12-22","purchased_purges":1,"victory":false,"max_hp_per_floor":[70,70,70,70,70,70,70,70,70,70,70,70,70,70,70,70,75,75,75,75,71,71,71,71,71,71,71,64,64,64],"card_choices":[{"not_picked":["Black Shadow","Light Attack"],"picked":"De Ware Chip","floor":1.0},{"not_picked":["Floating Swing Kick","Defend System"],"picked":"Fire Blade","floor":3.0},{"not_picked":["Fixing","Perfect Defend"],"picked":"Break Into","floor":3.0},{"not_picked":["Cursed Blade","Black Hand"],"picked":"Fire Up","floor":5.0},{"not_picked":["Awareness","Defend System"],"picked":"Oblique Hack","floor":6.0},{"not_picked":["White Contract","Moon Tear"],"picked":"Break Into","floor":8.0},{"not_picked":["Cursed Blade","Fire Up"],"picked":"Oblique Hack","floor":11.0},{"not_picked":["Revenge","Three Hit","Energy Supply"],"picked":"SKIP","floor":13.0},{"not_picked":["Retrieval Recycling","Im Angry"],"picked":"Furious","floor":16.0},{"not_picked":["Fixing","Weapon Shift"],"picked":"Preparedness","floor":17.0},{"not_picked":["Weapon Shift+1","Oblique Hack"],"picked":"E MP+1","floor":18.0},{"not_picked":["Black Dance","Here Defend Chip"],"picked":"Paralysis","floor":19.0},{"not_picked":["Sudden Beat","Ruin Defend"],"picked":"Preparedness+1","floor":22},{"not_picked":["Transfer Energy","White Contract","Floating Even+1"],"picked":"SKIP","floor":24},{"not_picked":["Afterwards","Fixing","Judgment"],"picked":"SKIP","floor":27},{"not_picked":["Gensokyo:TurboGranny","Gensokyo:SlitMouthedWoman"],"picked":"Gensokyo:TekeTeke","floor":28}],"player_experience":409136,"relics_obtained":[{"floor":6.0,"key":"Oddly Smooth Stone"},{"floor":9.0,"key":"Bag of Marbles"},{"floor":24,"key":"Bottled Flame"},{"floor":26,"key":"MawBank"}],"event_choices":[],"is_beta":false,"boss_relics":[{"not_picked":["Runic Dome","Ectoplasm"],"picked":"Tiny House"}],"items_purged_floors":[20],"is_endless":false,"potions_floor_spawned":[1,6,11,16,18,24],"killed_by":"Gensokyo:Slime_Group","ascension_level":1}}