{"host":"Krakhan","time":1610302937,"event":{"mods":["AchievementEnabler","BaseMod","Colored Map","Colored Powertips","Faster Ascension Climbing","Highlight Path","Minty Spire (QoL Compilation)","Rare Cards Sparkle","Relic Stats","StSLib"],"gold_per_floor":[111,129,204,169,169,169,197,215,241,2,34,34,34,34],"floor_reached":13,"playtime":364,"items_purged":["Strike_R"],"score":182,"play_id":"eb221b64-8daf-4205-b621-256cccb9c677","local_time":"20210110132217","is_ascension_mode":true,"campfire_choices":[{"data":"Bash","floor":6.0,"key":"SMITH"},{"floor":12,"key":"DIG"}],"circlet_count":0,"master_deck":["AscendersBane","Strike_R","Strike_R","Strike_R","Strike_R","Defend_R","Defend_R","Defend_R","Defend_R","Bash+1","Spot Weakness","Cleave","Anger","Shrug It Off"],"relics":["Burning Blood","Shovel","HornCleat","Sundial","Pen Nib","Bronze Scales","Anchor","MealTicket"],"acts_visited":["Exordium"],"potions_floor_usage":[11],"damage_taken":[{"damage":7.0,"enemies":"Small Slimes","floor":1.0,"turns":3.0},{"damage":7.0,"enemies":"Jaw Worm","floor":2.0,"turns":3.0},{"damage":40.0,"enemies":"Gremlin Nob","floor":7.0,"turns":5.0},{"damage":0.0,"enemies":"Cultist","floor":8.0,"turns":3.0},{"damage":18,"enemies":"3 Sentries","floor":11,"turns":4},{"damage":27,"enemies":"Gremlin Nob","floor":13,"turns":3}],"seed_played":"4662729175896137429","potions_obtained":[{"floor":1.0,"key":"EssenceOfSteel"},{"floor":8.0,"key":"PowerPotion"}],"is_trial":false,"path_per_floor":["M","M","?","?","T","R","E","M","T","$","E","R","E"],"character_chosen":"IRONCLAD","items_purchased":["Bronze Scales"],"campfire_rested":0,"item_purchase_floors":[10],"current_hp_per_floor":[49,48,37,55,55,55,21,27,27,27,15,15,0,0],"gold":34,"neow_bonus":"ONE_RARE_RELIC","is_daily":false,"chose_seed":false,"campfire_upgraded":1,"win_rate":0.0,"timestamp":1610302937,"path_taken":["M","M","?","?","?","R","E","M","T","?","E","R","E"],"items_purchased_type":["Relic"],"build_version":"2020-12-18","purchased_purges":1,"victory":false,"max_hp_per_floor":[75,75,75,75,75,75,75,75,75,75,75,75,75,75],"relic_stats":{"Shovel":1,"counters":[6,21],"Sundial":[2],"Bronze Scales":[12],"MealTicket":0,"Pen Nib":[1],"obtain_stats":[{"Anchor":11,"Shovel":0,"HornCleat":5,"Sundial":7,"Bronze Scales":10,"MealTicket":12,"Pen Nib":9,"Burning Blood":0},{"Anchor":5,"Shovel":0,"HornCleat":2,"Sundial":3,"Bronze Scales":4,"MealTicket":5,"Pen Nib":4,"Burning Blood":0},{"Anchor":18,"Shovel":0,"HornCleat":6,"Sundial":11,"Bronze Scales":14,"MealTicket":18,"Pen Nib":14,"Burning Blood":0}],"Burning Blood":30},"card_choices":[{"not_picked":["Heavy Blade","Body Slam"],"picked":"Spot Weakness","floor":1.0},{"not_picked":["Thunderclap","True Grit"],"picked":"Cleave","floor":2.0},{"not_picked":["Offering","Body Slam","Searing Blow"],"picked":"SKIP","floor":7.0},{"not_picked":["Wild Strike","Pommel Strike"],"picked":"Anger","floor":8.0},{"not_picked":["Pommel Strike","Power Through"],"picked":"Shrug It Off","floor":11}],"player_experience":1294131,"relics_obtained":[{"floor":5.0,"key":"HornCleat"},{"floor":7.0,"key":"Sundial"},{"floor":9.0,"key":"Pen Nib"},{"floor":11,"key":"Anchor"},{"floor":12,"key":"MealTicket"}],"event_choices":[{"damage_healed":0.0,"max_hp_gain":0.0,"max_hp_loss":0.0,"gold_gain":75.0,"event_name":"World of Goop","player_choice":"Gather Gold","floor":3.0,"gold_loss":0.0,"damage_taken":11.0},{"damage_healed":18.0,"max_hp_gain":0.0,"max_hp_loss":0.0,"gold_gain":0.0,"event_name":"The Cleric","player_choice":"Healed","floor":4.0,"gold_loss":35.0,"damage_taken":0.0}],"is_beta":true,"boss_relics":[],"items_purged_floors":[10],"is_endless":false,"potions_floor_spawned":[1,8],"killed_by":"Gremlin Nob","ascension_level":20}}