{"host":"wy5pcbg592uilh9l","time":1610237783,"event":{"mods":["AchievementEnabler","Act Like it!","BaseMod","BetterRewards","Curses Come First","Gensokyo","Hubris","Infinite Spire","Marisa????????","Minty Spire (QoL Compilation)","Permanent Neow","Replay The Spire","StSLib"],"gold_per_floor":[141,141,182,208,39,39,84,131,131,131,458,458,518,518,518,647,647,694,743,491,542,592,649,697,697,697,697,697,697,724,765,778,821,821,821,821],"floor_reached":35,"playtime":3296,"items_purged":["Strike_MRS","Defend_MRS","Strike_MRS"],"score":351,"play_id":"d62f9701-52b3-4e36-b4b3-917473a2c664","local_time":"20210109181623","is_ascension_mode":false,"campfire_choices":[{"floor":6,"key":"REST"},{"floor":10,"key":"REST"},{"floor":12,"key":"REST"},{"floor":15,"key":"REST"},{"floor":25,"key":"REST"},{"floor":27,"key":"RECALL"},{"floor":34,"key":"REST"}],"circlet_count":0,"master_deck":["Strike_MRS","Strike_MRS","Defend_MRS","Defend_MRS","Defend_MRS","MasterSpark","UpSweep","WitchOfGreed","WitchOfGreed","Acceleration","PowerUp","AlicesGift+1","ShootingEcho","EarthLightRay","OrrerysSun","BlazeAway","CasketOfStar","ChargeUpSpray","SprinkleStarSeal+1","PropBag","ShootTheMoon+1","MysteriousBeam","Singularity","RefractionSpark","WitchLeyline+1","MysteriousBeam"],"relics":["MiniHakkero","Tiny Chest","Pen Nib","Quantum Egg","Durian","Pear","SlaversCollar","Bottled Tornado","Matryoshka","Snack Pack","Kunai"],"acts_visited":["Exordium","TheCity"],"potions_floor_usage":[3,4,7,8,8,11,13,13,13,13,16,16,16,18,18,19,19,22,23,30,30,31,31,31,32,32,33,33,35],"damage_taken":[{"damage":4,"enemies":"Gensokyo:3_Fairies","floor":1,"turns":4},{"damage":4,"enemies":"Gensokyo:2_Kodama","floor":3,"turns":4},{"damage":0,"enemies":"Gensokyo:Python","floor":4,"turns":2},{"damage":26,"enemies":"Gensokyo:2_Rabbits","floor":7,"turns":6},{"damage":13,"enemies":"Gensokyo:3_Kodama","floor":8,"turns":4},{"damage":26,"enemies":"Gensokyo:Kitsune","floor":11,"turns":4},{"damage":15,"enemies":"Gensokyo:Aya","floor":13,"turns":5},{"damage":38,"enemies":"Gensokyo:Kokoro","floor":16,"turns":10},{"damage":0,"enemies":"Spheric Guardian","floor":18,"turns":2},{"damage":28,"enemies":"2 Thieves","floor":19,"turns":4},{"damage":31,"enemies":"Snecko","floor":22,"turns":5},{"damage":24,"enemies":"Gremlin Leader","floor":23,"turns":7},{"damage":24,"enemies":"Snake Plant","floor":24,"turns":4},{"damage":20,"enemies":"Shelled Parasite and Fungi","floor":30,"turns":4},{"damage":27,"enemies":"Chosen and Byrds","floor":31,"turns":6},{"damage":0,"enemies":"Snake Plant","floor":32,"turns":1},{"damage":50,"enemies":"Book of Stabbing","floor":33,"turns":5},{"damage":47,"enemies":"Automaton","floor":35,"turns":4}],"seed_played":"9036975002135264135","potions_obtained":[{"floor":1,"key":"Elixir"},{"floor":1,"key":"PowerPotion"},{"floor":3,"key":"Dexterity Potion"},{"floor":3,"key":"FearPotion"},{"floor":3,"key":"FearPotion"},{"floor":4,"key":"ShroomBrew"},{"floor":7,"key":"Energy Potion"},{"floor":7,"key":"Strength Potion"},{"floor":8,"key":"BlessingOfTheForge"},{"floor":8,"key":"DuplicationPotion"},{"floor":11,"key":"EntropicBrew"},{"floor":13,"key":"Weak Potion"},{"floor":16,"key":"PowerPotion"},{"floor":16,"key":"Block Potion"},{"floor":16,"key":"Fire Potion"},{"floor":18,"key":"GamblersBrew"},{"floor":18,"key":"PowerPotion"},{"floor":19,"key":"Strength Potion"},{"floor":22,"key":"Elixir"},{"floor":22,"key":"EssenceOfSteel"},{"floor":23,"key":"SkillPotion"},{"floor":24,"key":"DistilledChaos"},{"floor":30,"key":"EssenceOfSteel"},{"floor":30,"key":"infinitespire:BlackPotion"},{"floor":31,"key":"PowerPotion"},{"floor":31,"key":"FearPotion"},{"floor":31,"key":"GamblersBrew"},{"floor":32,"key":"Reflective Coating"},{"floor":33,"key":"ShroomBrew"}],"is_trial":false,"path_per_floor":["M","?","M","M","COS","R","M","M","T","R","M","R","E","?","R","B",null,"M","M","$","T","M","E","M","R","T","R","PTL","PTL","M","M","M","E","R","B"],"character_chosen":"MARISA","items_purchased":["WitchOfGreed","WitchOfGreed","Tiny Chest","Pen Nib","Acceleration","PropBag","PowerPotion"],"campfire_rested":6,"item_purchase_floors":[0,0,0,0,0,20,20],"current_hp_per_floor":[36,36,32,32,32,54,28,19,19,41,15,37,41,68,90,56,90,90,66,66,66,39,79,59,86,86,86,86,86,70,47,47,1,28,0,0],"gold":821,"neow_bonus":"","is_daily":false,"chose_seed":false,"campfire_upgraded":0,"win_rate":0.0,"timestamp":1610237783,"path_taken":["M","?","M","M","COS","R","M","M","T","R","?","R","E","?","R","BOSS","M","M","$","?","M","E","M","R","T","R","PTL","PTL","M","M","M","E","R","BOSS"],"items_purchased_type":["Card","Card","Relic","Relic","Card","Card","Potion"],"build_version":"2020-12-22","purchased_purges":3,"victory":false,"max_hp_per_floor":[75,75,75,75,75,75,75,75,75,75,75,75,90,90,90,90,90,90,90,90,90,90,90,90,90,90,90,90,90,90,90,90,90,90,90,90],"card_choices":[{"not_picked":["DeepEcoloBomb","DoubleSpark"],"picked":"PowerUp","floor":1},{"not_picked":["6A","GalacticHalo"],"picked":"ShootingEcho","floor":3},{"not_picked":["MeteoricShower","WitchOfGreed"],"picked":"EarthLightRay","floor":4},{"not_picked":["OneTimeOff","BinaryStars"],"picked":"OrrerysSun","floor":7},{"not_picked":["UnstableBomb","DarkMatter","AsteroidBelt"],"picked":"SKIP","floor":8},{"not_picked":["UnstableBomb","DarkMatter","AsteroidBelt"],"picked":"SKIP","floor":8},{"not_picked":["DC","EarthLightRay","AsteroidBelt"],"picked":"SKIP","floor":11},{"not_picked":["GasGiant","MagicChant"],"picked":"BlazeAway","floor":13},{"not_picked":["AbsoluteMagnitude","CollectingQuirk"],"picked":"CasketOfStar","floor":16},{"not_picked":["NonDirectionalLaser","DoubleSpark"],"picked":"ChargeUpSpray","floor":18},{"not_picked":["StarBarrage","LuminesStrike+1"],"picked":"SprinkleStarSeal+1","floor":19},{"not_picked":["GravityBeat","DarkSpark+1"],"picked":"ShootTheMoon+1","floor":22},{"not_picked":["EscapeVelocity","EarthLightRay"],"picked":"MysteriousBeam","floor":23},{"not_picked":["AsteroidBelt","ShootTheMoon","StarlightTyphoon"],"picked":"SKIP","floor":24},{"not_picked":["PowerUp","DeepEcoloBomb"],"picked":"Singularity","floor":30},{"not_picked":["MachineGunSpark+1","UnstableBomb"],"picked":"RefractionSpark","floor":31},{"not_picked":["GravityBeat","WitchOfGreed+1"],"picked":"WitchLeyline+1","floor":32},{"not_picked":["PulseMagic","ChargeUpSpray"],"picked":"MysteriousBeam","floor":33}],"player_experience":227181,"relics_obtained":[{"floor":9,"key":"Quantum Egg"},{"floor":13,"key":"Pear"},{"floor":23,"key":"Bottled Tornado"},{"floor":26,"key":"Matryoshka"},{"floor":33,"key":"Snack Pack"}],"event_choices":[],"is_beta":false,"boss_relics":[{"not_picked":["Ectoplasm","Runic Pyramid"],"picked":"SlaversCollar"}],"items_purged_floors":[0,0,20],"is_endless":false,"potions_floor_spawned":[3,11,13,16,23,24,30,31,32],"killed_by":"Automaton","ascension_level":0}}