{"host":"1p0ug38l8q9et435","time":1610248513,"event":{"mods":["AchievementEnabler","BaseMod","BetterRewards","Colored Powertips","Downfall","Hermit","Minty Spire (QoL Compilation)","Spicy Shops","StSLib","UnlockEverythingMod"],"gold_per_floor":[114,49,68,84,99,138,138,138,138,156,156,331,354,371,371,477,477,496,2,12,25,30,30],"floor_reached":22,"playtime":1193,"items_purged":[],"score":188,"play_id":"71355370-8370-43e9-b9c6-050bcfd3bd3e","local_time":"20210109191513","is_ascension_mode":false,"campfire_choices":[{"floor":7,"key":"REST"},{"data":"hermit:WideOpen","floor":15,"key":"SMITH"}],"circlet_count":0,"master_deck":["hermit:Strike_Hermit","hermit:Strike_Hermit","hermit:Strike_Hermit","hermit:Strike_Hermit","hermit:Defend_Hermit","hermit:Defend_Hermit","hermit:Defend_Hermit","hermit:Defend_Hermit","hermit:Snapshot","hermit:Covet","hermit:Quickdraw","hermit:Scavenge","hermit:WideOpen+1","hermit:TakeAim","hermit:Quickdraw","hermit:Quickdraw","hermit:Adapt","hermit:Vantage+1","Magnetism","hermit:Ricochet","hermit:GoldenBullet"],"relics":["hermit:Momento","Anchor","StoneCalendar","Omamori","Bag of Preparation","Kunai","Blood Vial","Runic Pyramid","Bag of Marbles","Dream Catcher"],"acts_visited":["Exordium","TheCity"],"potions_floor_usage":[6,16,16,21],"damage_taken":[{"damage":1,"enemies":"Cultist","floor":1,"turns":3},{"damage":0,"enemies":"Jaw Worm","floor":3,"turns":3},{"damage":0,"enemies":"Small Slimes","floor":4,"turns":4},{"damage":0,"enemies":"Blue Slaver","floor":5,"turns":3},{"damage":31,"enemies":"Lagavulin","floor":6,"turns":6},{"damage":3,"enemies":"Lots of Slimes","floor":10,"turns":5},{"damage":6,"enemies":"Exordium Wildlife","floor":14,"turns":5},{"damage":8,"enemies":"Hexaghost","floor":16,"turns":9},{"damage":0,"enemies":"Shell Parasite","floor":18,"turns":7},{"damage":13,"enemies":"Spheric Guardian","floor":20,"turns":5},{"damage":52,"enemies":"3 Cultists","floor":21,"turns":7},{"damage":16,"enemies":"Chosen and Byrds","floor":22,"turns":6}],"seed_played":"2011294532410222579","potions_obtained":[{"floor":3,"key":"Guardian:BlockOnCardUsePotion"},{"floor":4,"key":"CultistPotion"},{"floor":6,"key":"Dexterity Potion"},{"floor":14,"key":"Dexterity Potion"},{"floor":18,"key":"Block Potion"}],"is_trial":false,"path_per_floor":["M","$","M","M","M","E","R","?","T","M","?","?","T","M","R","B",null,"M","$","M","M","M"],"character_chosen":"HERMIT","items_purchased":["StoneCalendar","Bag of Marbles","Dream Catcher","Magnetism"],"campfire_rested":1,"item_purchase_floors":[2,19,19,19],"current_hp_per_floor":[74,74,74,74,74,43,65,75,75,72,69,69,69,65,65,59,75,75,75,62,12,0,0],"gold":30,"neow_bonus":"RANDOM_COMMON_RELIC","is_daily":false,"chose_seed":false,"campfire_upgraded":1,"win_rate":0.0,"timestamp":1610248513,"path_taken":["M","$","M","M","M","E","R","?","T","?","?","?","?","M","R","BOSS","M","?","M","M","M"],"items_purchased_type":["Relic","Relic","Relic","Card"],"build_version":"2020-12-22","purchased_purges":0,"victory":false,"max_hp_per_floor":[75,75,75,75,75,75,75,75,75,75,75,75,75,75,75,75,75,75,75,75,75,75,75],"card_choices":[{"not_picked":["hermit:Roulette","hermit:Desperado"],"picked":"hermit:Quickdraw","floor":1},{"not_picked":["hermit:LowProfile","hermit:Showdown"],"picked":"hermit:Scavenge","floor":3},{"not_picked":["hermit:Midnight","hermit:TrackingShot"],"picked":"hermit:WideOpen","floor":4},{"not_picked":["hermit:Snipe","hermit:Gestalt"],"picked":"hermit:FullyLoaded","floor":5},{"not_picked":["hermit:SprayPray","hermit:BigShot"],"picked":"hermit:TakeAim","floor":6},{"not_picked":["hermit:PistolWhip","hermit:Dive"],"picked":"hermit:Quickdraw","floor":10},{"not_picked":["hermit:Manifest","hermit:Shortfuse"],"picked":"hermit:Quickdraw","floor":14},{"not_picked":["hermit:RoundhouseKick","hermit:FinalCanter"],"picked":"hermit:Adapt","floor":16},{"not_picked":["hermit:LowProfile","hermit:HighCaliber+1"],"picked":"hermit:Vantage+1","floor":18},{"not_picked":["hermit:ItchyTrigger","hermit:Malice"],"picked":"hermit:Ricochet","floor":20},{"not_picked":["hermit:TakeAim","hermit:Malice+1"],"picked":"hermit:GoldenBullet","floor":21}],"player_experience":24021,"relics_obtained":[{"floor":6,"key":"Omamori"},{"floor":9,"key":"Bag of Preparation"},{"floor":13,"key":"Blood Vial"}],"event_choices":[{"cards_removed":["hermit:FullyLoaded"],"damage_healed":10,"gold_gain":0,"player_choice":"Offered Uncommon","damage_taken":0,"max_hp_gain":0,"max_hp_loss":0,"event_name":"Bonfire Elementals","floor":8,"gold_loss":0},{"damage_healed":0,"gold_gain":0,"player_choice":"Success","damage_taken":3,"relics_obtained":["Kunai"],"max_hp_gain":0,"max_hp_loss":0,"event_name":"Scrap Ooze","floor":11,"gold_loss":0},{"damage_healed":0,"gold_gain":175,"player_choice":"AGREE","damage_taken":0,"max_hp_gain":0,"max_hp_loss":0,"event_name":"Liars Game","floor":12,"gold_loss":0,"cards_obtained":["Doubt"]}],"is_beta":false,"boss_relics":[{"not_picked":["Runic Dome","Snecko Eye"],"picked":"Runic Pyramid"}],"items_purged_floors":[],"is_endless":false,"potions_floor_spawned":[3,4,6,14,18],"killed_by":"Chosen and Byrds","ascension_level":0}}