{"host":"1a0tas65lso7aoyx","time":1610242451,"event":{"mods":["Arknights The Spire","BaseMod","Hermit","Koishi","Lobotomy","Marisa£¨Ùöéë¡¡Øª×âÞÞ£©","Minty Spire (QoL Compilation)","READ ME - Guardian Mod","StSLib","Td1madao Mod","The Bug Knight","The Cursed","The Dragon Tamer","The Gatherer","The Hierophant","The Runesmith","Uncapped"],"gold_per_floor":[50000,50100,50113,49100,49110,49110,48394,48394,48394,48421,48458,48481,48497,48510,48510,48608,48608,48606,48606,48628,48655,48655,48655,48697,47680,47680,47710,46822,46851,46862,46862,46862,46968,46968,46985,46985,45965,45982,45982,45982,46017,46017,46044,46077,45220,45232,45264,45264,45264,45264,45264],"floor_reached":52,"playtime":3558,"items_purged":["ats:Strike V","ats:Defend","ats:Defend","ats:Defend","ats:Strike S","ats:Strike C"],"score":869,"play_id":"40613de2-0251-48f8-9df9-a8cc4d5aee6c","local_time":"20210110103411","is_ascension_mode":true,"campfire_choices":[{"data":"ats:Healing Strengthening","floor":6,"key":"SMITH"},{"data":"ats:Part Time Job","floor":8,"key":"SMITH"},{"data":"ats:Healing Strengthening","floor":15,"key":"SMITH"},{"data":"Panache","floor":23,"key":"SMITH"},{"data":"ats:Part Time Job","floor":32,"key":"SMITH"},{"data":"ats:Part Time Job","floor":40,"key":"SMITH"},{"data":"ats:Counter Healing Mode","floor":42,"key":"SMITH"},{"data":"ats:Emotion Absorption","floor":49,"key":"SMITH"}],"circlet_count":0,"master_deck":["ats:Strike G+1","ats:Armor Crushing Shot+1","ats:Emotion Absorption+1","ats:Healing Strengthening+1","ats:Healing Strengthening+1","Panache+1","ats:Thermite Blade+1","ats:Shell Defense","ats:Part Time Job+1","ats:Counter Healing Mode+1","ats:Thorns","ats:Apocalypse","ats:Charging Defense","ats:Assault Order","ats:Thermite Blade+1","ats:Part Time Job+1","ats:Revitalization","ats:Healing Drone+1","ats:Part Time Job+1","ats:Echo Reverb+1","Sadistic Nature"],"relics":["ats:Sanity","Blood Vial","Molten Egg 2","Frozen Eye","Tiny Chest","CeramicFish","HandDrill","Pear","ats:Originium","Boot","Velvet Choker","ats:Military Tradition","CaptainsWheel","Shovel","ClockworkSouvenir","Shuriken","Toxic Egg 2","Art of War","Torii","Lee\u0027s Waffle","ats:Omniscience","Eternal Feather","TheAbacus","Ginger","Pen Nib","Whetstone","Pantograph","ats:Special","Runesmith:AutoHammer","FossilizedHelix","Mummified Hand"],"acts_visited":["Exordium","TheCity","TheBeyond"],"potions_floor_usage":[10,10,11,11,16,18,27,31,38,47,50],"damage_taken":[{"damage":6,"enemies":"Jaw Worm","floor":1,"turns":3},{"damage":1,"enemies":"Cultist","floor":3,"turns":4},{"damage":11,"enemies":"Small Slimes","floor":5,"turns":3},{"damage":0,"enemies":"Gremlin Gang","floor":10,"turns":1},{"damage":38,"enemies":"Lagavulin","floor":11,"turns":6},{"damage":26,"enemies":"Lots of Slimes","floor":12,"turns":5},{"damage":52,"enemies":"Exordium Wildlife","floor":13,"turns":5},{"damage":34,"enemies":"Large Slime","floor":14,"turns":9},{"damage":124,"enemies":"The Guardian","floor":16,"turns":12},{"damage":34,"enemies":"2 Thieves","floor":18,"turns":4},{"damage":18,"enemies":"Shell Parasite","floor":20,"turns":8},{"damage":32,"enemies":"Centurion and Healer","floor":21,"turns":8},{"damage":22,"enemies":"HollowMod:Nosk","floor":24,"turns":8},{"damage":63,"enemies":"Gremlin Leader","floor":27,"turns":8},{"damage":9,"enemies":"Snecko","floor":29,"turns":5},{"damage":49,"enemies":"Cultist and Chosen","floor":30,"turns":7},{"damage":0,"enemies":"Centurion and Healer","floor":31,"turns":1},{"damage":115,"enemies":"Champ","floor":33,"turns":14},{"damage":53,"enemies":"3 Shapes","floor":35,"turns":8},{"damage":58,"enemies":"3 Darklings","floor":38,"turns":6},{"damage":141,"enemies":"HollowMod:StalkingDevout","floor":41,"turns":11},{"damage":42,"enemies":"Nemesis","floor":44,"turns":11},{"damage":0,"enemies":"Sphere and 2 Shapes","floor":46,"turns":5},{"damage":98,"enemies":"Reptomancer","floor":47,"turns":8},{"damage":169,"enemies":"Donu and Deca","floor":50,"turns":16}],"seed_played":"3355272711486903053","potions_obtained":[{"floor":1,"key":"GamblersBrew"},{"floor":3,"key":"SkillPotion"},{"floor":10,"key":"Regen Potion"},{"floor":13,"key":"Energy Potion"},{"floor":16,"key":"Regen Potion"},{"floor":22,"key":"FairyPotion"},{"floor":22,"key":"SpeedPotion"},{"floor":24,"key":"ColorlessPotion"},{"floor":29,"key":"SmokeBomb"},{"floor":33,"key":"SpeedPotion"},{"floor":47,"key":"ColorlessPotion"}],"is_trial":false,"path_per_floor":["M","?","M","$","M","R","$","R","T","M","E","M","M","M","R","B",null,"M","?","M","M","?","R","E","$","T","E","$","M","M","M","R","B",null,"M","T","$","M","?","R","E","R","T","E","$","M","E","?","R","B",null,null],"character_chosen":"DOCTOR_CLASS","items_purchased":["Blood Vial","Molten Egg 2","Frozen Eye","EssenceOfSteel","Explosive Potion","BlessingOfTheForge","Panache","ats:Thermite Blade+1","Tiny Chest","CeramicFish","HandDrill","ats:Part Time Job","Fire Potion","Energy Potion","CaptainsWheel","Shovel","ClockworkSouvenir","FairyPotion","ats:Revitalization","Art of War","Torii","Lee\u0027s Waffle","ats:Healing Drone+1","Explosive Potion","TheAbacus","Ginger","Pen Nib","Explosive Potion","Sadistic Nature","ats:Special","Runesmith:AutoHammer","FossilizedHelix","Fire Potion"],"campfire_rested":0,"item_purchase_floors":[4,4,4,4,4,4,4,4,7,7,7,7,7,7,25,25,25,25,25,28,28,28,28,28,37,37,37,37,37,45,45,45,45],"current_hp_per_floor":[66,66,65,65,56,56,56,56,66,68,72,82,65,82,82,63,82,82,82,82,82,82,82,82,82,82,69,89,89,89,89,89,41,89,78,78,78,89,89,89,89,89,89,89,89,89,74,66,78,74,74],"gold":45264,"neow_bonus":"REMOVE_CARD","is_daily":false,"chose_seed":false,"campfire_upgraded":8,"win_rate":0.0,"timestamp":1610242451,"path_taken":["M","?","?","$","M","R","$","R","T","M","E","M","M","M","R","BOSS","M","?","M","M","?","R","E","$","T","E","$","?","M","M","R","BOSS","M","?","$","?","?","R","E","R","T","E","$","M","E","?","R","BOSS"],"items_purchased_type":["Relic","Relic","Relic","Potion","Potion","Potion","Card","Card","Relic","Relic","Relic","Card","Potion","Potion","Relic","Relic","Relic","Potion","Card","Relic","Relic","Relic","Card","Potion","Relic","Relic","Relic","Potion","Card","Relic","Relic","Relic","Potion"],"build_version":"2020-12-22","purchased_purges":6,"victory":true,"max_hp_per_floor":[72,72,72,72,72,72,72,72,82,82,82,82,82,82,82,82,82,82,82,82,82,82,82,82,82,82,82,89,89,89,89,89,89,89,89,89,89,89,89,89,89,89,89,89,89,89,89,89,89,89,89],"card_choices":[{"not_picked":["ats:Sword Rain","ats:Consecutive Shot Auto"],"picked":"ats:Healing Strengthening","floor":1},{"not_picked":["ats:Revitalization","ats:Powerful Strike"],"picked":"ats:Healing Strengthening","floor":3},{"not_picked":["ats:Flexible Camouflage","ats:Very Hot Blade+1"],"picked":"ats:Shell Defense","floor":5},{"not_picked":["ats:Flexible Camouflage","ats:Steam Pump"],"picked":"ats:Counter Healing Mode","floor":10},{"not_picked":["ats:Powerful Strike+1","ats:Hook Shot"],"picked":"ats:Thorns","floor":11},{"not_picked":["ats:Sword Rain+1","ats:Demon Strength"],"picked":"ats:Apocalypse","floor":12},{"not_picked":["ats:Roar Of Ursus","ats:Assault Order","ats:Cat Scratch+1"],"picked":"SKIP","floor":13},{"not_picked":["ats:Cat Scratch+1","ats:Leaping Hammer+1","ats:Flexible Camouflage"],"picked":"SKIP","floor":14},{"not_picked":["ats:Rapid Magazine+1","ats:Explosion Area Strengthen+1"],"picked":"ats:Charging Defense","floor":18},{"not_picked":["ats:Explosion Area Strengthen+1","ats:Poison Spread+1"],"picked":"ats:Assault Order","floor":20},{"not_picked":["ats:Revitalization","ats:Overload+1"],"picked":"ats:Thermite Blade+1","floor":21},{"not_picked":["ats:Chain Hook+1","ats:Sword Rain+1"],"picked":"ats:Part Time Job","floor":24},{"not_picked":["ats:Curse Doll+1","ats:Closed Bolt Burst Fire+1","ats:Magnetic Hammer+1"],"picked":"SKIP","floor":27},{"not_picked":["ats:Guardian Obelisk+1","ats:Consecutive Shot Auto+1"],"picked":"ats:Part Time Job","floor":29},{"not_picked":["ats:Apocalypse+1","ats:Ignite+1","ats:Hook Shot+1"],"picked":"SKIP","floor":30},{"not_picked":["ats:Disruption Kick+1","ats:Ambush"],"picked":"ats:Echo Reverb+1","floor":33},{"not_picked":["ats:Consecutive Shot Auto+1","ats:Flame Of Heaven+1","ats:Ignite+1"],"picked":"SKIP","floor":35},{"not_picked":["ats:Revitalization+1","ats:Soul Absorption+1","ats:Powerful Strike+1"],"picked":"SKIP","floor":38},{"not_picked":["ats:Leaping Hammer+1","ats:Disruption Kick+1","ats:True Silver Slash+1"],"picked":"SKIP","floor":41},{"not_picked":["ats:Shell Defense+1","ats:Ignite+1","ats:Hammer On+1"],"picked":"SKIP","floor":44},{"not_picked":["ats:Red Shift+1","ats:Leaping Hammer+1","ats:Explosion Area Strengthen+1"],"picked":"SKIP","floor":46},{"not_picked":["ats:Childhood Dance+1","ats:Counter Healing Mode+1","ats:Beaten Up+1"],"picked":"SKIP","floor":47}],"player_experience":681296,"relics_obtained":[{"floor":9,"key":"Pear"},{"floor":11,"key":"ats:Originium"},{"floor":11,"key":"Boot"},{"floor":24,"key":"ats:Originium"},{"floor":24,"key":"ats:Military Tradition"},{"floor":26,"key":"Shuriken"},{"floor":27,"key":"ats:Originium"},{"floor":27,"key":"Toxic Egg 2"},{"floor":36,"key":"Eternal Feather"},{"floor":41,"key":"Whetstone"},{"floor":44,"key":"Pantograph"},{"floor":47,"key":"Mummified Hand"}],"event_choices":[{"damage_healed":0,"gold_gain":100,"player_choice":"Pray","damage_taken":0,"max_hp_gain":0,"max_hp_loss":0,"event_name":"Golden Shrine","floor":2,"gold_loss":0},{"damage_healed":0,"gold_gain":0,"player_choice":"Ignored","damage_taken":0,"max_hp_gain":0,"max_hp_loss":0,"event_name":"Cursed Tome","floor":19,"gold_loss":0},{"damage_healed":0,"gold_gain":0,"player_choice":"Got Potions","damage_taken":0,"max_hp_gain":0,"max_hp_loss":0,"event_name":"Lab","floor":22,"gold_loss":0},{"damage_healed":0,"gold_gain":0,"player_choice":"Ignored","damage_taken":0,"max_hp_gain":0,"max_hp_loss":0,"event_name":"Tomb of Lord Red Mask","floor":39,"gold_loss":0},{"damage_healed":0,"gold_gain":0,"player_choice":"Damaged","damage_taken":8,"max_hp_gain":0,"max_hp_loss":0,"event_name":"Wheel of Change","floor":48,"gold_loss":0}],"is_beta":false,"boss_relics":[{"not_picked":["Runic Pyramid","SacredBark"],"picked":"Velvet Choker"},{"not_picked":["Philosopher\u0027s Stone","Pandora\u0027s Box"],"picked":"ats:Omniscience"}],"items_purged_floors":[4,7,25,28,37,45],"is_endless":false,"potions_floor_spawned":[1,3,10,13,16,24,29,31,33,46,47],"ascension_level":1}}