{"host":"rjbqai8ni6dsiu37","time":1610242983,"event":{"mods":["BaseMod","Minty Spire (QoL Compilation)","StSLib","The Hierophant","WarShipGirlsR/??á´Ò³R mod"],"gold_per_floor":[114,39,39,54,54,84,34,34,59,74,74,104,104,119,119,119,119],"floor_reached":16,"playtime":507,"items_purged":["rmod:goodfighter"],"score":108,"play_id":"91e11912-9565-4895-9050-1607f0bd363e","local_time":"20210110104303","daily_mods":["Specialized","Green Cards","Night Terrors"],"is_ascension_mode":false,"campfire_choices":[{"data":"rmod:goodfighter","floor":8,"key":"SMITH"},{"data":"rmod:goodfighter","floor":11,"key":"SMITH"},{"data":"rmod:openingtorpedo","floor":15,"key":"SMITH"}],"circlet_count":0,"master_deck":["rmod:strick","rmod:strick","rmod:strick","rmod:defend","rmod:defend","rmod:defend","rmod:defend","rmod:basicallowance","rmod:maingunfire","rmod:goodfighter+1","rmod:goodfighter+1","rmod:intelligenceanalysis","rmod:openingtorpedo+1"],"relics":["rmod:firstchargereward","InkBottle","Blue Candle","Strawberry","Boot"],"acts_visited":["Exordium"],"potions_floor_usage":[6],"damage_taken":[{"damage":0,"enemies":"2 Louse","floor":1,"turns":2},{"damage":0,"enemies":"Cultist","floor":4,"turns":2},{"damage":28,"enemies":"Lagavulin","floor":6,"turns":6},{"damage":3,"enemies":"Small Slimes","floor":10,"turns":2},{"damage":12,"enemies":"Gremlin Nob","floor":12,"turns":4},{"damage":12,"enemies":"2 Fungi Beasts","floor":14,"turns":2},{"damage":28,"enemies":"Slime Boss","floor":16,"turns":4}],"seed_played":"-956745095108410897","potions_obtained":[{"floor":1,"key":"ColorlessPotion"},{"floor":10,"key":"Weak Potion"}],"is_trial":false,"path_per_floor":["M","$","?","M","?","E","?","R","T","M","R","E","?","M","R","B"],"character_chosen":"PRAEFECT","items_purchased":[],"campfire_rested":0,"item_purchase_floors":[],"current_hp_per_floor":[75,75,75,75,68,40,40,40,47,44,44,32,25,13,13,0,0],"gold":119,"neow_bonus":"","is_daily":true,"chose_seed":false,"campfire_upgraded":3,"win_rate":0.0,"timestamp":1610242983,"path_taken":["M","$","?","?","?","E","?","R","T","M","R","E","?","M","R","BOSS"],"items_purchased_type":[],"build_version":"2020-12-22","purchased_purges":1,"victory":false,"max_hp_per_floor":[75,75,75,75,75,75,75,75,82,82,82,82,82,82,82,82,82],"card_choices":[{"not_picked":["rmod:lonelyqueen","rmod:launchingtorpedo","rmod:supportescort"],"picked":"SKIP","floor":1},{"not_picked":["rmod:lonelyqueen","rmod:launchingtorpedo","rmod:supportescort"],"picked":"SKIP","floor":1},{"not_picked":["rmod:fuelsupply","rmod:garrisonisland","rmod:diamondstrike"],"picked":"SKIP","floor":4},{"not_picked":["rmod:highspeedshooting","rmod:overbreakdown","rmod:combined"],"picked":"SKIP","floor":6},{"not_picked":["rmod:firesupport","rmod:circuitoustactics","rmod:goodfighter"],"picked":"SKIP","floor":10},{"not_picked":["rmod:selfconfidence","rmod:wife"],"picked":"rmod:intelligenceanalysis","floor":12},{"not_picked":["rmod:supportescort","rmod:highspeedshooting"],"picked":"rmod:openingtorpedo","floor":14}],"player_experience":144775,"relics_obtained":[{"floor":6,"key":"Blue Candle"},{"floor":9,"key":"Strawberry"},{"floor":12,"key":"Boot"}],"event_choices":[{"cards_removed":["rmod:goodfighter"],"damage_healed":0,"gold_gain":0,"player_choice":"Offered Uncommon","damage_taken":0,"max_hp_gain":0,"max_hp_loss":0,"event_name":"Bonfire Elementals","floor":3,"gold_loss":0},{"damage_healed":0,"gold_gain":0,"player_choice":"Success","damage_taken":7,"relics_obtained":["InkBottle"],"max_hp_gain":0,"max_hp_loss":0,"event_name":"Scrap Ooze","floor":5,"gold_loss":0},{"cards_removed":["rmod:goodfighter"],"damage_healed":0,"gold_gain":0,"player_choice":"Card Removal","damage_taken":0,"max_hp_gain":0,"max_hp_loss":0,"event_name":"The Cleric","floor":7,"gold_loss":50},{"cards_removed":["rmod:strick"],"damage_healed":0,"gold_gain":0,"player_choice":"Card Removal","damage_taken":7,"max_hp_gain":0,"max_hp_loss":0,"event_name":"Golden Wing","floor":13,"gold_loss":0}],"is_beta":false,"boss_relics":[],"items_purged_floors":[2],"is_endless":false,"potions_floor_spawned":[1,10],"killed_by":"Slime Boss","ascension_level":0}}