{"host":"soyfmymeou4emntr","time":1610254591,"event":{"mods":["BaseMod","Minty Spire (QoL Compilation)","Relic Sorter","Relic Stats","StSLib"],"gold_per_floor":[115,59,71,146,146,146,179,194,194,194,212,212,232,232,232,308,308,324,303,303,318,63,63,96,21,21,39,0,0,0,26,26,104,104,118,131,149,166,181,181,181,181],"floor_reached":41,"playtime":5928,"items_purged":["Strike_G"],"score":826,"play_id":"fd4f4f95-2050-4c4a-aa7e-b8b06a6c103b","local_time":"20210109215631","is_ascension_mode":true,"campfire_choices":[{"data":"Blade Dance","floor":6.0,"key":"SMITH"},{"data":"Dash","floor":10.0,"key":"SMITH"},{"floor":12.0,"key":"REST"},{"data":"Caltrops","floor":15.0,"key":"SMITH"},{"floor":23.0,"key":"REST"},{"floor":30.0,"key":"REST"},{"floor":32.0,"key":"REST"},{"data":"Catalyst","floor":40,"key":"SMITH"}],"circlet_count":0,"master_deck":["AscendersBane","Survivor","Neutralize","Bandage Up","Dagger Throw","Blade Dance+1","Dash+1","Eviscerate","Backflip","Crippling Poison","Caltrops+1","Heel Hook","Malaise","Footwork","Escape Plan","Blade Dance+1","Prepared+1","Concentrate","Wraith Form v2","Terror","PiercingWail","Corpse Explosion","Backstab","Expertise","Catalyst+1","Underhanded Strike","Quick Slash","Predator","Reflex","PiercingWail","Finisher","Flechettes","Glass Knife"],"relics":["Ring of the Snake","Centennial Puzzle","Bottled Flame","Runic Pyramid","Bronze Scales","Blue Candle","Orichalcum","Pandora\u0027s Box"],"acts_visited":["Exordium","TheCity","TheBeyond"],"potions_floor_usage":[],"damage_taken":[{"damage":14.0,"enemies":"Cultist","floor":1.0,"turns":6.0},{"damage":1.0,"enemies":"2 Louse","floor":3.0,"turns":3.0},{"damage":20.0,"enemies":"3 Sentries","floor":7.0,"turns":10.0},{"damage":0.0,"enemies":"Small Slimes","floor":8.0,"turns":2.0},{"damage":8.0,"enemies":"Exordium Thugs","floor":11.0,"turns":4.0},{"damage":5.0,"enemies":"Gremlin Gang","floor":13.0,"turns":4.0},{"damage":32.0,"enemies":"Hexaghost","floor":16.0,"turns":8.0},{"damage":0.0,"enemies":"Chosen","floor":18.0,"turns":5.0},{"damage":32.0,"enemies":"2 Thieves","floor":19.0,"turns":4.0},{"damage":21.0,"enemies":"Centurion and Healer","floor":21.0,"turns":9.0},{"damage":19.0,"enemies":"Gremlin Leader","floor":24.0,"turns":7.0},{"damage":7.0,"enemies":"Snecko","floor":27.0,"turns":5.0},{"damage":36.0,"enemies":"Automaton","floor":33.0,"turns":11.0},{"damage":14.0,"enemies":"Orb Walker","floor":35.0,"turns":4.0},{"damage":9.0,"enemies":"3 Darklings","floor":36.0,"turns":4.0},{"damage":12.0,"enemies":"Sphere and 2 Shapes","floor":37.0,"turns":7.0},{"damage":15.0,"enemies":"Maw","floor":38.0,"turns":7.0},{"damage":1,"enemies":"4 Shapes","floor":39,"turns":8},{"damage":35,"enemies":"Spire Growth","floor":41,"turns":5}],"seed_played":"-3780369596345134255","potions_obtained":[{"floor":7.0,"key":"Block Potion"},{"floor":8.0,"key":"Regen Potion"},{"floor":13.0,"key":"PowerPotion"},{"floor":16.0,"key":"SteroidPotion"},{"floor":27.0,"key":"Dexterity Potion"},{"floor":37.0,"key":"Explosive Potion"}],"is_trial":false,"path_per_floor":["M","$","M","?","?","R","E","M","T","R","M","R","M","?","R","B",null,"M","M","?","M","$","R","E","$","T","M","?","?","R","T","R","B",null,"M","M","M","M","M","R","M"],"character_chosen":"THE_SILENT","items_purchased":["Blade Dance","Concentrate","Wraith Form v2"],"campfire_rested":4,"item_purchase_floors":[2,22,22],"current_hp_per_floor":[49,49,52,41,41,41,25,29,29,29,25,44,43,43,43,30,57,61,33,33,16,16,35,20,20,20,13,13,13,32,32,51,19,54,40,35,27,16,19,19,0,0],"gold":181,"neow_bonus":"RANDOM_COLORLESS","is_daily":false,"chose_seed":false,"campfire_upgraded":4,"win_rate":0.0,"timestamp":1610254591,"path_taken":["M","$","?","?","?","R","E","?","T","R","M","R","M","?","R","BOSS","M","M","?","M","$","R","E","?","T","?","?","?","R","?","R","BOSS","M","?","M","M","M","R","?"],"items_purchased_type":["Card","Card","Card"],"build_version":"2020-12-22","purchased_purges":1,"victory":false,"max_hp_per_floor":[66,66,66,66,66,66,66,66,66,66,66,66,66,66,66,66,66,66,66,66,66,66,66,66,66,66,66,66,66,66,66,66,66,66,66,66,66,66,66,66,66,66],"relic_stats":{"Centennial Puzzle":[42],"counters":[19,113],"Bronze Scales":[124],"Blue Candle":[0],"Pandora\u0027s Box":["Backstab","Expertise","Catalyst","Underhanded Strike","Quick Slash","Predator","Reflex","PiercingWail"],"Orichalcum":[144],"obtain_stats":[{"Centennial Puzzle":7,"Bottled Flame":9,"Bronze Scales":24,"Blue Candle":26,"Pandora\u0027s Box":34,"Orichalcum":31,"Ring of the Snake":0,"Runic Pyramid":17},{"Centennial Puzzle":3,"Bottled Flame":4,"Bronze Scales":11,"Blue Candle":11,"Pandora\u0027s Box":13,"Orichalcum":12,"Ring of the Snake":0,"Runic Pyramid":7},{"Centennial Puzzle":19,"Bottled Flame":21,"Bronze Scales":62,"Blue Candle":62,"Pandora\u0027s Box":78,"Orichalcum":67,"Ring of the Snake":0,"Runic Pyramid":37}],"Ring of the Snake":[38]},"card_choices":[{"not_picked":["Blind","Jack Of All Trades"],"picked":"Bandage Up","floor":0.0},{"not_picked":["Flying Knee","Setup"],"picked":"Dagger Throw","floor":1.0},{"not_picked":["Dagger Spray","Deadly Poison"],"picked":"Dash","floor":3.0},{"not_picked":["Bane","Blade Dance"],"picked":"Backflip","floor":7.0},{"not_picked":["Dash","Sucker Punch"],"picked":"Crippling Poison","floor":8.0},{"not_picked":["Deadly Poison","Dagger Spray"],"picked":"Caltrops","floor":11.0},{"not_picked":["Sucker Punch","Backflip"],"picked":"Heel Hook","floor":13.0},{"not_picked":["Grand Finale","Glass Knife"],"picked":"Malaise","floor":16.0},{"not_picked":["Cloak And Dagger","Dagger Throw"],"picked":"Footwork","floor":18.0},{"not_picked":["Bane","Bouncing Flask"],"picked":"Escape Plan","floor":19.0},{"not_picked":["Outmaneuver","Riddle With Holes"],"picked":"Prepared+1","floor":21.0},{"not_picked":["Crippling Poison","Dagger Throw+1"],"picked":"Terror","floor":24.0},{"not_picked":["Acrobatics","Catalyst","Sucker Punch"],"picked":"SKIP","floor":27.0},{"not_picked":["Storm of Steel","Burst"],"picked":"Corpse Explosion","floor":33.0},{"not_picked":["Poisoned Stab","Bane"],"picked":"Finisher","floor":35.0},{"not_picked":["All Out Attack","Terror","Dagger Throw"],"picked":"SKIP","floor":36.0},{"not_picked":["Setup","Slice"],"picked":"Flechettes","floor":37.0},{"not_picked":["Quick Slash+1","Underhanded Strike","Cloak And Dagger+1"],"picked":"SKIP","floor":38.0},{"not_picked":["Blade Dance","Deadly Poison"],"picked":"Glass Knife","floor":39}],"player_experience":2804906,"relics_obtained":[{"floor":7.0,"key":"Centennial Puzzle"},{"floor":9.0,"key":"Bottled Flame"},{"floor":24.0,"key":"Bronze Scales"},{"floor":26.0,"key":"Blue Candle"},{"floor":31.0,"key":"Orichalcum"}],"event_choices":[{"damage_healed":0.0,"max_hp_gain":0.0,"max_hp_loss":0.0,"gold_gain":75.0,"event_name":"World of Goop","player_choice":"Gather Gold","floor":4.0,"gold_loss":0.0,"damage_taken":11.0},{"damage_healed":0.0,"max_hp_gain":0.0,"max_hp_loss":0.0,"gold_gain":0.0,"cards_transformed":["Strike_G"],"event_name":"Transmorgrifier","player_choice":"Transformed","floor":5.0,"gold_loss":0.0,"damage_taken":0.0,"cards_obtained":["Eviscerate"]},{"damage_healed":0.0,"max_hp_gain":0.0,"max_hp_loss":0.0,"gold_gain":0.0,"event_name":"Liars Game","player_choice":"Ignored","floor":14.0,"gold_loss":0.0,"damage_taken":0.0},{"damage_healed":0.0,"max_hp_gain":0.0,"max_hp_loss":0.0,"gold_gain":0.0,"event_name":"Duplicator","player_choice":"Copied","floor":20.0,"gold_loss":0.0,"damage_taken":0.0,"cards_obtained":["Blade Dance"]},{"damage_healed":0.0,"max_hp_gain":0.0,"max_hp_loss":0.0,"gold_gain":0.0,"event_name":"Masked Bandits","player_choice":"Paid Fearfully","floor":28.0,"gold_loss":39.0,"damage_taken":0.0},{"damage_healed":0.0,"max_hp_gain":0.0,"max_hp_loss":0.0,"gold_gain":0.0,"event_name":"The Library","player_choice":"Read","floor":29.0,"gold_loss":0.0,"damage_taken":0.0,"cards_obtained":["PiercingWail"]}],"is_beta":false,"boss_relics":[{"not_picked":["Fusion Hammer","Empty Cage"],"picked":"Runic Pyramid"},{"not_picked":["Philosopher\u0027s Stone","Coffee Dripper"],"picked":"Pandora\u0027s Box"}],"items_purged_floors":[25],"is_endless":false,"potions_floor_spawned":[7,8,13,16,27,37],"killed_by":"Spire Growth","ascension_level":20}}