{"host":"soyfmymeou4emntr","time":1610259526,"event":{"mods":["BaseMod","Minty Spire (QoL Compilation)","Relic Sorter","Relic Stats","StSLib"],"gold_per_floor":[116,191,209,209,229,229,229,263,263,263,294,47,47,47,47,122,122,132,142,158,158,158,158,178,25,25,58,72,72,105,105,105,182,182,201,201,214,20,20,47,47,67,67,67,67],"floor_reached":44,"playtime":3390,"items_purged":["Strike_R"],"score":1114,"play_id":"a77d4e83-7d6c-49d3-86ab-9661b37043fc","local_time":"20210109231846","is_ascension_mode":true,"campfire_choices":[{"data":"Whirlwind","floor":6.0,"key":"SMITH"},{"floor":10.0,"key":"REST"},{"floor":15.0,"key":"REST"},{"data":"Demon Form","floor":23.0,"key":"SMITH"},{"data":"Bash","floor":29.0,"key":"SMITH"},{"floor":32.0,"key":"REST"},{"floor":41.0,"key":"REST"}],"circlet_count":0,"master_deck":["AscendersBane","Strike_R","Strike_R","Strike_R","Defend_R","Defend_R","Defend_R","Defend_R+1","Bash+1","Iron Wave","Whirlwind+1","True Grit+1","Shrug It Off","Rupture+1","Demon Form+1","Immolate","RitualDagger","Feel No Pain","Brutality","Warcry+1","Limit Break","Decay","Reaper","Whirlwind+1","Uppercut"],"relics":["SlaversCollar","StoneCalendar","CaptainsWheel","Boot","Chemical X","Runic Pyramid","Paper Frog","Art of War","Juzu Bracelet","Velvet Choker","Membership Card","Potion Belt","Bag of Preparation"],"acts_visited":["Exordium","TheCity","TheBeyond"],"potions_floor_usage":[44],"damage_taken":[{"damage":4.0,"enemies":"Jaw Worm","floor":1.0,"turns":5.0},{"damage":4.0,"enemies":"Small Slimes","floor":3.0,"turns":4.0},{"damage":15.0,"enemies":"2 Louse","floor":5.0,"turns":3.0},{"damage":8.0,"enemies":"Gremlin Nob","floor":8.0,"turns":3.0},{"damage":7.0,"enemies":"3 Sentries","floor":11.0,"turns":4.0},{"damage":4.0,"enemies":"The Guardian","floor":16.0,"turns":7.0},{"damage":8.0,"enemies":"Spheric Guardian","floor":18.0,"turns":4.0},{"damage":20.0,"enemies":"2 Thieves","floor":19.0,"turns":4.0},{"damage":26.0,"enemies":"Snake Plant","floor":20.0,"turns":4.0},{"damage":11.0,"enemies":"Centurion and Healer","floor":24.0,"turns":3.0},{"damage":0.0,"enemies":"Slavers","floor":27.0,"turns":1.0},{"damage":1.0,"enemies":"Sentry and Sphere","floor":28.0,"turns":3.0},{"damage":25.0,"enemies":"Book of Stabbing","floor":30.0,"turns":4.0},{"damage":35.0,"enemies":"Champ","floor":33.0,"turns":8.0},{"damage":21.0,"enemies":"3 Darklings","floor":35.0,"turns":4.0},{"damage":6.0,"enemies":"3 Shapes","floor":37.0,"turns":5.0},{"damage":86.0,"enemies":"Giant Head","floor":40.0,"turns":7.0},{"damage":34,"enemies":"Spire Growth","floor":42,"turns":4},{"damage":16,"enemies":"Sphere and 2 Shapes","floor":44,"turns":5}],"seed_played":"-5075566433372188206","potions_obtained":[{"floor":3.0,"key":"Energy Potion"},{"floor":8.0,"key":"Explosive Potion"},{"floor":19.0,"key":"Fire Potion"},{"floor":20.0,"key":"Block Potion"},{"floor":28.0,"key":"DuplicationPotion"},{"floor":33.0,"key":"ColorlessPotion"},{"floor":39.0,"key":"EntropicBrew"},{"floor":40.0,"key":"Strength Potion"}],"is_trial":false,"path_per_floor":["M","?","M","?","M","R","?","E","T","R","E","$","?","?","R","B",null,"M","M","M","?","?","R","M","$","T","E","M","R","E","?","R","B",null,"M","?","M","$","?","E","R","M","T","M"],"character_chosen":"IRONCLAD","items_purchased":["Rupture","Chemical X","Feel No Pain","Membership Card","BloodPotion"],"campfire_rested":4,"item_purchase_floors":[12,12,25,38,38],"current_hp_per_floor":[64,53,49,74,59,59,36,28,28,50,43,43,36,36,58,54,70,62,42,16,10,75,75,64,64,64,64,63,63,38,38,60,25,63,42,42,75,75,75,26,48,14,14,0,0],"gold":67,"neow_bonus":"BOSS_RELIC","is_daily":false,"chose_seed":false,"campfire_upgraded":3,"win_rate":0.0,"timestamp":1610259526,"path_taken":["M","?","M","?","M","R","?","E","T","R","E","$","?","?","R","BOSS","M","?","M","?","?","R","?","$","T","E","M","R","E","?","R","BOSS","M","?","M","$","?","E","R","M","T","M"],"items_purchased_type":["Card","Relic","Card","Relic","Potion"],"build_version":"2020-12-22","purchased_purges":1,"victory":false,"max_hp_per_floor":[75,75,75,75,75,75,75,75,75,75,75,75,75,75,75,75,75,75,75,75,75,75,75,75,75,75,75,75,75,75,75,75,75,75,75,75,75,75,75,75,75,75,75,75,75],"relic_stats":{"counters":[19,82],"StoneCalendar":[52],"Art of War":[8],"Juzu Bracelet":0,"Bag of Preparation":[2],"Chemical X":[21],"Boot":[1],"obtain_stats":[{"Potion Belt":40,"Velvet Choker":34,"StoneCalendar":8,"Juzu Bracelet":30,"Bag of Preparation":43,"Boot":11,"Burning Blood":0,"SlaversCollar":0,"CaptainsWheel":9,"Art of War":27,"Chemical X":12,"Membership Card":38,"Runic Pyramid":17,"Paper Frog":26},{"Potion Belt":17,"Velvet Choker":14,"StoneCalendar":4,"Juzu Bracelet":13,"Bag of Preparation":18,"Boot":5,"Burning Blood":0,"SlaversCollar":0,"CaptainsWheel":4,"Art of War":11,"Chemical X":5,"Membership Card":16,"Runic Pyramid":6,"Paper Frog":10},{"Potion Belt":73,"Velvet Choker":57,"StoneCalendar":15,"Juzu Bracelet":49,"Bag of Preparation":77,"Boot":19,"Burning Blood":0,"SlaversCollar":0,"CaptainsWheel":15,"Art of War":42,"Chemical X":19,"Membership Card":66,"Runic Pyramid":26,"Paper Frog":41}]},"card_choices":[{"not_picked":["Body Slam","Twin Strike"],"picked":"Iron Wave","floor":1.0},{"not_picked":["Rampage","Rupture"],"picked":"Whirlwind","floor":3.0},{"not_picked":["Wild Strike","Headbutt"],"picked":"True Grit","floor":5.0},{"not_picked":["Havoc","Clothesline"],"picked":"Hemokinesis","floor":8.0},{"not_picked":["Ghostly Armor","Pommel Strike"],"picked":"Shrug It Off","floor":11.0},{"not_picked":["Berserk","Corruption"],"picked":"Demon Form","floor":16.0},{"not_picked":["Pommel Strike","Warcry","Flex"],"picked":"SKIP","floor":18.0},{"not_picked":["Carnage","Warcry"],"picked":"Immolate","floor":19.0},{"not_picked":["Ghostly Armor","Body Slam","Wild Strike"],"picked":"SKIP","floor":20.0},{"not_picked":["Wild Strike","True Grit","Iron Wave+1"],"picked":"SKIP","floor":24.0},{"not_picked":["Armaments","Shrug It Off"],"picked":"Brutality","floor":27.0},{"not_picked":["Rampage","Reckless Charge"],"picked":"Warcry+1","floor":28.0},{"not_picked":["Twin Strike","Thunderclap"],"picked":"Limit Break","floor":30.0},{"not_picked":["Demon Form","Berserk"],"picked":"Reaper","floor":33.0},{"not_picked":["Flex+1","Anger"],"picked":"Whirlwind+1","floor":35.0},{"not_picked":["Clothesline+1","Fire Breathing","Twin Strike"],"picked":"SKIP","floor":37.0},{"not_picked":["Twin Strike+1","Pommel Strike"],"picked":"Uppercut","floor":40.0},{"not_picked":["Metallicize","Inflame+1","Flex+1"],"picked":"SKIP","floor":42}],"player_experience":2812216,"relics_obtained":[{"floor":8.0,"key":"StoneCalendar"},{"floor":9.0,"key":"CaptainsWheel"},{"floor":11.0,"key":"Boot"},{"floor":26.0,"key":"Paper Frog"},{"floor":27.0,"key":"Art of War"},{"floor":30.0,"key":"Juzu Bracelet"},{"floor":40.0,"key":"Potion Belt"},{"floor":43,"key":"Bag of Preparation"}],"event_choices":[{"damage_healed":0.0,"max_hp_gain":0.0,"max_hp_loss":0.0,"gold_gain":75.0,"event_name":"World of Goop","player_choice":"Gather Gold","floor":2.0,"gold_loss":0.0,"damage_taken":11.0},{"damage_healed":25.0,"max_hp_gain":0.0,"max_hp_loss":0.0,"gold_gain":0.0,"event_name":"Big Fish","player_choice":"Banana","floor":4.0,"gold_loss":0.0,"damage_taken":0.0},{"damage_healed":0.0,"max_hp_gain":0.0,"max_hp_loss":0.0,"gold_gain":0.0,"event_name":"Shining Light","player_choice":"Entered Light","floor":7.0,"gold_loss":0.0,"damage_taken":23.0,"cards_upgraded":["True Grit","Defend_R"]},{"cards_removed":["Strike_R"],"damage_healed":0.0,"max_hp_gain":0.0,"max_hp_loss":0.0,"gold_gain":0.0,"event_name":"Golden Wing","player_choice":"Card Removal","floor":13.0,"gold_loss":0.0,"damage_taken":7.0},{"damage_healed":0.0,"max_hp_gain":0.0,"max_hp_loss":0.0,"gold_gain":0.0,"event_name":"Accursed Blacksmith","player_choice":"Forge","floor":14.0,"gold_loss":0.0,"damage_taken":0.0,"cards_upgraded":["Rupture"]},{"damage_healed":0.0,"max_hp_gain":0.0,"max_hp_loss":0.0,"gold_gain":0.0,"event_name":"Nest","player_choice":"Joined the Cult","floor":21.0,"gold_loss":0.0,"damage_taken":6.0,"cards_obtained":["RitualDagger"]},{"cards_removed":["Hemokinesis"],"damage_healed":65.0,"max_hp_gain":0.0,"max_hp_loss":0.0,"gold_gain":0.0,"event_name":"Bonfire Elementals","player_choice":"Offered Uncommon","floor":22.0,"gold_loss":0.0,"damage_taken":0.0},{"damage_healed":0.0,"max_hp_gain":0.0,"max_hp_loss":0.0,"gold_gain":0.0,"event_name":"Forgotten Altar","player_choice":"Smashed Altar","floor":31.0,"gold_loss":0.0,"damage_taken":0.0,"cards_obtained":["Decay"]},{"damage_healed":0.0,"max_hp_gain":0.0,"max_hp_loss":0.0,"gold_gain":0.0,"event_name":"Tomb of Lord Red Mask","player_choice":"Ignored","floor":36.0,"gold_loss":0.0,"damage_taken":0.0},{"damage_healed":0.0,"max_hp_gain":0.0,"max_hp_loss":0.0,"gold_gain":0.0,"event_name":"Lab","player_choice":"Got Potions","floor":39.0,"gold_loss":0.0,"damage_taken":0.0}],"is_beta":false,"boss_relics":[{"not_picked":["Pandora\u0027s Box","Black Star"],"picked":"Runic Pyramid"},{"not_picked":["Tiny House","Busted Crown"],"picked":"Velvet Choker"}],"items_purged_floors":[25],"is_endless":false,"potions_floor_spawned":[3,8,19,20,28,33,40],"killed_by":"Sphere and 2 Shapes","ascension_level":20}}