{"host":"l84l8xigz5v5foa2","time":1610289045,"event":{"mods":["2.2 Compatiblity","AchievementEnabler","BaseMod","Better Note","Better Vampires","Card Filter","Colored Map","DeckTracker","Downfall","Gremlin Skip","Highlight Path","Keyboard Shortcuts","Minty Spire (QoL Compilation)","Permanent Neow","Quick Restart","Relic Filter","Relic Stats","StSLib","SuperFastMode","Transform Curses","Unknown Chances"],"gold_per_floor":[99,111,121,131,208,219,270,270,122,133,133,133,150,150,167,240,240,240,258,258,258,277,277,277,277,277,277,288,94,94,114,131,208,208,208,224,352,377,431,356,434,434,434,454,485,485,335,369,383,383,383,408,93,93,93],"floor_reached":56,"playtime":4431,"items_purged":["Guardian:Strike_Guardian","Guardian:Strike_Guardian","Guardian:Strike_Guardian","Guardian:Defend_Guardian"],"score":2165,"play_id":"6c3cf615-7138-49ad-a514-2d08ac58c9e4","local_time":"20210110233045","is_ascension_mode":true,"campfire_choices":[{"data":"Guardian:TwinSlam","floor":1.0,"key":"SMITH"},{"data":"Guardian:Preprogram","floor":8.0,"key":"SMITH"},{"data":"Guardian:MultiBeam","floor":11.0,"key":"SMITH"},{"data":"Guardian:Suspension","floor":18.0,"key":"SMITH"},{"data":"Guardian:CurlUp","floor":23.0,"key":"SMITH"},{"data":"Guardian:PiercingHide","floor":25.0,"key":"SMITH"},{"data":"Guardian:TemporalShield","floor":30.0,"key":"SMITH"},{"data":"Guardian:Planning","floor":35.0,"key":"SMITH"},{"floor":40.0,"key":"RECALL"},{"data":"Guardian:EvasiveProtocol","floor":47.0,"key":"SMITH"},{"data":"expansioncontent:CaCaw","floor":54,"key":"SMITH"}],"circlet_count":0,"master_deck":["AscendersBane","Guardian:Defend_Guardian","Guardian:Defend_Guardian","Guardian:Defend_Guardian","Guardian:CurlUp+1","Guardian:TwinSlam+1","Guardian:FastForward+1","Guardian:PiercingHide+1","Guardian:Preprogram+1","Guardian:MultiBeam+1","Guardian:Incinerate","Guardian:Recover","Guardian:Suspension+1","Guardian:PrimingBeam","Guardian:GemFinder","Guardian:TemporalShield+1","Guardian:Planning+1","Guardian:EvasiveProtocol+1","Guardian:Recover","Guardian:PrimingBeam","Guardian:CrystalBeam","expansioncontent:CaCaw+1","Guardian:Recover"],"relics":["Guardian:ModeShifter","HornCleat","Guardian:PickAxe","expansioncontent:StudyCardRelic","Pear","Busted Crown","Thread and Needle","Ginger","downfall:HeartBlessingBlue","White Beast Statue","Gambling Chip","downfall:HeartBlessingRed","downfall:HeartBlessingGreen","Nunchaku","Mummified Hand","Lee\u0027s Waffle"],"acts_visited":["TheCity","TheBeyond","TheEnding"],"potions_floor_usage":[55,55],"damage_taken":[{"damage":0.0,"enemies":"Cultist","floor":2.0,"turns":3.0},{"damage":0.0,"enemies":"2 Louse","floor":3.0,"turns":2.0},{"damage":0.0,"enemies":"Small Slimes","floor":4.0,"turns":4.0},{"damage":0.0,"enemies":"Red Slaver","floor":6.0,"turns":3.0},{"damage":0.0,"enemies":"downfall:FleeingMerchant","floor":9.0,"turns":4.0},{"damage":0.0,"enemies":"3 Louse","floor":10.0,"turns":1.0},{"damage":4.0,"enemies":"Red Slaver","floor":13.0,"turns":3.0},{"damage":0.0,"enemies":"Red Slaver","floor":14.0,"turns":3.0},{"damage":1.0,"enemies":"Large Slime","floor":15.0,"turns":7.0},{"damage":16.0,"enemies":"downfall:Silent","floor":16.0,"turns":8.0},{"damage":2.0,"enemies":"3 Byrds","floor":19.0,"turns":4.0},{"damage":0.0,"enemies":"Chosen","floor":22.0,"turns":3.0},{"damage":18.0,"enemies":"Centurion and Healer","floor":28.0,"turns":5.0},{"damage":0.0,"enemies":"downfall:FleeingMerchant","floor":29.0,"turns":4.0},{"damage":18.0,"enemies":"Snecko","floor":31.0,"turns":4.0},{"damage":5.0,"enemies":"Shelled Parasite and Fungi","floor":32.0,"turns":4.0},{"damage":8.0,"enemies":"downfall:Defect","floor":33.0,"turns":7.0},{"damage":0.0,"enemies":"3 Shapes","floor":36.0,"turns":2.0},{"damage":0.0,"enemies":"downfall:FleeingMerchant","floor":37.0,"turns":4.0},{"damage":0.0,"enemies":"Mind Bloom Boss Battle","floor":38.0,"turns":5.0},{"damage":0.0,"enemies":"2 Orb Walkers","floor":39.0,"turns":5.0},{"damage":0.0,"enemies":"Orb Walker","floor":44.0,"turns":3.0},{"damage":1.0,"enemies":"Reptomancer","floor":45.0,"turns":3.0},{"damage":6.0,"enemies":"Nemesis","floor":48.0,"turns":3.0},{"damage":0.0,"enemies":"3 Darklings","floor":49.0,"turns":3.0},{"damage":15.0,"enemies":"downfall:Ironclad","floor":50.0,"turns":12.0},{"damage":19,"enemies":"downfall:CharBossMerchant","floor":52,"turns":8},{"damage":4,"enemies":"downfall:NeowBoss","floor":55,"turns":19}],"seed_played":"-3508472260492330676","potions_obtained":[{"floor":10.0,"key":"CultistPotion"},{"floor":13.0,"key":"Swift Potion"},{"floor":15.0,"key":"Ancient Potion"},{"floor":28.0,"key":"hexamod:EctoCoolerPotion"},{"floor":31.0,"key":"DistilledChaos"},{"floor":33.0,"key":"Explosive Potion"},{"floor":38.0,"key":"PowerPotion"},{"floor":39.0,"key":"DistilledChaos"},{"floor":45.0,"key":"LiquidMemories"}],"is_trial":false,"path_per_floor":["R","M","M","M","T","M","T","R","$","M","R","?","M","?","M","B",null,"R","M","?","?","M","R","T","R","?","?","M","$","R","M","M","B",null,"R","M","$","?","?","R","T","?","?","M","E","?","R","E","M","B",null,"E","$","R","B",null],"character_chosen":"GUARDIAN","items_purchased":["Guardian:Incinerate","Guardian:EvasiveProtocol","Guardian:SentryBeam","Lee\u0027s Waffle"],"campfire_rested":0,"item_purchase_floors":[9,29,37,53],"current_hp_per_floor":[65,65,65,65,65,65,65,65,65,65,65,65,61,61,60,44,65,65,63,63,63,63,63,73,73,73,73,55,55,55,37,32,24,68,68,68,68,68,68,78,78,68,68,68,67,67,67,61,61,46,81,62,99,99,95],"gold":93,"neow_bonus":"ONE_RANDOM_RARE_CARD","is_daily":false,"chose_seed":false,"campfire_upgraded":10,"win_rate":0.0,"timestamp":1610289045,"path_taken":["R","M","M","M","?","M","T","R","?","?","R","?","M","?","M","BOSS","R","M","?","?","?","R","T","R","?","?","?","$","R","M","M","BOSS","R","M","$","?","?","R","T","?","?","?","E","?","R","E","M","BOSS","E","$","R","BOSS"],"items_purchased_type":["Card","Card","Card","Relic"],"build_version":"2020-12-22","purchased_purges":4,"victory":true,"max_hp_per_floor":[72,72,72,72,72,72,72,72,72,72,72,72,72,72,72,72,72,72,72,72,72,72,72,82,82,82,82,82,82,82,82,82,82,82,82,82,82,82,82,92,92,92,92,92,92,92,92,92,92,92,92,92,99,99,99],"relic_stats":{"Nunchaku":[10],"Lee\u0027s Waffle":37,"Busted Crown":40,"counters":[28,136],"Mummified Hand":[6],"Gambling Chip":[11],"Ginger":[10],"obtain_stats":[{"Lee\u0027s Waffle":53,"Pear":24,"downfall:HeartBlessingRed":47,"Guardian:ModeShifter":0,"Thread and Needle":38,"downfall:HeartBlessingGreen":47,"expansioncontent:StudyCardRelic":17,"Ginger":39,"White Beast Statue":41,"Guardian:PickAxe":14,"Nunchaku":48,"HornCleat":5,"Busted Crown":34,"downfall:HeartBlessingBlue":40,"Mummified Hand":52,"Gambling Chip":45},{"Lee\u0027s Waffle":27,"Pear":12,"downfall:HeartBlessingRed":23,"Guardian:ModeShifter":0,"Thread and Needle":20,"downfall:HeartBlessingGreen":23,"expansioncontent:StudyCardRelic":10,"Ginger":21,"White Beast Statue":21,"Guardian:PickAxe":8,"Nunchaku":24,"HornCleat":3,"Busted Crown":17,"downfall:HeartBlessingBlue":21,"Mummified Hand":27,"Gambling Chip":23},{"Lee\u0027s Waffle":117,"Pear":45,"downfall:HeartBlessingRed":91,"Guardian:ModeShifter":0,"Thread and Needle":80,"downfall:HeartBlessingGreen":91,"expansioncontent:StudyCardRelic":38,"Ginger":85,"White Beast Statue":85,"Guardian:PickAxe":23,"Nunchaku":94,"HornCleat":9,"Busted Crown":69,"downfall:HeartBlessingBlue":85,"Mummified Hand":117,"Gambling Chip":91}]},"card_choices":[{"not_picked":["Guardian:CrystalBeam","Guardian:PrismaticBeam"],"picked":"Guardian:PiercingHide","floor":2.0},{"not_picked":["Guardian:Gem_Blue","Guardian:RollAttack"],"picked":"Guardian:Gem_Crimson","floor":3.0},{"not_picked":["Guardian:TemporalStrike","Guardian:Gem_Red","Guardian:Clone"],"picked":"SKIP","floor":4.0},{"not_picked":["Guardian:Clone","Guardian:SentryBeam"],"picked":"Guardian:Preprogram","floor":6.0},{"not_picked":["Guardian:RefractedBeam","Guardian:GatlingBeam"],"picked":"Guardian:MultiBeam","floor":9.0},{"not_picked":["Guardian:CrystalBeam","Guardian:Gem_Blue"],"picked":"Guardian:Recover","floor":10.0},{"not_picked":["Guardian:Gem_Crimson","Guardian:TemporalShield"],"picked":"Guardian:Suspension","floor":13.0},{"not_picked":["Guardian:GuardianWhirl","Guardian:Recover"],"picked":"Guardian:PrimingBeam","floor":15.0},{"not_picked":["Guardian:TimeSifter","Guardian:StasisStrike"],"picked":"Guardian:GemFinder","floor":16.0},{"not_picked":["Guardian:Reroute","Guardian:BronzeOrb"],"picked":"Guardian:Gem_White","floor":19.0},{"not_picked":["Guardian:Gem_Green","Guardian:Gem_Red"],"picked":"Guardian:Gem_Cyan","floor":19.0},{"not_picked":["Guardian:CrystalBeam","Guardian:TimeCapacitor"],"picked":"Guardian:Gem_Fragmented","floor":22.0},{"not_picked":["Guardian:Preprogram+1","Guardian:SphericShield"],"picked":"Guardian:TemporalShield","floor":28.0},{"not_picked":["Guardian:Orbwalk","Guardian:Emergency"],"picked":"Guardian:Planning","floor":29.0},{"not_picked":["Guardian:Gem_Green","Guardian:Gem_Lightblue"],"picked":"Guardian:Gem_Cyan","floor":31.0},{"not_picked":["Guardian:RefractedBeam","Guardian:ChargeCore"],"picked":"Guardian:Recover","floor":31.0},{"not_picked":["Guardian:Planning+1","Guardian:Preprogram"],"picked":"Guardian:PrimingBeam","floor":32.0},{"not_picked":["Guardian:TimeSifter","Guardian:GemFinder"],"picked":"Guardian:Gem_Orange","floor":33.0},{"not_picked":[],"picked":"Guardian:CrystalBeam","floor":36.0},{"not_picked":["Guardian:TemporalShield"],"picked":"SKIP","floor":37.0},{"not_picked":[],"picked":"expansioncontent:CaCaw","floor":42.0},{"not_picked":["Guardian:Gem_Cyan"],"picked":"SKIP","floor":44.0},{"not_picked":["Guardian:Gem_Cyan"],"picked":"SKIP","floor":45.0},{"not_picked":["Guardian:Gem_Cyan"],"picked":"SKIP","floor":45.0},{"not_picked":[],"picked":"Guardian:Recover","floor":48.0},{"not_picked":["Guardian:Gem_Purple"],"picked":"SKIP","floor":52}],"player_experience":3062980,"relics_obtained":[{"floor":5.0,"key":"HornCleat"},{"floor":24.0,"key":"Pear"},{"floor":38.0,"key":"Thread and Needle"},{"floor":39.0,"key":"Ginger"},{"floor":41.0,"key":"White Beast Statue"},{"floor":45.0,"key":"Gambling Chip"},{"floor":48.0,"key":"Nunchaku"},{"floor":52,"key":"Mummified Hand"}],"event_choices":[{"damage_healed":0.0,"max_hp_gain":0.0,"max_hp_loss":0.0,"gold_gain":0.0,"event_name":"Upgrade Shrine","player_choice":"Upgraded","floor":27.0,"gold_loss":0.0,"damage_taken":0.0,"cards_upgraded":["Guardian:FastForward"]},{"damage_healed":0.0,"max_hp_gain":0.0,"max_hp_loss":0.0,"gold_gain":0.0,"event_name":"Mysterious Sphere","player_choice":"Fight","floor":39.0,"gold_loss":0.0,"damage_taken":0.0},{"cards_removed":["Guardian:SentryBeam"],"damage_healed":0.0,"max_hp_gain":0.0,"max_hp_loss":0.0,"gold_gain":0.0,"event_name":"Falling","player_choice":"Removed Attack","floor":46.0,"gold_loss":0.0,"damage_taken":0.0}],"is_beta":false,"boss_relics":[{"not_picked":["Sozu","sneckomod:SneckoTalon"],"picked":"expansioncontent:StudyCardRelic"},{"not_picked":["Calling Bell","Runic Pyramid"],"picked":"Busted Crown"}],"items_purged_floors":[9,29,37,53],"is_endless":false,"potions_floor_spawned":[10,13,14,15,28,31,33,38,39,44,45,48,49,52],"ascension_level":20}}