{"host":"qhhcmep1unj6mpf7","time":1610254440,"event":{"mods":["2.2 Compatiblity","AchievementEnabler","BaseMod","Colored Map","DeckTracker","Highlight Path","Keyboard Shortcuts","Minty Spire (QoL Compilation)","Permanent Neow","Quick Restart","Random Character Button","StSLib","SuperFastMode","everything is the same but u backflip on backflip"],"gold_per_floor":[118,128,140,42,42,42,69,93,93,109,122,157,167,183,183,183,183],"floor_reached":16,"playtime":1776,"items_purged":["Strike_R"],"score":194,"play_id":"39c5a016-b78b-4e52-a4cb-32744d0c8d40","local_time":"20210110135400","is_ascension_mode":true,"campfire_choices":[{"data":"Body Slam","floor":6.0,"key":"SMITH"},{"data":"True Grit","floor":15.0,"key":"SMITH"}],"circlet_count":0,"master_deck":["AscendersBane","Strike_R","Strike_R","Strike_R","Strike_R","Defend_R","Defend_R","Defend_R","Defend_R","Bash","Wild Strike","Feel No Pain","Seeing Red","Body Slam+1","Sentinel","Spot Weakness","Power Through","True Grit+1","Heavy Blade"],"relics":["Burning Blood","Vajra","Anchor","Happy Flower","Omamori"],"acts_visited":["Exordium"],"potions_floor_usage":[16,16],"damage_taken":[{"damage":11.0,"enemies":"Jaw Worm","floor":1.0,"turns":4.0},{"damage":5.0,"enemies":"Cultist","floor":2.0,"turns":4.0},{"damage":1.0,"enemies":"2 Louse","floor":3.0,"turns":2.0},{"damage":38.0,"enemies":"Gremlin Nob","floor":7.0,"turns":5.0},{"damage":16.0,"enemies":"Exordium Thugs","floor":10.0,"turns":6.0},{"damage":13.0,"enemies":"Red Slaver","floor":11.0,"turns":5.0},{"damage":12.0,"enemies":"Lagavulin","floor":12.0,"turns":7.0},{"damage":1.0,"enemies":"Looter","floor":13.0,"turns":3.0},{"damage":0.0,"enemies":"Blue Slaver","floor":14.0,"turns":5.0},{"damage":32,"enemies":"Slime Boss","floor":16,"turns":15}],"seed_played":"-7268353249055672382","potions_obtained":[{"floor":2.0,"key":"DuplicationPotion"},{"floor":3.0,"key":"GamblersBrew"},{"floor":7.0,"key":"Dexterity Potion"},{"floor":13.0,"key":"DuplicationPotion"}],"is_trial":false,"path_per_floor":["M","M","M","$","?","R","E","T","T","M","M","E","M","M","R","B"],"character_chosen":"IRONCLAD","items_purchased":["Body Slam"],"campfire_rested":0,"item_purchase_floors":[4],"current_hp_per_floor":[63,64,69,69,74,74,42,42,42,32,25,19,24,30,30,0,0],"gold":183,"neow_bonus":"RANDOM_COMMON_RELIC","is_daily":false,"chose_seed":false,"campfire_upgraded":2,"win_rate":0.0,"timestamp":1610254440,"path_taken":["M","M","M","$","?","R","E","?","T","M","M","E","?","M","R","BOSS"],"items_purchased_type":["Card"],"build_version":"2020-12-22","purchased_purges":1,"victory":false,"max_hp_per_floor":[75,75,75,75,80,80,80,80,80,80,80,80,80,80,80,80,80],"card_choices":[{"not_picked":["True Grit","Hemokinesis"],"picked":"Wild Strike","floor":1.0},{"not_picked":["Shrug It Off","Bloodletting"],"picked":"Feel No Pain","floor":2.0},{"not_picked":["Blood for Blood","Bludgeon"],"picked":"Seeing Red","floor":3.0},{"not_picked":["Perfected Strike","Wild Strike"],"picked":"Sentinel","floor":7.0},{"not_picked":["Dropkick","Ghostly Armor"],"picked":"Spot Weakness","floor":10.0},{"not_picked":["Ghostly Armor","Blood for Blood"],"picked":"Power Through","floor":11.0},{"not_picked":["Cleave","Anger","Rupture"],"picked":"SKIP","floor":12.0},{"not_picked":["Wild Strike","Havoc"],"picked":"True Grit","floor":13.0},{"not_picked":["Immolate","Blood for Blood"],"picked":"Heavy Blade","floor":14.0}],"player_experience":338933,"relics_obtained":[{"floor":7.0,"key":"Anchor"},{"floor":8.0,"key":"Happy Flower"},{"floor":12.0,"key":"Omamori"}],"event_choices":[{"damage_healed":0.0,"max_hp_gain":5.0,"max_hp_loss":0.0,"gold_gain":0.0,"event_name":"Big Fish","player_choice":"Donut","floor":5.0,"gold_loss":0.0,"damage_taken":0.0}],"is_beta":false,"boss_relics":[],"items_purged_floors":[4],"is_endless":false,"potions_floor_spawned":[2,3,7,10,13],"killed_by":"Slime Boss","ascension_level":14}}