{"host":"d6jawvx8x8ludskp","time":1610250437,"event":{"mods":["BaseMod","Colored Map","Colored Powertips","DeckTracker","Minty Spire (QoL Compilation)"],"gold_per_floor":[113,129,141,161,180,207,220,220,220,230,294,329,346,149,149,244,244,264,26,26,26,45,45,79,96,122,122,122,122,138,166,166,266,266,277,293,343,98,98,124,124,124,124,124,124,147,147,247,247,247],"floor_reached":51,"playtime":3164,"items_purged":[],"score":778,"play_id":"834580f1-ca76-435a-a6f9-d9273cd7b6cd","local_time":"20210110004717","is_ascension_mode":false,"campfire_choices":[{"floor":15,"key":"REST"},{"data":"Armaments","floor":23,"key":"SMITH"},{"data":"Perfected Strike","floor":32,"key":"SMITH"},{"floor":41,"key":"REST"},{"floor":42,"key":"REST"},{"floor":49,"key":"REST"}],"circlet_count":0,"master_deck":["Strike_R+1","Strike_R+1","Strike_R+1","Strike_R+1","Strike_R+1","Defend_R+1","Defend_R+1","Defend_R+1","Defend_R+1","Bash","Perfected Strike+1","Cleave","Shrug It Off+1","Armaments+1","Uppercut","Thunderclap","Infernal Blade","Thunderclap","Cleave","Secret Weapon","Impervious","CurseOfTheBell","Cleave+1","Twin Strike+1","Combust","Shame","Cleave","Iron Wave","Anger","Clothesline+1","Seeing Red+1","Demon Form","Headbutt+1","Armaments+1","Intimidate+1","Headbutt","Spot Weakness","Perfected Strike+1","Panache","Finesse","HandOfGreed"],"relics":["Burning Blood","CaptainsWheel","Oddly Smooth Stone","Bottled Lightning","PreservedInsect","Happy Flower","Calling Bell","Juzu Bracelet","InkBottle","Torii","Pen Nib","Lizard Tail","Strawberry","War Paint","Toy Ornithopter","Red Mask","Snecko Eye","WingedGreaves","Bronze Scales","Bag of Preparation","Gambling Chip","Ancient Tea Set"],"acts_visited":["Exordium","TheCity","TheBeyond"],"potions_floor_usage":[7,11,11,12,12,12,13,33,33,33,50,50],"damage_taken":[{"damage":0,"enemies":"Cultist","floor":1,"turns":4},{"damage":6,"enemies":"Jaw Worm","floor":2,"turns":2},{"damage":0,"enemies":"Small Slimes","floor":3,"turns":2},{"damage":6,"enemies":"3 Louse","floor":4,"turns":2},{"damage":11,"enemies":"Lots of Slimes","floor":5,"turns":4},{"damage":38,"enemies":"Lagavulin","floor":6,"turns":7},{"damage":0,"enemies":"2 Fungi Beasts","floor":7,"turns":3},{"damage":8,"enemies":"Large Slime","floor":10,"turns":4},{"damage":21,"enemies":"3 Sentries","floor":11,"turns":6},{"damage":0,"enemies":"Gremlin Nob","floor":12,"turns":2},{"damage":4,"enemies":"Looter","floor":13,"turns":2},{"damage":33,"enemies":"Hexaghost","floor":16,"turns":10},{"damage":16,"enemies":"Shell Parasite","floor":18,"turns":9},{"damage":3,"enemies":"Spheric Guardian","floor":22,"turns":4},{"damage":2,"enemies":"Book of Stabbing","floor":24,"turns":4},{"damage":12,"enemies":"Snecko","floor":25,"turns":5},{"damage":2,"enemies":"Sentry and Sphere","floor":30,"turns":4},{"damage":1,"enemies":"Masked Bandits","floor":31,"turns":2},{"damage":81,"enemies":"Collector","floor":33,"turns":8},{"damage":9,"enemies":"3 Shapes","floor":35,"turns":2},{"damage":0,"enemies":"Orb Walker","floor":36,"turns":3},{"damage":65,"enemies":"2 Orb Walkers","floor":37,"turns":7},{"damage":37,"enemies":"Reptomancer","floor":40,"turns":5},{"damage":74,"enemies":"Donu and Deca","floor":50,"turns":7}],"seed_played":"-7316962657941607640","potions_obtained":[{"floor":2,"key":"Block Potion"},{"floor":3,"key":"EntropicBrew"},{"floor":6,"key":"Weak Potion"},{"floor":13,"key":"Fruit Juice"},{"floor":16,"key":"ColorlessPotion"},{"floor":18,"key":"Strength Potion"},{"floor":30,"key":"SkillPotion"},{"floor":31,"key":"Strength Potion"},{"floor":33,"key":"FairyPotion"},{"floor":36,"key":"DistilledChaos"},{"floor":37,"key":"ElixirPotion"},{"floor":40,"key":"SpeedPotion"}],"is_trial":false,"path_per_floor":["M","M","M","M","M","E","M","?","T","M","?","E","M","$","R","B",null,"M","$","?","?","M","R","E","M","T","?","?","?","M","?","R","B",null,"M","M","?","$","?","E","R","R","T","?","?","T","?","?","R","B",null],"character_chosen":"IRONCLAD","items_purchased":["Secret Weapon","Twin Strike","Combust","Pen Nib","Bronze Scales","Headbutt","Metallicize"],"campfire_rested":4,"item_purchase_floors":[14,19,19,19,38,38,38],"current_hp_per_floor":[72,72,72,72,67,35,41,34,34,32,17,23,30,30,53,26,77,67,67,67,67,70,70,81,75,75,75,75,75,79,84,84,14,84,81,84,25,25,25,22,47,72,72,72,72,72,62,62,80,12],"gold":247,"neow_bonus":"ONE_RARE_RELIC","is_daily":false,"chose_seed":false,"campfire_upgraded":2,"win_rate":0.0,"timestamp":1610250437,"path_taken":["M","M","M","M","?","E","M","?","T","?","?","E","M","$","R","BOSS","M","$","?","?","M","R","E","M","T","?","?","?","M","?","R","BOSS","M","M","?","$","?","E","R","R","T","?","?","?","?","?","R","BOSS"],"items_purchased_type":["Card","Card","Card","Relic","Relic","Card","Card"],"build_version":"2020-12-22","purchased_purges":0,"victory":true,"max_hp_per_floor":[72,72,72,72,72,72,72,72,72,72,72,72,77,77,77,77,77,77,77,77,77,77,77,84,84,84,84,84,84,84,84,84,84,84,84,84,84,84,84,84,84,84,84,80,80,80,80,80,80,80],"card_choices":[{"not_picked":["Hemokinesis","True Grit"],"picked":"Clash","floor":1},{"not_picked":["Ghostly Armor","Bloodletting"],"picked":"Perfected Strike","floor":2},{"not_picked":["Sword Boomerang","Body Slam"],"picked":"Cleave","floor":3},{"not_picked":["Thunderclap","Sword Boomerang"],"picked":"Shrug It Off","floor":4},{"not_picked":["Clothesline","Flame Barrier"],"picked":"Armaments","floor":5},{"not_picked":["Blood for Blood","Uppercut"],"picked":"Clash","floor":6},{"not_picked":["Anger","Disarm"],"picked":"Uppercut","floor":7},{"not_picked":["Headbutt","Dropkick"],"picked":"Thunderclap","floor":10},{"not_picked":["Warcry","Second Wind"],"picked":"Infernal Blade","floor":11},{"not_picked":["Shockwave","Limit Break"],"picked":"Thunderclap","floor":12},{"not_picked":["Pommel Strike","Sever Soul"],"picked":"Cleave","floor":13},{"not_picked":["Corruption","Demon Form"],"picked":"Impervious","floor":16},{"not_picked":["Pummel+1","Perfected Strike"],"picked":"Cleave+1","floor":18},{"not_picked":["Clothesline","Shrug It Off"],"picked":"Cleave","floor":22},{"not_picked":["Cleave","Limit Break"],"picked":"Iron Wave","floor":24},{"not_picked":["Heavy Blade","Hemokinesis"],"picked":"Anger","floor":25},{"not_picked":["Bloodletting+1","Entrench+1"],"picked":"Clothesline+1","floor":30},{"not_picked":["Blood for Blood","Body Slam"],"picked":"Seeing Red+1","floor":31},{"not_picked":["Fiend Fire","Offering"],"picked":"Demon Form","floor":33},{"not_picked":["Infernal Blade","Burning Pact"],"picked":"Headbutt+1","floor":35},{"not_picked":["Seeing Red","Clothesline+1"],"picked":"Armaments+1","floor":36},{"not_picked":["Pummel","Fire Breathing"],"picked":"Intimidate+1","floor":37},{"not_picked":["Burning Pact+1","Bludgeon"],"picked":"Perfected Strike+1","floor":40},{"not_picked":["Master of Strategy","Flash of Steel"],"picked":"Panache","floor":47},{"not_picked":["Enlightenment","Violence"],"picked":"Finesse","floor":47},{"not_picked":["Trip","Good Instincts"],"picked":"HandOfGreed","floor":47}],"player_experience":9789,"relics_obtained":[{"floor":6,"key":"Oddly Smooth Stone"},{"floor":9,"key":"Bottled Lightning"},{"floor":11,"key":"PreservedInsect"},{"floor":12,"key":"Happy Flower"},{"floor":17,"key":"Juzu Bracelet"},{"floor":17,"key":"InkBottle"},{"floor":17,"key":"Torii"},{"floor":24,"key":"Strawberry"},{"floor":26,"key":"War Paint"},{"floor":31,"key":"Red Mask"},{"floor":37,"key":"WingedGreaves"},{"floor":40,"key":"Bag of Preparation"},{"floor":43,"key":"Gambling Chip"},{"floor":46,"key":"Ancient Tea Set"}],"event_choices":[{"damage_healed":0,"gold_gain":0,"player_choice":"Damaged","damage_taken":7,"max_hp_gain":0,"max_hp_loss":0,"event_name":"Wheel of Change","floor":8,"gold_loss":0},{"damage_healed":0,"gold_gain":30,"player_choice":"Searched \u00273\u0027 times","damage_taken":0,"max_hp_gain":0,"max_hp_loss":0,"event_name":"Dead Adventurer","floor":11,"gold_loss":0},{"damage_healed":0,"gold_gain":0,"player_choice":"Forge","damage_taken":0,"max_hp_gain":0,"max_hp_loss":0,"event_name":"Accursed Blacksmith","floor":20,"gold_loss":0,"cards_upgraded":["Twin Strike"]},{"damage_healed":0,"gold_gain":0,"player_choice":"Stole Relic","damage_taken":0,"relics_obtained":["Lizard Tail"],"max_hp_gain":0,"max_hp_loss":0,"event_name":"Addict","floor":21,"gold_loss":0,"cards_obtained":["Shame"]},{"damage_healed":0,"gold_gain":0,"player_choice":"Simplicity","damage_taken":0,"max_hp_gain":0,"max_hp_loss":0,"event_name":"Back to Basics","floor":27,"gold_loss":0,"cards_upgraded":["Strike_R","Strike_R","Strike_R","Strike_R","Strike_R","Defend_R","Defend_R","Defend_R"]},{"cards_removed":["Clash"],"damage_healed":0,"gold_gain":0,"player_choice":"Gave Card","damage_taken":0,"relics_obtained":["Toy Ornithopter"],"max_hp_gain":0,"max_hp_loss":0,"event_name":"WeMeetAgain","floor":28,"gold_loss":0},{"damage_healed":0,"gold_gain":0,"player_choice":"Ignored","damage_taken":0,"max_hp_gain":0,"max_hp_loss":0,"event_name":"Vampires","floor":29,"gold_loss":0},{"damage_healed":0,"gold_gain":0,"player_choice":"Fought Bandits","damage_taken":0,"max_hp_gain":0,"max_hp_loss":0,"event_name":"Masked Bandits","floor":31,"gold_loss":0},{"damage_healed":0,"gold_gain":0,"player_choice":"Fight","damage_taken":0,"max_hp_gain":0,"max_hp_loss":0,"event_name":"Mysterious Sphere","floor":37,"gold_loss":0},{"damage_healed":0,"gold_gain":0,"cards_transformed":["Clash"],"player_choice":"Transformed","damage_taken":0,"max_hp_gain":0,"max_hp_loss":0,"event_name":"Transmorgrifier","floor":39,"gold_loss":0,"cards_obtained":["Spot Weakness"]},{"damage_healed":0,"gold_gain":0,"player_choice":"Max HP","damage_taken":0,"max_hp_gain":0,"max_hp_loss":4,"event_name":"Winding Halls","floor":44,"gold_loss":0},{"cards_removed":["Metallicize"],"damage_healed":0,"gold_gain":0,"player_choice":"Removed Power","damage_taken":0,"max_hp_gain":0,"max_hp_loss":0,"event_name":"Falling","floor":45,"gold_loss":0},{"damage_healed":0,"gold_gain":0,"player_choice":"Memory 3","damage_taken":10,"max_hp_gain":0,"max_hp_loss":0,"event_name":"SensoryStone","floor":47,"gold_loss":0},{"damage_healed":0,"gold_gain":100,"player_choice":"Pray","damage_taken":0,"max_hp_gain":0,"max_hp_loss":0,"event_name":"Golden Shrine","floor":48,"gold_loss":0}],"is_beta":false,"boss_relics":[{"not_picked":["Black Blood","Runic Cube"],"picked":"Calling Bell"},{"not_picked":["Mark of Pain","SacredBark"],"picked":"Snecko Eye"}],"items_purged_floors":[],"is_endless":false,"potions_floor_spawned":[2,3,6,13,16,18,30,31,33,36,37,40],"ascension_level":0}}