{"host":"Connor","time":1610320248,"event":{"mods":["Aspiration","BaseMod","Downfall","Hubris","Marisa????????","Minty Spire (QoL Compilation)","Replay The Spire","StSLib","The Cursed","The Jungle","The Servant 0.9.4"],"gold_per_floor":[117,130,30,50,50,80,93,123,123,139,139,38,68,86,86,163,163,182,232,246,266,282,282,308,308,308,319,24,24,34,50,50,129,129,149,160,179,179,179],"floor_reached":38,"playtime":1649,"items_purged":["Strike_R","Strike_R"],"score":707,"play_id":"29a48584-7445-4c65-bdb3-e6a33e2185a9","local_time":"20210110151048","is_ascension_mode":true,"campfire_choices":[{"floor":11,"key":"RECALL"},{"floor":23,"key":"REST"},{"floor":25,"key":"REST"},{"data":"Shame","floor":32,"key":"PURGE"}],"circlet_count":0,"master_deck":["AscendersBane","Strike_R","Strike_R","Strike_R+1","Defend_R","Defend_R","Defend_R","Defend_R","Bash","True Grit","Clothesline","expansioncontent:PrepareCrush","Battle Trance","Flame Barrier+1","Clothesline","Uppercut","Iron Wave+1","Ghostly Armor","Armaments","Feed","Warcry+1","Pommel Strike+1","Redo+1","Rage","Power Through+1","Rebound+1","expansioncontent:DashGenerateEvil","Seeing Red","Armaments","AbeCurse","Demon Form","BootSequence","Storm","Conserve Battery"],"relics":["Burning Blood","NeowsBlessing","hubris:Icosahedron","Lizard Tail","hubris:AstralHammer","Matryoshka","aspiration:ChemicalBlood","aspiration:DefectSkillbook","Whetstone","hubris:ChampionShield","Orichalcum","Painkiller Herb"],"acts_visited":["Exordium","TheCity","TheBeyond"],"potions_floor_usage":[8,16,16,20,21,22,24,24,24,24,24,27,31,33,33,35,36,38,38,38],"damage_taken":[{"damage":0,"enemies":"2 Louse","floor":1,"turns":1},{"damage":0,"enemies":"Jaw Worm","floor":2,"turns":1},{"damage":0,"enemies":"Cultist","floor":4,"turns":1},{"damage":0,"enemies":"Gremlin Nob","floor":6,"turns":3},{"damage":0,"enemies":"2 Fungi Beasts","floor":7,"turns":4},{"damage":13,"enemies":"Lagavulin","floor":8,"turns":7},{"damage":8,"enemies":"Large Slime","floor":10,"turns":4},{"damage":10,"enemies":"3 Sentries","floor":13,"turns":7},{"damage":0,"enemies":"Looter","floor":14,"turns":2},{"damage":13,"enemies":"Hexaghost","floor":16,"turns":9},{"damage":16,"enemies":"2 Thieves","floor":18,"turns":5},{"damage":15,"enemies":"Shell Parasite","floor":20,"turns":4},{"damage":18,"enemies":"Snecko","floor":21,"turns":7},{"damage":23,"enemies":"3 Cultists","floor":22,"turns":5},{"damage":87,"enemies":"Gremlin Leader","floor":24,"turns":7},{"damage":11,"enemies":"Cultist and Chosen","floor":27,"turns":5},{"damage":0,"enemies":"Centurion and Healer","floor":30,"turns":7},{"damage":12,"enemies":"Snake Plant","floor":31,"turns":3},{"damage":4,"enemies":"Pondfish","floor":33,"turns":11},{"damage":36,"enemies":"3 Darklings","floor":35,"turns":11},{"damage":7,"enemies":"Orb Walker","floor":36,"turns":4},{"damage":16,"enemies":"Sphere and 2 Shapes","floor":37,"turns":6},{"damage":52,"enemies":"Orin","floor":38,"turns":6}],"seed_played":"3972546411600606359","potions_obtained":[{"floor":2,"key":"SteroidPotion"},{"floor":7,"key":"Languid Potion"},{"floor":10,"key":"GamblersBrew"},{"floor":14,"key":"Flashbang"},{"floor":16,"key":"Adrenaline Potion"},{"floor":20,"key":"Languid Potion"},{"floor":24,"key":"Explosive Potion"},{"floor":31,"key":"hexamod:EctoCoolerPotion"},{"floor":36,"key":"LiquidMemories"}],"is_trial":false,"path_per_floor":["M","M","$","M","?","E","M","E","T","M","R","$","E","M","R","B",null,"M","?","M","M","M","R","E","R","T","M","$","?","M","M","R","B",null,"?","?","?","?"],"character_chosen":"IRONCLAD","items_purchased":["expansioncontent:PrepareCrush","Iron Wave","expansioncontent:DashGenerateEvil"],"campfire_rested":2,"item_purchase_floors":[3,12,28],"current_hp_per_floor":[74,75,75,75,75,75,75,68,68,66,66,66,62,68,75,68,73,63,63,54,42,28,51,15,38,38,33,33,33,42,36,36,38,70,56,55,48,0,0],"gold":179,"neow_bonus":"THREE_ENEMY_KILL","is_daily":false,"chose_seed":false,"campfire_upgraded":0,"win_rate":0.0,"timestamp":1610320248,"path_taken":["M","M","$","M","?","E","M","E","T","M","R","$","E","M","R","BOSS","M","?","?","M","M","R","E","R","T","M","$","?","M","M","R","BOSS","?","?","?","?"],"items_purchased_type":["Card","Card","Card"],"build_version":"2020-12-18","purchased_purges":2,"victory":false,"max_hp_per_floor":[75,75,75,75,75,75,75,75,75,75,75,75,75,75,75,75,75,75,75,75,75,78,78,78,78,78,78,78,78,81,81,81,81,81,81,81,84,84,84],"card_choices":[{"not_picked":["Sword Boomerang","Hemokinesis"],"picked":"True Grit","floor":1},{"not_picked":["Hemokinesis","Warcry"],"picked":"Clothesline","floor":2},{"not_picked":["Combust","Entrench"],"picked":"Battle Trance","floor":4},{"not_picked":["Battle Trance","Anger"],"picked":"Flame Barrier","floor":6},{"not_picked":["Dark Embrace","Anger","Headbutt"],"picked":"SKIP","floor":7},{"not_picked":["Headbutt","Dropkick"],"picked":"Clothesline","floor":8},{"not_picked":["Perfected Strike","Intimidate"],"picked":"Uppercut","floor":10},{"not_picked":["Sword Boomerang","Intimidate"],"picked":"Ghostly Armor","floor":13},{"not_picked":["Warcry","Clash"],"picked":"Armaments","floor":14},{"not_picked":["Demonic Infusion","Impervious"],"picked":"Feed","floor":16},{"not_picked":["Headbutt","Auto Shields","Capacitor"],"picked":"Warcry+1","floor":18},{"not_picked":["Shrug It Off","hubris:ReadiedAction","Leap"],"picked":"Pommel Strike+1","floor":20},{"not_picked":["Sweeping Beam","Wild Strike","Thunderclap"],"picked":"Redo+1","floor":21},{"not_picked":["aspiration:Polymerization","Rebound","Dual Wield"],"picked":"Rage","floor":22},{"not_picked":["Pommel Strike","hubris:SpecializedCircuitry","Barrage"],"picked":"Power Through+1","floor":24},{"not_picked":["Steam","Power Through","Life Link"],"picked":"Rebound+1","floor":27},{"not_picked":["Headbutt","Armaments","Reckless Charge"],"picked":"Seeing Red","floor":30},{"not_picked":["Warcry","Replay:Undeath\u0027s Touch","ReplayReversal"],"picked":"Armaments","floor":31},{"not_picked":["Corruption","hubris:SpecializedCircuitry","Hemogenesis"],"picked":"Demon Form","floor":33},{"not_picked":["Twin Strike","Turbo","Sword Boomerang"],"picked":"BootSequence","floor":35},{"not_picked":["BootSequence","hubris:PowerSurge","Metallicize"],"picked":"Storm","floor":36},{"not_picked":["Scrape","hubris:ReadiedAction+1","Stack"],"picked":"Conserve Battery","floor":37}],"player_experience":599531,"relics_obtained":[{"floor":6,"key":"Lizard Tail"},{"floor":8,"key":"hubris:AstralHammer"},{"floor":9,"key":"Matryoshka"},{"floor":13,"key":"aspiration:ChemicalBlood"},{"floor":24,"key":"Whetstone"},{"floor":26,"key":"hubris:ChampionShield"}],"event_choices":[{"damage_healed":0,"gold_gain":50,"player_choice":"Pray","damage_taken":0,"max_hp_gain":0,"max_hp_loss":0,"event_name":"Golden Shrine","floor":19,"gold_loss":0},{"damage_healed":0,"gold_gain":0,"player_choice":"Stole Relic","damage_taken":0,"relics_obtained":["Orichalcum"],"max_hp_gain":0,"max_hp_loss":0,"event_name":"Addict","floor":29,"gold_loss":0,"cards_obtained":["Shame"]},{"damage_healed":0,"gold_gain":0,"player_choice":"Fight","damage_taken":0,"max_hp_gain":0,"max_hp_loss":0,"event_name":"OrinTheCat","floor":38,"gold_loss":0}],"is_beta":true,"boss_relics":[{"not_picked":["hubris:ScarierMask","Replay:Drink Me"],"picked":"aspiration:DefectSkillbook"},{"not_picked":["Empty Cage","Runic Pyramid"],"picked":"Painkiller Herb"}],"items_purged_floors":[12,28],"is_endless":false,"potions_floor_spawned":[2,7,10,14,16,18,20,31,36],"killed_by":"Orin","ascension_level":18}}