{"host":"k5ezbu40hxyit46v","time":1610250823,"event":{"mods":["Act Like it!","Aspiration","Astrologer","BaseMod","BetterRewards","Conspire","DeckTracker","Energized Spire","Gensokyo","Googly Eyes","Halation","HexUI Lib","Highlight Path","Hubris","Infinite Spire","Ironclad Rager","Jedi Mod","Mad Scientist","Marisa????????","Minty Spire (QoL Compilation)","Quarter Circle Forward PUNCH!","Quick Restart","Replay The Spire","Reworked Bosses","Shop Mod","Spikes Relics","StSLib","The Administrix","The Awakened One except there are too many feathers","The Bladedancer","The Cursed","The IronCluck","The Servant 0.9.4","The Wild Card","everything is the same but u backflip on backflip","slay the spire mod where everything is the same but ironclad has a cowboy hat","vexMod"],"gold_per_floor":[59,74,74,74,90,90,110,90,163,163,196,196,227,237,237,311,311,331,331,245,263,313,313,328,328,328,40,40,40,66,78,78,150,150,170,190,190,203,283,312,312,324,378,393,393,393],"floor_reached":45,"playtime":1904,"items_purged":["Strike_G","Strike_G","Decay","vexMod:UltimateCard"],"score":1200,"play_id":"34155ffe-21ce-4743-9a36-ce562c9444f8","local_time":"20210109225343","is_ascension_mode":true,"campfire_choices":[{"data":"jedi:rejectivetoxin","floor":6.0,"key":"SMITH"},{"data":"Dagger Spray","floor":10.0,"key":"SMITH"},{"data":"Neutralize","floor":12.0,"key":"SMITH"},{"data":"Dagger Spray","floor":15.0,"key":"SMITH"},{"data":"BlessedFruit","floor":25.0,"key":"SMITH"},{"data":"hubris:Fate","floor":28.0,"key":"SMITH"},{"data":"Finesse","floor":32.0,"key":"SMITH"},{"data":"ReplayTheSpireMod:Speed Training","floor":41.0,"key":"SMITH"}],"circlet_count":0,"master_deck":["AscendersBane","Strike_G","Strike_G","Strike_G","Defend_G+1","Defend_G+1","Defend_G","Defend_G+1","Defend_G+1","Survivor","Neutralize+1","Dagger Spray+1","ReplayTheSpireMod:Brewmster+1","Finesse+1","Bandage Up+1","jedi:rejectivetoxin+1","Dagger Spray+1","BlessedFruit+1","BlessedFruit+1","hubris:Fate+1","EnergyFlow+1","ReplayTheSpireMod:Speed Training+1","Leg Sweep+1"],"relics":["Ring of the Snake","qcfpunch:Handcuffs","Oddly Smooth Stone","ReplayTheSpireMod:ShopPack","InkBottle","Ancient Tea Set","Regal Pillow","Replay:Ancient Bell","Pen Nib","hubris:MysteriousPyramids","HeavenlyBonsai","jedi:archwizardhat","halation:TwoAmDonut","War Paint","TungstenRod","aspiration:MarisaSkillbook","ReplayTheSpireMod:Lightbulb","vexMod:RedPlottingStone","Simple Rune"],"acts_visited":["Exordium","TheCity","TheBeyond"],"potions_floor_usage":[45],"damage_taken":[{"damage":0.0,"enemies":"Jaw Worm","floor":1.0,"turns":8.0},{"damage":0.0,"enemies":"2 Louse","floor":2.0,"turns":2.0},{"damage":0.0,"enemies":"Cultist","floor":5.0,"turns":3.0},{"damage":0.0,"enemies":"Red Slaver","floor":7.0,"turns":4.0},{"damage":15.0,"enemies":"3 Sentries","floor":11.0,"turns":4.0},{"damage":0.0,"enemies":"Gremlin Nob","floor":13.0,"turns":3.0},{"damage":0.0,"enemies":"Exordium Wildlife","floor":14.0,"turns":3.0},{"damage":14.0,"enemies":"Slime Boss","floor":16.0,"turns":9.0},{"damage":2.0,"enemies":"Chosen","floor":18.0,"turns":3.0},{"damage":3.0,"enemies":"3 Byrds","floor":20.0,"turns":5.0},{"damage":48.0,"enemies":"Cultist and Chosen","floor":21.0,"turns":9.0},{"damage":0.0,"enemies":"Sentry and Sphere","floor":24.0,"turns":6.0},{"damage":14.0,"enemies":"Book of Stabbing","floor":30.0,"turns":5.0},{"damage":0.0,"enemies":"Snecko","floor":31.0,"turns":1.0},{"damage":0.0,"enemies":"bossMod:newChamp","floor":33.0,"turns":8.0},{"damage":8.0,"enemies":"3 Shapes","floor":35.0,"turns":4.0},{"damage":18.0,"enemies":"3 Darklings","floor":36.0,"turns":3.0},{"damage":11.0,"enemies":"Sphere and 2 Shapes","floor":38.0,"turns":6.0},{"damage":3.0,"enemies":"Nemesis","floor":40.0,"turns":7.0},{"damage":0.0,"enemies":"Jaw Worm Horde","floor":42.0,"turns":4.0},{"damage":13.0,"enemies":"4 Shapes","floor":44.0,"turns":6.0},{"damage":0,"enemies":"Reptomancer","floor":45,"turns":3}],"seed_played":"-4769984183611431576","potions_obtained":[{"floor":2.0,"key":"jedi:StrikingPotion"},{"floor":13.0,"key":"SteroidPotion"},{"floor":30.0,"key":"DuplicationPotion"},{"floor":33.0,"key":"jedi:tentaclejuice"},{"floor":35.0,"key":"Elixir"},{"floor":37.0,"key":"Flashbang"},{"floor":42.0,"key":"Fruit Juice"}],"is_trial":false,"path_per_floor":["M","M","?","?","M","R","M","?","T","R","E","R","E","M","R","B",null,"M","?","M","M","?","AVR","M","R","T","$","R","$","E","M","R","B",null,"M","M","?","M","?","E","R","M","T","M","E"],"character_chosen":"THE_SILENT","items_purchased":["qcfpunch:Handcuffs","Oddly Smooth Stone","Dagger Spray","ReplayTheSpireMod:ShopPack","War Paint"],"campfire_rested":0,"item_purchase_floors":[0,0,0,0,27],"current_hp_per_floor":[32,32,12,12,18,18,24,24,24,24,15,15,21,27,27,19,54,58,76,75,34,34,34,57,57,57,57,57,57,53,53,53,63,83,85,77,77,76,44,51,51,66,66,63,73,73],"gold":393,"neow_bonus":"","is_daily":false,"chose_seed":false,"campfire_upgraded":8,"win_rate":0.0,"timestamp":1610250823,"path_taken":["M","M","?","?","M","R","?","?","T","R","E","R","E","M","R","BOSS","M","?","M","?","?","AVR","?","R","T","$","R","?","E","M","R","BOSS","M","M","?","M","?","E","R","M","T","?","E"],"items_purchased_type":["Relic","Relic","Card","Relic","Relic"],"build_version":"2020-12-22","purchased_purges":4,"victory":false,"max_hp_per_floor":[66,66,66,66,66,66,66,66,66,66,66,66,66,66,66,66,66,66,76,78,80,80,80,82,82,82,82,82,82,86,86,86,90,90,94,98,98,102,102,106,106,115,115,119,123,123],"card_choices":[{"not_picked":["Apotheosis","Mayhem"],"picked":"ReplayTheSpireMod:Brewmster","floor":0.0},{"not_picked":["hubris:Insight","Master of Strategy"],"picked":"Finesse","floor":0.0},{"not_picked":["Specialist","Dramatic Entrance"],"picked":"Bandage Up","floor":0.0},{"not_picked":["Slice","Dagger Throw","Blur"],"picked":"SKIP","floor":1.0},{"not_picked":["Flying Knee","ReplayTheSpireMod:Shiv Toss","Bane"],"picked":"SKIP","floor":2.0},{"not_picked":["Reflex","Acrobatics"],"picked":"jedi:rejectivetoxin","floor":5.0},{"not_picked":["Calculated Gamble","Prepared"],"picked":"Dagger Spray","floor":7.0},{"not_picked":["All Out Attack","Outmaneuver","Flechettes"],"picked":"SKIP","floor":11.0},{"not_picked":["PiercingWail","Flying Knee","Deadly Poison"],"picked":"SKIP","floor":13.0},{"not_picked":["jedi:pocketpoison","ReplayTheSpireMod:Shiv Toss","Fluid Movement"],"picked":"SKIP","floor":14.0},{"not_picked":["infinitespire:Neurotoxin","Die Die Die"],"picked":"Poison Darts","floor":16.0},{"not_picked":["Hallucinations","ReplayTheSpireMod:Restless Dread"],"picked":"vexMod:UltimateCard","floor":17.0},{"not_picked":["Injury","jedi:frostbite"],"picked":"ReplayTheSpireMod:IOU","floor":17.0},{"not_picked":["ReplayTheSpireMod:Restless Dread","ReplayTheSpireMod:Faulty Equipment"],"picked":"Decay","floor":17.0},{"not_picked":["PiercingWail","Replay:Bag of Tricks","Concentrate"],"picked":"SKIP","floor":18.0},{"not_picked":["Hidden Blade","ReplayTheSpireMod:Scrap Shanks","Outmaneuver"],"picked":"SKIP","floor":20.0},{"not_picked":["jedi:pocketpoison","Poisoned Stab","ReplayTheSpireMod:The Works"],"picked":"SKIP","floor":21.0},{"not_picked":["PiercingWail","Backflip","hubris:SlightOfHand"],"picked":"SKIP","floor":24.0},{"not_picked":["Hidden Blade","Underhanded Strike","Reflex+1"],"picked":"SKIP","floor":30.0},{"not_picked":["PiercingWail","Sneak Up","Slice"],"picked":"SKIP","floor":31.0},{"not_picked":["AsteroidBelt","Dodge and Roll","EnergyRecoil"],"picked":"EnergyFlow+1","floor":35.0},{"not_picked":["Slice","Caltrops","Acceleration","ShootingEcho"],"picked":"SKIP","floor":36.0},{"not_picked":["Quick Slash+1","PowerUp","All Out Attack","UnstableBomb"],"picked":"SKIP","floor":38.0},{"not_picked":["PropBag","Hidden Blade","Deflect"],"picked":"ReplayTheSpireMod:Speed Training","floor":39.0},{"not_picked":["6A","StarlightTyphoon","LuminesStrike+1","Pace+1"],"picked":"SKIP","floor":40.0},{"not_picked":["Eviscerate","jedi:pocketpoison+1","GrandCross"],"picked":"Leg Sweep+1","floor":42.0},{"not_picked":["hubris:TrickCloak","DoubleSpark","Replay:Poison Smokescreen","Concentrate"],"picked":"SKIP","floor":44.0}],"player_experience":1242458,"relics_obtained":[{"floor":9.0,"key":"InkBottle"},{"floor":11.0,"key":"Ancient Tea Set"},{"floor":13.0,"key":"Regal Pillow"},{"floor":26.0,"key":"halation:TwoAmDonut"},{"floor":30.0,"key":"TungstenRod"},{"floor":39.0,"key":"ReplayTheSpireMod:Lightbulb"},{"floor":40.0,"key":"vexMod:RedPlottingStone"},{"floor":43.0,"key":"Simple Rune"}],"event_choices":[{"damage_healed":0.0,"max_hp_gain":0.0,"max_hp_loss":0.0,"gold_gain":0.0,"event_name":"Shining Light","player_choice":"Entered Light","floor":3.0,"gold_loss":0.0,"damage_taken":20.0,"cards_upgraded":["Bandage Up","Defend_G"]},{"damage_healed":0.0,"max_hp_gain":0.0,"max_hp_loss":0.0,"gold_gain":0.0,"event_name":"The Woman in Blue","player_choice":"Bought 1 Potion","floor":8.0,"gold_loss":0.0,"damage_taken":0.0},{"cards_removed":["Poison Darts"],"damage_healed":8.0,"max_hp_gain":10.0,"max_hp_loss":0.0,"gold_gain":0.0,"event_name":"Bonfire Elementals","player_choice":"Offered Rare","floor":19.0,"gold_loss":0.0,"damage_taken":0.0},{"damage_healed":0.0,"max_hp_gain":0.0,"max_hp_loss":0.0,"gold_gain":100.0,"event_name":"The Joust","player_choice":"Bet on Murderer","floor":22.0,"gold_loss":50.0,"damage_taken":0.0}],"is_beta":false,"boss_relics":[{"not_picked":["Honey Jar","Fusion Hammer"],"picked":"Replay:Ancient Bell"},{"not_picked":["qcfpunch:Red_Beret","halation:AfternoonTea"],"picked":"Pen Nib"},{"not_picked":["vexMod:ConsolationPrize","hubris:BottledRain"],"picked":"hubris:MysteriousPyramids"},{"not_picked":["infinitespire:Lychee Nut","Ginger"],"picked":"HeavenlyBonsai"},{"not_picked":["Replay:Drink Me","hubris:Stopwatch"],"picked":"aspiration:MarisaSkillbook"}],"items_purged_floors":[0,0,23,27],"is_endless":false,"potions_floor_spawned":[2,11,13,16,30,31,33,35,42],"killed_by":"Reptomancer","ascension_level":20}}