{"host":"J","time":1610310751,"event":{"mods":["BaseMod","Better Third Choice","Minty Spire (QoL Compilation)","StSLib"],"gold_per_floor":[109,128,139,139,149,183,183,194,194,212,61,31,5,32,32,32,32],"floor_reached":16,"playtime":482,"items_purged":["Defend_P"],"score":224,"play_id":"cd4d8815-c42d-482c-90c4-4043a5857273","local_time":"20210110213231","is_ascension_mode":true,"campfire_choices":[{"floor":7.0,"key":"REST"},{"data":"Wireheading","floor":15,"key":"SMITH"}],"circlet_count":0,"master_deck":["AscendersBane","Strike_P","Strike_P","Strike_P","Strike_P","Defend_P","Defend_P","Defend_P","Eruption","Vigilance","Vengeance","CutThroughFate","FlurryOfBlows","ClearTheMind","BowlingBash","FlyingSleeves","Wallop","Wireheading+1","TalkToTheHand","Consecrate","Halt"],"relics":["PureWater","StrikeDummy","Yang","Lantern"],"acts_visited":["Exordium"],"potions_floor_usage":[16],"damage_taken":[{"damage":0.0,"enemies":"2 Louse","floor":1.0,"turns":3.0},{"damage":0.0,"enemies":"Cultist","floor":2.0,"turns":2.0},{"damage":2.0,"enemies":"Jaw Worm","floor":3.0,"turns":2.0},{"damage":23.0,"enemies":"Exordium Thugs","floor":5.0,"turns":8.0},{"damage":22.0,"enemies":"Gremlin Nob","floor":6.0,"turns":3.0},{"damage":6.0,"enemies":"Looter","floor":8.0,"turns":2.0},{"damage":1,"enemies":"Large Slime","floor":10,"turns":3},{"damage":11,"enemies":"3 Sentries","floor":14,"turns":4},{"damage":17,"enemies":"Hexaghost","floor":16,"turns":9}],"seed_played":"-6615285570106054983","potions_obtained":[{"floor":3.0,"key":"Block Potion"},{"floor":10,"key":"Swift Potion"},{"floor":12,"key":"Block Potion"}],"is_trial":false,"path_per_floor":["M","M","M","?","M","E","R","M","T","M","$","?","$","E","R","B"],"character_chosen":"WATCHER","items_purchased":["TalkToTheHand","Consecrate"],"campfire_rested":1,"item_purchase_floors":[11,13],"current_hp_per_floor":[61,61,59,59,36,14,34,28,28,27,27,27,27,16,16,0,0],"gold":32,"neow_bonus":"THREE_CARDS","is_daily":false,"chose_seed":false,"campfire_upgraded":1,"win_rate":0.0,"timestamp":1610310751,"path_taken":["M","M","M","?","M","E","R","M","T","?","$","?","?","E","R","BOSS"],"items_purchased_type":["Card","Card"],"build_version":"2020-12-18","purchased_purges":1,"victory":false,"max_hp_per_floor":[68,68,68,68,68,68,68,68,68,68,68,68,68,68,68,68,68],"card_choices":[{"not_picked":["FlyingSleeves","WreathOfFlame"],"picked":"Vengeance","floor":0.0},{"not_picked":["JustLucky","Indignation"],"picked":"CutThroughFate","floor":1.0},{"not_picked":["CutThroughFate","CrushJoints"],"picked":"FlurryOfBlows","floor":2.0},{"not_picked":["Evaluate","FlurryOfBlows"],"picked":"ClearTheMind","floor":3.0},{"not_picked":["MasterReality","Protect"],"picked":"BowlingBash","floor":5.0},{"not_picked":["Establishment","Fasting2"],"picked":"FlyingSleeves","floor":6.0},{"not_picked":["Halt","MentalFortress"],"picked":"Wallop","floor":8.0},{"not_picked":["BowlingBash","Adaptation"],"picked":"Wireheading","floor":10},{"not_picked":["Worship","Protect"],"picked":"Halt","floor":14}],"player_experience":1087147,"relics_obtained":[{"floor":6.0,"key":"StrikeDummy"},{"floor":9.0,"key":"Yang"},{"floor":14,"key":"Lantern"}],"event_choices":[{"damage_healed":0.0,"max_hp_gain":0.0,"max_hp_loss":0.0,"gold_gain":0.0,"event_name":"Match and Keep!","player_choice":"0 cards matched","floor":4.0,"gold_loss":0.0,"damage_taken":0.0,"cards_obtained":[]},{"damage_healed":0,"gold_gain":0,"player_choice":"Bought 2 Potions","damage_taken":0,"max_hp_gain":0,"max_hp_loss":0,"event_name":"The Woman in Blue","floor":12,"gold_loss":0}],"is_beta":true,"boss_relics":[],"items_purged_floors":[11],"is_endless":false,"potions_floor_spawned":[3,10],"killed_by":"Hexaghost","ascension_level":20}}