{"host":"c3lc60y5x60jlt1y","time":1610290807,"event":{"mods":["AchievementEnabler","BaseMod","Bestiary","Colored Map","Minty Spire (QoL Compilation)","Quick Restart","StSLib","ojb\u0027s Info Mod"],"gold_per_floor":[118,68,143,143,162,162,203,203,249,287,310,330,330,372,372,479,479,503,503,191,35,135,170,170,189,245,259,292,292,292,292],"floor_reached":30,"playtime":1506,"items_purged":["Strike_B"],"score":413,"play_id":"63b1d000-d5ce-4991-8e75-5e4cc81bdb76","local_time":"20210110170007","is_ascension_mode":true,"campfire_choices":[{"data":"Dualcast","floor":6,"key":"SMITH"},{"data":"Beam Cell","floor":13,"key":"SMITH"},{"data":"Streamline","floor":15,"key":"SMITH"},{"data":"Zap","floor":24,"key":"SMITH"}],"circlet_count":0,"master_deck":["Strike_B+1","Strike_B+1","Defend_B","Defend_B","Defend_B","Defend_B","Zap+1","Dualcast+1","Auto Shields","Glacier","Beam Cell+1","Meteor Strike","Streamline+1","Conserve Battery","Melter","Echo Form+1","Aggregate+1","Static Discharge+1","White Noise","Injury"],"relics":["Cracked Core","NeowsBlessing","CeramicFish","StrikeDummy","DataDisk","Art of War","TungstenRod","Cursed Key","Membership Card","Question Card","Frozen Egg 2","Matryoshka","Anchor","Potion Belt","Shuriken"],"acts_visited":["Exordium","TheCity"],"potions_floor_usage":[14,16,23,28,28],"damage_taken":[{"damage":0,"enemies":"2 Louse","floor":1,"turns":1},{"damage":0,"enemies":"Small Slimes","floor":5,"turns":1},{"damage":0,"enemies":"Gremlin Nob","floor":7,"turns":1},{"damage":0,"enemies":"3 Sentries","floor":10,"turns":8},{"damage":1,"enemies":"Jaw Worm","floor":11,"turns":2},{"damage":2,"enemies":"Large Slime","floor":12,"turns":4},{"damage":15,"enemies":"Lagavulin","floor":14,"turns":5},{"damage":17,"enemies":"The Guardian","floor":16,"turns":12},{"damage":6,"enemies":"Shell Parasite","floor":18,"turns":4},{"damage":25,"enemies":"Slavers","floor":23,"turns":7},{"damage":15,"enemies":"2 Thieves","floor":25,"turns":3},{"damage":11,"enemies":"Centurion and Healer","floor":27,"turns":6},{"damage":0,"enemies":"Gremlin Leader","floor":28,"turns":7},{"damage":19,"enemies":"3 Cultists","floor":30,"turns":4}],"seed_played":"-5639404565258156766","potions_obtained":[{"floor":5,"key":"LiquidMemories"},{"floor":10,"key":"AttackPotion"},{"floor":14,"key":"Dexterity Potion"},{"floor":23,"key":"Weak Potion"},{"floor":25,"key":"ColorlessPotion"},{"floor":28,"key":"SteroidPotion"}],"is_trial":false,"path_per_floor":["M","?","?","T","M","R","E","?","T","E","M","M","R","E","R","B",null,"M","?","$","$","?","E","R","M","T","M","E","?","M"],"character_chosen":"DEFECT","items_purchased":["Membership Card","Question Card","Frozen Egg 2","Static Discharge+1"],"campfire_rested":0,"item_purchase_floors":[20,20,21,21],"current_hp_per_floor":[75,75,64,64,64,64,64,49,49,49,48,46,46,31,31,14,75,69,69,69,69,69,44,44,29,29,18,18,18,0,0],"gold":292,"neow_bonus":"THREE_ENEMY_KILL","is_daily":false,"chose_seed":false,"campfire_upgraded":4,"win_rate":0.0,"timestamp":1610290807,"path_taken":["M","?","?","?","M","R","E","?","T","E","M","M","R","E","R","BOSS","M","?","?","$","?","E","R","M","T","?","E","?","M"],"items_purchased_type":["Relic","Relic","Relic","Card"],"build_version":"2020-12-22","purchased_purges":1,"victory":false,"max_hp_per_floor":[75,75,75,75,75,75,75,75,75,75,75,75,75,75,75,75,75,75,75,75,75,75,75,75,75,75,75,75,75,75,75],"card_choices":[{"not_picked":["Compile Driver","Redo"],"picked":"Auto Shields","floor":1},{"not_picked":["Darkness","Go for the Eyes"],"picked":"Glacier","floor":5},{"not_picked":["Turbo","Stack"],"picked":"Beam Cell","floor":7},{"not_picked":["Rebound","Lockon"],"picked":"Meteor Strike","floor":10},{"not_picked":["Reinforced Body","Barrage"],"picked":"Streamline","floor":11},{"not_picked":["Hello World","Compile Driver"],"picked":"Conserve Battery","floor":12},{"not_picked":["Gash","Hello World"],"picked":"Melter","floor":14},{"not_picked":["Amplify","Rainbow"],"picked":"Echo Form","floor":16},{"not_picked":["Force Field","Turbo"],"picked":"Aggregate+1","floor":18},{"not_picked":["Hyperbeam","Beam Cell","FTL"],"picked":"White Noise","floor":23},{"not_picked":["Turbo","Cold Snap","Streamline","Gash"],"picked":"SKIP","floor":25},{"not_picked":["White Noise","Reprogram+1","Redo","Leap"],"picked":"SKIP","floor":27},{"not_picked":["Auto Shields","Streamline","Reinforced Body","Go for the Eyes+1"],"picked":"SKIP","floor":28}],"player_experience":7782960,"relics_obtained":[{"floor":4,"key":"CeramicFish"},{"floor":7,"key":"StrikeDummy"},{"floor":9,"key":"DataDisk"},{"floor":10,"key":"Art of War"},{"floor":14,"key":"TungstenRod"},{"floor":23,"key":"Matryoshka"},{"floor":26,"key":"Anchor"},{"floor":26,"key":"Potion Belt"},{"floor":28,"key":"Shuriken"}],"event_choices":[{"cards_removed":["Strike_B"],"damage_healed":0,"gold_gain":0,"player_choice":"Card Removal","damage_taken":0,"max_hp_gain":0,"max_hp_loss":0,"event_name":"The Cleric","floor":2,"gold_loss":50},{"damage_healed":0,"gold_gain":75,"player_choice":"Gather Gold","damage_taken":11,"max_hp_gain":0,"max_hp_loss":0,"event_name":"World of Goop","floor":3,"gold_loss":0},{"damage_healed":0,"gold_gain":0,"player_choice":"Entered Light","damage_taken":15,"max_hp_gain":0,"max_hp_loss":0,"event_name":"Shining Light","floor":8,"gold_loss":0,"cards_upgraded":["Strike_B","Strike_B"]},{"damage_healed":0,"gold_gain":0,"player_choice":"Forge","damage_taken":0,"max_hp_gain":0,"max_hp_loss":0,"event_name":"Accursed Blacksmith","floor":19,"gold_loss":0,"cards_upgraded":["Echo Form"]},{"damage_healed":0,"gold_gain":100,"player_choice":"Pray","damage_taken":0,"max_hp_gain":0,"max_hp_loss":0,"event_name":"Golden Shrine","floor":22,"gold_loss":0},{"damage_healed":0,"gold_gain":0,"player_choice":"Ignored","damage_taken":0,"max_hp_gain":0,"max_hp_loss":0,"event_name":"The Mausoleum","floor":29,"gold_loss":0}],"is_beta":false,"boss_relics":[{"not_picked":["Coffee Dripper","Busted Crown"],"picked":"Cursed Key"}],"items_purged_floors":[20],"is_endless":false,"potions_floor_spawned":[5,10,14,23,25,28],"killed_by":"3 Cultists","ascension_level":3}}