{"host":"g01l53quoe6lrer0","time":1610286625,"event":{"mods":["2.2 Compatiblity","AchievementEnabler","BaseMod","Colored Map","Highlight Path","Keyboard Shortcuts","Minty Spire (QoL Compilation)","Permanent Neow","StSLib","SuperFastMode","everything is the same but u backflip on backflip"],"gold_per_floor":[367,52,52,72,24,59,70,105,105,105,125,145,171,182,182,259,259,272,272,17,17,29,29,3,16,16,16,28,40,52,78,90,102,102],"floor_reached":33,"playtime":678,"items_purged":["Decay","Bash"],"score":530,"play_id":"b465026c-ae8e-4d24-b5d6-8ac576b194be","local_time":"20210110225025","is_ascension_mode":true,"campfire_choices":[{"floor":10,"key":"REST"},{"floor":15,"key":"REST"},{"data":"Perfected Strike","floor":23,"key":"SMITH"},{"data":"Perfected Strike","floor":28,"key":"SMITH"},{"data":"Madness","floor":30,"key":"SMITH"},{"data":"Warcry","floor":32,"key":"SMITH"}],"circlet_count":0,"master_deck":["AscendersBane","Strike_R","Strike_R","Strike_R","Strike_R","Strike_R","Defend_R","Defend_R","Defend_R","Defend_R","Perfected Strike+1","Wild Strike","Pommel Strike","Madness+1","Headbutt","Wild Strike","Warcry+1","Pommel Strike","Reaper","Perfected Strike+1","Inflame","Flame Barrier","Writhe","Wild Strike","Perfected Strike+1","Twin Strike","Fire Breathing+1"],"relics":["Burning Blood","Membership Card","Bag of Marbles","Kunai","Blue Candle","Letter Opener","Tiny Chest","Coffee Dripper","Matryoshka","Nunchaku","Frozen Egg 2","Bottled Flame","MawBank","MealTicket","FaceOfCleric"],"acts_visited":["Exordium","TheCity"],"potions_floor_usage":[8,16,33,33],"damage_taken":[{"damage":16.0,"enemies":"Jaw Worm","floor":1.0,"turns":4.0},{"damage":1.0,"enemies":"Cultist","floor":4.0,"turns":3.0},{"damage":30,"enemies":"Lagavulin","floor":6,"turns":5},{"damage":7,"enemies":"Small Slimes","floor":7,"turns":2},{"damage":19,"enemies":"3 Sentries","floor":8,"turns":5},{"damage":6,"enemies":"Looter","floor":11,"turns":2},{"damage":13,"enemies":"Blue Slaver","floor":12,"turns":2},{"damage":15,"enemies":"Lagavulin","floor":13,"turns":3},{"damage":17,"enemies":"Exordium Wildlife","floor":14,"turns":3},{"damage":38,"enemies":"The Guardian","floor":16,"turns":10},{"damage":0,"enemies":"Chosen","floor":18,"turns":2},{"damage":11,"enemies":"2 Thieves","floor":22,"turns":4},{"damage":15,"enemies":"Centurion and Healer","floor":25,"turns":7},{"damage":5,"enemies":"Cultist and Chosen","floor":31,"turns":4},{"damage":76,"enemies":"Champ","floor":33,"turns":6}],"seed_played":"124429653468957843","potions_obtained":[{"floor":6,"key":"FearPotion"},{"floor":8,"key":"LiquidBronze"},{"floor":11,"key":"BlessingOfTheForge"},{"floor":25,"key":"Energy Potion"}],"is_trial":false,"path_per_floor":["M","$","?","M","$","E","M","E","T","R","M","M","E","M","R","B",null,"M","?","$","?","M","R","$","M","T","T","R","?","R","M","R","B"],"character_chosen":"IRONCLAD","items_purchased":["Membership Card","Bag of Marbles","Wild Strike","Madness","Matryoshka","Inflame","Flame Barrier","Perfected Strike"],"campfire_rested":2,"item_purchase_floors":[2,2,2,5,20,20,20,24],"current_hp_per_floor":[58,58,58,63,63,39,38,25,25,47,47,40,31,20,42,10,59,65,65,65,65,66,66,66,61,61,61,61,61,61,67,67,0,0],"gold":102,"neow_bonus":"TWO_FIFTY_GOLD","is_daily":false,"chose_seed":false,"campfire_upgraded":4,"win_rate":0.0,"timestamp":1610286625,"path_taken":["M","$","?","M","?","E","M","E","T","R","M","M","E","M","R","BOSS","M","?","$","?","M","R","?","M","T","?","R","?","R","M","R","BOSS"],"items_purchased_type":["Relic","Relic","Card","Card","Relic","Card","Card","Card"],"build_version":"2020-12-22","purchased_purges":2,"victory":false,"max_hp_per_floor":[75,75,75,75,75,75,75,75,75,75,75,75,75,75,75,75,75,75,75,75,75,75,75,75,75,75,75,75,75,75,76,76,76,76],"card_choices":[{"not_picked":["Pommel Strike","True Grit"],"picked":"Perfected Strike","floor":1.0},{"not_picked":["Flex","Havoc"],"picked":"Pommel Strike","floor":4.0},{"not_picked":["Bludgeon","Flex","Dropkick"],"picked":"SKIP","floor":6},{"not_picked":["Shockwave","Body Slam"],"picked":"Headbutt","floor":7},{"not_picked":["Sword Boomerang","Dropkick"],"picked":"Wild Strike","floor":8},{"not_picked":["Sword Boomerang","Disarm","True Grit"],"picked":"SKIP","floor":11},{"not_picked":["Havoc","Berserk"],"picked":"Warcry","floor":12},{"not_picked":["True Grit","Rupture","Sword Boomerang"],"picked":"SKIP","floor":13},{"not_picked":["Warcry","Carnage"],"picked":"Pommel Strike","floor":14},{"not_picked":["Immolate","Brutality"],"picked":"Reaper","floor":16},{"not_picked":["Thunderclap","Hemokinesis+1"],"picked":"Perfected Strike","floor":18},{"not_picked":["Disarm","Sword Boomerang"],"picked":"Wild Strike","floor":22},{"not_picked":["Reckless Charge","Anger"],"picked":"Twin Strike","floor":25},{"not_picked":["Shrug It Off","Armaments"],"picked":"Fire Breathing+1","floor":31}],"player_experience":130429,"relics_obtained":[{"floor":6,"key":"Kunai"},{"floor":8,"key":"Blue Candle"},{"floor":9,"key":"Letter Opener"},{"floor":13,"key":"Tiny Chest"},{"floor":26,"key":"Frozen Egg 2"},{"floor":26,"key":"Bottled Flame"},{"floor":27,"key":"MawBank"},{"floor":27,"key":"MealTicket"}],"event_choices":[{"damage_healed":0.0,"max_hp_gain":0.0,"max_hp_loss":0.0,"gold_gain":0.0,"event_name":"Accursed Blacksmith","player_choice":"Forge","floor":3.0,"gold_loss":0.0,"damage_taken":0.0,"cards_upgraded":["Perfected Strike"]},{"damage_healed":0,"gold_gain":0,"player_choice":"Ignored","damage_taken":0,"max_hp_gain":0,"max_hp_loss":0,"event_name":"Ghosts","floor":19,"gold_loss":0},{"damage_healed":0,"gold_gain":0,"player_choice":"Opened","damage_taken":0,"relics_obtained":["Nunchaku"],"max_hp_gain":0,"max_hp_loss":0,"event_name":"The Mausoleum","floor":21,"gold_loss":0,"cards_obtained":["Writhe"]},{"damage_healed":0,"gold_gain":0,"player_choice":"Trade","damage_taken":0,"relics_obtained":["FaceOfCleric"],"max_hp_gain":0,"max_hp_loss":0,"event_name":"FaceTrader","floor":29,"gold_loss":0}],"is_beta":false,"boss_relics":[{"not_picked":["Busted Crown","Runic Dome"],"picked":"Coffee Dripper"}],"items_purged_floors":[2,20],"is_endless":false,"potions_floor_spawned":[6,8,11,14,25],"killed_by":"Champ","ascension_level":20}}