{"host":"hahe3lxotqh08ugn","time":1610304189,"event":{"mods":["AchievementEnabler","BaseMod","Googly Eyes","Hermit","Minty Spire (QoL Compilation)","Quick Restart","StSLib","The Cursed","The Hierophant"],"gold_per_floor":[110,35,35,54,73,73,117,145,226,226,76,94,68,100,100,201,201,217,256,256,244,244],"floor_reached":21,"playtime":1481,"items_purged":["hierophant:Strike_Hierophant","hierophant:Strike_Hierophant"],"score":206,"play_id":"4d25a355-fb87-494b-ab13-19e000f19944","local_time":"20210110134309","is_ascension_mode":false,"campfire_choices":[{"data":"hierophant:Remorse","floor":6.0,"key":"SMITH"},{"floor":10.0,"key":"REST"},{"floor":15.0,"key":"REST"}],"circlet_count":0,"master_deck":["hierophant:Strike_Hierophant","hierophant:Strike_Hierophant","hierophant:Punish","hierophant:Defend_Hierophant","hierophant:Defend_Hierophant","hierophant:Defend_Hierophant","hierophant:Defend_Hierophant","hierophant:ChurchCoffers","hierophant:FieryStrike","hierophant:Doubloon","hierophant:Remorse+1","hierophant:Doubloon","hierophant:CoinFling","hierophant:Embezzle","hierophant:OrnateBuckler","hierophant:Remorse","hierophant:Doubloon","hierophant:RustyCrate","hierophant:Doubloon","hierophant:Doubloon","hierophant:Encroach","hierophant:Doubloon","hierophant:Generosity","hierophant:Doubloon","hierophant:ConvertCurrency"],"relics":["hierophant:PropheticMaskRelic","Calipers","Eternal Feather","Cursed Key"],"acts_visited":["Exordium","TheCity"],"potions_floor_usage":[19],"damage_taken":[{"damage":0.0,"enemies":"2 Louse","floor":1.0,"turns":2.0},{"damage":1.0,"enemies":"Cultist","floor":4.0,"turns":3.0},{"damage":6.0,"enemies":"Jaw Worm","floor":5.0,"turns":2.0},{"damage":22.0,"enemies":"3 Sentries","floor":7.0,"turns":8.0},{"damage":15.0,"enemies":"Looter","floor":8.0,"turns":3.0},{"damage":10.0,"enemies":"Lots of Slimes","floor":12.0,"turns":3.0},{"damage":4.0,"enemies":"Gremlin Gang","floor":14.0,"turns":3.0},{"damage":65.0,"enemies":"Hexaghost","floor":16.0,"turns":13.0},{"damage":21,"enemies":"2 Thieves","floor":18,"turns":4},{"damage":13,"enemies":"3 Byrds","floor":19,"turns":6},{"damage":42,"enemies":"Snecko","floor":21,"turns":6}],"seed_played":"2179497350092523390","potions_obtained":[{"floor":8.0,"key":"SteroidPotion"},{"floor":12.0,"key":"SkillPotion"},{"floor":14.0,"key":"Weak Potion"},{"floor":16.0,"key":"CultistPotion"},{"floor":18,"key":"Block Potion"}],"is_trial":false,"path_per_floor":["M","$","?","M","M","R","E","M","T","R","$","M","$","M","R","B",null,"M","M","?","M"],"character_chosen":"HIEROPHANT","items_purchased":["hierophant:Remorse","hierophant:Encroach"],"campfire_rested":2,"item_purchase_floors":[11,13],"current_hp_per_floor":[82,82,82,81,75,75,53,38,38,71,71,61,61,57,82,17,82,61,48,42,0,0],"gold":244,"neow_bonus":"TEN_PERCENT_HP_BONUS","is_daily":false,"chose_seed":false,"campfire_upgraded":1,"win_rate":0.0,"timestamp":1610304189,"path_taken":["M","$","?","M","M","R","E","M","T","R","?","?","$","M","R","BOSS","M","M","?","M"],"items_purchased_type":["Card","Card"],"build_version":"2020-12-22","purchased_purges":2,"victory":false,"max_hp_per_floor":[82,82,82,82,82,82,82,82,82,82,82,82,82,82,82,82,82,82,82,82,82,82],"card_choices":[{"not_picked":["hierophant:FlamingChariot","hierophant:Community"],"picked":"hierophant:FieryStrike","floor":1.0},{"not_picked":["hierophant:Racketeering","hierophant:OrnateJavelin"],"picked":"hierophant:Remorse","floor":4.0},{"not_picked":["hierophant:HammerAndAnvil","hierophant:PassingBell"],"picked":"hierophant:CoinFling","floor":5.0},{"not_picked":["hierophant:Remorse","hierophant:FlamingChariot"],"picked":"hierophant:Embezzle","floor":7.0},{"not_picked":["hierophant:Smite","hierophant:HammerAndAnvil"],"picked":"hierophant:OrnateBuckler","floor":8.0},{"not_picked":["hierophant:Shelter","hierophant:Zeal"],"picked":"hierophant:RustyCrate","floor":12.0},{"not_picked":["hierophant:Mercenaries","hierophant:PassingBell","hierophant:Shelter"],"picked":"SKIP","floor":14.0},{"not_picked":["hierophant:MintersHammer","hierophant:Determination"],"picked":"hierophant:Generosity","floor":16.0},{"not_picked":["hierophant:OrnateJavelin","hierophant:RustyCrate"],"picked":"hierophant:ConvertCurrency","floor":18},{"not_picked":["hierophant:CursedGold+1","hierophant:Refuge+1","hierophant:Encroach+1"],"picked":"SKIP","floor":19},{"not_picked":["hierophant:CursedGold+1","hierophant:Refuge+1","hierophant:Encroach+1"],"picked":"SKIP","floor":19}],"player_experience":287601,"relics_obtained":[{"floor":7.0,"key":"Calipers"},{"floor":9.0,"key":"Eternal Feather"}],"event_choices":[{"damage_healed":0.0,"max_hp_gain":0.0,"max_hp_loss":0.0,"gold_gain":0.0,"event_name":"Match and Keep!","player_choice":"0 cards matched","floor":3.0,"gold_loss":0.0,"damage_taken":0.0,"cards_obtained":[]},{"damage_healed":0,"gold_gain":0,"player_choice":"","damage_taken":6,"max_hp_gain":0,"max_hp_loss":0,"event_name":"Knowing Skull","floor":20,"potions_obtained":[],"gold_loss":0,"cards_obtained":[]}],"is_beta":false,"boss_relics":[{"not_picked":["Busted Crown","Pandora\u0027s Box"],"picked":"Cursed Key"}],"items_purged_floors":[2,11],"is_endless":false,"potions_floor_spawned":[8,12,14,16,18],"killed_by":"Snecko","ascension_level":0}}