{"host":"wud4w7nw8qmq6f33","time":1610256624,"event":{"mods":["2.2 Compatiblity","Act Like it!","BaseMod","Colored Map","Colored Powertips","Downfall","Gremlin Skip","Minty Spire (QoL Compilation)","Permanent Neow","Quick Restart","Rare Cards Sparkle","StSLib","everything is the same but u backflip on backflip","slay the spire mod where everything is the same but ironclad has a cowboy hat"],"gold_per_floor":[0,15,35,210,229,229,229,229],"floor_reached":6,"playtime":285,"items_purged":[],"score":36,"play_id":"981b48e4-b8f9-4818-995f-ae107428b928","local_time":"20210110003024","is_ascension_mode":false,"campfire_choices":[{"data":"Slimebound:CorrosiveSpit","floor":1,"key":"SMITH"}],"circlet_count":0,"master_deck":["Slimebound:Strike_Slimebound","Slimebound:Strike_Slimebound","Slimebound:Strike_Slimebound","Slimebound:Defend_Slimebound","Slimebound:Defend_Slimebound","Slimebound:Defend_Slimebound","Slimebound:Defend_Slimebound","Slimebound:CorrosiveSpit+1","Slimebound:TongueLash","Slimebound:AcidTongue","Doubt"],"relics":["Slimebound:AbsorbEndCombat"],"acts_visited":["Exordium"],"potions_floor_usage":[3],"damage_taken":[{"damage":0,"enemies":"Small Slimes","floor":2,"turns":7},{"damage":1,"enemies":"Cultist","floor":3,"turns":4},{"damage":10,"enemies":"Jaw Worm","floor":5,"turns":5},{"damage":8,"enemies":"Lagavulin","floor":6,"turns":5}],"seed_played":"3621488825390840001","potions_obtained":[{"floor":2,"key":"Strength Potion"}],"is_trial":false,"path_per_floor":["R","M","M","?","M","E"],"character_chosen":"SLIMEBOUND","items_purchased":[],"campfire_rested":0,"item_purchase_floors":[],"current_hp_per_floor":[60,60,60,60,51,45,45,45],"gold":229,"neow_bonus":"REMOVE_TWO","is_daily":false,"chose_seed":false,"campfire_upgraded":1,"win_rate":0.0,"timestamp":1610256624,"path_taken":["R","M","M","?","M","E"],"items_purchased_type":[],"build_version":"2020-12-22","purchased_purges":0,"victory":false,"max_hp_per_floor":[60,60,60,60,60,60,60,60],"card_choices":[{"not_picked":["Slimebound:SlimeBrawl","Slimebound:SlimeBarrage"],"picked":"Slimebound:TongueLash","floor":2},{"not_picked":["Slimebound:FirmFortitude","Slimebound:Chomp"],"picked":"Slimebound:AcidTongue","floor":3},{"not_picked":["Slimebound:RollThrough","Slimebound:SplitMire","Slimebound:FirmFortitude"],"picked":"SKIP","floor":5}],"player_experience":616252,"relics_obtained":[],"event_choices":[],"is_beta":false,"boss_relics":[],"items_purged_floors":[],"is_endless":false,"potions_floor_spawned":[2],"killed_by":"Lagavulin","ascension_level":0}}