{"host":"ilrepnd391jk07a9","time":1610257139,"event":{"mods":["Aspiration","BaseMod","Better Altar","Better Note","Better Skull","Better Third Choice","BetterRewards","Colored Powertips","DeckTracker","Defuse TimeMaze Blight","Downfall","GifTheSpireLib","Gremlin Skip","Halation","Highlight Path","Hubris","Minty Spire (QoL Compilation)","Quick Restart","Relic Stats","Replay The Spire","StSLib","Stuff the Spire","everything is the same but u backflip on backflip","vexMod"],"gold_per_floor":[99,99,99,99,99,99,99,99,118,146,71,56,66,86,106,106,106,106],"floor_reached":16,"playtime":1914,"items_purged":[],"score":108,"play_id":"e42991e7-3961-46d7-928b-578b5a07ba65","local_time":"20210110183859","is_ascension_mode":true,"campfire_choices":[{"data":"champ:Execute","floor":1,"key":"SMITH"},{"data":"champ:Taunt","floor":6,"key":"SMITH"},{"data":"champ:IronFortress","floor":11,"key":"SMITH"}],"circlet_count":0,"master_deck":["champ:Strike","champ:Strike","champ:Strike","champ:Strike","champ:Defend","champ:Defend","champ:Defend","champ:Defend","champ:Execute+1","champ:Taunt+1","champ:IronFortress+1","champ:Shatter","Regret","champ:FlashCut","champ:GutPunch","champ:StanceDance","champ:Backstep"],"relics":["champ:ChampionCrown","downfall:HeartsMalice","Replay:Baseball","halation:AfternoonTea","downfall:HeartBlessingBlue"],"acts_visited":["Exordium"],"potions_floor_usage":[16,16,16],"damage_taken":[{"damage":0,"enemies":"Cultist","floor":2,"turns":1},{"damage":0,"enemies":"Jaw Worm","floor":3,"turns":1},{"damage":0,"enemies":"Small Slimes","floor":5,"turns":1},{"damage":18,"enemies":"Gremlin Gang","floor":9,"turns":6},{"damage":32,"enemies":"Gremlin Nob","floor":10,"turns":4},{"damage":5,"enemies":"downfall:FleeingMerchant","floor":12,"turns":4},{"damage":14,"enemies":"3 Louse","floor":13,"turns":3},{"damage":16,"enemies":"Blue Slaver","floor":14,"turns":4},{"damage":20,"enemies":"Large Slime","floor":15,"turns":5},{"damage":39,"enemies":"downfall:Defect","floor":16,"turns":6}],"seed_played":"-1967125098916546651","potions_obtained":[{"floor":9,"key":"champ:OpenerPotion"},{"floor":10,"key":"Toxic Potion"},{"floor":14,"key":"sneckomod:MuddlingPotion"}],"is_trial":false,"path_per_floor":["R","M","M","?","M","R","T","?","M","E","R","$","M","M","M","B"],"character_chosen":"THE_CHAMP","items_purchased":[],"campfire_rested":0,"item_purchase_floors":[],"current_hp_per_floor":[90,90,90,90,90,90,90,90,77,55,65,63,49,38,36,0,0,0],"gold":106,"neow_bonus":"THREE_ENEMY_KILL","is_daily":false,"chose_seed":false,"campfire_upgraded":3,"win_rate":0.0,"timestamp":1610257139,"path_taken":["R","M","M","?","M","R","T","?","M","E","R","$","?","M","M","BOSS"],"items_purchased_type":[],"build_version":"2020-12-22","purchased_purges":0,"victory":false,"max_hp_per_floor":[90,90,90,90,90,90,90,90,90,90,100,100,100,100,100,100,100,100],"relic_stats":{"counters":[10,32],"obtain_stats":[{"Replay:Baseball":4,"downfall:HeartBlessingBlue":11,"champ:ChampionCrown":0,"downfall:HeartsMalice":0,"halation:AfternoonTea":10},{"Replay:Baseball":2,"downfall:HeartBlessingBlue":5,"champ:ChampionCrown":0,"downfall:HeartsMalice":0,"halation:AfternoonTea":5},{"Replay:Baseball":0,"downfall:HeartBlessingBlue":10,"champ:ChampionCrown":0,"downfall:HeartsMalice":0,"halation:AfternoonTea":10}]},"card_choices":[{"not_picked":["champ:GladiatorsShout","champ:FlashCut"],"picked":"champ:IronFortress","floor":2},{"not_picked":["champ:PreciseThrust","champ:RageSigil"],"picked":"champ:Shatter","floor":3},{"not_picked":["champ:Circumvent","champ:LastStand"],"picked":"champ:FlashCut","floor":5},{"not_picked":["champ:RageSigil","champ:FalseCounter"],"picked":"champ:GutPunch","floor":9},{"not_picked":["champ:EnGarde","champ:PerfectedStrike"],"picked":"champ:StanceDance","floor":10},{"not_picked":["champ:ShieldSigil","champ:SwordThrow"],"picked":"champ:Backstep","floor":12},{"not_picked":["champ:DefensiveStyle","champ:PerfectedStrike","champ:BringItOn"],"picked":"SKIP","floor":13},{"not_picked":["champ:FocusedBerserking","champ:FalseCounter","champ:GladiatorsShout"],"picked":"SKIP","floor":14},{"not_picked":["champ:GutPunch","champ:TornadoPunch","champ:CrookedStrike"],"picked":"SKIP","floor":15}],"player_experience":848760,"relics_obtained":[{"floor":10,"key":"halation:AfternoonTea"}],"event_choices":[{"damage_healed":0,"gold_gain":0,"player_choice":"Box","damage_taken":0,"relics_obtained":["Replay:Baseball"],"max_hp_gain":0,"max_hp_loss":0,"event_name":"Big Fish","floor":4,"gold_loss":0,"cards_obtained":["Regret"]}],"is_beta":false,"boss_relics":[],"items_purged_floors":[],"is_endless":false,"potions_floor_spawned":[9,10,14],"killed_by":"downfall:Defect","ascension_level":2}}