{"host":"hszimsrtxxc2k25w","time":1610253655,"event":{"mods":["AchievementEnabler","BaseMod","Colored Map","DeckTracker","Minty Spire (QoL Compilation)","Rare Cards Sparkle","SuperFastMode"],"gold_per_floor":[118,118,132,132,132,132,152,152,176,187,187,197,210,225,225,225,225],"floor_reached":16,"playtime":263,"items_purged":[],"score":188,"play_id":"978f5bec-4f43-4dcd-b08e-59fd78b0f10d","local_time":"20210110134055","is_ascension_mode":true,"campfire_choices":[{"data":"Barricade","floor":6,"key":"SMITH"},{"data":"Bash","floor":8,"key":"SMITH"},{"data":"Battle Trance","floor":11,"key":"SMITH"},{"data":"Bludgeon","floor":15,"key":"SMITH"}],"circlet_count":0,"master_deck":["AscendersBane","Strike_R","Strike_R","Strike_R","Strike_R","Defend_R","Defend_R","Defend_R","Defend_R","Bash+1","Barricade+1","Pommel Strike+1","Battle Trance+1","Hemokinesis","Bludgeon+1"],"relics":["Burning Blood","Orichalcum"],"acts_visited":["Exordium"],"potions_floor_usage":[13,14],"damage_taken":[{"damage":7,"enemies":"2 Louse","floor":1,"turns":4},{"damage":15,"enemies":"Small Slimes","floor":3,"turns":4},{"damage":17,"enemies":"Cultist","floor":7,"turns":4},{"damage":8,"enemies":"Red Slaver","floor":10,"turns":2},{"damage":28,"enemies":"Exordium Wildlife","floor":12,"turns":6},{"damage":20,"enemies":"Lots of Slimes","floor":13,"turns":5},{"damage":0,"enemies":"Looter","floor":14,"turns":1},{"damage":36,"enemies":"Hexaghost","floor":16,"turns":7}],"seed_played":"-2152807105670503557","potions_obtained":[{"floor":1,"key":"SteroidPotion"},{"floor":10,"key":"Regen Potion"},{"floor":13,"key":"DistilledChaos"}],"is_trial":false,"path_per_floor":["M","?","M","?","?","R","M","R","T","M","R","M","M","M","R","B"],"character_chosen":"IRONCLAD","items_purchased":[],"campfire_rested":0,"item_purchase_floors":[],"current_hp_per_floor":[49,42,33,58,58,58,47,47,47,45,45,23,23,29,29,0,0],"gold":225,"neow_bonus":"THREE_RARE_CARDS","is_daily":false,"chose_seed":false,"campfire_upgraded":4,"win_rate":0.0,"timestamp":1610253655,"path_taken":["M","?","M","?","?","R","M","R","T","M","R","?","M","M","R","BOSS"],"items_purchased_type":[],"build_version":"2020-12-22","purchased_purges":0,"victory":false,"max_hp_per_floor":[75,75,75,75,75,75,75,75,75,75,75,75,75,75,75,75,75],"card_choices":[{"not_picked":["Limit Break","Fiend Fire"],"picked":"Barricade","floor":0},{"not_picked":["Rupture","Anger"],"picked":"Pommel Strike","floor":1},{"not_picked":["Anger","Dual Wield","Heavy Blade"],"picked":"SKIP","floor":3},{"not_picked":["Wild Strike","Flex","Heavy Blade"],"picked":"SKIP","floor":7},{"not_picked":["Warcry","Cleave"],"picked":"Battle Trance","floor":10},{"not_picked":["Thunderclap","Intimidate"],"picked":"Hemokinesis","floor":12},{"not_picked":["Twin Strike","Heavy Blade"],"picked":"Bludgeon","floor":13},{"not_picked":["Perfected Strike","Sword Boomerang","Searing Blow"],"picked":"SKIP","floor":14}],"player_experience":616285,"relics_obtained":[{"floor":9,"key":"Orichalcum"}],"event_choices":[{"cards_removed":["Strike_R"],"damage_healed":0,"gold_gain":0,"player_choice":"Card Removal","damage_taken":7,"max_hp_gain":0,"max_hp_loss":0,"event_name":"Golden Wing","floor":2,"gold_loss":0},{"damage_healed":25,"gold_gain":0,"player_choice":"Banana","damage_taken":0,"max_hp_gain":0,"max_hp_loss":0,"event_name":"Big Fish","floor":4,"gold_loss":0},{"damage_healed":0,"gold_gain":0,"player_choice":"Upgraded","damage_taken":0,"max_hp_gain":0,"max_hp_loss":0,"event_name":"Upgrade Shrine","floor":5,"gold_loss":0,"cards_upgraded":["Pommel Strike"]}],"is_beta":false,"boss_relics":[],"items_purged_floors":[],"is_endless":false,"potions_floor_spawned":[1,10,12,13],"killed_by":"Hexaghost","ascension_level":20}}