{"host":"ul7yvwhigba0nw36","time":1610300402,"event":{"mods":["AchievementEnabler","Act Like it!","Aspiration","BaseMod","Colored Map","Colored Powertips","Downfall","Gensokyo","Hermit","Highlight Path","Hubris","Infinite Spire","Minty Spire (QoL Compilation)","Random Character Button","Replay The Spire","StSLib","The Construct","The Cursed","The Disciple","The Necromancer"],"gold_per_floor":[114,114,114,126,141,141,167,167,167,27,27,27,45,45,45,149,149,165,20,20,20,20,20,45,63,63,82,82,51,1,251,251,355,355,370,586,597,164,164,164,184,184,209,209,209,209,242,256,256,206,206],"floor_reached":50,"playtime":3732,"items_purged":["ReplayTheSpireMod:Restless Dread","hubris:Despair","hubris:Despair"],"score":584,"play_id":"be6d0d61-a924-4022-a5c9-1d62bc512502","local_time":"20210110174002","is_ascension_mode":false,"campfire_choices":[{"data":"infinitespire:SevenWalls","floor":6,"key":"SMITH"},{"data":"hermit:LuckOfTheDraw","floor":8,"key":"SMITH"},{"data":"hermit:Headshot","floor":15,"key":"SMITH"},{"data":"hermit:HeroicBravado","floor":23,"key":"SMITH"},{"data":"hermit:TakeAim","floor":28,"key":"SMITH"},{"data":"hermit:Vantage","floor":32,"key":"SMITH"},{"floor":40,"key":"REST"},{"data":"hermit:WideOpen","floor":44,"key":"SMITH"},{"data":"hermit:Snipe","floor":46,"key":"SMITH"},{"floor":49,"key":"REST"}],"circlet_count":0,"master_deck":["hermit:Strike_Hermit","hermit:Strike_Hermit","hermit:Strike_Hermit","hermit:Strike_Hermit","hermit:Defend_Hermit","hermit:Defend_Hermit","hermit:Defend_Hermit","hermit:Covet","hermit:WideOpen+1","hermit:TrackingShot","infinitespire:SevenWalls+1","hermit:Ricochet","hermit:Headshot+1","hermit:LuckOfTheDraw+1","TheCursedMod:Dregs","hermit:Enervate","hermit:HeroicBravado+1","hermit:Ricochet","hermit:TakeAim+1","hermit:GhostlyPresence+1","hermit:Vantage+1","hermit:Gambit","hermit:Snipe+1","hermit:Snipe+1","Gensokyo:HouraiInAPot+1","hermit:Snipe","Regret","hermit:TakeAim+1"],"relics":["hermit:Momento","Happy Flower","Replay:Bottled Flurry","Replay:Towering Pillar of Hats","Ring of Searing","Ring of Peace","Cursed Key","hubris:Icosahedron","infinitespire:Golems Mask","Meat on the Bone","hubris:HollowSoul","hubris:EmptyBottle","Akabeko","aspiration:TomeofQuesting","Pen Nib"],"acts_visited":["Exordium","Gensokyo:Gensokyo","Gensokyo:Gensokyoer"],"potions_floor_usage":[41,41,41,41,47,47,48,48,50,50],"damage_taken":[{"damage":1,"enemies":"Gensokyo:2_Kodama","floor":1,"turns":5},{"damage":0,"enemies":"Gensokyo:Gryphon","floor":4,"turns":3},{"damage":0,"enemies":"Gensokyo:Python","floor":5,"turns":2},{"damage":0,"enemies":"Gensokyo:Mamizou","floor":7,"turns":8},{"damage":0,"enemies":"Gensokyo:Kitsune","floor":13,"turns":3},{"damage":17,"enemies":"Gensokyo:Yukari","floor":16,"turns":6},{"damage":9,"enemies":"Gensokyo:Chomper","floor":18,"turns":3},{"damage":24,"enemies":"Gensokyo:Koishi","floor":24,"turns":5},{"damage":0,"enemies":"Gensokyo:AngelMirror","floor":25,"turns":3},{"damage":27,"enemies":"Gensokyo:3_Gloops","floor":27,"turns":5},{"damage":0,"enemies":"Gensokyo:Eternal_Rivals","floor":33,"turns":10},{"damage":29,"enemies":"Gensokyo:3_Boulders","floor":35,"turns":6},{"damage":0,"enemies":"Gensokyo:AncientGuardian","floor":36,"turns":5},{"damage":0,"enemies":"Gensokyo:SeedOfUnknown","floor":37,"turns":5},{"damage":18,"enemies":"Gensokyo:SeedOfUnknown","floor":39,"turns":9},{"damage":6,"enemies":"Gensokyo:Rafflesia","floor":41,"turns":6},{"damage":15,"enemies":"Gensokyo:Doremy","floor":47,"turns":6},{"damage":9,"enemies":"Gensokyo:Sharpion","floor":48,"turns":5},{"damage":20,"enemies":"Gensokyo:Shinki","floor":50,"turns":2}],"seed_played":"4526074445858250694","potions_obtained":[{"floor":7,"key":"Languid Potion"},{"floor":13,"key":"Block Potion"},{"floor":16,"key":"SpeedPotion"},{"floor":37,"key":"Energy Potion"},{"floor":41,"key":"Toxic Potion"},{"floor":48,"key":"Fruit Juice"}],"is_trial":false,"path_per_floor":["M","?","?","M","M","R","E","R","T","?","$","?","M","?","R","B",null,"M","$","?","?","AVR","R","E","M","T","M","R","COS","?","?","R","B",null,"M","M","M","$","?","R","M","?","T","R","?","R","E","M","R","B"],"character_chosen":"HERMIT","items_purchased":["hermit:TakeAim","hermit:Snipe","hubris:EmptyBottle","Akabeko"],"campfire_rested":2,"item_purchase_floors":[19,38,38,38],"current_hp_per_floor":[74,74,74,74,74,74,74,74,74,74,74,74,74,74,74,57,75,66,66,74,74,74,74,50,50,50,35,35,35,42,42,42,42,78,49,49,49,49,49,72,66,66,66,66,66,66,51,52,78,0,0],"gold":206,"neow_bonus":"RANDOM_EVENT","is_daily":false,"chose_seed":false,"campfire_upgraded":8,"win_rate":0.0,"timestamp":1610300402,"path_taken":["M","?","?","?","M","R","E","R","T","?","?","?","?","?","R","BOSS","M","$","?","?","AVR","R","E","M","T","?","R","COS","?","?","R","BOSS","M","M","M","$","?","R","M","?","T","R","?","R","E","M","R","BOSS"],"items_purchased_type":["Card","Card","Relic","Relic"],"build_version":"2020-12-22","purchased_purges":3,"victory":false,"max_hp_per_floor":[75,75,75,75,75,75,75,75,75,75,75,75,75,75,75,75,75,75,75,75,75,75,75,75,75,75,75,75,75,82,78,78,78,78,78,78,78,78,78,78,78,78,78,78,78,78,78,88,88,88,88],"card_choices":[{"not_picked":["hermit:Misfire","hermit:SprayPray"],"picked":"hermit:WideOpen","floor":1},{"not_picked":["hermit:Feint","hermit:Quickdraw"],"picked":"hermit:TrackingShot","floor":2},{"not_picked":["ReplayTheSpireMod:Black Plague","ReplayTheSpireMod:Haul"],"picked":"infinitespire:SevenWalls","floor":3},{"not_picked":["hermit:Gestalt","hermit:FullyLoaded"],"picked":"hermit:Ricochet","floor":4},{"not_picked":["hermit:TrackingShot","hermit:LuckOfTheDraw"],"picked":"hermit:Headshot","floor":5},{"not_picked":["hermit:TrackingShot","hermit:DeadOrAlive"],"picked":"hermit:LuckOfTheDraw","floor":7},{"not_picked":["hermit:Dive","hermit:Midnight"],"picked":"hermit:Enervate","floor":13},{"not_picked":["hermit:Magnum","hermit:FinalCanter"],"picked":"hermit:HeroicBravado","floor":16},{"not_picked":["hermit:SprayPray","hermit:Feint"],"picked":"hermit:Ricochet","floor":18},{"not_picked":["hermit:TrackingShot","hermit:CursedWeapon+1"],"picked":"hermit:GhostlyPresence+1","floor":24},{"not_picked":["hermit:NoHoldsBarred+1","hermit:Roulette","hermit:LoneWolf+1"],"picked":"SKIP","floor":25},{"not_picked":["hermit:CalledShot","hermit:TakeCover"],"picked":"hermit:Vantage","floor":27},{"not_picked":["hermit:EternalForm","hermit:FromBeyond"],"picked":"hermit:Gambit","floor":33},{"not_picked":["hermit:HoleUp","hermit:Virtue"],"picked":"hermit:Snipe+1","floor":35},{"not_picked":["hermit:HoleUp+1","hermit:SprayPray","hermit:Roulette+1"],"picked":"SKIP","floor":36},{"not_picked":["hermit:HighCaliber","hermit:Adapt","hermit:Ricochet"],"picked":"SKIP","floor":37},{"not_picked":["Gensokyo:RainbowDanmaku","Gensokyo:LifeSpringInfinity"],"picked":"Gensokyo:HouraiInAPot","floor":39},{"not_picked":["hermit:CursedWeapon","hermit:HighCaliber"],"picked":"hermit:Snipe","floor":41},{"not_picked":["hermit:BodyArmor+1","hermit:FlashPowder+1","hermit:ItchyTrigger"],"picked":"SKIP","floor":47},{"not_picked":["hermit:Vantage","hermit:Quickdraw+1"],"picked":"hermit:TakeAim+1","floor":48}],"player_experience":442586,"relics_obtained":[{"floor":7,"key":"Replay:Bottled Flurry"},{"floor":12,"key":"Ring of Searing"},{"floor":12,"key":"Ring of Peace"},{"floor":24,"key":"infinitespire:Golems Mask"},{"floor":26,"key":"Meat on the Bone"},{"floor":43,"key":"aspiration:TomeofQuesting"},{"floor":47,"key":"Pen Nib"}],"event_choices":[],"is_beta":false,"boss_relics":[{"not_picked":["hubris:GrandSneckoEye","construct:ClawGrip"],"picked":"Cursed Key"},{"not_picked":["hermit:DentedPlate","aspiration:SilentSkillbook"],"picked":"hubris:HollowSoul"}],"items_purged_floors":[19,22,38],"is_endless":false,"potions_floor_spawned":[7,13,16,18,24,37,41,48],"killed_by":"Gensokyo:Shinki","ascension_level":0}}