{"host":"dfyfjscm69glluav","time":1610250575,"event":{"mods":["BaseMod","Marisa£¨Ùöéë¡¡Øª×âÞÞ£©","Minty Spire (QoL Compilation)","Replay The Spire","StSLib","The Cursed","The Hierophant","The Runesmith"],"gold_per_floor":[364,364,215,215,215,215,241,251,251,251,283,300,315,334,334,334,334],"floor_reached":16,"playtime":655,"items_purged":["Strike_R"],"score":121,"play_id":"251d8660-5a40-472e-a6d8-d2ea975bd1e4","local_time":"20210110124935","is_ascension_mode":true,"campfire_choices":[{"floor":6,"key":"REST"},{"floor":10,"key":"REST"},{"floor":15,"key":"REST"}],"circlet_count":0,"master_deck":["Strike_R+1","Strike_R","Strike_R","Defend_R","Defend_R","Defend_R+1","Defend_R","Run Through","Survivor","Neutralize","Rupture+1","Infernal Blade","Replay:Undeath\u0027s Touch","Berserk","Infernal Blade","Seeing Red"],"relics":["Burning Blood","Gremlin Food","Omamori","ReplayTheSpireMod:Spearhead","White Beast Statue"],"acts_visited":["Exordium"],"potions_floor_usage":[11,13,13],"damage_taken":[{"damage":10,"enemies":"Small Slimes","floor":1,"turns":3},{"damage":49,"enemies":"Gremlin Nob","floor":7,"turns":7},{"damage":13,"enemies":"Jaw Worm","floor":8,"turns":4},{"damage":37,"enemies":"Lagavulin","floor":11,"turns":11},{"damage":4,"enemies":"2 Louse","floor":12,"turns":2},{"damage":25,"enemies":"Lots of Slimes","floor":13,"turns":6},{"damage":18,"enemies":"Looter","floor":14,"turns":3},{"damage":40,"enemies":"The Guardian","floor":16,"turns":2}],"seed_played":"1753692504568897637","potions_obtained":[{"floor":1,"key":"BloodPotion"},{"floor":7,"key":"Explosive Potion"},{"floor":12,"key":"Regen Potion"},{"floor":13,"key":"Weak Potion"},{"floor":14,"key":"Energy Potion"}],"is_trial":false,"path_per_floor":["M","?","$","?","T","R","E","M","T","R","E","M","M","M","R","B"],"character_chosen":"IRONCLAD","items_purchased":["Rupture"],"campfire_rested":3,"item_purchase_floors":[3],"current_hp_per_floor":[68,68,68,68,68,72,29,22,22,43,12,14,24,12,33,0,0],"gold":334,"neow_bonus":"TWO_FIFTY_GOLD","is_daily":false,"chose_seed":false,"campfire_upgraded":0,"win_rate":0.0,"timestamp":1610250575,"path_taken":["M","?","$","?","?","R","E","M","T","R","E","M","M","M","R","BOSS"],"items_purchased_type":["Card"],"build_version":"2020-12-22","purchased_purges":1,"victory":false,"max_hp_per_floor":[72,72,72,72,72,72,72,72,72,72,72,72,72,72,72,72,72],"card_choices":[{"not_picked":["Intimidate","Shockwave"],"picked":"Run Through","floor":1},{"not_picked":["True Grit","Pommel Strike"],"picked":"Infernal Blade","floor":7},{"not_picked":["Power Through","Clash"],"picked":"Replay:Undeath\u0027s Touch","floor":8},{"not_picked":["Bludgeon","Brutality"],"picked":"Berserk","floor":11},{"not_picked":["Intimidate","True Grit"],"picked":"Infernal Blade","floor":12},{"not_picked":["Heavy Blade","ReplayTheSpireMod:Strike From Hell"],"picked":"Seeing Red","floor":13},{"not_picked":["Perfected Strike","Sword Boomerang","Carnage"],"picked":"SKIP","floor":14}],"player_experience":149086,"relics_obtained":[{"floor":5,"key":"Gremlin Food"},{"floor":7,"key":"Omamori"},{"floor":9,"key":"ReplayTheSpireMod:Spearhead"},{"floor":11,"key":"White Beast Statue"}],"event_choices":[],"is_beta":false,"boss_relics":[],"items_purged_floors":[3],"is_endless":false,"potions_floor_spawned":[1,7,12,13,14],"killed_by":"The Guardian","ascension_level":2}}