{"host":"1zulhgfop6judopi","time":1610317228,"event":{"mods":["2.2 Compatiblity","Act Like it!","Aspiration","BaseMod","Beaked The Cultist","Better Altar","Better Match","Better Note","Better Sensory Stone","Better Skull","Better Synergies","Better Third Choice","Card Forge","Communication Mod","Conspire","Defuse TimeMaze Blight","Displayed Cursed Tome","Downfall","Elementarium","Friendly Minions","GifTheSpireLib","GungeonMod","Halation","HexUI Lib","Hubris","Humility","Hyrulean Relics","Infinite Spire","Ironclad Rager","Marked Mod","Menagerie","Minty Spire (QoL Compilation)","MostiFishMod","Quick Restart","Relic Filter","Relic Sorter","Replay The Spire","SacredBarkPlus","Small Relic Pack","Spicy Shops","Spikes Relics","Spire Exporter","StSLib","Stuff the Spire","Synergy Search","The Bladedancer","The Blue Laboratory","The Factory","Trackpad","Transform Curses","Uncapped","UnlockEverythingMod","Virulent Crown","vexMod"],"gold_per_floor":[118,136,149,168,178,211,211,226,226,226,240,255,265,280,280,354,354,368,383,403,417,429,429,429,429,429,1000510,1000470,1000470,1000470],"floor_reached":29,"playtime":1217,"items_purged":[],"score":885,"play_id":"42d7c1c8-a346-4aa3-984d-d5383f112a76","local_time":"20210110172028","daily_mods":["Vintage","Diverse","Heirloom","Time Dilation","Flight","Elite Swarm","Lethality"],"is_ascension_mode":true,"campfire_choices":[{"data":"blademaster:RagingBlow","floor":7,"key":"SMITH"},{"data":"blademaster:HighVoltage","floor":10,"key":"SMITH"},{"data":"blademaster:Strike","floor":15,"key":"SMITH"},{"data":"blademaster:Defend","floor":23,"key":"SMITH"},{"data":"blademaster:Defend","floor":23,"key":"SMITH"},{"data":"blademaster:Defend","floor":24,"key":"SMITH"},{"data":"blademaster:Defend","floor":24,"key":"SMITH"},{"data":"blademaster:Strike","floor":25,"key":"SMITH"},{"data":"blademaster:Strike","floor":25,"key":"SMITH"}],"circlet_count":0,"master_deck":["blademaster:Strike+1","blademaster:Strike+1","blademaster:Strike+1","blademaster:Strike","blademaster:Defend+1","blademaster:Defend+1","blademaster:Defend+1","blademaster:Defend+1","blademaster:RagingBlow+1","blademaster:HighVoltage+1","hexamod:FifthSeal"],"relics":["blademaster:DancersAmulet","Hammer of Thor","Seething Fire","Anvil of the Gods","DaveBox","hubris:BottledHeart","hubris:FruitBowl","vexMod:RedPlottingStone","OneHitWonderSystem","trackpad:ByrdCharm","SynthV:TestCard","Smiling Mask","DemoMod:GlassGuonStoneRelic","infinitespire:Beetle Shell","DemoMod:MemoryAlloy","StuffTheSpire:DarkSteelAnvil","zeldaRelics:CourageTriforce","StuffTheSpire:OldFever","DemoMod:OrangeGuonStone","DemoMod:WhiteGuonStone","Potion Belt","Replay:Wax Seal","relicPack:KazumaCape","Akabeko","hubris:SlimyHat","GiantMaggot","halation:PenCase","halation:AfternoonTea","zeldaRelics:WisdomPiece","The Courier"],"acts_visited":["Exordium","TheCity"],"potions_floor_usage":[5,6,16,16,18,18,19,21,22,22,22],"damage_taken":[{"damage":0,"enemies":"Cultist","floor":1,"turns":1},{"damage":0,"enemies":"conspire:RoseBush","floor":2,"turns":2},{"damage":0,"enemies":"Small Slimes","floor":3,"turns":3},{"damage":0,"enemies":"Blue Slaver","floor":4,"turns":4},{"damage":0,"enemies":"Looter","floor":5,"turns":2},{"damage":0,"enemies":"Lagavulin","floor":6,"turns":4},{"damage":0,"enemies":"2 Fungi Beasts","floor":8,"turns":1},{"damage":0,"enemies":"Red Slaver","floor":11,"turns":2},{"damage":0,"enemies":"Exordium Wildlife","floor":12,"turns":3},{"damage":0,"enemies":"Looter","floor":13,"turns":1},{"damage":0,"enemies":"Exordium Thugs","floor":14,"turns":2},{"damage":0,"enemies":"Fading Forest","floor":16,"turns":13},{"damage":0,"enemies":"3 Byrds","floor":18,"turns":2},{"damage":0,"enemies":"Spheric Guardian","floor":19,"turns":1},{"damage":0,"enemies":"Snake Plant","floor":20,"turns":1},{"damage":0,"enemies":"Snecko","floor":21,"turns":2},{"damage":0,"enemies":"conspire:HollyBat","floor":22,"turns":3},{"damage":0,"enemies":"Nightmare","floor":27,"turns":4}],"seed_played":"-5083543560455927451","potions_obtained":[{"floor":2,"key":"Dexterity Potion"},{"floor":3,"key":"Explosive Potion"},{"floor":11,"key":"Weak Potion"},{"floor":14,"key":"AttackPotion"},{"floor":16,"key":"Swift Potion"},{"floor":18,"key":"sneckomod:MuddlingPotion"},{"floor":19,"key":"blueLaboratory:Moonshine"},{"floor":22,"key":"GamblersBrew"},{"floor":28,"key":"Flashbang"},{"floor":28,"key":"PowerPotion"}],"is_trial":true,"path_per_floor":["M","M","M","M","M","E","R","M","T","R","M","M","M","M","R","B",null,"M","M","M","M","M","R","R","R","T","NM","?","?"],"character_chosen":"THE_BLADEMASTER","items_purchased":[],"campfire_rested":0,"item_purchase_floors":[],"current_hp_per_floor":[1,1,1,1,1,1,1,1,1,1,1,1,1,1,1,1,1,1,1,1,1,1,1,1,1,1,1,1,0,0],"gold":1000470,"neow_bonus":"","is_daily":false,"chose_seed":false,"campfire_upgraded":9,"win_rate":0.0,"timestamp":1610317228,"path_taken":["M","M","M","M","M","E","R","M","T","R","M","M","M","M","R","BOSS","M","M","M","M","M","R","R","R","T","NM","?","?"],"items_purchased_type":[],"build_version":"2020-12-22","purchased_purges":0,"victory":false,"max_hp_per_floor":[1,1,1,1,1,1,1,1,1,1,1,1,1,1,1,1,1,1,1,1,1,1,1,1,1,1,1,1,1,1],"card_choices":[{"not_picked":["MostiFishMod:Prepare","beaked:ScreechingChant","MostiFishMod:Chiaki","Thunder Strike","Buffer"],"picked":"SKIP","floor":6},{"not_picked":["Brilliance","Guardian:HyperBeam_Guardian","MarkedMod:ChiBlock","MostiFishMod:PerfectStrikeMKII"],"picked":"hexamod:FifthSeal","floor":27}],"player_experience":194638,"relics_obtained":[{"floor":1,"key":"trackpad:ByrdCharm"},{"floor":1,"key":"blademaster:StanceHealPerk"},{"floor":1,"key":"SynthV:TestCard"},{"floor":2,"key":"Smiling Mask"},{"floor":2,"key":"blademaster:BonusFuryPerk"},{"floor":3,"key":"infinitespire:Beetle Shell"},{"floor":3,"key":"blademaster:DextrousPerk"},{"floor":4,"key":"DemoMod:MemoryAlloy"},{"floor":4,"key":"blademaster:RandomBladePerk"},{"floor":5,"key":"StuffTheSpire:DarkSteelAnvil"},{"floor":5,"key":"blademaster:FinisherDrawCardPerk"},{"floor":6,"key":"zeldaRelics:CouragePiece"},{"floor":8,"key":"StuffTheSpire:OldFever"},{"floor":8,"key":"blademaster:OnAttackedChargePerk"},{"floor":9,"key":"zeldaRelics:CouragePiece"},{"floor":11,"key":"DemoMod:OrangeGuonStone"},{"floor":11,"key":"blademaster:BleedingLaceratePerk"},{"floor":12,"key":"DemoMod:WhiteGuonStone"},{"floor":12,"key":"blademaster:RandomStancePerk"},{"floor":13,"key":"Potion Belt"},{"floor":13,"key":"blademaster:StrongPerk"},{"floor":14,"key":"Replay:Wax Seal"},{"floor":14,"key":"blademaster:LightningChargePerk"},{"floor":18,"key":"Akabeko"},{"floor":18,"key":"blademaster:ComboEveryTurnPerk"},{"floor":19,"key":"hubris:SlimyHat"},{"floor":19,"key":"blademaster:FuryEveryTurnPerk"},{"floor":20,"key":"GiantMaggot"},{"floor":20,"key":"blademaster:WindChargePerk"},{"floor":21,"key":"halation:PenCase"},{"floor":21,"key":"blademaster:BleedingMoreDamagePerk"},{"floor":22,"key":"halation:AfternoonTea"},{"floor":22,"key":"blademaster:BonusComboPerk"},{"floor":26,"key":"zeldaRelics:CouragePiece"},{"floor":27,"key":"zeldaRelics:WisdomPiece"}],"event_choices":[{"damage_healed":0,"gold_gain":0,"player_choice":"Bought 3 Potions","damage_taken":0,"max_hp_gain":0,"max_hp_loss":0,"event_name":"The Woman in Blue","floor":28,"gold_loss":0}],"is_beta":false,"boss_relics":[{"not_picked":["halation:MonkeysPaw","conspire:SeveredTorchhead"],"picked":"relicPack:KazumaCape"}],"items_purged_floors":[],"is_endless":false,"potions_floor_spawned":[2,3,11,12,14,16,18,19,22],"ascension_level":20}}