{"host":"p7j7o00jacnw7qzt","time":1610260075,"event":{"mods":["BaseMod","Colored Map","Colored Powertips","DeckTracker","Highlight Path","Minty Spire (QoL Compilation)","Relic Stats"],"gold_per_floor":[116,130,130,140,65,65,96,96,96,96,96,108,120,151,151,151,151],"floor_reached":16,"playtime":563,"items_purged":["Strike_G"],"score":220,"play_id":"77d7a826-bd8a-4bc9-a351-84131a643a94","local_time":"20210110012755","is_ascension_mode":true,"campfire_choices":[{"data":"Neutralize","floor":6.0,"key":"SMITH"},{"floor":8.0,"key":"RECALL"},{"floor":10.0,"key":"REST"},{"floor":15.0,"key":"REST"}],"circlet_count":0,"master_deck":["AscendersBane","Strike_G","Strike_G","Strike_G","Defend_G+1","Defend_G","Defend_G","Survivor","Neutralize+1","PiercingWail","Calculated Gamble+1","Infinite Blades","Terror","Slice+1","Acrobatics"],"relics":["Ring of the Snake","Molten Egg 2","Singing Bowl","Mummified Hand"],"acts_visited":["Exordium"],"potions_floor_usage":[16],"damage_taken":[{"damage":0.0,"enemies":"2 Louse","floor":1.0,"turns":2.0},{"damage":7.0,"enemies":"Small Slimes","floor":2.0,"turns":5.0},{"damage":0.0,"enemies":"Jaw Worm","floor":4.0,"turns":5.0},{"damage":29.0,"enemies":"Lagavulin","floor":7.0,"turns":9.0},{"damage":0.0,"enemies":"Looter","floor":12.0,"turns":4.0},{"damage":7.0,"enemies":"Large Slime","floor":13.0,"turns":4.0},{"damage":12.0,"enemies":"3 Sentries","floor":14.0,"turns":9.0},{"damage":36,"enemies":"Slime Boss","floor":16,"turns":6}],"seed_played":"-8895246020246523329","potions_obtained":[{"floor":2.0,"key":"Fire Potion"},{"floor":12.0,"key":"Poison Potion"},{"floor":13.0,"key":"Fire Potion"}],"is_trial":false,"path_per_floor":["M","M","?","M","$","R","E","R","T","R","?","M","M","E","R","B"],"character_chosen":"THE_SILENT","items_purchased":[],"campfire_rested":2,"item_purchase_floors":[],"current_hp_per_floor":[59,52,34,34,34,34,5,5,5,23,23,23,18,6,24,0,0],"gold":151,"neow_bonus":"REMOVE_TWO","is_daily":false,"chose_seed":false,"campfire_upgraded":1,"win_rate":0.0,"timestamp":1610260075,"path_taken":["M","M","?","M","$","R","E","R","T","R","?","M","?","E","R","BOSS"],"items_purchased_type":[],"build_version":"2020-12-22","purchased_purges":1,"victory":false,"max_hp_per_floor":[60,60,60,60,60,60,60,60,60,60,60,60,62,62,62,62,62],"relic_stats":{"Singing Bowl":2,"counters":[8,44],"Mummified Hand":[1],"obtain_stats":[{"Singing Bowl":9,"Mummified Hand":14,"Molten Egg 2":7,"Ring of the Snake":0},{"Singing Bowl":4,"Mummified Hand":7,"Molten Egg 2":4,"Ring of the Snake":0},{"Singing Bowl":21,"Mummified Hand":38,"Molten Egg 2":21,"Ring of the Snake":0}],"Ring of the Snake":[16]},"card_choices":[{"not_picked":["Dodge and Roll","Deadly Poison"],"picked":"PiercingWail","floor":1.0},{"not_picked":["Slice","Dodge and Roll"],"picked":"Calculated Gamble","floor":2.0},{"not_picked":["Leg Sweep","Prepared"],"picked":"Infinite Blades","floor":4.0},{"not_picked":["Sucker Punch+1","Backflip"],"picked":"Terror","floor":7.0},{"not_picked":["Distraction","PiercingWail"],"picked":"Slice+1","floor":12.0},{"not_picked":["Outmaneuver","Slice+1","Dodge and Roll"],"picked":"Singing Bowl","floor":13.0},{"not_picked":["Phantasmal Killer","Blur"],"picked":"Acrobatics","floor":14.0}],"player_experience":1034779,"relics_obtained":[{"floor":7.0,"key":"Molten Egg 2"},{"floor":9.0,"key":"Singing Bowl"},{"floor":14.0,"key":"Mummified Hand"}],"event_choices":[{"damage_healed":0.0,"max_hp_gain":0.0,"max_hp_loss":0.0,"gold_gain":0.0,"event_name":"Shining Light","player_choice":"Entered Light","floor":3.0,"gold_loss":0.0,"damage_taken":18.0,"cards_upgraded":["Defend_G","Calculated Gamble"]},{"cards_removed":["Defend_G"],"damage_healed":0.0,"max_hp_gain":0.0,"max_hp_loss":0.0,"gold_gain":0.0,"event_name":"Living Wall","player_choice":"Forget","floor":11.0,"gold_loss":0.0,"damage_taken":0.0}],"is_beta":false,"boss_relics":[],"items_purged_floors":[5],"is_endless":false,"potions_floor_spawned":[2,12,13],"killed_by":"Slime Boss","ascension_level":20}}