{"host":"06h77atpgiec8kbk","time":1610280422,"event":{"mods":["Act Like it!","Alarm Clock","Arknights The Spire","Aspiration","Bard","BaseMod","CapriCore","Colored Powertips","Conspire","Downfall","Hermit","Marisa£®ÏF”Í°°ƒß¿Ì…≥£©","Minty Spire (QoL Compilation)","Quick Restart","Reimu£®≤©¿ˆ¡È√Œ£©","Relic Stats","Replay The Spire","StSLib","The Construct","The Cursed","The Gatherer","The Hierophant","The Immortal","The Marked","The Runesmith","[µÿæ´ ◊¡Ï≈¿À˛]The Maniac","°æ“≈ŒÔø®≈∆°øREMEMod"],"gold_per_floor":[111,187,187,187,33,33,68,68,68,78,104,104,179,193,193,290,290,305,176,176,188,188,221,221,221,221,275,275,275,320,363,363,481,481,523,580,652,706,294,340,396,396,474,531,579,637,687,728,728,748,748],"floor_reached":50,"playtime":4512,"items_purged":["ats:Strike V"],"score":650,"play_id":"7c0f764b-231a-479f-9864-b34b805ce4f5","local_time":"20210110200702","is_ascension_mode":true,"campfire_choices":[{"data":"ats:Armor Crushing Shot","floor":6.0,"key":"SMITH"},{"floor":8.0,"key":"RECALL"},{"data":"ats:Blood Oath","floor":12.0,"key":"SMITH"},{"floor":25.0,"key":"REST"},{"data":"ats:Soul Rend","floor":28.0,"key":"SMITH"},{"data":"ats:Healing Drone","floor":32.0,"key":"SMITH"},{"data":"ats:True Silver Slash","floor":49,"key":"SMITH"}],"circlet_count":0,"master_deck":["ats:Strike C","ats:Strike G","ats:Armor Crushing Shot+1","ats:Defend+1","ats:Defend+1","ats:Defend+1","ats:Defend+1","ats:Emotion Absorption+1","ats:Explosion Area Strengthen+1","ats:Blood Oath+1","ats:Healing Strengthening","Gatherer:Frenzy","ats:Soul Rend+1","ats:Red Shift","ats:Red Shift","ats:Healing Drone+1","Finesse","ats:True Silver Slash+1","Secret Weapon","ats:Flexible Camouflage","ats:Blood Oath+1","Thinking Ahead+1","ats:Disruption Kick+1","expansioncontent:PrepareCrush","ats:Cat Scratch+1","ats:Dogmatic Field+1","ats:Soul Rend+1"],"relics":["ats:Sanity","REME_ComplimentaryCards","NeowsBlessing","ats:Spiritual Recovery","ats:Originium","Tea:ReiMu","ats:Ability Aura","REME_LowDesire","Nunchaku","ats:Rhine Circuitry","Replay:Bandana","aspiration:SeaSaltIceCream","Letter Opener","Chameleon Ring","Quantum Egg","Painkiller Herb","Pocketwatch","Golden Egg","Meat on the Bone","Replay:Bottled Eggs","Bag of Marbles"],"acts_visited":["Exordium","TheCity","TheBeyond"],"potions_floor_usage":[50,50],"damage_taken":[{"damage":0.0,"enemies":"Small Slimes","floor":1.0,"turns":1.0},{"damage":0.0,"enemies":"Gremlin Nob","floor":7.0,"turns":1.0},{"damage":0.0,"enemies":"2 Louse","floor":10.0,"turns":1.0},{"damage":26.0,"enemies":"Lagavulin","floor":11.0,"turns":7.0},{"damage":1.0,"enemies":"Jaw Worm","floor":14.0,"turns":3.0},{"damage":63.0,"enemies":"The Guardian","floor":16.0,"turns":11.0},{"damage":30.0,"enemies":"conspire:FuzzyDice","floor":18.0,"turns":6.0},{"damage":33.0,"enemies":"Shell Parasite","floor":21.0,"turns":8.0},{"damage":0.0,"enemies":"3 Cultists","floor":22.0,"turns":2.0},{"damage":88.0,"enemies":"Slavers","floor":23.0,"turns":8.0},{"damage":46.0,"enemies":"Gremlin Leader","floor":27.0,"turns":8.0},{"damage":74.0,"enemies":"Slavers","floor":30.0,"turns":7.0},{"damage":69.0,"enemies":"Sentry and Sphere","floor":31.0,"turns":8.0},{"damage":156.0,"enemies":"conspire:MysteriousRune","floor":33.0,"turns":14.0},{"damage":78.0,"enemies":"3 Shapes","floor":35.0,"turns":7.0},{"damage":66.0,"enemies":"conspire:MimicChest","floor":36.0,"turns":7.0},{"damage":23.0,"enemies":"3 Darklings","floor":37.0,"turns":4.0},{"damage":6.0,"enemies":"Spire Growth","floor":38.0,"turns":3.0},{"damage":49.0,"enemies":"R_Hoarder","floor":40.0,"turns":8.0},{"damage":29.0,"enemies":"Jaw Worm Horde","floor":41.0,"turns":3.0},{"damage":43,"enemies":"3 Darklings","floor":44,"turns":5},{"damage":74,"enemies":"Maw","floor":45,"turns":8},{"damage":15,"enemies":"Jaw Worm Horde","floor":46,"turns":4},{"damage":105,"enemies":"Nemesis","floor":47,"turns":7},{"damage":28,"enemies":"Transient","floor":48,"turns":5},{"damage":118,"enemies":"conspire:OrnateMirror","floor":50,"turns":5}],"seed_played":"9082669101244859553","potions_obtained":[{"floor":1.0,"key":"SkillPotion"},{"floor":2.0,"key":"construct:ShiftPotion"},{"floor":2.0,"key":"Block Potion"},{"floor":2.0,"key":"Dexterity Potion"},{"floor":11.0,"key":"Dexterity Potion"},{"floor":18.0,"key":"SmokeBomb"},{"floor":23.0,"key":"EntropicBrew"},{"floor":27.0,"key":"Elixir"},{"floor":30.0,"key":"MagicPotion:ReiMu"},{"floor":31.0,"key":"DistilledChaos"},{"floor":37.0,"key":"Adrenaline Potion"},{"floor":40.0,"key":"ZuzhouPotion:ReiMu"},{"floor":41.0,"key":"PowerPotion"},{"floor":44,"key":"Venom Potion"},{"floor":46,"key":"Death Potion"}],"is_trial":false,"path_per_floor":["M","?","?","?","$","R","E","R","T","M","E","R","?","M","R","B",null,"M","$","?","M","M","E","?","R","T","E","R","?","E","M","R","B",null,"?","?","?","?","T","E","?","?","T","?","?","?","E","?","T","B"],"character_chosen":"DOCTOR_CLASS","items_purchased":["ats:Spiritual Recovery","ats:Red Shift","Golden Egg","Thinking Ahead"],"campfire_rested":1,"item_purchase_floors":[5,19,39,39],"current_hp_per_floor":[72,54,47,47,47,47,47,47,47,47,33,33,22,31,52,18,72,60,60,52,65,65,15,22,43,43,70,70,70,59,55,55,71,72,46,72,67,72,72,72,64,64,64,72,57,71,67,72,72,0,0],"gold":748,"neow_bonus":"THREE_ENEMY_KILL","is_daily":false,"chose_seed":false,"campfire_upgraded":5,"win_rate":0.0,"timestamp":1610280422,"path_taken":["M","?","?","?","$","R","E","R","T","?","E","R","?","M","R","BOSS","M","$","?","M","M","E","?","R","T","E","R","?","E","M","R","BOSS","?","?","?","?","T","E","?","?","T","?","?","?","E","?","T","BOSS"],"items_purchased_type":["Relic","Card","Relic","Card"],"build_version":"2020-12-22","purchased_purges":1,"victory":false,"max_hp_per_floor":[72,72,72,72,72,72,72,72,72,72,72,72,72,72,72,72,72,72,72,72,72,72,72,72,72,72,72,72,72,72,72,72,72,72,72,72,72,72,72,72,72,72,72,72,72,72,72,72,72,72,72],"relic_stats":{"Nunchaku":[25],"counters":[26,151],"Letter Opener":[194],"obtain_stats":[{"ats:Spiritual Recovery":5,"ats:Ability Aura":11,"Golden Egg":39,"NeowsBlessing":0,"Quantum Egg":30,"Tea:ReiMu":7,"Painkiller Herb":34,"aspiration:SeaSaltIceCream":26,"Letter Opener":26,"Nunchaku":17,"Replay:Bandana":23,"Chameleon Ring":27,"ats:Originium":7,"Bag of Marbles":47,"ats:Sanity":0,"REME_LowDesire":17,"Replay:Bottled Eggs":43,"ats:Rhine Circuitry":17,"REME_ComplimentaryCards":0,"Pocketwatch":36,"Meat on the Bone":40},{"ats:Spiritual Recovery":1,"ats:Ability Aura":4,"Golden Egg":18,"NeowsBlessing":0,"Quantum Egg":12,"Tea:ReiMu":2,"Painkiller Herb":14,"aspiration:SeaSaltIceCream":10,"Letter Opener":10,"Nunchaku":6,"Replay:Bandana":10,"Chameleon Ring":11,"ats:Originium":2,"Bag of Marbles":24,"ats:Sanity":0,"REME_LowDesire":6,"Replay:Bottled Eggs":20,"ats:Rhine Circuitry":6,"REME_ComplimentaryCards":0,"Pocketwatch":16,"Meat on the Bone":19},{"ats:Spiritual Recovery":1,"ats:Ability Aura":10,"Golden Egg":106,"NeowsBlessing":0,"Quantum Egg":63,"Tea:ReiMu":2,"Painkiller Herb":85,"aspiration:SeaSaltIceCream":48,"Letter Opener":48,"Nunchaku":24,"Replay:Bandana":48,"Chameleon Ring":56,"ats:Originium":2,"Bag of Marbles":141,"ats:Sanity":0,"REME_LowDesire":24,"Replay:Bottled Eggs":117,"ats:Rhine Circuitry":24,"REME_ComplimentaryCards":0,"Pocketwatch":99,"Meat on the Bone":114}],"Pocketwatch":[12],"Meat on the Bone":0},"card_choices":[{"not_picked":["ats:Encircling Forest","ats:Guardian Obelisk"],"picked":"ats:Explosion Area Strengthen","floor":1.0},{"not_picked":["ats:Hammer On","ats:Leaping Hammer"],"picked":"ats:Blood Oath","floor":2.0},{"not_picked":["ats:Explosion Area Strengthen","ats:Rapid Magazine","ats:Hammer On"],"picked":"SKIP","floor":7.0},{"not_picked":["ats:Ignite","ats:Flexible Camouflage","ats:Cat Scratch"],"picked":"SKIP","floor":10.0},{"not_picked":["ats:Poison Spread","ats:Counter Healing Mode","ats:Demon Strength"],"picked":"SKIP","floor":11.0},{"not_picked":["ats:Sunburst","ats:Shell Defense"],"picked":"ats:Healing Strengthening","floor":14.0},{"not_picked":["ats:Volcano","ats:Disruption Kick"],"picked":"ats:Soul Rend","floor":16.0},{"not_picked":["ats:Overload","ats:Flexible Camouflage","ats:Hammer On","Metamorphosis"],"picked":"SKIP","floor":18.0},{"not_picked":["ats:Childhood Dance","ats:Encircling Forest","ats:Poison Spread","expansioncontent:YouAreMine"],"picked":"SKIP","floor":21.0},{"not_picked":["ats:Soul Absorption","ats:Revitalization","Replay:SS_hec_2"],"picked":"ats:Healing Drone","floor":23.0},{"not_picked":["ats:Counter Healing Mode","ats:LN2 Cannon","ats:Explosion Area Strengthen","expansioncontent:DarkVoid+1"],"picked":"SKIP","floor":27.0},{"not_picked":["ats:Hammer On","ats:Poison Spread+1","ats:Consecutive Shot Auto","REME_TheoryOfElimination"],"picked":"SKIP","floor":30.0},{"not_picked":["ats:Poison Spread","ats:Powerful Strike+1","ats:Thorns"],"picked":"Finesse","floor":31.0},{"not_picked":["ats:Roar Of Ursus","ats:Fractured Body","Panache"],"picked":"ats:True Silver Slash","floor":33.0},{"not_picked":["ats:Explosion Area Strengthen","ats:Apocalypse+1","ats:Rapid Magazine+1"],"picked":"Secret Weapon","floor":35.0},{"not_picked":["ats:Explosion Area Strengthen+1","ats:Automatic Cover+1","ReplayTheSpireMod:Private Reserves"],"picked":"ats:Flexible Camouflage","floor":36.0},{"not_picked":["ats:Ignite+1","ats:Childhood Dance","Transmutation"],"picked":"ats:Blood Oath+1","floor":37.0},{"not_picked":["ats:Powerful Strike","ats:Ignite+1","ats:Neurotoxin+1","Replay:SS_hec_2+1"],"picked":"SKIP","floor":38.0},{"not_picked":["ats:Cat Scratch","ats:Defend Order","ats:Flexible Camouflage","expansioncontent:Torchfire"],"picked":"SKIP","floor":40.0},{"not_picked":["ats:Poison Spread","ats:Chain Hook","ats:Soul Absorption+1","Purity"],"picked":"SKIP","floor":41.0},{"not_picked":["ats:Revitalization","ats:Explosion Area Strengthen","ReplayTheSpireMod:Private Reserves+1"],"picked":"ats:Cat Scratch+1","floor":44},{"not_picked":["ats:Leaping Hammer+1","ats:Shell Defense+1","expansioncontent:DefensiveMode+1"],"picked":"ats:Dogmatic Field","floor":45},{"not_picked":["ats:Automatic Cover","ats:Shadow Raid+1","ats:Flexible Camouflage+1","expansioncontent:HyperBeam+1"],"picked":"SKIP","floor":46},{"not_picked":["ats:Powerful Strike+1","ats:Explosion Area Strengthen","REME_ShortnessOfBreath"],"picked":"ats:Soul Rend","floor":47},{"not_picked":["ats:Guardian Obelisk","ats:Very Hot Blade","ats:Curse Doll+1","expansioncontent:GuardianWhirl+1"],"picked":"SKIP","floor":48}],"player_experience":825474,"relics_obtained":[{"floor":7.0,"key":"ats:Originium"},{"floor":7.0,"key":"Tea:ReiMu"},{"floor":11.0,"key":"ats:Originium"},{"floor":11.0,"key":"ats:Ability Aura"},{"floor":17.0,"key":"Nunchaku"},{"floor":17.0,"key":"ats:Rhine Circuitry"},{"floor":23.0,"key":"ats:Originium"},{"floor":23.0,"key":"Replay:Bandana"},{"floor":26.0,"key":"aspiration:SeaSaltIceCream"},{"floor":27.0,"key":"Chameleon Ring"},{"floor":30.0,"key":"Quantum Egg"},{"floor":36.0,"key":"Pocketwatch"},{"floor":40.0,"key":"Meat on the Bone"},{"floor":43,"key":"Replay:Bottled Eggs"},{"floor":47,"key":"Bag of Marbles"}],"event_choices":[{"cards_removed":["ats:Strike S"],"damage_healed":0.0,"max_hp_gain":0.0,"max_hp_loss":0.0,"gold_gain":0.0,"event_name":"Golden Wing","player_choice":"Card Removal","floor":3.0,"gold_loss":0.0,"damage_taken":7.0},{"damage_healed":0.0,"max_hp_gain":0.0,"max_hp_loss":0.0,"gold_gain":0.0,"event_name":"Living Wall","player_choice":"Grow","floor":4.0,"gold_loss":0.0,"damage_taken":0.0,"cards_upgraded":["ats:Emotion Absorption"]},{"damage_healed":0.0,"max_hp_gain":0.0,"max_hp_loss":0.0,"gold_gain":75.0,"event_name":"World of Goop","player_choice":"Gather Gold","floor":13.0,"gold_loss":0.0,"damage_taken":11.0},{"damage_healed":0.0,"max_hp_gain":0.0,"max_hp_loss":0.0,"gold_gain":0.0,"event_name":"Match and Keep!","player_choice":"2 cards matched","floor":42.0,"gold_loss":0.0,"damage_taken":0.0,"cards_obtained":["ats:Disruption Kick","expansioncontent:PrepareCrush"]}],"is_beta":false,"boss_relics":[{"not_picked":["Ring of Chaos","aspiration:RunesmithSkillbook"],"picked":"REME_LowDesire"},{"not_picked":["SlaversCollar","ats:Omniscience"],"picked":"Painkiller Herb"}],"items_purged_floors":[19],"is_endless":false,"potions_floor_spawned":[1,7,11,18,23,27,30,31,37,40,41,44,46,47],"killed_by":"conspire:OrnateMirror","ascension_level":1}}