{"host":"51mqhfpmwwd4kxyt","time":1610250782,"event":{"mods":["BaseMod","Downfall","Googly Eyes","Highlight Path","Minty Spire (QoL Compilation)","READ ME - Guardian Mod","StSLib","The Cursed","The Servant 0.9.4"],"gold_per_floor":[19,38,56,76,96,110,137,37,37,49,49,59,59,87,87,192,192,210,92,0,0,15,46,46,46,72,72,34,46,56,67,67,163,163,177,177,177,194,44,44,44],"floor_reached":40,"playtime":2264,"items_purged":["Strike_B"],"score":554,"play_id":"41b3e136-ecdc-47dc-b220-38cb5f462b5b","local_time":"20210109225302","is_ascension_mode":true,"campfire_choices":[{"floor":11,"key":"REST"},{"floor":13,"key":"REST"},{"data":"Rainbow","floor":15,"key":"SMITH"},{"floor":24,"key":"REST"},{"floor":27,"key":"REST"},{"floor":32,"key":"REST"}],"circlet_count":0,"master_deck":["Defend_B","Defend_B","Defend_B","Defend_B","Zap","Dualcast","Rainbow+1","Hologram","Lockon","Aggregate","Compile Driver","Genetic Algorithm","Buffer","Hologram","Skim","Steam Power","Turbo","Creative AI","BootSequence","Consume","Self Repair","Slimebound:Tackle+1","Slimebound:Tackle+1","Slimebound:Tackle+1","Conserve Battery","Glacier","Shame","Storm","Glacier","Turbo","Amplify","Coolheaded","Pain","Hologram"],"relics":["Cracked Core","Odd Mushroom","Incense Burner","Centennial Puzzle","Inserter","StoneCalendar","Ice Cream","PreservedInsect","Sozu","WarpedTongs","Membership Card"],"acts_visited":["Exordium","TheCity","TheBeyond"],"potions_floor_usage":[5,7,7,14,18,23,40,40,40],"damage_taken":[{"damage":2,"enemies":"Jaw Worm","floor":1,"turns":3},{"damage":6,"enemies":"2 Louse","floor":2,"turns":2},{"damage":2,"enemies":"Small Slimes","floor":3,"turns":4},{"damage":8,"enemies":"Exordium Wildlife","floor":4,"turns":8},{"damage":3,"enemies":"3 Louse","floor":5,"turns":3},{"damage":11,"enemies":"Looter","floor":6,"turns":4},{"damage":14,"enemies":"The Mushroom Lair","floor":7,"turns":3},{"damage":9,"enemies":"Exordium Wildlife","floor":10,"turns":5},{"damage":1,"enemies":"Red Slaver","floor":12,"turns":2},{"damage":11,"enemies":"Lagavulin","floor":14,"turns":7},{"damage":25,"enemies":"The Guardian","floor":16,"turns":11},{"damage":13,"enemies":"3 Byrds","floor":18,"turns":6},{"damage":6,"enemies":"Chosen","floor":22,"turns":6},{"damage":48,"enemies":"Gremlin Leader","floor":23,"turns":10},{"damage":7,"enemies":"Snecko","floor":29,"turns":5},{"damage":6,"enemies":"Centurion and Healer","floor":30,"turns":6},{"damage":11,"enemies":"Snake Plant","floor":31,"turns":3},{"damage":10,"enemies":"Collector","floor":33,"turns":10},{"damage":18,"enemies":"3 Darklings","floor":35,"turns":7},{"damage":2,"enemies":"3 Shapes","floor":38,"turns":7},{"damage":91,"enemies":"Reptomancer","floor":40,"turns":6}],"seed_played":"2780567335653389376","potions_obtained":[{"floor":1,"key":"DistilledChaos"},{"floor":3,"key":"GamblersBrew"},{"floor":4,"key":"AttackPotion"},{"floor":6,"key":"AttackPotion"},{"floor":12,"key":"PowerPotion"},{"floor":22,"key":"Dexterity Potion"},{"floor":23,"key":"SteroidPotion"},{"floor":29,"key":"EntropicBrew"},{"floor":33,"key":"Guardian:BlockOnCardUsePotion"}],"is_trial":false,"path_per_floor":["M","M","M","M","M","M","?","$","T","M","R","M","R","E","R","B",null,"M","$","?","?","M","E","R","?","T","R","$","M","M","M","R","B",null,"M","?","?","M","$","E"],"character_chosen":"DEFECT","items_purchased":["Hologram","Consume","Self Repair","Storm","Membership Card"],"campfire_rested":5,"item_purchase_floors":[8,19,19,28,39],"current_hp_per_floor":[66,60,58,50,47,36,22,22,22,13,35,34,56,45,45,20,61,48,48,48,48,49,8,30,30,30,52,52,52,53,42,64,68,73,62,62,62,70,70,0,0],"gold":44,"neow_bonus":"THREE_RARE_CARDS","is_daily":false,"chose_seed":false,"campfire_upgraded":1,"win_rate":0.0,"timestamp":1610250782,"path_taken":["M","M","M","M","M","M","?","$","T","M","R","M","R","E","R","BOSS","M","$","?","?","M","E","R","?","T","R","?","M","M","?","R","BOSS","M","?","?","?","$","E"],"items_purchased_type":["Card","Card","Card","Card","Relic"],"build_version":"2020-12-22","purchased_purges":1,"victory":false,"max_hp_per_floor":[75,75,75,75,75,75,75,75,75,75,75,75,75,75,75,75,75,75,75,75,75,75,75,75,75,75,75,75,75,75,75,75,75,75,75,75,75,75,75,75,75],"card_choices":[{"not_picked":["Multi-Cast","Reboot"],"picked":"Rainbow","floor":0},{"not_picked":["Barrage","Fusion"],"picked":"Hologram","floor":1},{"not_picked":["Coolheaded","Reinforced Body"],"picked":"Lockon","floor":2},{"not_picked":["Stack","Barrage","Compile Driver"],"picked":"SKIP","floor":3},{"not_picked":["Ball Lightning","Rebound"],"picked":"Aggregate","floor":4},{"not_picked":["Cold Snap","Gash"],"picked":"Compile Driver","floor":5},{"not_picked":["Rebound","Reinforced Body"],"picked":"Genetic Algorithm","floor":6},{"not_picked":["Barrage","Gash"],"picked":"Buffer","floor":7},{"not_picked":["Barrage","Streamline"],"picked":"Skim","floor":10},{"not_picked":["Compile Driver","Go for the Eyes"],"picked":"Steam Power","floor":12},{"not_picked":["Sweeping Beam","Reinforced Body"],"picked":"Turbo","floor":14},{"not_picked":["Meteor Strike","Fission"],"picked":"Creative AI","floor":16},{"not_picked":["Hello World","Streamline"],"picked":"BootSequence","floor":18},{"not_picked":["Sweeping Beam+1","Rebound"],"picked":"Conserve Battery","floor":22},{"not_picked":["Beam Cell+1","Compile Driver"],"picked":"Glacier","floor":23},{"not_picked":["Tempest","Doom and Gloom","Hello World"],"picked":"SKIP","floor":29},{"not_picked":["Rainbow","Force Field"],"picked":"Glacier","floor":30},{"not_picked":["Beam Cell","Leap"],"picked":"Turbo","floor":31},{"not_picked":["Machine Learning","Echo Form"],"picked":"Amplify","floor":33},{"not_picked":["Darkness","Beam Cell"],"picked":"Coolheaded","floor":35},{"not_picked":["Beam Cell","Cold Snap+1"],"picked":"Hologram","floor":38}],"player_experience":373537,"relics_obtained":[{"floor":7,"key":"Odd Mushroom"},{"floor":9,"key":"Incense Burner"},{"floor":14,"key":"Centennial Puzzle"},{"floor":23,"key":"StoneCalendar"},{"floor":26,"key":"PreservedInsect"}],"event_choices":[{"damage_healed":0,"gold_gain":0,"player_choice":"Fought Mushrooms","damage_taken":0,"max_hp_gain":0,"max_hp_loss":0,"event_name":"Mushrooms","floor":7,"gold_loss":0},{"damage_healed":0,"gold_gain":0,"player_choice":"Paid Fearfully","damage_taken":0,"max_hp_gain":0,"max_hp_loss":0,"event_name":"Masked Bandits","floor":20,"gold_loss":92},{"damage_healed":0,"gold_gain":0,"player_choice":"Stole Relic","damage_taken":0,"relics_obtained":["Ice Cream"],"max_hp_gain":0,"max_hp_loss":0,"event_name":"Addict","floor":25,"gold_loss":0,"cards_obtained":["Shame"]},{"damage_healed":0,"gold_gain":0,"player_choice":"Ignored","damage_taken":0,"max_hp_gain":0,"max_hp_loss":0,"event_name":"Tomb of Lord Red Mask","floor":36,"gold_loss":0},{"damage_healed":0,"gold_gain":0,"player_choice":"Rummage","damage_taken":0,"relics_obtained":["WarpedTongs"],"max_hp_gain":0,"max_hp_loss":0,"event_name":"Accursed Blacksmith","floor":37,"gold_loss":0,"cards_obtained":["Pain"]}],"is_beta":false,"boss_relics":[{"not_picked":["Fusion Hammer","Runic Pyramid"],"picked":"Inserter"},{"not_picked":["Black Star","Astrolabe"],"picked":"Sozu"}],"items_purged_floors":[8],"is_endless":false,"potions_floor_spawned":[1,3,4,6,12,22,23,29,33,35],"killed_by":"Reptomancer","ascension_level":7}}