{"host":"jm9833yuloeli2yd","time":1610304674,"event":{"mods":["BaseMod","Better Altar","Better Match","Better Note","Better Sensory Stone","Better Skull","Better Third Choice","Better Vampires","BetterRewards","Colored Map","Colored Powertips","DeckTracker","Minty Spire (QoL Compilation)","Permanent Neow","Quick Restart","Slay-I","StSLib","SuperFastMode"],"gold_per_floor":[112,132,132,207,207,207,240,255,255,39,39,58,58,87,87,160,160,180,70,85,44,57,57,83,83,83],"floor_reached":25,"playtime":520,"items_purged":["Strike_B"],"score":658,"play_id":"7ccb822c-11e9-4653-b5d3-4bb536780416","local_time":"20210110135114","is_ascension_mode":true,"campfire_choices":[{"floor":6,"key":"DIG"},{"data":"Defragment","floor":11,"key":"SMITH"},{"floor":13,"key":"DIG"},{"floor":15,"key":"DIG"},{"data":"Static Discharge","floor":23,"key":"SMITH"}],"circlet_count":0,"master_deck":["AscendersBane","Strike_B","Strike_B","Defend_B","Defend_B","Defend_B","Defend_B+1","Zap","Dualcast","Ball Lightning+1","Streamline+1","Hologram+1","Defragment+1","Cold Snap","Go for the Eyes","Gash","Static Discharge","Seek+1","Lockon+1","Compile Driver","Static Discharge+1","Glacier"],"relics":["Cracked Core","Shovel","Pantograph","Dead Branch","Bottled Tornado","Lee\u0027s Waffle","Bottled Flame","War Paint","Bottled Lightning","Coffee Dripper","Happy Flower"],"acts_visited":["Exordium","TheCity"],"potions_floor_usage":[16,24,24],"damage_taken":[{"damage":3,"enemies":"2 Louse","floor":1,"turns":3},{"damage":3,"enemies":"Small Slimes","floor":2,"turns":2},{"damage":22,"enemies":"3 Sentries","floor":7,"turns":6},{"damage":0,"enemies":"Cultist","floor":8,"turns":3},{"damage":0,"enemies":"Exordium Thugs","floor":12,"turns":4},{"damage":4,"enemies":"Gremlin Nob","floor":14,"turns":3},{"damage":43,"enemies":"Hexaghost","floor":16,"turns":6},{"damage":7,"enemies":"Chosen","floor":18,"turns":5},{"damage":0,"enemies":"Spheric Guardian","floor":20,"turns":3},{"damage":18,"enemies":"Snecko","floor":22,"turns":4},{"damage":41,"enemies":"Gremlin Leader","floor":24,"turns":7},{"damage":20,"enemies":"Chosen and Byrds","floor":25,"turns":3}],"seed_played":"-2413279903274618189","potions_obtained":[{"floor":1,"key":"PotionOfCapacity"},{"floor":16,"key":"Regen Potion"},{"floor":22,"key":"PotionOfCapacity"},{"floor":24,"key":"DuplicationPotion"}],"is_trial":false,"path_per_floor":["M","M","?","?","?","R","E","M","T","$","R","M","R","E","R","B",null,"M","?","M","$","M","R","E","M"],"character_chosen":"DEFECT","items_purchased":["Ball Lightning","Strength Potion","Lee\u0027s Waffle","Go for the Eyes","Static Discharge"],"campfire_rested":0,"item_purchase_floors":[0,0,10,10,21],"current_hp_per_floor":[54,51,51,40,40,40,18,18,18,78,78,78,78,74,74,35,67,60,60,60,60,42,42,16,0,0],"gold":83,"neow_bonus":"","is_daily":false,"chose_seed":false,"campfire_upgraded":2,"win_rate":0.0,"timestamp":1610304674,"path_taken":["M","M","?","?","?","R","E","?","T","$","R","M","R","E","R","BOSS","M","?","M","$","M","R","E","M"],"items_purchased_type":["Card","Potion","Relic","Card","Card"],"build_version":"2020-12-22","purchased_purges":1,"victory":false,"max_hp_per_floor":[71,71,71,71,71,71,71,71,71,78,78,78,78,78,78,78,78,78,78,78,78,78,78,78,78,78],"card_choices":[{"not_picked":["Redo","Rebound"],"picked":"Streamline","floor":1},{"not_picked":["Beam Cell","Sweeping Beam"],"picked":"Hologram","floor":2},{"not_picked":["BootSequence","Doom and Gloom"],"picked":"Defragment","floor":7},{"not_picked":["Streamline","Barrage"],"picked":"Cold Snap","floor":8},{"not_picked":["Turbo","Compile Driver"],"picked":"Gash","floor":12},{"not_picked":["Ball Lightning","Turbo"],"picked":"Static Discharge","floor":14},{"not_picked":["Machine Learning","Reboot"],"picked":"Seek","floor":16},{"not_picked":["Ball Lightning","Consume"],"picked":"Lockon+1","floor":18},{"not_picked":["Go for the Eyes","Leap"],"picked":"Compile Driver","floor":20},{"not_picked":["Redo","Conserve Battery"],"picked":"Glacier","floor":22},{"not_picked":["Rebound","Stack","Sweeping Beam+1"],"picked":"SKIP","floor":24}],"player_experience":1302969,"relics_obtained":[{"floor":6,"key":"Pantograph"},{"floor":7,"key":"Dead Branch"},{"floor":9,"key":"Bottled Tornado"},{"floor":13,"key":"Bottled Flame"},{"floor":14,"key":"War Paint"},{"floor":15,"key":"Bottled Lightning"},{"floor":24,"key":"Happy Flower"}],"event_choices":[{"damage_healed":0,"gold_gain":0,"player_choice":"Grow","damage_taken":0,"max_hp_gain":0,"max_hp_loss":0,"event_name":"Living Wall","floor":3,"gold_loss":0,"cards_upgraded":["Streamline"]},{"damage_healed":0,"gold_gain":75,"player_choice":"Gold","damage_taken":11,"max_hp_gain":0,"max_hp_loss":0,"event_name":"betterThird:BetterGoop","floor":4,"gold_loss":0},{"damage_healed":0,"gold_gain":0,"player_choice":"Upgraded","damage_taken":0,"max_hp_gain":0,"max_hp_loss":0,"event_name":"Upgrade Shrine","floor":5,"gold_loss":0,"cards_upgraded":["Ball Lightning"]},{"cards_removed":["Strike_B"],"damage_healed":0,"gold_gain":0,"player_choice":"Upgrade and Remove","damage_taken":0,"max_hp_gain":0,"max_hp_loss":0,"event_name":"Designer","floor":19,"gold_loss":110,"cards_upgraded":["Seek"]}],"is_beta":false,"boss_relics":[{"not_picked":["Pandora\u0027s Box","Black Star"],"picked":"Coffee Dripper"}],"items_purged_floors":[0],"is_endless":false,"potions_floor_spawned":[1,8,14,16,22,24],"killed_by":"Chosen and Byrds","ascension_level":20}}