{"host":"qxeepl7ydvsgmfdb","time":1610283544,"event":{"mods":["AchievementEnabler","BaseMod","Colored Powertips","Minty Spire (QoL Compilation)","Quick Restart","slay the spire mod where everything is the same but ironclad has a cowboy hat"],"gold_per_floor":[119,119,131,131,131,131,161,161,212,228,243,243,312,15,15,138,138,151,151,151,176,201,201,201],"floor_reached":23,"playtime":541,"items_purged":[],"score":214,"play_id":"ec9f1afd-e243-4a43-b024-4b03d3a78600","local_time":"20210110075904","is_ascension_mode":false,"campfire_choices":[{"data":"Zap","floor":6,"key":"SMITH"},{"data":"White Noise","floor":12,"key":"SMITH"},{"floor":15,"key":"REST"}],"circlet_count":0,"master_deck":["Strike_B","Strike_B","Strike_B","Strike_B","Defend_B","Defend_B","Defend_B","Defend_B","Zap+1","Dualcast","Ball Lightning","Zap","Cold Snap","Regret","White Noise+1","Conserve Battery","Capacitor","Electrodynamics","Darkness","Cold Snap"],"relics":["Cracked Core","NeowsBlessing","Eternal Feather","Nunchaku","Golden Idol","Omamori","Pen Nib","Thread and Needle","Nuclear Battery"],"acts_visited":["Exordium","TheCity"],"potions_floor_usage":[13,16,23],"damage_taken":[{"damage":0,"enemies":"Cultist","floor":1,"turns":1},{"damage":0,"enemies":"Small Slimes","floor":3,"turns":1},{"damage":0,"enemies":"Lagavulin","floor":7,"turns":1},{"damage":0,"enemies":"2 Louse","floor":10,"turns":2},{"damage":8,"enemies":"2 Fungi Beasts","floor":11,"turns":3},{"damage":33,"enemies":"Lagavulin Event","floor":13,"turns":4},{"damage":51,"enemies":"The Guardian","floor":16,"turns":10},{"damage":17,"enemies":"Shell Parasite","floor":18,"turns":6},{"damage":4,"enemies":"Spheric Guardian","floor":21,"turns":3},{"damage":20,"enemies":"3 Cultists","floor":22,"turns":5},{"damage":14,"enemies":"Book of Stabbing","floor":23,"turns":4}],"seed_played":"-7911583840128689104","potions_obtained":[{"floor":1,"key":"DistilledChaos"},{"floor":11,"key":"Weak Potion"},{"floor":16,"key":"FearPotion"}],"is_trial":false,"path_per_floor":["M","?","M","$","?","R","E","?","T","M","M","R","?","$","R","B",null,"M","?","?","M","M","E"],"character_chosen":"DEFECT","items_purchased":["Thread and Needle"],"campfire_rested":1,"item_purchase_floors":[14],"current_hp_per_floor":[75,75,75,75,75,75,75,57,57,57,49,58,25,25,56,5,75,58,44,38,34,14,0,0],"gold":201,"neow_bonus":"THREE_ENEMY_KILL","is_daily":false,"chose_seed":false,"campfire_upgraded":2,"win_rate":0.0,"timestamp":1610283544,"path_taken":["M","?","M","?","?","R","E","?","T","M","M","R","?","$","R","BOSS","M","?","?","?","M","E"],"items_purchased_type":["Relic"],"build_version":"2020-12-22","purchased_purges":0,"victory":false,"max_hp_per_floor":[75,75,75,75,75,75,75,75,75,75,75,75,75,75,75,75,75,75,80,80,80,80,80,80],"card_choices":[{"not_picked":["Blizzard","Reprogram","Rip and Tear"],"picked":"SKIP","floor":1},{"not_picked":["Sunder","Skim"],"picked":"Cold Snap","floor":3},{"not_picked":["Steam Power","Doom and Gloom"],"picked":"White Noise","floor":7},{"not_picked":["Hologram","Steam"],"picked":"Conserve Battery","floor":10},{"not_picked":["Multi-Cast","Rip and Tear","Gash"],"picked":"SKIP","floor":11},{"not_picked":["Rebound","Go for the Eyes"],"picked":"Capacitor","floor":13},{"not_picked":["Machine Learning","Seek"],"picked":"Electrodynamics","floor":16},{"not_picked":["Streamline+1","Glacier","Reprogram"],"picked":"SKIP","floor":18},{"not_picked":["Coolheaded+1","Reprogram"],"picked":"Darkness","floor":21},{"not_picked":["Gash","FTL+1"],"picked":"Cold Snap","floor":22}],"player_experience":117372,"relics_obtained":[{"floor":7,"key":"Nunchaku"},{"floor":9,"key":"Omamori"},{"floor":13,"key":"Pen Nib"}],"event_choices":[{"damage_healed":0,"gold_gain":0,"player_choice":"2 cards matched","damage_taken":0,"max_hp_gain":0,"max_hp_loss":0,"event_name":"Match and Keep!","floor":2,"gold_loss":0,"cards_obtained":["Ball Lightning","Zap"]},{"damage_healed":0,"gold_gain":0,"player_choice":"Box","damage_taken":0,"relics_obtained":["Eternal Feather"],"max_hp_gain":0,"max_hp_loss":0,"event_name":"Big Fish","floor":5,"gold_loss":0,"cards_obtained":["Regret"]},{"damage_healed":0,"gold_gain":0,"player_choice":"Take Damage","damage_taken":18,"relics_obtained":["Golden Idol"],"max_hp_gain":0,"max_hp_loss":0,"event_name":"Golden Idol","floor":8,"gold_loss":0},{"damage_healed":0,"gold_gain":0,"player_choice":"Searched \u00272\u0027 times","damage_taken":0,"max_hp_gain":0,"max_hp_loss":0,"event_name":"Dead Adventurer","floor":13,"gold_loss":0},{"damage_healed":0,"gold_gain":0,"player_choice":"Shed Blood","damage_taken":19,"max_hp_gain":5,"max_hp_loss":0,"event_name":"Forgotten Altar","floor":19,"gold_loss":0},{"damage_healed":0,"gold_gain":0,"player_choice":"","damage_taken":6,"max_hp_gain":0,"max_hp_loss":0,"event_name":"Knowing Skull","floor":20,"potions_obtained":[],"gold_loss":0,"cards_obtained":[]}],"is_beta":false,"boss_relics":[{"not_picked":["Empty Cage","Astrolabe"],"picked":"Nuclear Battery"}],"items_purged_floors":[],"is_endless":false,"potions_floor_spawned":[1,11,16],"killed_by":"Book of Stabbing","ascension_level":0}}