{"host":"7yxt37kap0q16lk4","time":1610315983,"event":{"mods":["2.2 Compatiblity","Act Like it!","BaseMod","Better Third Choice","Better-Laid Plans","Colored Map","Custom Start","Highlight Path","Keyboard Shortcuts","Minty Spire (QoL Compilation)","Quick Restart","Rare Cards Sparkle","Relic Stats","Shop Mod","Slay the Relics Exporter","StSLib","SuperFastMode"],"gold_per_floor":[116,41,191,203,217,217,244,244,289,306,333,408,408,145,145,223,223,239,249,269,61,61,61,94,94,94,121,133,33,33,33,33,106,106,126,38,38,49,68,101,121,121,121,155,167,167,183,23,23,23,23],"floor_reached":50,"playtime":1418,"items_purged":["Strike_R","Strike_R"],"score":1146,"play_id":"0a4b28f2-120a-499c-8fad-6e6214f38456","local_time":"20210111065943","is_ascension_mode":true,"campfire_choices":[{"data":"Bash","floor":6,"key":"SMITH"},{"data":"Immolate","floor":8,"key":"SMITH"},{"data":"Evolve","floor":15,"key":"SMITH"},{"data":"Double Tap","floor":23,"key":"SMITH"},{"data":"Battle Trance","floor":25,"key":"SMITH"},{"data":"Second Wind","floor":32,"key":"SMITH"},{"floor":42,"key":"REST"},{"data":"Body Slam","floor":46,"key":"SMITH"},{"floor":49,"key":"RECALL"}],"circlet_count":0,"master_deck":["AscendersBane","Strike_R","Strike_R","Defend_R","Defend_R","Defend_R","Defend_R","Bash+1","Anger","Dropkick","Immolate+1","Thunderclap","Shrug It Off","Battle Trance+1","Evolve+1","Double Tap+1","Sentinel+1","Power Through","Second Wind+1","Immolate+1","Juggernaut","Feel No Pain","Body Slam+1","Burning Pact","Feel No Pain+1","Sentinel"],"relics":["Burning Blood","Strawberry","Omamori","Ancient Tea Set","Orichalcum","HornCleat","Letter Opener","Sozu","Lee\u0027s Waffle","Blood Vial","Matryoshka","Art of War","Enchiridion","SlaversCollar","Self Forming Clay","Red Skull","Oddly Smooth Stone","Bottled Tornado","Bag of Preparation"],"acts_visited":["Exordium","TheCity","TheBeyond"],"potions_floor_usage":[7,16,27],"damage_taken":[{"damage":17,"enemies":"Jaw Worm","floor":1,"turns":4},{"damage":1,"enemies":"Small Slimes","floor":4,"turns":4},{"damage":10,"enemies":"2 Louse","floor":5,"turns":3},{"damage":6,"enemies":"Gremlin Nob","floor":7,"turns":3},{"damage":6,"enemies":"Looter","floor":10,"turns":2},{"damage":12,"enemies":"3 Sentries","floor":11,"turns":6},{"damage":26,"enemies":"Hexaghost","floor":16,"turns":6},{"damage":12,"enemies":"2 Thieves","floor":18,"turns":2},{"damage":17,"enemies":"Shell Parasite","floor":19,"turns":4},{"damage":5,"enemies":"3 Cultists","floor":20,"turns":4},{"damage":19,"enemies":"Gremlin Leader","floor":24,"turns":4},{"damage":28,"enemies":"Book of Stabbing","floor":27,"turns":5},{"damage":12,"enemies":"Snecko","floor":28,"turns":5},{"damage":28,"enemies":"Champ","floor":33,"turns":9},{"damage":12,"enemies":"3 Shapes","floor":35,"turns":2},{"damage":0,"enemies":"Orb Walker","floor":38,"turns":3},{"damage":21,"enemies":"Jaw Worm Horde","floor":39,"turns":3},{"damage":2,"enemies":"Nemesis","floor":40,"turns":7},{"damage":36,"enemies":"Maw","floor":41,"turns":7},{"damage":25,"enemies":"Giant Head","floor":44,"turns":6},{"damage":12,"enemies":"Writhing Mass","floor":45,"turns":6},{"damage":17,"enemies":"3 Darklings","floor":47,"turns":3},{"damage":61,"enemies":"Time Eater","floor":50,"turns":3}],"seed_played":"-5517670832866742666","potions_obtained":[{"floor":1,"key":"DistilledChaos"},{"floor":4,"key":"SkillPotion"},{"floor":10,"key":"LiquidBronze"}],"is_trial":false,"path_per_floor":["M","?","?","M","M","R","E","R","T","M","E","?","T","$","R","B",null,"M","M","M","$","?","R","E","R","T","E","M","$","?","?","R","B",null,"M","$","?","M","M","E","M","R","T","E","M","R","M","$","R","B"],"character_chosen":"IRONCLAD","items_purchased":["Shrug It Off","Battle Trance","Evolve","Power Through","Lee\u0027s Waffle","Feel No Pain","Bag of Preparation"],"campfire_rested":1,"item_purchase_floors":[14,14,14,21,21,36,48],"current_hp_per_floor":[64,64,64,69,65,65,65,65,65,65,59,48,48,48,48,28,69,63,52,53,89,89,89,76,76,76,56,52,52,31,31,31,11,70,66,66,66,74,61,67,39,65,65,48,44,44,35,35,35,0,0],"gold":23,"neow_bonus":"RANDOM_COMMON_RELIC","is_daily":false,"chose_seed":false,"campfire_upgraded":7,"win_rate":0.0,"timestamp":1610315983,"path_taken":["M","?","?","M","M","R","E","R","T","M","E","?","?","$","R","BOSS","M","M","M","?","?","R","E","R","T","E","?","$","?","?","R","BOSS","M","?","?","?","M","E","M","R","T","E","M","R","M","$","R","BOSS"],"items_purchased_type":["Card","Card","Card","Card","Relic","Card","Relic"],"build_version":"2020-12-22","purchased_purges":2,"victory":false,"max_hp_per_floor":[82,82,82,82,82,82,82,82,82,82,82,82,82,82,82,82,82,82,82,82,89,89,89,89,89,89,89,89,89,89,89,89,89,89,89,89,89,89,89,89,89,89,89,89,89,89,89,89,89,89,89],"relic_stats":{"Sozu":10,"Blood Vial":24,"Lee\u0027s Waffle":36,"counters":[23,101],"Self Forming Clay":[51],"Art of War":[6],"Bag of Preparation":[2],"Letter Opener":[67],"Orichalcum":[84],"obtain_stats":[{"Lee\u0027s Waffle":21,"Self Forming Clay":37,"Enchiridion":30,"Oddly Smooth Stone":43,"Omamori":0,"Bag of Preparation":48,"Letter Opener":13,"Orichalcum":9,"Bottled Tornado":44,"Ancient Tea Set":7,"Burning Blood":0,"Sozu":17,"Blood Vial":24,"SlaversCollar":34,"HornCleat":11,"Matryoshka":26,"Strawberry":0,"Art of War":27,"Red Skull":40},{"Lee\u0027s Waffle":10,"Self Forming Clay":15,"Enchiridion":13,"Oddly Smooth Stone":19,"Omamori":0,"Bag of Preparation":22,"Letter Opener":6,"Orichalcum":4,"Bottled Tornado":20,"Ancient Tea Set":4,"Burning Blood":0,"Sozu":7,"Blood Vial":11,"SlaversCollar":14,"HornCleat":6,"Matryoshka":11,"Strawberry":0,"Art of War":12,"Red Skull":18},{"Lee\u0027s Waffle":38,"Self Forming Clay":63,"Enchiridion":52,"Oddly Smooth Stone":83,"Omamori":0,"Bag of Preparation":98,"Letter Opener":22,"Orichalcum":14,"Bottled Tornado":89,"Ancient Tea Set":14,"Burning Blood":0,"Sozu":28,"Blood Vial":42,"SlaversCollar":61,"HornCleat":22,"Matryoshka":42,"Strawberry":0,"Art of War":47,"Red Skull":76}],"Burning Blood":132},"card_choices":[{"not_picked":["Power Through","Clothesline"],"picked":"Anger","floor":1},{"not_picked":["Warcry","True Grit"],"picked":"Dropkick","floor":4},{"not_picked":["Hemokinesis","Iron Wave","Body Slam"],"picked":"SKIP","floor":5},{"not_picked":["Armaments","Anger"],"picked":"Immolate","floor":7},{"not_picked":["Sever Soul","Anger","Perfected Strike"],"picked":"SKIP","floor":10},{"not_picked":["Clothesline","Blood for Blood"],"picked":"Thunderclap","floor":11},{"not_picked":["Bludgeon","Reaper"],"picked":"Double Tap","floor":16},{"not_picked":["Anger","Perfected Strike"],"picked":"Sentinel+1","floor":18},{"not_picked":["Rage","Combust","Rampage"],"picked":"SKIP","floor":19},{"not_picked":["Feel No Pain","Rampage","Headbutt"],"picked":"SKIP","floor":20},{"not_picked":["Twin Strike","Dropkick"],"picked":"Second Wind","floor":24},{"not_picked":["Twin Strike","Brutality","Iron Wave"],"picked":"SKIP","floor":27},{"not_picked":["Havoc","Iron Wave+1","Uppercut"],"picked":"SKIP","floor":28},{"not_picked":["Bludgeon","Immolate"],"picked":"Juggernaut","floor":33},{"not_picked":["Pommel Strike","Reckless Charge+1"],"picked":"Dual Wield","floor":35},{"not_picked":["Flex+1","Sever Soul"],"picked":"Body Slam","floor":38},{"not_picked":["Wild Strike","Anger","Feed"],"picked":"SKIP","floor":39},{"not_picked":["Clash","Anger"],"picked":"Burning Pact","floor":40},{"not_picked":["Clothesline","Rampage"],"picked":"Feel No Pain+1","floor":41},{"not_picked":["Bludgeon","Body Slam","Twin Strike+1"],"picked":"SKIP","floor":44},{"not_picked":["Headbutt","Anger+1"],"picked":"Sentinel","floor":45},{"not_picked":["Flex","Fire Breathing","Body Slam"],"picked":"SKIP","floor":47}],"player_experience":1042365,"relics_obtained":[{"floor":7,"key":"Ancient Tea Set"},{"floor":9,"key":"Orichalcum"},{"floor":11,"key":"HornCleat"},{"floor":13,"key":"Letter Opener"},{"floor":24,"key":"Blood Vial"},{"floor":26,"key":"Matryoshka"},{"floor":27,"key":"Art of War"},{"floor":30,"key":"Enchiridion"},{"floor":40,"key":"Red Skull"},{"floor":43,"key":"Oddly Smooth Stone"},{"floor":44,"key":"Bottled Tornado"}],"event_choices":[{"cards_removed":["Strike_R"],"damage_healed":0,"gold_gain":0,"player_choice":"Card Removal","damage_taken":0,"max_hp_gain":0,"max_hp_loss":0,"event_name":"The Cleric","floor":2,"gold_loss":75},{"damage_healed":0,"gold_gain":150,"player_choice":"AGREE","damage_taken":41,"max_hp_gain":0,"max_hp_loss":0,"event_name":"betterThird:BetterSerpent","floor":3,"gold_loss":0},{"damage_healed":0,"gold_gain":75,"player_choice":"Gold","damage_taken":11,"max_hp_gain":0,"max_hp_loss":0,"event_name":"betterThird:BetterGoop","floor":12,"gold_loss":0},{"damage_healed":0,"gold_gain":0,"player_choice":"Got Potions","damage_taken":0,"max_hp_gain":0,"max_hp_loss":0,"event_name":"Lab","floor":22,"gold_loss":0},{"damage_healed":0,"gold_gain":0,"player_choice":"Obtained Book","damage_taken":21,"max_hp_gain":0,"max_hp_loss":0,"event_name":"Cursed Tome","floor":30,"gold_loss":0},{"damage_healed":0,"gold_gain":0,"player_choice":"Copied","damage_taken":0,"max_hp_gain":0,"max_hp_loss":0,"event_name":"Duplicator","floor":31,"gold_loss":0,"cards_obtained":["Immolate"]},{"cards_removed":["Dual Wield"],"damage_healed":0,"gold_gain":0,"player_choice":"Gave Card","damage_taken":0,"relics_obtained":["Self Forming Clay"],"max_hp_gain":0,"max_hp_loss":0,"event_name":"WeMeetAgain","floor":37,"gold_loss":0}],"is_beta":false,"boss_relics":[{"not_picked":["Runic Cube","Black Star"],"picked":"Sozu"},{"not_picked":["Tiny House","Snecko Eye"],"picked":"SlaversCollar"}],"items_purged_floors":[14,29],"is_endless":false,"potions_floor_spawned":[1,4,10,18,24,27,33,39,41,45,47],"killed_by":"Time Eater","ascension_level":20}}