{"host":"ig7tc0uedzltt2sr","time":1610261439,"event":{"mods":["BaseMod","Better Twitch Integration","Block Reminder","Colored Map","Colored Powertips","Communication Mod","Current Relic Mod","GifTheSpireLib","HexUI Lib","Minty Spire (QoL Compilation)","Quick Restart","Random Character Button","Rare Cards Sparkle","Relic Sorter","Relic Stats","Slay the Relics Exporter","StSLib","SuperFastMode","Synergy Search","Twitch Decklist","Twitch Utils","everything is the same but u backflip on backflip","slay the spire mod where everything is the same but ironclad has a cowboy hat"],"gold_per_floor":[110,129,147,157,174,174,174],"floor_reached":6,"playtime":39,"items_purged":[],"score":40,"play_id":"30ada2ee-a7ea-4eee-bb91-56ba94d2dae5","local_time":"20210109225039","is_ascension_mode":false,"campfire_choices":[],"circlet_count":0,"master_deck":["Strike_R","Strike_R","Strike_R","Strike_R","Strike_R","Defend_R","Defend_R","Defend_R","Defend_R","Bash","Feed"],"relics":["Burning Blood","NeowsBlessing"],"acts_visited":["Exordium"],"potions_floor_usage":[],"damage_taken":[{"damage":0,"enemies":"Cultist","floor":1,"turns":2},{"damage":0,"enemies":"Jaw Worm","floor":2,"turns":1},{"damage":0,"enemies":"2 Louse","floor":3,"turns":1},{"damage":10,"enemies":"Looter","floor":4,"turns":4},{"damage":33,"enemies":"Blue Slaver","floor":5,"turns":5},{"damage":78,"enemies":"Gremlin Nob","floor":6,"turns":6}],"seed_played":"3427091979649896686","potions_obtained":[{"floor":4,"key":"AttackPotion"},{"floor":5,"key":"BloodPotion"}],"is_trial":false,"path_per_floor":["M","M","M","M","M","E"],"character_chosen":"IRONCLAD","items_purchased":[],"campfire_rested":0,"item_purchase_floors":[],"current_hp_per_floor":[80,80,80,76,49,0,0],"gold":174,"neow_bonus":"THREE_ENEMY_KILL","is_daily":false,"chose_seed":false,"campfire_upgraded":0,"win_rate":0.0,"timestamp":1610261439,"path_taken":["M","M","M","M","M","E"],"items_purchased_type":[],"build_version":"2020-12-22","purchased_purges":0,"victory":false,"max_hp_per_floor":[80,80,80,80,80,80,80],"relic_stats":{"counters":[6,19],"obtain_stats":[{"NeowsBlessing":0,"Burning Blood":0},{"NeowsBlessing":0,"Burning Blood":0},{"NeowsBlessing":0,"Burning Blood":0}],"Burning Blood":12},"card_choices":[{"not_picked":["Anger","Armaments","Heavy Blade"],"picked":"SKIP","floor":1},{"not_picked":["Perfected Strike","Hemokinesis","Anger"],"picked":"SKIP","floor":2},{"not_picked":["Shrug It Off","Intimidate","Headbutt"],"picked":"SKIP","floor":3},{"not_picked":["Dual Wield","Metallicize","Wild Strike"],"picked":"SKIP","floor":4},{"not_picked":["Rage","Cleave"],"picked":"Feed","floor":5}],"player_experience":1497447,"relics_obtained":[],"event_choices":[],"is_beta":false,"boss_relics":[],"items_purged_floors":[],"is_endless":false,"potions_floor_spawned":[4,5],"killed_by":"Gremlin Nob","ascension_level":0}}