{"host":"347gs67hkvdznjaq","time":1610321720,"event":{"mods":["BaseMod","BetterRewards","Colored Map","Colored Powertips","Highlight Path","Minty Spire (QoL Compilation)","StSLib"],"gold_per_floor":[117,117,136,3,20,20,51,51,78,122,135,10,10,10,10,130,130,144,160,176,71,86,86,119,119,119,119,119,0,19,54,54,54,54],"floor_reached":33,"playtime":2830,"items_purged":["Defend_G","Strike_G","Injury"],"score":337,"play_id":"0ad1cc3c-35ce-40da-934b-9c2b5c124234","local_time":"20210110183520","is_ascension_mode":true,"campfire_choices":[{"data":"Backstab","floor":6,"key":"SMITH"},{"floor":13,"key":"REST"},{"data":"Slice","floor":15,"key":"SMITH"},{"floor":23,"key":"REST"},{"floor":28,"key":"REST"},{"floor":32,"key":"REST"}],"circlet_count":0,"master_deck":["Strike_G","Strike_G","Defend_G","Defend_G","Defend_G","Defend_G","Survivor","Neutralize","Infinite Blades","Sucker Punch","Backstab+1","Dagger Spray","Infinite Blades","Noxious Fumes","Bouncing Flask","Cloak And Dagger","Slice+1","Flying Knee","Deflect","Poisoned Stab","Slice","Footwork+1","Crippling Poison","Blade Dance","Crippling Poison+1","Caltrops+1","Terror+1"],"relics":["Ring of the Snake","PreservedInsect","Nunchaku","Golden Idol","Pen Nib","Frozen Egg 2","Fusion Hammer","Boot","Toxic Egg 2","Peace Pipe"],"acts_visited":["Exordium","TheCity"],"potions_floor_usage":[18,18,20,31],"damage_taken":[{"damage":2,"enemies":"2 Louse","floor":1,"turns":4},{"damage":0,"enemies":"Cultist","floor":3,"turns":3},{"damage":1,"enemies":"Jaw Worm","floor":5,"turns":3},{"damage":22,"enemies":"Lagavulin","floor":7,"turns":5},{"damage":14,"enemies":"3 Sentries","floor":10,"turns":5},{"damage":2,"enemies":"Exordium Wildlife","floor":11,"turns":3},{"damage":17,"enemies":"Hexaghost","floor":16,"turns":8},{"damage":22,"enemies":"Spheric Guardian","floor":18,"turns":4},{"damage":10,"enemies":"Chosen","floor":19,"turns":4},{"damage":16,"enemies":"Centurion and Healer","floor":20,"turns":5},{"damage":20,"enemies":"3 Cultists","floor":22,"turns":5},{"damage":17,"enemies":"Slavers","floor":24,"turns":4},{"damage":12,"enemies":"Chosen and Byrds","floor":30,"turns":3},{"damage":8,"enemies":"Book of Stabbing","floor":31,"turns":4},{"damage":65,"enemies":"Automaton","floor":33,"turns":10}],"seed_played":"61857673869745536","potions_obtained":[{"floor":3,"key":"SmokeBomb"},{"floor":10,"key":"ColorlessPotion"},{"floor":11,"key":"SteroidPotion"},{"floor":18,"key":"Fruit Juice"},{"floor":19,"key":"GamblersBrew"},{"floor":22,"key":"SkillPotion"},{"floor":31,"key":"SpeedPotion"}],"is_trial":false,"path_per_floor":["M","?","M","$","M","R","E","?","T","E","M","$","R","?","R","B",null,"M","M","M","$","M","R","E","?","T","?","R","$","M","E","R","B"],"character_chosen":"THE_SILENT","items_purchased":["PreservedInsect","Infinite Blades","Sucker Punch","Infinite Blades","Slice","Footwork+1","Crippling Poison+1","Caltrops+1"],"campfire_rested":4,"item_purchase_floors":[0,0,0,4,21,21,29,29],"current_hp_per_floor":[68,68,68,68,67,67,45,45,45,31,29,29,50,50,50,33,70,53,43,27,27,7,29,12,37,37,37,59,59,47,39,61,0,0],"gold":54,"neow_bonus":"","is_daily":false,"chose_seed":false,"campfire_upgraded":2,"win_rate":0.0,"timestamp":1610321720,"path_taken":["M","?","M","$","?","R","E","?","T","E","M","?","R","?","R","BOSS","M","?","M","$","M","R","E","?","T","?","R","$","?","E","R","BOSS"],"items_purchased_type":["Relic","Card","Card","Card","Card","Card","Card","Card"],"build_version":"2020-12-22","purchased_purges":3,"victory":false,"max_hp_per_floor":[70,70,70,70,70,70,70,70,70,70,70,70,70,70,70,70,70,75,75,75,75,75,75,75,75,75,75,75,75,75,75,75,75,75],"card_choices":[{"not_picked":["Dagger Throw","Concentrate"],"picked":"Backstab","floor":1},{"not_picked":["Distraction","Deflect"],"picked":"Dagger Spray","floor":3},{"not_picked":["Terror","Sucker Punch"],"picked":"Noxious Fumes","floor":5},{"not_picked":["Slice","Tactician"],"picked":"Bouncing Flask","floor":7},{"not_picked":["Well Laid Plans+1","Sucker Punch"],"picked":"Cloak And Dagger","floor":10},{"not_picked":["Dagger Spray","PiercingWail"],"picked":"Slice","floor":11},{"not_picked":["Dodge and Roll","Finisher"],"picked":"Flying Knee","floor":18},{"not_picked":["Sucker Punch","Choke"],"picked":"Deflect","floor":19},{"not_picked":["Heel Hook+1","Deflect"],"picked":"Poisoned Stab","floor":20},{"not_picked":["Prepared+1","PiercingWail"],"picked":"Crippling Poison","floor":22},{"not_picked":["Prepared+1","Backflip"],"picked":"Blade Dance","floor":24},{"not_picked":["Infinite Blades+1","Dodge and Roll+1"],"picked":"Terror+1","floor":30},{"not_picked":["Prepared+1","Acrobatics+1","Dagger Throw"],"picked":"SKIP","floor":31}],"player_experience":359159,"relics_obtained":[{"floor":7,"key":"Nunchaku"},{"floor":9,"key":"Pen Nib"},{"floor":10,"key":"Frozen Egg 2"},{"floor":24,"key":"Boot"},{"floor":26,"key":"Toxic Egg 2"},{"floor":31,"key":"Peace Pipe"}],"event_choices":[{"cards_removed":["Strike_G"],"damage_healed":0,"gold_gain":0,"player_choice":"Purged","damage_taken":0,"max_hp_gain":0,"max_hp_loss":0,"event_name":"Purifier","floor":2,"gold_loss":0},{"damage_healed":0,"gold_gain":0,"player_choice":"Take Wound","damage_taken":0,"relics_obtained":["Golden Idol"],"max_hp_gain":0,"max_hp_loss":0,"event_name":"Golden Idol","floor":8,"gold_loss":0,"cards_obtained":["Injury"]},{"damage_healed":0,"gold_gain":0,"player_choice":"Got Potions","damage_taken":0,"max_hp_gain":0,"max_hp_loss":0,"event_name":"Lab","floor":14,"gold_loss":0},{"damage_healed":25,"gold_gain":0,"player_choice":"Heal","damage_taken":0,"max_hp_gain":0,"max_hp_loss":0,"event_name":"The Library","floor":25,"gold_loss":0},{"cards_removed":["Strike_G"],"damage_healed":0,"gold_gain":0,"player_choice":"Card Removal","damage_taken":0,"max_hp_gain":0,"max_hp_loss":0,"event_name":"Wheel of Change","floor":27,"gold_loss":0}],"is_beta":false,"boss_relics":[{"not_picked":["Coffee Dripper","Runic Pyramid"],"picked":"Fusion Hammer"}],"items_purged_floors":[0,4,12],"is_endless":false,"potions_floor_spawned":[3,10,11,18,19,22,31],"killed_by":"Automaton","ascension_level":3}}