{"host":"1c17lcvl7acx821p","time":1610281711,"event":{"mods":["AchievementEnabler","BaseMod","Colored Map","Minty Spire (QoL Compilation)","StSLib"],"gold_per_floor":[364,384,402,8,8,33,49,49,49,81,98,98,98,109,109,209,209,226,276,201,212,225,235,263,263,289,322,334,349,58,92,92,194,194,204,204,221,221,235,267,267,295,295,327,345,345,345,377,377,377],"floor_reached":51,"playtime":2882,"items_purged":["Strike_R","Strike_R"],"score":1106,"play_id":"c2b1288d-0f26-4aee-9fcd-2e491a80203e","local_time":"20210110142831","is_ascension_mode":true,"campfire_choices":[{"data":"Spot Weakness","floor":8,"key":"SMITH"},{"data":"True Grit","floor":12,"key":"SMITH"},{"floor":15,"key":"REST"},{"floor":32,"key":"REST"},{"data":"Heavy Blade","floor":41,"key":"SMITH"},{"floor":47,"key":"REST"},{"floor":49,"key":"REST"}],"circlet_count":0,"master_deck":["Strike_R","Defend_R","Defend_R","Defend_R","Thunderclap","Spot Weakness+1","True Grit+1","Panacea+1","Flex+1","Second Wind+1","Shockwave+1","Pummel","Immolate","Headbutt+1","True Grit+1","Flame Barrier+1","Feed","Havoc+1","Panacea+1","Heavy Blade+1","Battle Trance+1","Berserk","Sword Boomerang+1","Spot Weakness+1","Power Through+1","Whirlwind+1","Limit Break+1"],"relics":["Burning Blood","Toxic Egg 2","PreservedInsect","Bag of Preparation","Self Forming Clay","Runic Cube","Pocketwatch","Nunchaku","WingedGreaves","DollysMirror","Mercury Hourglass","Empty Cage","Mummified Hand","Centennial Puzzle","Letter Opener","Potion Belt","Happy Flower"],"acts_visited":["Exordium","TheCity","TheBeyond"],"potions_floor_usage":[21,25,27,44,50],"damage_taken":[{"damage":6,"enemies":"2 Louse","floor":1,"turns":3},{"damage":1,"enemies":"Cultist","floor":2,"turns":3},{"damage":0,"enemies":"Small Slimes","floor":3,"turns":3},{"damage":27,"enemies":"Gremlin Nob","floor":6,"turns":4},{"damage":12,"enemies":"Looter","floor":7,"turns":4},{"damage":20,"enemies":"3 Sentries","floor":10,"turns":6},{"damage":1,"enemies":"2 Fungi Beasts","floor":11,"turns":4},{"damage":0,"enemies":"Red Slaver","floor":14,"turns":3},{"damage":49,"enemies":"Hexaghost","floor":16,"turns":11},{"damage":17,"enemies":"Shell Parasite","floor":18,"turns":5},{"damage":9,"enemies":"3 Byrds","floor":21,"turns":3},{"damage":4,"enemies":"Cultist and Chosen","floor":22,"turns":4},{"damage":21,"enemies":"Sentry and Sphere","floor":23,"turns":6},{"damage":24,"enemies":"Book of Stabbing","floor":24,"turns":4},{"damage":8,"enemies":"Slavers","floor":27,"turns":2},{"damage":8,"enemies":"Snake Plant","floor":28,"turns":5},{"damage":6,"enemies":"Cultist and Chosen","floor":29,"turns":5},{"damage":7,"enemies":"Book of Stabbing","floor":31,"turns":5},{"damage":33,"enemies":"Champ","floor":33,"turns":11},{"damage":4,"enemies":"Orb Walker","floor":35,"turns":4},{"damage":21,"enemies":"3 Shapes","floor":37,"turns":3},{"damage":2,"enemies":"Writhing Mass","floor":39,"turns":3},{"damage":17,"enemies":"Nemesis","floor":40,"turns":5},{"damage":24,"enemies":"Giant Head","floor":42,"turns":6},{"damage":9,"enemies":"Reptomancer","floor":44,"turns":3},{"damage":13,"enemies":"Transient","floor":45,"turns":5},{"damage":49,"enemies":"Nemesis","floor":48,"turns":8},{"damage":73,"enemies":"Awakened One","floor":50,"turns":6}],"seed_played":"-274459386200196857","potions_obtained":[{"floor":6,"key":"BloodPotion"},{"floor":10,"key":"SpeedPotion"},{"floor":14,"key":"BloodPotion"},{"floor":16,"key":"Fire Potion"},{"floor":21,"key":"LiquidMemories"},{"floor":27,"key":"Block Potion"},{"floor":29,"key":"FairyPotion"},{"floor":40,"key":"Strength Potion"}],"is_trial":false,"path_per_floor":["M","M","M","$","?","E","M","R","T","E","M","R","?","M","R","B",null,"M","?","$","M","M","M","E","?","T","E","M","M","$","E","R","B",null,"M","?","M","?","M","E","R","E","T","E","M","?","R","E","R","B",null],"character_chosen":"IRONCLAD","items_purchased":["Toxic Egg 2","Panacea+1","Flex+1","DollysMirror","Heavy Blade"],"campfire_rested":4,"item_purchase_floors":[4,4,4,30,30],"current_hp_per_floor":[72,72,72,72,72,51,45,45,45,31,36,36,29,35,56,13,57,46,46,46,57,59,44,26,28,28,26,27,30,30,29,53,26,69,71,71,59,59,63,55,55,40,40,37,30,30,56,16,43,33],"gold":377,"neow_bonus":"TWO_FIFTY_GOLD","is_daily":false,"chose_seed":false,"campfire_upgraded":3,"win_rate":0.0,"timestamp":1610281711,"path_taken":["M","M","M","$","?","E","M","R","T","E","M","R","?","M","R","BOSS","M","?","?","M","M","M","E","?","T","E","M","M","$","E","R","BOSS","M","?","M","?","M","E","R","E","T","E","M","?","R","E","R","BOSS"],"items_purchased_type":["Relic","Card","Card","Relic","Card"],"build_version":"2020-12-22","purchased_purges":2,"victory":true,"max_hp_per_floor":[72,72,72,72,72,72,72,72,72,72,72,72,72,72,72,72,72,72,72,72,72,72,72,72,77,77,77,80,83,83,83,83,83,83,83,83,86,82,82,85,85,88,88,88,88,88,88,91,91,91],"card_choices":[{"not_picked":["Shrug It Off","Iron Wave"],"picked":"Thunderclap","floor":1},{"not_picked":["Wild Strike","Burning Pact"],"picked":"Spot Weakness","floor":2},{"not_picked":["Uppercut","Pommel Strike"],"picked":"True Grit","floor":3},{"not_picked":["Rampage","Reckless Charge","Rage+1"],"picked":"SKIP","floor":6},{"not_picked":["Rage+1","Body Slam"],"picked":"Second Wind+1","floor":7},{"not_picked":["Heavy Blade","Fiend Fire"],"picked":"Shockwave+1","floor":10},{"not_picked":["Perfected Strike","Metallicize","Rampage"],"picked":"SKIP","floor":11},{"not_picked":["Perfected Strike","Metallicize","Rampage"],"picked":"SKIP","floor":11},{"not_picked":["Shrug It Off+1","Anger"],"picked":"Pummel","floor":14},{"not_picked":["Brutality","Demon Form"],"picked":"Immolate","floor":16},{"not_picked":["Cleave","True Grit+1","Clash"],"picked":"SKIP","floor":18},{"not_picked":["Rampage","Entrench+1","Perfected Strike"],"picked":"SKIP","floor":21},{"not_picked":["Wild Strike","Cleave"],"picked":"Headbutt+1","floor":22},{"not_picked":["Shrug It Off+1","Perfected Strike"],"picked":"True Grit+1","floor":23},{"not_picked":["Infernal Blade+1","Heavy Blade"],"picked":"Flame Barrier+1","floor":24},{"not_picked":["Cleave","Pommel Strike+1"],"picked":"Feed","floor":27},{"not_picked":["Headbutt","Dual Wield+1"],"picked":"Havoc+1","floor":28},{"not_picked":["Havoc+1","Iron Wave","Headbutt"],"picked":"SKIP","floor":29},{"not_picked":["Spot Weakness+1","Flex+1"],"picked":"Battle Trance+1","floor":31},{"not_picked":["Bludgeon","Immolate"],"picked":"Berserk","floor":33},{"not_picked":["Iron Wave+1","Thunderclap+1","Wild Strike+1"],"picked":"SKIP","floor":35},{"not_picked":["Perfected Strike+1","Searing Blow+1","Second Wind+1"],"picked":"SKIP","floor":37},{"not_picked":["Inflame","True Grit+1"],"picked":"Sword Boomerang+1","floor":39},{"not_picked":["Pommel Strike+1","Thunderclap+1"],"picked":"Spot Weakness+1","floor":40},{"not_picked":["Thunderclap","Combust"],"picked":"Power Through+1","floor":42},{"not_picked":["Iron Wave","Spot Weakness+1"],"picked":"Whirlwind+1","floor":44},{"not_picked":["Warcry+1","Pommel Strike","Clash"],"picked":"SKIP","floor":45},{"not_picked":["Pommel Strike+1","Sentinel+1"],"picked":"Limit Break+1","floor":48}],"player_experience":19372,"relics_obtained":[{"floor":6,"key":"PreservedInsect"},{"floor":9,"key":"Bag of Preparation"},{"floor":10,"key":"Self Forming Clay"},{"floor":24,"key":"Pocketwatch"},{"floor":26,"key":"Nunchaku"},{"floor":27,"key":"WingedGreaves"},{"floor":31,"key":"Mercury Hourglass"},{"floor":40,"key":"Mummified Hand"},{"floor":42,"key":"Centennial Puzzle"},{"floor":43,"key":"Letter Opener"},{"floor":44,"key":"Potion Belt"},{"floor":48,"key":"Happy Flower"}],"event_choices":[{"damage_healed":0,"gold_gain":0,"player_choice":"Ignored","damage_taken":0,"max_hp_gain":0,"max_hp_loss":0,"event_name":"Liars Game","floor":5,"gold_loss":0},{"cards_removed":["Bash"],"damage_healed":0,"gold_gain":0,"player_choice":"Card Removal","damage_taken":7,"max_hp_gain":0,"max_hp_loss":0,"event_name":"Golden Wing","floor":13,"gold_loss":0},{"damage_healed":0,"gold_gain":100,"player_choice":"Bet on Murderer","damage_taken":0,"max_hp_gain":0,"max_hp_loss":0,"event_name":"The Joust","floor":19,"gold_loss":50},{"damage_healed":0,"gold_gain":0,"player_choice":"Shed Blood","damage_taken":18,"max_hp_gain":5,"max_hp_loss":0,"event_name":"Forgotten Altar","floor":25,"gold_loss":0},{"cards_removed":["Strike_R"],"damage_healed":0,"gold_gain":0,"player_choice":"Removed Attack","damage_taken":0,"max_hp_gain":0,"max_hp_loss":0,"event_name":"Falling","floor":36,"gold_loss":0},{"damage_healed":0,"gold_gain":0,"player_choice":"Max HP","damage_taken":0,"max_hp_gain":0,"max_hp_loss":4,"event_name":"Winding Halls","floor":38,"gold_loss":0},{"damage_healed":0,"gold_gain":0,"player_choice":"Ignored","damage_taken":0,"max_hp_gain":0,"max_hp_loss":0,"event_name":"SecretPortal","floor":46,"gold_loss":0}],"is_beta":false,"boss_relics":[{"not_picked":["Tiny House","Sozu"],"picked":"Runic Cube"},{"not_picked":["Coffee Dripper","Philosopher\u0027s Stone"],"picked":"Empty Cage"}],"items_purged_floors":[20,30],"is_endless":false,"potions_floor_spawned":[6,10,14,16,18,21,27,29,31,35,40,42],"ascension_level":6}}