{"host":"os7ajuuouznx3pj7","time":1610305372,"event":{"mods":["AchievementEnabler","BaseMod","Bestiary","Block Reminder","Colored Map","Colored Powertips","Keyboard Shortcuts","Minty Spire (QoL Compilation)","Quick Restart","Relic Sorter","Relic Stats","SuperFastMode"],"gold_per_floor":[114,64,79,94,94,94,111,121,121,146,158,170,196,224,236,344,356,387,399,446,458,198,198,211,228,254,254,267,267,283,208,208,305,305,322,544,554,286,298,332,345,345,420,433,464,475,493,8,8,8],"floor_reached":51,"playtime":11883,"items_purged":["Strike_P","Defend_P","Defend_P"],"score":778,"play_id":"b23ee460-5540-4fe8-b266-87f396985e8b","local_time":"20210110170252","is_ascension_mode":false,"campfire_choices":[{"data":"BowlingBash","floor":6.0,"key":"SMITH"},{"data":"ThirdEye","floor":12.0,"key":"SMITH"},{"data":"Halt","floor":15.0,"key":"SMITH"},{"data":"EmptyFist","floor":23.0,"key":"SMITH"},{"data":"ThirdEye","floor":29.0,"key":"SMITH"},{"data":"Prostrate","floor":32.0,"key":"SMITH"},{"data":"PathToVictory","floor":42.0,"key":"SMITH"},{"data":"PathToVictory","floor":49.0,"key":"SMITH"}],"circlet_count":0,"master_deck":["Strike_P","Defend_P","Defend_P","Eruption+1","Vigilance+1","BowlingBash+1","ThirdEye+1","FollowUp","PathToVictory+1","Halt+1","EmptyFist+1","ThirdEye+1","Prostrate","FollowUp","Prostrate+1","Prostrate","PathToVictory+1","Prostrate+1","PathToVictory+1","EmptyBody+1","SashWhip+1","FlyingSleeves+1","PathToVictory+1","PathToVictory+1"],"relics":["Runic Pyramid","Bottled Lightning","MawBank","Philosopher\u0027s Stone","Enchiridion","Red Mask","HornCleat","HandDrill","Bronze Scales","Coffee Dripper","Damaru","Toxic Egg 2","Pantograph","Mummified Hand","Pen Nib","Oddly Smooth Stone"],"acts_visited":["Exordium","TheCity","TheBeyond"],"potions_floor_usage":[50,50,50],"damage_taken":[{"damage":0.0,"enemies":"2 Louse","floor":1.0,"turns":2.0},{"damage":0.0,"enemies":"Jaw Worm","floor":3.0,"turns":2.0},{"damage":0.0,"enemies":"Cultist","floor":4.0,"turns":4.0},{"damage":0.0,"enemies":"Looter","floor":7.0,"turns":2.0},{"damage":6.0,"enemies":"Large Slime","floor":8.0,"turns":3.0},{"damage":0.0,"enemies":"Blue Slaver","floor":13.0,"turns":2.0},{"damage":0.0,"enemies":"Red Slaver","floor":14.0,"turns":2.0},{"damage":15.0,"enemies":"The Guardian","floor":16.0,"turns":7.0},{"damage":6.0,"enemies":"2 Thieves","floor":18.0,"turns":3.0},{"damage":2.0,"enemies":"Masked Bandits","floor":20.0,"turns":4.0},{"damage":0.0,"enemies":"Spheric Guardian","floor":24.0,"turns":3.0},{"damage":2.0,"enemies":"Snake Plant","floor":25.0,"turns":2.0},{"damage":0.0,"enemies":"Centurion and Healer","floor":28.0,"turns":6.0},{"damage":2.0,"enemies":"Snecko","floor":30.0,"turns":5.0},{"damage":33.0,"enemies":"Collector","floor":33.0,"turns":9.0},{"damage":0.0,"enemies":"Orb Walker","floor":35.0,"turns":3.0},{"damage":0.0,"enemies":"3 Shapes","floor":37.0,"turns":4.0},{"damage":0.0,"enemies":"Transient","floor":39.0,"turns":5.0},{"damage":9.0,"enemies":"Giant Head","floor":40.0,"turns":6.0},{"damage":0.0,"enemies":"Sphere and 2 Shapes","floor":41.0,"turns":5.0},{"damage":2.0,"enemies":"3 Darklings","floor":44.0,"turns":5.0},{"damage":31.0,"enemies":"Reptomancer","floor":45.0,"turns":6.0},{"damage":4.0,"enemies":"Spire Growth","floor":46.0,"turns":4.0},{"damage":0.0,"enemies":"Transient","floor":47.0,"turns":5.0},{"damage":27,"enemies":"Awakened One","floor":50,"turns":8}],"seed_played":"-4693454818126642097","potions_obtained":[{"floor":3.0,"key":"BlessingOfTheForge"},{"floor":13.0,"key":"Energy Potion"},{"floor":14.0,"key":"SkillPotion"},{"floor":18.0,"key":"StancePotion"},{"floor":28.0,"key":"Fire Potion"},{"floor":33.0,"key":"SmokeBomb"},{"floor":35.0,"key":"LiquidBronze"},{"floor":37.0,"key":"EntropicBrew"},{"floor":40.0,"key":"GamblersBrew"},{"floor":44.0,"key":"AttackPotion"},{"floor":45.0,"key":"GamblersBrew"}],"is_trial":false,"path_per_floor":["M","?","M","M","?","R","M","M","T","T","?","R","M","M","R","B",null,"M","?","?","T","$","R","M","M","T","?","M","R","M","?","R","B",null,"M","?","M","$","M","E","M","R","T","M","E","M","M","$","R","B",null],"character_chosen":"WATCHER","items_purchased":["Prostrate","HandDrill","PathToVictory","Damaru","PathToVictory+1","Pen Nib","Oddly Smooth Stone"],"campfire_rested":0,"item_purchase_floors":[22,22,38,38,48,48,48],"current_hp_per_floor":[72,72,72,72,58,58,58,52,52,52,52,52,52,52,52,37,72,66,50,48,48,48,48,48,46,46,46,46,46,44,44,44,11,72,72,72,72,72,72,63,63,63,63,61,30,26,26,26,26,24],"gold":8,"neow_bonus":"BOSS_RELIC","is_daily":false,"chose_seed":false,"campfire_upgraded":8,"win_rate":0.0,"timestamp":1610305372,"path_taken":["M","?","M","M","?","R","M","M","T","?","?","R","M","?","R","BOSS","M","?","?","?","$","R","?","M","T","?","M","R","?","?","R","BOSS","M","?","M","$","M","E","M","R","T","M","E","M","M","$","R","BOSS"],"items_purchased_type":["Card","Relic","Card","Relic","Card","Relic","Relic"],"build_version":"2020-12-22","purchased_purges":3,"victory":true,"max_hp_per_floor":[72,72,72,72,72,72,72,72,72,72,72,72,72,72,72,72,72,72,72,72,72,72,72,72,72,72,72,72,72,72,72,72,72,72,72,72,72,72,72,72,72,72,72,72,72,72,72,72,72,72],"relic_stats":{"counters":[25,107],"Mummified Hand":[3],"Bronze Scales":[177],"Pantograph":25,"Pen Nib":[1],"HandDrill":[12],"MawBank":144,"obtain_stats":[{"Enchiridion":19,"Damaru":38,"Oddly Smooth Stone":48,"Pen Nib":48,"MawBank":10,"HornCleat":21,"Mummified Hand":45,"Bronze Scales":26,"Pantograph":43,"Philosopher\u0027s Stone":17,"Red Mask":20,"HandDrill":22,"Coffee Dripper":34,"Bottled Lightning":9,"PureWater":0,"Toxic Egg 2":40,"Runic Pyramid":0},{"Enchiridion":9,"Damaru":17,"Oddly Smooth Stone":24,"Pen Nib":24,"MawBank":5,"HornCleat":10,"Mummified Hand":22,"Bronze Scales":12,"Pantograph":20,"Philosopher\u0027s Stone":8,"Red Mask":10,"HandDrill":10,"Coffee Dripper":15,"Bottled Lightning":5,"PureWater":0,"Toxic Egg 2":19,"Runic Pyramid":0},{"Enchiridion":27,"Damaru":63,"Oddly Smooth Stone":99,"Pen Nib":99,"MawBank":13,"HornCleat":31,"Mummified Hand":90,"Bronze Scales":36,"Pantograph":79,"Philosopher\u0027s Stone":24,"Red Mask":31,"HandDrill":31,"Coffee Dripper":56,"Bottled Lightning":13,"PureWater":0,"Toxic Egg 2":74,"Runic Pyramid":0}]},"card_choices":[{"not_picked":["Crescendo","Prostrate"],"picked":"BowlingBash","floor":1.0},{"not_picked":["Crescendo","BowlingBash"],"picked":"ThirdEye","floor":3.0},{"not_picked":["Pray","Evaluate"],"picked":"FollowUp","floor":4.0},{"not_picked":["FollowUp","Evaluate"],"picked":"PathToVictory","floor":7.0},{"not_picked":["Devotion","Protect"],"picked":"Halt","floor":8.0},{"not_picked":["CrushJoints","EmptyBody"],"picked":"EmptyFist","floor":13.0},{"not_picked":["EmptyMind","SashWhip","Consecrate"],"picked":"SKIP","floor":14.0},{"not_picked":["Prostrate","SashWhip","CrushJoints"],"picked":"SKIP","floor":18.0},{"not_picked":["EmptyFist","Blasphemy"],"picked":"ThirdEye","floor":20.0},{"not_picked":["Pray","DeceiveReality","WheelKick"],"picked":"SKIP","floor":24.0},{"not_picked":["CrushJoints","WindmillStrike"],"picked":"FollowUp","floor":25.0},{"not_picked":["Protect","Blasphemy"],"picked":"Prostrate","floor":28.0},{"not_picked":["SignatureMove+1","Protect","TalkToTheHand"],"picked":"SKIP","floor":30.0},{"not_picked":["Collect","CutThroughFate"],"picked":"PathToVictory","floor":35.0},{"not_picked":["CrushJoints+1","Evaluate"],"picked":"Prostrate+1","floor":37.0},{"not_picked":["ThirdEye+1","Worship+1","SashWhip"],"picked":"SKIP","floor":39.0},{"not_picked":["Worship+1","CutThroughFate"],"picked":"EmptyBody+1","floor":40.0},{"not_picked":["JustLucky+1","CarveReality+1","SashWhip"],"picked":"SKIP","floor":41.0},{"not_picked":["Adaptation","Evaluate+1","EmptyBody+1"],"picked":"SKIP","floor":44.0},{"not_picked":["CutThroughFate+1","ClearTheMind+1"],"picked":"SashWhip+1","floor":45.0},{"not_picked":["SashWhip+1","Alpha+1"],"picked":"FlyingSleeves+1","floor":46.0},{"not_picked":["Protect+1","EmptyBody+1"],"picked":"PathToVictory+1","floor":47.0}],"player_experience":905796,"relics_obtained":[{"floor":9.0,"key":"Bottled Lightning"},{"floor":10.0,"key":"MawBank"},{"floor":19.0,"key":"Enchiridion"},{"floor":20.0,"key":"Red Mask"},{"floor":21.0,"key":"HornCleat"},{"floor":26.0,"key":"Bronze Scales"},{"floor":40.0,"key":"Toxic Egg 2"},{"floor":43.0,"key":"Pantograph"},{"floor":45.0,"key":"Mummified Hand"}],"event_choices":[{"cards_removed":["Strike_P"],"damage_healed":0.0,"max_hp_gain":0.0,"max_hp_loss":0.0,"gold_gain":0.0,"event_name":"The Cleric","player_choice":"Card Removal","floor":2.0,"gold_loss":50.0,"damage_taken":0.0},{"damage_healed":0.0,"max_hp_gain":0.0,"max_hp_loss":0.0,"gold_gain":0.0,"event_name":"Shining Light","player_choice":"Entered Light","floor":5.0,"gold_loss":0.0,"damage_taken":14.0,"cards_upgraded":["Vigilance","Eruption"]},{"damage_healed":0.0,"max_hp_gain":0.0,"max_hp_loss":0.0,"gold_gain":0.0,"event_name":"Upgrade Shrine","player_choice":"Upgraded","floor":11.0,"gold_loss":0.0,"damage_taken":0.0,"cards_upgraded":["PathToVictory"]},{"damage_healed":0.0,"max_hp_gain":0.0,"max_hp_loss":0.0,"gold_gain":0.0,"event_name":"Cursed Tome","player_choice":"Obtained Book","floor":19.0,"gold_loss":0.0,"damage_taken":16.0},{"damage_healed":0.0,"max_hp_gain":0.0,"max_hp_loss":0.0,"gold_gain":0.0,"event_name":"Masked Bandits","player_choice":"Fought Bandits","floor":20.0,"gold_loss":0.0,"damage_taken":0.0},{"damage_healed":0.0,"max_hp_gain":0.0,"max_hp_loss":0.0,"gold_gain":0.0,"event_name":"Match and Keep!","player_choice":"1 cards matched","floor":27.0,"gold_loss":0.0,"damage_taken":0.0,"cards_obtained":["Prostrate"]},{"cards_removed":["Strike_P"],"damage_healed":0.0,"max_hp_gain":0.0,"max_hp_loss":0.0,"gold_gain":0.0,"event_name":"Beggar","player_choice":"Gave Gold","floor":31.0,"gold_loss":75.0,"damage_taken":0.0},{"damage_healed":0.0,"max_hp_gain":0.0,"max_hp_loss":0.0,"gold_gain":222.0,"event_name":"Tomb of Lord Red Mask","player_choice":"Wore Mask","floor":36.0,"gold_loss":0.0,"damage_taken":0.0}],"is_beta":false,"boss_relics":[{"not_picked":["Runic Dome","Fusion Hammer"],"picked":"Philosopher\u0027s Stone"},{"not_picked":["SlaversCollar","Calling Bell"],"picked":"Coffee Dripper"}],"items_purged_floors":[22,38,48],"is_endless":false,"potions_floor_spawned":[3,13,14,18,28,33,35,37,40,44,45],"ascension_level":0}}