{"host":"bpkhhmvsfrvlto2l","time":1610241989,"event":{"mods":["2.2 Compatiblity","AchievementEnabler","Act Like it!","AlwaysNeverKeys","Aspiration","BaseMod","Better Silent Start","Challenge The Spire","Colored Map","Colored Powertips","Custom Start","Downfall","Energized Spire","Friendly Minions","GifTheSpireLib","Halation","Hubris","Infinite Spire","Ironclad Rager","Mimic Mod","Minty Spire (QoL Compilation)","Permanent Neow","Quick Restart","Random Character Button","Relic Sorter","Replay The Spire","Spikes Relics","StSLib","Stuff the Spire","Swap Starting Deck Mod","Trackpad"],"gold_per_floor":[111,126,46,46,66,66,94,108,143,161,161,188,200,200,200,303,303,314,314,331,346,366,366,366],"floor_reached":23,"playtime":625,"items_purged":["Strike_R"],"score":236,"play_id":"7c3dc837-53f8-488a-93a3-bf5ecd02eff6","local_time":"20210109202629","is_ascension_mode":true,"campfire_choices":[{"data":"infinitespire:OneForAll","floor":6,"key":"SMITH"},{"floor":11,"key":"REST"},{"data":"Headbutt","floor":15,"key":"SMITH"}],"circlet_count":0,"master_deck":["Strike_R","Strike_R","Strike_R","Strike_R","Defend_R","Defend_R","Defend_R","Defend_R","Bash","expansioncontent:GoopSpray","infinitespire:OneForAll+1","Headbutt+1","Inflame+1","Demon Form","infinitespire:Punishment","Sword Boomerang+1"],"relics":["Burning Blood","Boot","Strawberry","SpikesRelics:ToyHorsey","Sozu","halation:Convergence"],"acts_visited":["Exordium","TheCity"],"potions_floor_usage":[7,9,12],"damage_taken":[{"damage":8,"enemies":"2 Louse","floor":1,"turns":3},{"damage":1,"enemies":"Cultist","floor":2,"turns":3},{"damage":10,"enemies":"Small Slimes","floor":5,"turns":2},{"damage":52,"enemies":"Lagavulin","floor":7,"turns":8},{"damage":15,"enemies":"Gremlin Gang","floor":8,"turns":3},{"damage":3,"enemies":"Large Slime","floor":9,"turns":9},{"damage":13,"enemies":"Large Slime","floor":10,"turns":4},{"damage":35,"enemies":"3 Sentries","floor":12,"turns":7},{"damage":11,"enemies":"2 Fungi Beasts","floor":13,"turns":3},{"damage":8,"enemies":"Slime Boss","floor":16,"turns":7},{"damage":28,"enemies":"Spheric Guardian","floor":18,"turns":4},{"damage":31,"enemies":"3 Byrds","floor":20,"turns":4},{"damage":18,"enemies":"Centurion and Healer","floor":21,"turns":3},{"damage":19,"enemies":"Sentry and Sphere","floor":22,"turns":4},{"damage":20,"enemies":"Book of Stabbing","floor":23,"turns":2}],"seed_played":"2436021088584936581","potions_obtained":[{"floor":5,"key":"Weak Potion"},{"floor":8,"key":"Explosive Potion"},{"floor":10,"key":"champ:CounterPotion"}],"is_trial":false,"path_per_floor":["M","M","$","?","M","R","E","M","MIM","M","R","E","M","?","R_BF","B",null,"M","AVR","M","M","M","E"],"character_chosen":"IRONCLAD","items_purchased":["infinitespire:OneForAll"],"campfire_rested":1,"item_purchase_floors":[3],"current_hp_per_floor":[78,80,80,80,76,76,30,21,31,24,50,21,16,16,16,14,87,65,65,40,28,15,0,0],"gold":366,"neow_bonus":"RANDOM_COLORLESS","is_daily":false,"chose_seed":false,"campfire_upgraded":2,"win_rate":0.0,"timestamp":1610241989,"path_taken":["M","M","$","?","M","R","E","M","MIM","M","R","E","M","?","R_BF","BOSS","M","AVR","M","M","M","E"],"items_purchased_type":["Card"],"build_version":"2020-12-22","purchased_purges":1,"victory":false,"max_hp_per_floor":[80,80,80,80,80,80,80,80,87,87,87,87,87,87,87,87,87,87,87,87,87,87,87,87],"card_choices":[{"not_picked":["expansioncontent:SlimeTackle","Mind Blast"],"picked":"expansioncontent:GoopSpray","floor":0},{"not_picked":["Offering","Defy Death"],"picked":"Headbutt","floor":7},{"not_picked":["Sword Boomerang","Clash"],"picked":"Inflame","floor":9},{"not_picked":["Fiend Fire","Replay:Many Hands"],"picked":"Demon Form","floor":16},{"not_picked":["Clash","Dark Embrace"],"picked":"Sword Boomerang+1","floor":20}],"player_experience":55771,"relics_obtained":[{"floor":7,"key":"Boot"},{"floor":9,"key":"Strawberry"},{"floor":12,"key":"SpikesRelics:ToyHorsey"}],"event_choices":[{"damage_healed":0,"gold_gain":0,"player_choice":"Ignored","damage_taken":0,"max_hp_gain":0,"max_hp_loss":0,"event_name":"WeMeetAgain","floor":4,"gold_loss":0},{"damage_healed":0,"gold_gain":0,"player_choice":"Upgraded","damage_taken":0,"max_hp_gain":0,"max_hp_loss":0,"event_name":"Upgrade Shrine","floor":14,"gold_loss":0,"cards_upgraded":["Inflame"]}],"is_beta":false,"boss_relics":[{"not_picked":["aspiration:WatcherSkillbook","energizedSpire:EnergizedDie"],"picked":"Sozu"}],"items_purged_floors":[19],"is_endless":false,"potions_floor_spawned":[5,8,10,20,22],"killed_by":"Book of Stabbing","ascension_level":3}}