{"host":"2zc57igszyqgae0y","time":1610280556,"event":{"mods":["Act Like it!","Aspiration","BaseMod","Chen","Gensokyo","GifTheSpireLib","Marisa£¨ìFÓê¡¡Ä§ÀíÉ³£©","Minty Spire (QoL Compilation)","Reimu£¨²©ÀöÁéÃÎ£©","Remilia£¨ÀÙÃ×ÀòÑÇ£©","Replay The Spire","RumiaBox-Â¶Ã×æ«µÄÉñÃØºÐ×Ó","Shop Mod","StSLib","The Administrix","The Servant 0.9.4","Youmu£¨»êÆÇÑýÃÎ£©","[IsaacMod]ÒÔÈö¼âËþ","[µØ¾«Ê×ÁìÅÀËþ]The Maniac","vexMod"],"gold_per_floor":[112,132,125,125,146,189,189,89,162,2,2,2,35,50,50,180,180,205,225,225,225],"floor_reached":20,"playtime":1398,"items_purged":["Looming Evil","Injury"],"score":269,"play_id":"b37cb631-1c4f-45e0-bc5f-86d410fdd917","local_time":"20210110200916","is_ascension_mode":true,"campfire_choices":[{"floor":7.0,"key":"REST"},{"data":"Neutralize","floor":12.0,"key":"SMITH"},{"floor":15.0,"key":"REST"}],"circlet_count":0,"master_deck":["Strike_G","Strike_G","Strike_G","Strike_G","Strike_G","Defend_G","Defend_G","Defend_G","Survivor","Neutralize+1","Backflip","Flash of Steel","Dagger Throw","Grand Finale","Grand Finale","Calculated Gamble","Infinite Blades","Calculated Gamble","Quick Slash"],"relics":["Ring of the Snake","HushsDoor","aspiration:Nostalgia","Chen:Catnip","GuppysTail","ReplayTheSpireMod:CursedCoin","Golden Idol","Replay:PocketPolymizer","UnicornStump","Boot","HoveringKite"],"acts_visited":["Exordium","TheCity"],"potions_floor_usage":[20],"damage_taken":[{"damage":6.0,"enemies":"Jaw Worm","floor":1.0,"turns":7.0},{"damage":7.0,"enemies":"Cultist","floor":2.0,"turns":5.0},{"damage":1.0,"enemies":"2 Louse","floor":5.0,"turns":3.0},{"damage":20.0,"enemies":"3 Sentries","floor":6.0,"turns":13.0},{"damage":0.0,"enemies":"Gremlin Nob","floor":13.0,"turns":2.0},{"damage":19.0,"enemies":"Lots of Slimes","floor":14.0,"turns":6.0},{"damage":60.0,"enemies":"Fading Forest","floor":16.0,"turns":11.0},{"damage":25.0,"enemies":"Shell Parasite","floor":18.0,"turns":6.0},{"damage":24.0,"enemies":"3 Byrds","floor":19.0,"turns":4.0},{"damage":7,"enemies":"Shelled Parasite and Fungi","floor":20,"turns":2}],"seed_played":"-5053899065829198895","potions_obtained":[{"floor":2.0,"key":"Flashbang"},{"floor":13.0,"key":"Regen Potion"},{"floor":14.0,"key":"SkillPotion"},{"floor":18.0,"key":"Poison Potion"},{"floor":19.0,"key":"ColorlessPotion"}],"is_trial":false,"path_per_floor":["M","M","$","?","M","E","R","$","T","$","?","R","E","M","R","B",null,"M","M","M"],"character_chosen":"THE_SILENT","items_purchased":["ReplayTheSpireMod:CursedCoin","Flash of Steel","Grand Finale"],"campfire_rested":2,"item_purchase_floors":[3,3,10],"current_hp_per_floor":[57,50,50,50,49,29,50,50,50,50,50,50,50,31,52,5,54,29,5,0,0],"gold":225,"neow_bonus":"NOSTALGIA","is_daily":false,"chose_seed":false,"campfire_upgraded":1,"win_rate":0.0,"timestamp":1610280556,"path_taken":["M","M","$","?","?","E","R","$","T","?","?","R","E","M","R","BOSS","M","M","?"],"items_purchased_type":["Relic","Card","Card"],"build_version":"2020-12-22","purchased_purges":2,"victory":false,"max_hp_per_floor":[70,70,70,70,70,70,70,70,70,70,70,70,70,70,70,70,70,70,70,70,70],"card_choices":[{"not_picked":["Crippling Poison","Underhanded Strike"],"picked":"Backflip","floor":1.0},{"not_picked":["Riddle With Holes","Burst","Deadly Poison"],"picked":"SKIP","floor":2.0},{"not_picked":["Deflect","Backflip","Predator"],"picked":"SKIP","floor":5.0},{"not_picked":["Quick Slash","ReplayTheSpireMod:Scrap Shanks"],"picked":"Dagger Throw","floor":6.0},{"not_picked":["ReplayTheSpireMod:Speed Training","Burst","Bomb"],"picked":"SKIP","floor":13.0},{"not_picked":["Slice","Poisoned Stab"],"picked":"Calculated Gamble","floor":14.0},{"not_picked":["Draining Mist","Accuracy"],"picked":"Calculated Gamble","floor":18.0},{"not_picked":["Outmaneuver+1","Terror+1"],"picked":"Quick Slash","floor":19.0}],"player_experience":355332,"relics_obtained":[{"floor":6.0,"key":"Replay:PocketPolymizer"},{"floor":9.0,"key":"UnicornStump"},{"floor":13.0,"key":"Boot"}],"event_choices":[{"damage_healed":0.0,"max_hp_gain":0.0,"max_hp_loss":0.0,"gold_gain":0.0,"event_name":"Golden Idol","player_choice":"Take Wound","floor":4.0,"gold_loss":0.0,"damage_taken":0.0,"relics_obtained":["Golden Idol"],"cards_obtained":["Injury"]}],"is_beta":false,"boss_relics":[{"not_picked":["Snecko Eye","SlaversCollar"],"picked":"HoveringKite"},{"not_picked":[]}],"items_purged_floors":[3,8],"is_endless":false,"potions_floor_spawned":[2,13,14,18,19],"killed_by":"Shelled Parasite and Fungi","ascension_level":6}}