{"host":"z9811rt50ti81n54","time":1610278344,"event":{"mods":["BaseMod","Better Match","Better Sensory Stone","Better Skull","Better Third Choice","Minty Spire (QoL Compilation)","Permanent Neow","StSLib","SuperFastMode"],"gold_per_floor":[112,112,112,124,143,143,143,172,195,211,211,243,253,287,287,391,391,406,419,419,429,354,354,354,370,370,370,370,383,394,199,199,300,300,319,319,333,333,333],"floor_reached":40,"playtime":1010,"items_purged":["Regret"],"score":631,"play_id":"c8f67fcb-4d02-4ff9-940d-759f567491d5","local_time":"20210110203224","is_ascension_mode":false,"campfire_choices":[{"data":"Rampage","floor":6.0,"key":"SMITH"},{"data":"Exhume","floor":11.0,"key":"SMITH"},{"data":"Bash","floor":15.0,"key":"SMITH"},{"data":"Double Tap","floor":23.0,"key":"SMITH"},{"data":"Demon Form","floor":27.0,"key":"SMITH"},{"floor":32,"key":"REST"}],"circlet_count":0,"master_deck":["Bash+1","Double Tap+1","True Grit","Burning Pact","Immolate+1","Reckless Charge","Headbutt","Sword Boomerang","Warcry","Rampage+1","Exhume+1","Flame Barrier","Demon Form+1","Feel No Pain","Battle Trance","Dark Embrace","Offering","Demon Form"],"relics":["Pandora\u0027s Box","Orichalcum","Potion Belt","Shuriken","Meat on the Bone","Cursed Key","Nloth\u0027s Gift","Gremlin Horn","Nilry\u0027s Codex","Runic Dome"],"acts_visited":["Exordium","TheCity","TheBeyond"],"potions_floor_usage":[30,33,33],"damage_taken":[{"damage":0.0,"enemies":"2 Louse","floor":1.0,"turns":1.0},{"damage":0.0,"enemies":"Small Slimes","floor":4.0,"turns":2.0},{"damage":0.0,"enemies":"Jaw Worm","floor":5.0,"turns":1.0},{"damage":38.0,"enemies":"Lagavulin","floor":8.0,"turns":6.0},{"damage":6.0,"enemies":"3 Louse","floor":10.0,"turns":2.0},{"damage":0.0,"enemies":"Gremlin Nob","floor":12.0,"turns":2.0},{"damage":0.0,"enemies":"2 Fungi Beasts","floor":13.0,"turns":2.0},{"damage":12.0,"enemies":"Lagavulin","floor":14.0,"turns":5.0},{"damage":14.0,"enemies":"Hexaghost","floor":16.0,"turns":6.0},{"damage":4.0,"enemies":"Chosen","floor":18.0,"turns":2.0},{"damage":0.0,"enemies":"Spheric Guardian","floor":19.0,"turns":1.0},{"damage":0.0,"enemies":"Shelled Parasite and Fungi","floor":21.0,"turns":1.0},{"damage":12.0,"enemies":"Snecko","floor":25.0,"turns":4.0},{"damage":2,"enemies":"Sentry and Sphere","floor":29,"turns":3},{"damage":1,"enemies":"Centurion and Healer","floor":30,"turns":3},{"damage":30,"enemies":"Automaton","floor":33,"turns":8},{"damage":3,"enemies":"Orb Walker","floor":35,"turns":2},{"damage":0,"enemies":"3 Darklings","floor":37,"turns":1},{"damage":78,"enemies":"Time Eater","floor":39,"turns":5}],"seed_played":"928089204340543724","potions_obtained":[{"floor":4.0,"key":"SpeedPotion"},{"floor":12.0,"key":"FairyPotion"},{"floor":13.0,"key":"PowerPotion"},{"floor":14.0,"key":"Energy Potion"},{"floor":21.0,"key":"ElixirPotion"},{"floor":29,"key":"Explosive Potion"},{"floor":30,"key":"Fruit Juice"},{"floor":33,"key":"Explosive Potion"},{"floor":37,"key":"FairyPotion"}],"is_trial":false,"path_per_floor":["M","?","?","M","M","R","?","E","T","M","R","E","M","E","R","B",null,"M","M","?","M","?","R","?","M","T","R","?","M","M","$","R","B",null,"M","?","M","?","B",null],"character_chosen":"IRONCLAD","items_purchased":["Battle Trance","Dark Embrace"],"campfire_rested":1,"item_purchase_floors":[31,31],"current_hp_per_floor":[80,85,85,85,85,85,85,47,47,41,41,41,41,29,29,27,85,81,81,81,81,81,81,81,69,69,69,53,51,55,55,82,52,90,87,85,85,85,19],"gold":333,"neow_bonus":"BOSS_RELIC","is_daily":false,"chose_seed":false,"campfire_upgraded":5,"win_rate":0.0,"timestamp":1610278344,"path_taken":["M","?","?","M","M","R","?","E","T","M","R","E","M","E","R","BOSS","M","M","?","M","?","R","?","?","T","R","?","M","M","$","R","BOSS","M","?","M","?","BOSS"],"items_purchased_type":["Card","Card"],"build_version":"2020-12-22","purchased_purges":1,"victory":true,"max_hp_per_floor":[80,85,85,85,85,85,85,85,85,85,85,85,85,85,85,85,85,85,85,85,85,85,85,85,85,85,85,85,85,90,90,90,90,90,90,85,85,85,85],"card_choices":[{"not_picked":["Iron Wave","Blood for Blood"],"picked":"Rampage","floor":1.0},{"not_picked":["Rupture","Heavy Blade","Body Slam"],"picked":"SKIP","floor":4.0},{"not_picked":["Searing Blow","Anger","Burning Pact"],"picked":"SKIP","floor":5.0},{"not_picked":["Searing Blow","Anger","Burning Pact"],"picked":"SKIP","floor":5.0},{"not_picked":["Iron Wave","Clash"],"picked":"Exhume","floor":8.0},{"not_picked":["Rampage","Combust","Twin Strike"],"picked":"SKIP","floor":10.0},{"not_picked":["Entrench","Infernal Blade"],"picked":"Flame Barrier","floor":12.0},{"not_picked":["Wild Strike","Armaments","Iron Wave"],"picked":"SKIP","floor":13.0},{"not_picked":["Wild Strike","Infernal Blade","Warcry"],"picked":"SKIP","floor":14.0},{"not_picked":["Juggernaut","Exhume"],"picked":"Demon Form","floor":16.0},{"not_picked":["Rupture","Heavy Blade","True Grit"],"picked":"SKIP","floor":18.0},{"not_picked":["Headbutt","Body Slam+1","Anger"],"picked":"SKIP","floor":19.0},{"not_picked":["Sever Soul+1","Infernal Blade","Fire Breathing"],"picked":"SKIP","floor":21.0},{"not_picked":["Sever Soul+1","Infernal Blade","Fire Breathing"],"picked":"SKIP","floor":21.0},{"not_picked":["Clothesline","Pommel Strike","Inflame"],"picked":"SKIP","floor":25.0},{"not_picked":["Reckless Charge","Carnage+1","Infernal Blade"],"picked":"SKIP","floor":29},{"not_picked":["Headbutt","Inflame"],"picked":"Feel No Pain","floor":30},{"not_picked":["Impervious","Bludgeon"],"picked":"Offering","floor":33},{"not_picked":["Perfected Strike","Carnage","Anger+1"],"picked":"SKIP","floor":35},{"not_picked":["Anger","Flex+1"],"picked":"Demon Form","floor":37}],"player_experience":358723,"relics_obtained":[{"floor":8.0,"key":"Orichalcum"},{"floor":9.0,"key":"Potion Belt"},{"floor":12.0,"key":"Shuriken"},{"floor":14.0,"key":"Meat on the Bone"},{"floor":26.0,"key":"Gremlin Horn"},{"floor":28.0,"key":"Nilry\u0027s Codex"}],"event_choices":[{"damage_healed":0.0,"max_hp_gain":5.0,"max_hp_loss":0.0,"gold_gain":0.0,"event_name":"Big Fish","player_choice":"Donut","floor":2.0,"gold_loss":0.0,"damage_taken":0.0},{"damage_healed":0.0,"max_hp_gain":0.0,"max_hp_loss":0.0,"gold_gain":0.0,"event_name":"Living Wall","player_choice":"Grow","floor":3.0,"gold_loss":0.0,"damage_taken":0.0,"cards_upgraded":["Immolate"]},{"damage_healed":0.0,"max_hp_gain":0.0,"max_hp_loss":0.0,"gold_gain":0.0,"event_name":"Liars Game","player_choice":"Ignored","floor":7.0,"gold_loss":0.0,"damage_taken":0.0},{"damage_healed":0.0,"max_hp_gain":0.0,"max_hp_loss":0.0,"gold_gain":0.0,"event_name":"Drug Dealer","player_choice":"Inject Mutagens","floor":20.0,"gold_loss":0.0,"damage_taken":0.0,"relics_obtained":["MutagenicStrength"]},{"cards_removed":["Body Slam"],"damage_healed":0.0,"max_hp_gain":0.0,"max_hp_loss":0.0,"gold_gain":0.0,"event_name":"Beggar","player_choice":"Gave Gold","floor":22.0,"gold_loss":75.0,"damage_taken":0.0},{"damage_healed":0.0,"max_hp_gain":0.0,"max_hp_loss":0.0,"gold_gain":0.0,"event_name":"N\u0027loth","player_choice":"Traded Relic","floor":24.0,"relics_lost":["MutagenicStrength"],"gold_loss":0.0,"damage_taken":0.0,"relics_obtained":["Nloth\u0027s Gift"]},{"damage_healed":0.0,"max_hp_gain":0.0,"max_hp_loss":0.0,"gold_gain":0.0,"event_name":"Cursed Tome","player_choice":"Obtained Book","floor":28.0,"gold_loss":0.0,"damage_taken":16.0},{"damage_healed":0,"gold_gain":0,"player_choice":"Max HP","damage_taken":0,"max_hp_gain":0,"max_hp_loss":5,"event_name":"Winding Halls","floor":36,"gold_loss":0},{"damage_healed":0,"gold_gain":0,"player_choice":"Portal","damage_taken":0,"max_hp_gain":0,"max_hp_loss":0,"event_name":"betterThird:BetterPortal","floor":38,"gold_loss":0}],"is_beta":false,"boss_relics":[{"not_picked":["Calling Bell","Tiny House"],"picked":"Cursed Key"},{"not_picked":["Velvet Choker","Fusion Hammer"],"picked":"Runic Dome"}],"items_purged_floors":[31],"is_endless":false,"potions_floor_spawned":[4,12,13,14,21,29,30,33,37],"ascension_level":0}}