{"host":"ilrepnd391jk07a9","time":1610258353,"event":{"mods":["Aspiration","BaseMod","Better Altar","Better Note","Better Skull","Better Third Choice","BetterRewards","Colored Powertips","DeckTracker","Defuse TimeMaze Blight","Downfall","GifTheSpireLib","Gremlin Skip","Halation","Highlight Path","Hubris","Minty Spire (QoL Compilation)","Quick Restart","Relic Stats","Replay The Spire","StSLib","Stuff the Spire","everything is the same but u backflip on backflip","vexMod"],"gold_per_floor":[99,111,124,124,138,138,163,179,179,179,198,224,237,263,274,274,274,274],"floor_reached":16,"playtime":1207,"items_purged":[],"score":125,"play_id":"2328abb4-cd84-4572-9ec1-937251be343c","local_time":"20210110185913","is_ascension_mode":true,"campfire_choices":[{"data":"champ:Execute","floor":1,"key":"SMITH"},{"data":"Sadistic Nature","floor":10,"key":"SMITH"}],"circlet_count":0,"master_deck":["champ:Strike","champ:Strike","champ:Strike","champ:Strike","champ:Defend","champ:Defend","champ:Defend+1","champ:Defend+1","champ:Execute+1","champ:Taunt+1","Guardian:Aged","Sadistic Nature+1","champ:Circumvent","champ:Haymaker","champ:Balance","champ:SteelEdge","champ:DefensiveShout","champ:GladiatorsShout"],"relics":["champ:ChampionCrown","War Paint","hubris:Reverence","Potion Belt"],"acts_visited":["Exordium"],"potions_floor_usage":[14,16,16],"damage_taken":[{"damage":11,"enemies":"Cultist","floor":2,"turns":4},{"damage":10,"enemies":"Small Slimes","floor":3,"turns":5},{"damage":4,"enemies":"2 Louse","floor":5,"turns":2},{"damage":25,"enemies":"Large Slime","floor":8,"turns":6},{"damage":14,"enemies":"Exordium Thugs","floor":11,"turns":5},{"damage":18,"enemies":"Lagavulin","floor":12,"turns":10},{"damage":5,"enemies":"3 Louse","floor":13,"turns":2},{"damage":12,"enemies":"Gremlin Nob","floor":14,"turns":5},{"damage":23,"enemies":"Exordium Wildlife","floor":15,"turns":4},{"damage":19,"enemies":"downfall:Silent","floor":16,"turns":8}],"seed_played":"7483881636014022038","potions_obtained":[{"floor":4,"key":"Energy Potion"},{"floor":5,"key":"champ:OpenerPotion"},{"floor":11,"key":"DistilledChaos"}],"is_trial":false,"path_per_floor":["R","M","M","?","M","?","T","M","?","R","M","E","M","E","M","B"],"character_chosen":"THE_CHAMP","items_purchased":[],"campfire_rested":0,"item_purchase_floors":[],"current_hp_per_floor":[90,84,79,79,75,75,75,60,65,65,56,48,48,41,18,0,0,0],"gold":274,"neow_bonus":"RANDOM_COLORLESS_2","is_daily":false,"chose_seed":false,"campfire_upgraded":2,"win_rate":0.0,"timestamp":1610258353,"path_taken":["R","M","?","?","M","?","T","M","?","R","M","E","M","E","M","BOSS"],"items_purchased_type":[],"build_version":"2020-12-22","purchased_purges":0,"victory":false,"max_hp_per_floor":[90,90,90,90,90,90,90,90,95,95,95,95,95,95,95,95,95,95],"relic_stats":{"counters":[10,51],"War Paint":["champ:Defend","champ:Defend"],"obtain_stats":[{"Potion Belt":14,"champ:ChampionCrown":0,"War Paint":7,"hubris:Reverence":12},{"Potion Belt":8,"champ:ChampionCrown":0,"War Paint":3,"hubris:Reverence":6},{"Potion Belt":39,"champ:ChampionCrown":0,"War Paint":11,"hubris:Reverence":32}]},"card_choices":[{"not_picked":["Master of Strategy","Crow Ritual"],"picked":"Sadistic Nature","floor":0},{"not_picked":["champ:StanceDance","champ:ShieldSigil"],"picked":"champ:Circumvent","floor":2},{"not_picked":["champ:RageSigil","champ:RapidStrikes"],"picked":"champ:Haymaker","floor":3},{"not_picked":["champ:BringItOn","champ:HeavySlash","champ:RageSigil"],"picked":"SKIP","floor":5},{"not_picked":["champ:EnragedBash","champ:BerserkersShout","champ:ShieldSigil"],"picked":"SKIP","floor":8},{"not_picked":["champ:Haymaker","champ:RecklessLeap"],"picked":"champ:Balance","floor":11},{"not_picked":["champ:RecklessLeap","champ:FightOn"],"picked":"champ:SteelEdge","floor":12},{"not_picked":["champ:BladeFlurry","champ:StanceDance"],"picked":"champ:DefensiveShout","floor":13},{"not_picked":["champ:Haymaker","champ:Shatter"],"picked":"champ:GladiatorsShout","floor":14},{"not_picked":["champ:ArenaPreparation","champ:RecklessLeap","champ:Control"],"picked":"SKIP","floor":15}],"player_experience":848760,"relics_obtained":[{"floor":7,"key":"War Paint"},{"floor":12,"key":"hubris:Reverence"},{"floor":14,"key":"Potion Belt"}],"event_choices":[{"damage_healed":0,"gold_gain":0,"player_choice":"Donut","damage_taken":0,"max_hp_gain":5,"max_hp_loss":0,"event_name":"Big Fish","floor":9,"gold_loss":0}],"is_beta":false,"boss_relics":[],"items_purged_floors":[],"is_endless":false,"potions_floor_spawned":[5,11,12],"killed_by":"downfall:Silent","ascension_level":2}}