{"host":"cwd5s03r1oaxs6mx","time":1610288540,"event":{"mods":["Act Like it!","BaseMod","Better Third Choice","BetterRewards","CapriCore","Card Filter","Colored Map","Custom Start","DeckTracker","Friendly Minions","Hubris","Infinite Spire","Marisa£¨Ùöéë¡¡Øª×âÞÞ£©","Minty Spire (QoL Compilation)","Quick Restart","Relic Stats","Shop Mod","Spicy Shops","StSLib","SuperFastMode"],"gold_per_floor":[112,112,40,54,72,72,72,72,72,103,119,119,144,169,169,240,240,257,271,271,271,289,289,318,318,342,342,342,342],"floor_reached":28,"playtime":838,"items_purged":["Strike_R","Strike_R","Spot Weakness+1"],"score":738,"play_id":"a22e826b-cfc5-4ae2-aa10-8cb5d2011231","local_time":"20210110232220","is_ascension_mode":true,"campfire_choices":[{"data":"Heavy Blade","floor":6,"key":"SMITH"},{"data":"Spot Weakness","floor":12,"key":"SMITH"},{"data":"Inflame","floor":15,"key":"SMITH"},{"data":"Limit Break","floor":23,"key":"SMITH"},{"data":"Heavy Blade","floor":25,"key":"SMITH"}],"circlet_count":0,"master_deck":["AscendersBane","Strike_R","Strike_R","Strike_R","Defend_R","Defend_R","Defend_R","Defend_R","Bash","Heavy Blade+1","Battle Trance","Heavy Blade+1","Inflame+1","Evolve","Offering","Limit Break+1","Shrug It Off","Shrug It Off","Heavy Blade+1"],"relics":["Burning Blood","Membership Card","Vajra","Red Skull","Blood Vial","Centennial Puzzle","hubris:OldNail","hubris:Zylophone","Black Star","TungstenRod","hubris:Icosahedron","hubris:ChampionShield","Boot"],"acts_visited":["Exordium","TheCity"],"potions_floor_usage":[14,24],"damage_taken":[{"damage":12,"enemies":"Small Slimes","floor":1,"turns":4},{"damage":0,"enemies":"Cultist","floor":4,"turns":2},{"damage":9,"enemies":"Jaw Worm","floor":5,"turns":4},{"damage":32,"enemies":"Gremlin Nob","floor":10,"turns":4},{"damage":21,"enemies":"Blue Slaver","floor":11,"turns":3},{"damage":20,"enemies":"Lagavulin","floor":14,"turns":4},{"damage":20,"enemies":"The Guardian","floor":16,"turns":6},{"damage":24,"enemies":"2 Thieves","floor":18,"turns":3},{"damage":55,"enemies":"3 Byrds","floor":19,"turns":7},{"damage":27,"enemies":"Shelled Parasite and Fungi","floor":22,"turns":3},{"damage":29,"enemies":"Gremlin Leader","floor":24,"turns":4},{"damage":14,"enemies":"Snake Plant","floor":28,"turns":2}],"seed_played":"-3514043280464482212","potions_obtained":[{"floor":4,"key":"Dexterity Potion"},{"floor":5,"key":"CultistPotion"},{"floor":11,"key":"Regen Potion"},{"floor":18,"key":"FairyPotion"},{"floor":22,"key":"Regen Potion"}],"is_trial":false,"path_per_floor":["M","?","$","M","M","R","?","?","T","E","M","R","T","E","R","B",null,"M","M","AVR","?","M","R","E","R","T","?","M"],"character_chosen":"IRONCLAD","items_purchased":["Membership Card","Heavy Blade","Vajra","Battle Trance","Heavy Blade","Inflame","Red Skull","Evolve"],"campfire_rested":0,"item_purchase_floors":[0,0,0,0,0,0,0,3],"current_hp_per_floor":[62,75,75,75,72,72,77,77,77,53,40,40,40,33,33,21,65,49,47,47,47,28,28,12,12,12,12,0,0],"gold":342,"neow_bonus":"","is_daily":false,"chose_seed":false,"campfire_upgraded":5,"win_rate":0.0,"timestamp":1610288540,"path_taken":["M","?","$","M","?","R","?","?","T","E","M","R","?","E","R","BOSS","M","M","AVR","?","M","R","E","R","T","?","M"],"items_purchased_type":["Relic","Card","Relic","Card","Card","Card","Relic","Card"],"build_version":"2020-12-22","purchased_purges":3,"victory":false,"max_hp_per_floor":[75,75,75,75,75,75,80,80,80,80,80,80,80,80,80,80,80,80,80,80,80,80,80,80,80,80,80,80,80],"relic_stats":{"Blood Vial":18,"Centennial Puzzle":[24],"counters":[180,732],"Black Star":1,"Boot":[0],"obtain_stats":[{"infinitespire:BottledMercury":26,"Gremlin Horn":24,"Nilry\u0027s Codex":31,"CeramicFish":29,"Vajra":31,"Whetstone":6,"hubris:MysteriousPyramids":0,"Boot":12,"Sozu":34,"Blood Vial":9,"Centennial Puzzle":29,"Lizard Tail":6,"infinitespire:ShieldingShard":27,"hubris:AstralHammer":0,"DollysMirror":0,"Prayer Wheel":31,"Kunai":38,"hubris:MobiusCoin":45,"Girya":8,"Pear":54,"hubris:DuctTape":48,"Happy Flower":9,"Dead Branch":0,"Blue Candle":9,"Oddly Smooth Stone":29,"Letter Opener":0,"infinitespire:Magic Flask":25,"War Paint":8,"Question Card":0,"Akabeko":8,"hubris:Zylophone":19,"Du-Vu Doll":25,"Bottled Flame":14,"Molten Egg 2":26,"Pandora\u0027s Box":17,"hubris:PeanutButter":54,"Mark of Pain":34,"Black Star":17,"Unceasing Top":0,"hubris:Reverence":24,"Singing Bowl":12,"Magic Flower":9,"StoneCalendar":7,"Mango":37,"hubris:SlimyHat":0,"Bag of Preparation":0,"Burning Blood":0,"hubris:BlackHole":34,"Dream Catcher":25,"hubris:Icosahedron":22,"hubris:Backtick":28,"Mummified Hand":6,"infinitespire:Bottled Soul":10,"Pantograph":6,"Toolbox":54,"hubris:ScarierMask":17,"hubris:IronBody":28,"Chemical X":0,"hubris:ChampionShield":40,"Red Skull":0,"Runic Pyramid":17,"Paper Frog":0,"Golden Idol":10,"The Courier":9,"infinitespire:FocusingShard":40,"Omamori":29,"hubris:Towel":5,"Medical Kit":0,"MawBank":24,"White Beast Statue":55,"Mercury Hourglass":46,"Peace Pipe":10,"Strange Spoon":19,"Anchor":10,"CaptainsWheel":46,"hubris:Spice":9,"Ornamental Fan":14,"hubris:BundleOfHerbs":40,"infinitespire:Burning Sword":17,"Art of War":31,"Membership Card":11,"Bottled Lightning":9,"hubris:CrackedHourglass":17,"Toy Ornithopter":45,"hubris:Potato":6,"hubris:OldNail":13,"TungstenRod":20,"infinitespire:Midas Blood":26,"hubris:BottledRain":0},{"infinitespire:BottledMercury":40,"Gremlin Horn":160,"Nilry\u0027s Codex":134,"CeramicFish":134,"Vajra":67,"Whetstone":85,"hubris:MysteriousPyramids":148,"Boot":58,"Sozu":17,"Blood Vial":171,"Centennial Puzzle":15,"Lizard Tail":106,"infinitespire:ShieldingShard":41,"hubris:AstralHammer":51,"DollysMirror":51,"Prayer Wheel":16,"Kunai":98,"hubris:MobiusCoin":22,"Girya":86,"Pear":146,"hubris:DuctTape":24,"Happy Flower":152,"Dead Branch":51,"Blue Candle":86,"Oddly Smooth Stone":66,"Letter Opener":28,"infinitespire:Magic Flask":93,"War Paint":118,"Question Card":28,"Akabeko":107,"hubris:Zylophone":38,"Du-Vu Doll":64,"Bottled Flame":8,"Molten Egg 2":12,"Pandora\u0027s Box":110,"hubris:PeanutButter":146,"Mark of Pain":45,"Black Star":60,"Unceasing Top":81,"hubris:Reverence":132,"Singing Bowl":108,"Magic Flower":5,"StoneCalendar":33,"Mango":48,"hubris:SlimyHat":0,"Bag of Preparation":51,"Burning Blood":0,"hubris:BlackHole":68,"Dream Catcher":64,"hubris:Icosahedron":39,"hubris:Backtick":93,"Mummified Hand":4,"infinitespire:Bottled Soul":34,"Pantograph":122,"Toolbox":79,"hubris:ScarierMask":88,"hubris:IronBody":93,"Chemical X":0,"hubris:ChampionShield":20,"Red Skull":168,"Runic Pyramid":37,"Paper Frog":118,"Golden Idol":118,"The Courier":33,"infinitespire:FocusingShard":72,"Omamori":42,"hubris:Towel":84,"Medical Kit":0,"MawBank":12,"White Beast Statue":27,"Mercury Hourglass":76,"Peace Pipe":57,"Strange Spoon":38,"Anchor":6,"CaptainsWheel":76,"hubris:Spice":56,"Ornamental Fan":156,"hubris:BundleOfHerbs":72,"infinitespire:Burning Sword":9,"Art of War":67,"Membership Card":6,"Bottled Lightning":107,"hubris:CrackedHourglass":128,"Toy Ornithopter":74,"hubris:Potato":117,"hubris:OldNail":173,"TungstenRod":177,"infinitespire:Midas Blood":64,"hubris:BottledRain":100},{"infinitespire:BottledMercury":166,"Gremlin Horn":647,"Nilry\u0027s Codex":506,"CeramicFish":506,"Vajra":273,"Whetstone":310,"hubris:MysteriousPyramids":584,"Boot":238,"Sozu":85,"Blood Vial":696,"Centennial Puzzle":78,"Lizard Tail":357,"infinitespire:ShieldingShard":171,"hubris:AstralHammer":215,"DollysMirror":215,"Prayer Wheel":81,"Kunai":324,"hubris:MobiusCoin":97,"Girya":311,"Pear":567,"hubris:DuctTape":102,"Happy Flower":602,"Dead Branch":215,"Blue Candle":311,"Oddly Smooth Stone":269,"Letter Opener":120,"infinitespire:Magic Flask":318,"War Paint":436,"Question Card":120,"Akabeko":378,"hubris:Zylophone":160,"Du-Vu Doll":260,"Bottled Flame":46,"Molten Egg 2":70,"Pandora\u0027s Box":401,"hubris:PeanutButter":567,"Mark of Pain":190,"Black Star":247,"Unceasing Top":306,"hubris:Reverence":494,"Singing Bowl":387,"Magic Flower":34,"StoneCalendar":138,"Mango":205,"hubris:SlimyHat":0,"Bag of Preparation":215,"Burning Blood":0,"hubris:BlackHole":283,"Dream Catcher":260,"hubris:Icosahedron":163,"hubris:Backtick":318,"Mummified Hand":30,"infinitespire:Bottled Soul":142,"Pantograph":454,"Toolbox":301,"hubris:ScarierMask":313,"hubris:IronBody":318,"Chemical X":0,"hubris:ChampionShield":92,"Red Skull":686,"Runic Pyramid":157,"Paper Frog":436,"Golden Idol":436,"The Courier":138,"infinitespire:FocusingShard":287,"Omamori":177,"hubris:Towel":309,"Medical Kit":0,"MawBank":70,"White Beast Statue":114,"Mercury Hourglass":296,"Peace Pipe":235,"Strange Spoon":160,"Anchor":38,"CaptainsWheel":296,"hubris:Spice":233,"Ornamental Fan":620,"hubris:BundleOfHerbs":287,"infinitespire:Burning Sword":56,"Art of War":273,"Membership Card":38,"Bottled Lightning":378,"hubris:CrackedHourglass":478,"Toy Ornithopter":289,"hubris:Potato":430,"hubris:OldNail":703,"TungstenRod":723,"infinitespire:Midas Blood":260,"hubris:BottledRain":329}],"Burning Blood":950,"TungstenRod":10},"card_choices":[{"not_picked":["Ghostly Armor","Rage","Cleave"],"picked":"SKIP","floor":1},{"not_picked":["Perfected Strike","Warcry","Reckless Charge"],"picked":"SKIP","floor":4},{"not_picked":["Thunderclap","Power Through","Twin Strike"],"picked":"SKIP","floor":5},{"not_picked":["Rage","Shockwave","Body Slam"],"picked":"SKIP","floor":10},{"not_picked":["Ghostly Armor","Pummel"],"picked":"Spot Weakness","floor":11},{"not_picked":["Headbutt","True Grit"],"picked":"Offering","floor":14},{"not_picked":["Berserk","Brutality"],"picked":"Limit Break","floor":16},{"not_picked":["Warcry","Battle Trance","Rampage"],"picked":"SKIP","floor":18},{"not_picked":["Inflame","Bloodletting"],"picked":"Shrug It Off","floor":19},{"not_picked":["Armaments","Thunderclap"],"picked":"Shrug It Off","floor":22},{"not_picked":["Iron Wave","Uppercut"],"picked":"Heavy Blade","floor":24}],"player_experience":1016428,"relics_obtained":[{"floor":9,"key":"Blood Vial"},{"floor":10,"key":"Centennial Puzzle"},{"floor":13,"key":"hubris:OldNail"},{"floor":14,"key":"hubris:Zylophone"},{"floor":24,"key":"hubris:ChampionShield"},{"floor":24,"key":"Boot"}],"event_choices":[{"damage_healed":13,"gold_gain":0,"player_choice":"Full Heal","damage_taken":0,"max_hp_gain":0,"max_hp_loss":0,"event_name":"Wheel of Change","floor":2,"gold_loss":0},{"damage_healed":0,"gold_gain":0,"player_choice":"Donut","damage_taken":0,"max_hp_gain":5,"max_hp_loss":0,"event_name":"Big Fish","floor":7,"gold_loss":0},{"damage_healed":0,"gold_gain":0,"player_choice":"Ignored","damage_taken":0,"max_hp_gain":0,"max_hp_loss":0,"event_name":"Ghosts","floor":27,"gold_loss":0}],"is_beta":false,"boss_relics":[{"not_picked":["Runic Cube","Tiny House"],"picked":"Black Star"}],"items_purged_floors":[0,3,20],"is_endless":false,"potions_floor_spawned":[4,5,11,14,18,22],"killed_by":"Snake Plant","ascension_level":20}}