{"host":"msa0wxqjs3jv1k3j","time":1610263532,"event":{"mods":["BaseMod","BetterRewards","Colored Map","Highlight Path","KOR Keyword Fix","Keyboard Shortcuts","Minty Spire (QoL Compilation)","Quick Restart","SuperFastMode","everything is the same but u backflip on backflip"],"gold_per_floor":[118,118,39,39,57,86,100,100,154,154,172,172,0,20,20,149,149,163,163,163,182,198,198,24,58,58,81,94,219,219,240,240,371,371,390,116,216,28,28,51,51,70,119,139,163,163,163,182,182,182],"floor_reached":51,"playtime":2060,"items_purged":["Strike_R","Defend_R","Strike_R"],"score":719,"play_id":"890ae982-65d6-41e3-b822-e77558f0944a","local_time":"20210110162532","is_ascension_mode":false,"campfire_choices":[{"floor":10,"key":"REST"},{"data":"Mind Blast","floor":12,"key":"SMITH"},{"data":"Seeing Red","floor":15,"key":"SMITH"},{"floor":23,"key":"REST"},{"floor":30,"key":"REST"},{"data":"Infernal Blade","floor":32,"key":"SMITH"},{"data":"Metamorphosis","floor":41,"key":"SMITH"},{"floor":47,"key":"REST"},{"data":"Rupture","floor":49,"key":"SMITH"}],"circlet_count":0,"master_deck":["Strike_R","Defend_R","Bash","Rage+1","Pummel","Sword Boomerang","Dark Embrace+1","Dual Wield","Havoc","Metamorphosis+1","Mind Blast+1","Inflame","Seeing Red+1","Fire Breathing","Reaper","Finesse+1","Burning Pact","Brutality","Flex","Cleave","Rupture","Heavy Blade","Rupture+1","Limit Break","Intimidate","Bludgeon+1","Rupture","Feel No Pain","Infernal Blade+1","Flame Barrier+1","Seeing Red+1","Armaments+1","Shrug It Off+1","Offering+1","Bloodletting+1","The Bomb+1","Good Instincts+1","Seeing Red+1","Body Slam+1","Sentinel+1"],"relics":["Burning Blood","Membership Card","Ginger","Mercury Hourglass","Nunchaku","Vajra","Potion Belt","Golden Idol","Ancient Tea Set","Omamori","Calling Bell","Toy Ornithopter","Mummified Hand","Ice Cream","Eternal Feather","Molten Egg 2","Toxic Egg 2","Torii","Kunai","Empty Cage","Regal Pillow","War Paint","Bronze Scales","Anchor"],"acts_visited":["Exordium","TheCity","TheBeyond"],"potions_floor_usage":[16,22,25,25,29,29,33,33,48,50],"damage_taken":[{"damage":0,"enemies":"2 Louse","floor":1,"turns":2},{"damage":4,"enemies":"Cultist","floor":5,"turns":3},{"damage":37,"enemies":"3 Sentries","floor":6,"turns":5},{"damage":10,"enemies":"Small Slimes","floor":7,"turns":2},{"damage":0,"enemies":"Exordium Wildlife","floor":11,"turns":2},{"damage":0,"enemies":"2 Fungi Beasts","floor":14,"turns":2},{"damage":66,"enemies":"Hexaghost","floor":16,"turns":8},{"damage":29,"enemies":"3 Byrds","floor":18,"turns":5},{"damage":5,"enemies":"Chosen","floor":21,"turns":3},{"damage":45,"enemies":"Centurion and Healer","floor":22,"turns":5},{"damage":52,"enemies":"Gremlin Leader","floor":25,"turns":5},{"damage":18,"enemies":"Snake Plant","floor":27,"turns":2},{"damage":26,"enemies":"3 Cultists","floor":28,"turns":5},{"damage":19,"enemies":"Colosseum Slavers","floor":29,"turns":2},{"damage":17,"enemies":"Colosseum Nobs","floor":29,"turns":4},{"damage":0,"enemies":"Sentry and Sphere","floor":31,"turns":3},{"damage":78,"enemies":"Automaton","floor":33,"turns":8},{"damage":44,"enemies":"3 Darklings","floor":35,"turns":4},{"damage":7,"enemies":"3 Shapes","floor":40,"turns":2},{"damage":24,"enemies":"3 Darklings","floor":42,"turns":5},{"damage":9,"enemies":"Jaw Worm Horde","floor":44,"turns":3},{"damage":42,"enemies":"Spire Growth","floor":45,"turns":6},{"damage":19,"enemies":"3 Darklings","floor":48,"turns":4},{"damage":153,"enemies":"Awakened One","floor":50,"turns":8}],"seed_played":"7382232636201476214","potions_obtained":[{"floor":11,"key":"GamblersBrew"},{"floor":22,"key":"BloodPotion"},{"floor":27,"key":"Energy Potion"},{"floor":28,"key":"AttackPotion"},{"floor":33,"key":"EntropicBrew"},{"floor":42,"key":"FairyPotion"}],"is_trial":false,"path_per_floor":["M","?","$","?","M","E","M","?","T","R","M","R","$","M","R","B",null,"M","?","?","M","M","R","$","E","T","M","M","?","R","M","R","B",null,"M","$","?","$","?","M","R","M","T","M","M","?","R","M","R","B",null],"character_chosen":"IRONCLAD","items_purchased":["Membership Card","Mercury Hourglass","Nunchaku","Pummel","Sword Boomerang","Dark Embrace","Dual Wield","Havoc","Metamorphosis","Mind Blast","Ancient Potion","ColorlessPotion","Strength Potion","Seeing Red","Fire Breathing","Omamori","Rupture","Heavy Blade","Eternal Feather","FairyPotion","The Bomb+1","Regal Pillow","Good Instincts+1","War Paint","Bronze Scales","Seeing Red+1"],"campfire_rested":4,"item_purchase_floors":[0,0,0,0,0,0,0,0,0,0,0,0,0,3,3,13,13,13,24,24,36,36,36,38,38,38],"current_hp_per_floor":[80,73,73,73,80,68,64,44,44,68,80,80,80,80,80,25,80,57,57,57,58,34,58,58,38,38,26,16,29,74,80,80,13,80,42,42,42,42,42,41,62,51,51,48,12,12,75,67,80,11],"gold":182,"neow_bonus":"","is_daily":false,"chose_seed":false,"campfire_upgraded":5,"win_rate":0.0,"timestamp":1610263532,"path_taken":["M","?","$","?","?","E","?","?","T","R","M","R","?","M","R","BOSS","M","?","?","?","M","R","$","E","T","M","M","?","R","M","R","BOSS","M","$","?","?","?","?","R","M","T","M","M","?","R","M","R","BOSS"],"items_purchased_type":["Relic","Relic","Relic","Card","Card","Card","Card","Card","Card","Card","Potion","Potion","Potion","Card","Card","Relic","Card","Card","Relic","Potion","Card","Relic","Card","Relic","Relic","Card"],"build_version":"2020-12-22","purchased_purges":3,"victory":true,"max_hp_per_floor":[80,80,80,80,80,80,80,80,80,80,80,80,80,80,80,80,80,80,80,80,80,80,80,80,80,80,80,80,80,80,80,80,80,80,80,80,80,80,80,80,80,80,80,80,80,80,80,80,80,80],"card_choices":[{"not_picked":["Clothesline","Iron Wave"],"picked":"Inflame","floor":1},{"not_picked":["Anger","Heavy Blade"],"picked":"Burning Pact","floor":5},{"not_picked":["Shrug It Off","Sentinel"],"picked":"Brutality","floor":6},{"not_picked":["Pommel Strike","Blood for Blood"],"picked":"Flex","floor":7},{"not_picked":["Perfected Strike","Flex"],"picked":"Cleave","floor":11},{"not_picked":["Twin Strike","Heavy Blade"],"picked":"Rupture","floor":14},{"not_picked":["Double Tap","Brutality"],"picked":"Limit Break","floor":16},{"not_picked":["Ghostly Armor+1","Anger"],"picked":"Intimidate","floor":18},{"not_picked":["Rupture","True Grit+1"],"picked":"Feel No Pain","floor":21},{"not_picked":["Rage","Body Slam"],"picked":"Infernal Blade","floor":22},{"not_picked":["Thunderclap+1","Rage"],"picked":"Flame Barrier+1","floor":25},{"not_picked":["Perfected Strike+1","True Grit+1"],"picked":"Seeing Red+1","floor":27},{"not_picked":["Fire Breathing","Headbutt+1"],"picked":"Armaments+1","floor":28},{"not_picked":["True Grit+1","Perfected Strike+1"],"picked":"Shrug It Off+1","floor":29},{"not_picked":["Rampage+1","Iron Wave+1","Perfected Strike+1"],"picked":"SKIP","floor":31},{"not_picked":["Corruption","Reaper+1"],"picked":"Offering+1","floor":33},{"not_picked":["Dual Wield+1","Hemokinesis+1"],"picked":"Bloodletting+1","floor":35},{"not_picked":["Heavy Blade+1","Wild Strike+1"],"picked":"Body Slam+1","floor":40},{"not_picked":["Iron Wave+1","Reaper+1","Dropkick+1"],"picked":"SKIP","floor":42},{"not_picked":["Dual Wield+1","Reckless Charge+1"],"picked":"Sentinel+1","floor":44},{"not_picked":["Power Through+1","True Grit+1","Wild Strike+1"],"picked":"SKIP","floor":45},{"not_picked":["Wild Strike+1","Thunderclap+1","Anger+1"],"picked":"SKIP","floor":48}],"player_experience":64502,"relics_obtained":[{"floor":6,"key":"Potion Belt"},{"floor":9,"key":"Ancient Tea Set"},{"floor":17,"key":"Toy Ornithopter"},{"floor":17,"key":"Mummified Hand"},{"floor":17,"key":"Ice Cream"},{"floor":25,"key":"Molten Egg 2"},{"floor":26,"key":"Toxic Egg 2"},{"floor":29,"key":"Torii"},{"floor":29,"key":"Kunai"},{"floor":43,"key":"Anchor"}],"event_choices":[{"damage_healed":0,"gold_gain":0,"player_choice":"Success","damage_taken":7,"relics_obtained":["Vajra"],"max_hp_gain":0,"max_hp_loss":0,"event_name":"Scrap Ooze","floor":2,"gold_loss":0},{"damage_healed":0,"gold_gain":0,"player_choice":"2 cards matched","damage_taken":0,"max_hp_gain":0,"max_hp_loss":0,"event_name":"Match and Keep!","floor":4,"gold_loss":0,"cards_obtained":["Reaper","Finesse"]},{"damage_healed":0,"gold_gain":0,"player_choice":"Take Damage","damage_taken":20,"relics_obtained":["Golden Idol"],"max_hp_gain":0,"max_hp_loss":0,"event_name":"Golden Idol","floor":8,"gold_loss":0},{"damage_healed":0,"gold_gain":0,"cards_transformed":["Strike_R","Strike_R"],"player_choice":"Became Test Subject","damage_taken":0,"max_hp_gain":0,"max_hp_loss":0,"event_name":"Drug Dealer","floor":19,"gold_loss":0,"cards_obtained":["Bludgeon","Rupture"]},{"damage_healed":0,"gold_gain":0,"player_choice":"Upgraded","damage_taken":0,"max_hp_gain":0,"max_hp_loss":0,"event_name":"Upgrade Shrine","floor":20,"gold_loss":0,"cards_upgraded":["Dark Embrace"]},{"damage_healed":0,"gold_gain":0,"player_choice":"Fight","damage_taken":0,"max_hp_gain":0,"max_hp_loss":0,"event_name":"Colosseum","floor":29,"gold_loss":0},{"damage_healed":0,"gold_gain":0,"player_choice":"Fought Nobs","damage_taken":0,"max_hp_gain":0,"max_hp_loss":0,"event_name":"Colosseum","floor":29,"gold_loss":0},{"damage_healed":0,"gold_gain":100,"player_choice":"Pray","damage_taken":0,"max_hp_gain":0,"max_hp_loss":0,"event_name":"Golden Shrine","floor":37,"gold_loss":0},{"damage_healed":0,"gold_gain":0,"player_choice":"Upgraded","damage_taken":0,"max_hp_gain":0,"max_hp_loss":0,"event_name":"Upgrade Shrine","floor":39,"gold_loss":0,"cards_upgraded":["Bludgeon"]},{"damage_healed":0,"gold_gain":0,"player_choice":"Ignored","damage_taken":0,"max_hp_gain":0,"max_hp_loss":0,"event_name":"SecretPortal","floor":46,"gold_loss":0}],"is_beta":false,"boss_relics":[{"not_picked":["Ectoplasm","Busted Crown"],"picked":"Calling Bell"},{"not_picked":["Fusion Hammer","Coffee Dripper"],"picked":"Empty Cage"}],"items_purged_floors":[0,13,36],"is_endless":false,"potions_floor_spawned":[1,5,11,22,27,28,33,42,44,45],"ascension_level":0}}