{"host":"w05x4i13f2m9joq1","time":1610318009,"event":{"mods":["Act Like it!","BaseMod","Colored Map","Colored Powertips","Duelist Mod","GifTheSpireLib","Googly Eyes","Marisa????????","Minty Spire (QoL Compilation)","StSLib"],"gold_per_floor":[137,137,137,137,150,175,175,203,253,253,54,64,93,106,106,203,203,203,203,60,60,75,101,101,118,118,148,73,73,98,116,116,211,211,231,8,26,74,124,150,150,150,174,211,59,107,107,137,137,137],"floor_reached":51,"playtime":4070,"items_purged":[],"score":1056,"play_id":"003fb736-d663-40ae-bcc0-9b78a8718963","local_time":"20210110173329","is_ascension_mode":false,"campfire_choices":[{"floor":10,"key":"REST"},{"data":"theDuelist:GridRod","floor":15,"key":"SMITH"},{"floor":24,"key":"REST"},{"data":"theDuelist:LegendarySword+1","floor":32,"key":"SMITH"},{"data":"theDuelist:KamionTimelord","floor":41,"key":"SMITH"},{"data":"theDuelist:LightningRodLord","floor":49,"key":"SMITH"}],"circlet_count":0,"master_deck":["theDuelist:BeaverWarrior","theDuelist:BeaverWarrior","theDuelist:CastleWalls","theDuelist:FinalFlame","theDuelist:GiantSoldier","theDuelist:GiantSoldier","theDuelist:ScrapFactory","theDuelist:Sparks","theDuelist:Eva","theDuelist:GravityAxe","theDuelist:EarthquakeGiant","theDuelist:FusionWeapon","theDuelist:LegendarySword+2","theDuelist:FluteKuriboh","theDuelist:RainbowNeos","theDuelist:GridRod+1","theDuelist:CombinationAttack","theDuelist:Electrowhip","theDuelist:KamionTimelord+1","theDuelist:SpiritHarp","theDuelist:Wiretap","theDuelist:ElectromagneticShield","theDuelist:SpiritHarp+1","theDuelist:MagnumShield","theDuelist:SilentDoom+1","theDuelist:PotDuality","theDuelist:RainbowKuriboh","theDuelist:InstantFusion+1","theDuelist:RainbowNeos","theDuelist:Eva","theDuelist:LightningBlade+1","theDuelist:ForbiddenLance","theDuelist:SpiralSpearStrike+1","theDuelist:ElectromagneticShield","theDuelist:LightningRodLord+1","theDuelist:BlockGolem+1","theDuelist:MythicalBeast+1"],"relics":["theDuelist:MillenniumPuzzle","theDuelist:CardPoolRelic","theDuelist:CardPoolBasicRelic","theDuelist:BoosterPackPoolRelic","theDuelist:CardPoolAddRelic","theDuelist:CardPoolMinusRelic","theDuelist:CardPoolSaveRelic","theDuelist:CardPoolOptionsRelic","NeowsBlessing","Question Card","Orichalcum","theDuelist:MillenniumArmor","Dream Catcher","ClockworkSouvenir","theDuelist:ArmorPlateD","theDuelist:ElectricKey","Vajra","Lantern","theDuelist:DuelistTeaSet","Pear","Bag of Preparation","Philosopher\u0027s Stone","Bronze Scales","CatCart","Lizard Tail","theDuelist:KaibaToken","theDuelist:BoosterPackHealer","Nunchaku","Bag of Marbles","Shuriken","Charon\u0027s Ashes"],"acts_visited":["Exordium","TheCity","TheBeyond"],"potions_floor_usage":[50,50,50],"damage_taken":[{"damage":0,"enemies":"2 Louse","floor":1,"turns":2},{"damage":0,"enemies":"Jaw Worm","floor":2,"turns":1},{"damage":0,"enemies":"Cultist","floor":5,"turns":1},{"damage":1,"enemies":"Gremlin Nob","floor":6,"turns":5},{"damage":7,"enemies":"Lagavulin","floor":8,"turns":6},{"damage":0,"enemies":"3 Louse","floor":12,"turns":5},{"damage":0,"enemies":"3 Sentries","floor":13,"turns":7},{"damage":0,"enemies":"Exordium Wildlife","floor":14,"turns":3},{"damage":0,"enemies":"Slime Boss","floor":16,"turns":7},{"damage":0,"enemies":"Spheric Guardian","floor":18,"turns":4},{"damage":0,"enemies":"Shell Parasite","floor":22,"turns":2},{"damage":18,"enemies":"Slavers","floor":23,"turns":7},{"damage":0,"enemies":"3 Cultists","floor":25,"turns":3},{"damage":0,"enemies":"Book of Stabbing","floor":27,"turns":4},{"damage":0,"enemies":"theDuelist:KaibaA2","floor":30,"turns":5},{"damage":0,"enemies":"Centurion and Healer","floor":31,"turns":5},{"damage":0,"enemies":"Collector","floor":33,"turns":6},{"damage":0,"enemies":"3 Darklings","floor":35,"turns":4},{"damage":0,"enemies":"3 Shapes","floor":37,"turns":4},{"damage":0,"enemies":"Orin","floor":38,"turns":5},{"damage":0,"enemies":"2 Orb Walkers","floor":39,"turns":5},{"damage":0,"enemies":"Giant Head","floor":40,"turns":6},{"damage":0,"enemies":"Maw","floor":44,"turns":5},{"damage":0,"enemies":"Reptomancer","floor":46,"turns":5},{"damage":0,"enemies":"Spire Growth","floor":48,"turns":5},{"damage":124,"enemies":"Time Eater","floor":50,"turns":8}],"seed_played":"4971217749130683825","potions_obtained":[{"floor":2,"key":"theDuelist:TokenPotion"},{"floor":5,"key":"Block Potion"},{"floor":14,"key":"Strength Potion"},{"floor":23,"key":"theDuelist:ElectricBrew"},{"floor":44,"key":"theDuelist:FusionPotion"},{"floor":46,"key":"theDuelist:BigTributeBottle"}],"is_trial":false,"path_per_floor":["M","M","?","?","M","E","?","E","T","R","$","M","E","M","R","B",null,"M","?","$","?","M","E","R","M","T","E","?","$","E","M","R","B",null,"M","$","M","?","?","E","R","?","T","M","$","E","T","M","R","B",null],"character_chosen":"THE_DUELIST","items_purchased":["ClockworkSouvenir","theDuelist:RainbowNeos","Vajra","Bronze Scales","theDuelist:RainbowNeos","theDuelist:Eva","Bag of Marbles"],"campfire_rested":2,"item_purchase_floors":[11,11,20,36,36,36,45],"current_hp_per_floor":[80,80,62,62,62,61,54,47,47,71,71,71,71,71,71,71,80,80,65,65,65,65,47,72,72,72,82,82,82,82,82,82,80,80,77,77,74,71,68,65,65,59,59,59,59,62,62,62,62,45],"gold":137,"neow_bonus":"THREE_ENEMY_KILL","is_daily":false,"chose_seed":false,"campfire_upgraded":4,"win_rate":0.0,"timestamp":1610318009,"path_taken":["M","M","?","?","?","E","?","E","T","R","?","?","E","M","R","BOSS","M","?","$","?","?","E","R","M","T","E","?","$","E","M","R","BOSS","M","$","M","?","?","E","R","?","T","?","?","E","?","M","R","BOSS"],"items_purchased_type":["Relic","Card","Relic","Relic","Card","Card","Relic"],"build_version":"2020-12-22","purchased_purges":0,"victory":true,"max_hp_per_floor":[80,80,80,80,80,80,80,80,80,80,80,80,80,80,80,80,80,80,85,85,85,85,85,85,82,82,89,89,89,86,83,83,80,80,77,77,74,71,68,65,65,65,65,62,62,62,62,62,62,62],"card_choices":[{"not_picked":["theDuelist:FusionFire","theDuelist:CrystalBlessing","theDuelist:AfterTheStorm","theDuelist:PreventRat"],"picked":"theDuelist:Eva","floor":1},{"not_picked":["theDuelist:WhiteHowling","theDuelist:Electrowhip","theDuelist:ElectromagneticShield"],"picked":"theDuelist:GravityAxe","floor":2},{"not_picked":["theDuelist:LightningRodLord","theDuelist:RainbowLife","theDuelist:DestructPotion","theDuelist:DummyGolem"],"picked":"theDuelist:EarthquakeGiant","floor":5},{"not_picked":["theDuelist:Raigeki","theDuelist:Mathematician"],"picked":"theDuelist:FusionWeapon","floor":6},{"not_picked":["theDuelist:MeteorDestruction+1","theDuelist:MagicalStone+1","theDuelist:DoubleTool+1","theDuelist:BerserkerCrush+1"],"picked":"theDuelist:LegendarySword+1","floor":8},{"not_picked":["theDuelist:CrystalBlessing","theDuelist:MeteorDestruction","theDuelist:GravityAxe"],"picked":"theDuelist:FluteKuriboh","floor":10},{"not_picked":["theDuelist:YamiForm","theDuelist:LightningBlade","theDuelist:LightLaser","theDuelist:ForbiddenLance"],"picked":"theDuelist:GridRod","floor":12},{"not_picked":["theDuelist:FairyBox","theDuelist:WormApocalypse","theDuelist:PowerKaishin","theDuelist:SpellShatteringArrow"],"picked":"theDuelist:CombinationAttack","floor":13},{"not_picked":["theDuelist:WhiteHowling","theDuelist:ElectromagneticShield","theDuelist:MiraculousDescent"],"picked":"theDuelist:Electrowhip","floor":14},{"not_picked":["theDuelist:RainbowNeos","theDuelist:HappyLover","theDuelist:Eva","theDuelist:RainbowOverdragon"],"picked":"theDuelist:KamionTimelord","floor":16},{"not_picked":["theDuelist:PsychicShockwave+1","theDuelist:Reinforcements","theDuelist:VenomShot+1","theDuelist:SpiralSpearStrike"],"picked":"theDuelist:SpiritHarp","floor":18},{"not_picked":["theDuelist:ImperialOrder","theDuelist:Graverobber","theDuelist:SilverApples","theDuelist:MiraculousDescent"],"picked":"theDuelist:Wiretap","floor":22},{"not_picked":["theDuelist:FusionWeapon","theDuelist:SwordDeepSeated+1","theDuelist:GravityAxe","theDuelist:AfterGenocide"],"picked":"theDuelist:ElectromagneticShield","floor":23},{"not_picked":["theDuelist:Invigoration","theDuelist:CrystalRaigeki+1","theDuelist:BattleFootballer"],"picked":"theDuelist:SpiritHarp+1","floor":24},{"not_picked":["theDuelist:SpellShatteringArrow","theDuelist:SwordDeepSeated+1","theDuelist:SpiritHarp","theDuelist:LightningVortex+1"],"picked":"theDuelist:MagnumShield","floor":25},{"not_picked":["theDuelist:OnslaughtFireKings+1","theDuelist:CharcoalInpachi","theDuelist:MiracleFertilizer","theDuelist:GravityAxe+1"],"picked":"theDuelist:SilentDoom+1","floor":27},{"not_picked":["theDuelist:Wiretap","theDuelist:OnslaughtFireKings+1","theDuelist:FairyBox+1","theDuelist:Invigoration"],"picked":"theDuelist:PotDuality","floor":30},{"not_picked":["theDuelist:RainbowNeos","theDuelist:HappyLover","theDuelist:Eva","theDuelist:RainbowOverdragon"],"picked":"theDuelist:RainbowKuriboh","floor":31},{"not_picked":["theDuelist:SwordsRevealing","theDuelist:SevenCompleted","theDuelist:LightLaser","theDuelist:AmuletAmbition+1"],"picked":"theDuelist:InstantFusion+1","floor":33},{"not_picked":["theDuelist:DoubleTool+1","theDuelist:CoreBlaster","theDuelist:CombinationAttack","theDuelist:BigFire+1","theDuelist:LightningVortex"],"picked":"SKIP","floor":35},{"not_picked":["theDuelist:InstantFusion","theDuelist:ForbiddenLance+1"],"picked":"theDuelist:LightningBlade+1","floor":37},{"not_picked":["theDuelist:DarklordSuperbia+1","theDuelist:EarthquakeGiant+1","theDuelist:WingedKuriboh+1","theDuelist:BattleOx+1"],"picked":"theDuelist:ForbiddenLance","floor":38},{"not_picked":["theDuelist:FeatherShot+1","theDuelist:KamionTimelord"],"picked":"theDuelist:SpiralSpearStrike+1","floor":39},{"not_picked":["theDuelist:ImperialOrder+1","theDuelist:Electrowhip","theDuelist:MiraculousDescent"],"picked":"theDuelist:ElectromagneticShield","floor":40},{"not_picked":["theDuelist:Blockman","theDuelist:Raigeki+1","theDuelist:WingedKuriboh+1","theDuelist:ForbiddenLance+1"],"picked":"theDuelist:LightningRodLord","floor":44},{"not_picked":["theDuelist:GaiaMidNightSun+1","theDuelist:MudGolem","theDuelist:GiantTrapHole","theDuelist:ForbiddenChalice+1"],"picked":"theDuelist:BlockGolem+1","floor":46},{"not_picked":["theDuelist:SilverApples","theDuelist:Tuningware","theDuelist:DeltaAttacker+1","theDuelist:GravityAxe+1"],"picked":"theDuelist:MythicalBeast+1","floor":48}],"player_experience":49239,"relics_obtained":[{"floor":6,"key":"Orichalcum"},{"floor":8,"key":"theDuelist:MillenniumArmor"},{"floor":9,"key":"Dream Catcher"},{"floor":13,"key":"theDuelist:ArmorPlateD"},{"floor":23,"key":"Lantern"},{"floor":26,"key":"theDuelist:DuelistTeaSet"},{"floor":27,"key":"Pear"},{"floor":30,"key":"Bag of Preparation"},{"floor":38,"key":"CatCart"},{"floor":39,"key":"Lizard Tail"},{"floor":40,"key":"theDuelist:KaibaToken"},{"floor":43,"key":"Nunchaku"},{"floor":46,"key":"Shuriken"},{"floor":47,"key":"Charon\u0027s Ashes"}],"event_choices":[{"damage_healed":0,"gold_gain":0,"player_choice":"Success","damage_taken":18,"relics_obtained":["Question Card"],"max_hp_gain":0,"max_hp_loss":0,"event_name":"Scrap Ooze","floor":3,"gold_loss":0},{"cards_removed":["theDuelist:CastleWalls"],"damage_healed":0,"gold_gain":0,"player_choice":"Took Card","damage_taken":0,"max_hp_gain":0,"max_hp_loss":0,"event_name":"NoteForYourself","floor":4,"gold_loss":0,"cards_obtained":["Defend_B"]},{"cards_removed":["Defend_B"],"damage_healed":0,"gold_gain":0,"player_choice":"Card Removal","damage_taken":7,"max_hp_gain":0,"max_hp_loss":0,"event_name":"Golden Wing","floor":7,"gold_loss":0},{"damage_healed":0,"gold_gain":0,"player_choice":"Shed Blood","damage_taken":20,"max_hp_gain":5,"max_hp_loss":0,"event_name":"Forgotten Altar","floor":19,"gold_loss":0},{"damage_healed":0,"gold_gain":0,"player_choice":"Bought 0 Potions","damage_taken":0,"max_hp_gain":0,"max_hp_loss":0,"event_name":"The Woman in Blue","floor":21,"gold_loss":0},{"cards_removed":["theDuelist:Sparks"],"damage_healed":0,"gold_gain":0,"player_choice":"Gave Gold","damage_taken":0,"max_hp_gain":0,"max_hp_loss":0,"event_name":"Beggar","floor":28,"gold_loss":75},{"damage_healed":0,"gold_gain":0,"player_choice":"Fight","damage_taken":0,"max_hp_gain":0,"max_hp_loss":0,"event_name":"OrinTheCat","floor":38,"gold_loss":0},{"damage_healed":0,"gold_gain":0,"player_choice":"Fight","damage_taken":0,"max_hp_gain":0,"max_hp_loss":0,"event_name":"Mysterious Sphere","floor":39,"gold_loss":0},{"damage_healed":0,"gold_gain":0,"player_choice":"Dig - random Duelist relic","duelist":true,"damage_taken":0,"max_hp_gain":0,"max_hp_loss":0,"event_name":"Aknamkanon\u0027s Tomb","floor":42,"gold_loss":0}],"is_beta":false,"boss_relics":[{"not_picked":["SlaversCollar","Runic Cube"],"picked":"theDuelist:ElectricKey"},{"not_picked":["Velvet Choker","Snecko Eye"],"picked":"Philosopher\u0027s Stone"}],"items_purged_floors":[],"is_endless":false,"potions_floor_spawned":[2,5,14,16,18,23,30,37,39,44,46],"ascension_level":0}}