{"host":"cbu6enf2xtq4r7r3","time":1610272598,"event":{"mods":["2.2 Compatiblity","AlwaysNeverKeys","BaseMod","Better Match","Better Note","Better Sensory Stone","Better Skull","Better Third Choice","Colored Map","Colored Powertips","Defuse TimeMaze Blight","Emptier Cage","Minty Spire (QoL Compilation)","Permanent Neow","Quick Restart","Random Character Button","Relic Sorter","Reorder Act Four","Shop Mod","StSLib"],"gold_per_floor":[117,136,136,160,175,175,218,218,291,291,325,395,395,434,434,564,564,580,593,593,704,726,726,766,788,841,841,874,874,904,937,937,937,937],"floor_reached":33,"playtime":1460,"items_purged":[],"score":408,"play_id":"17a57a94-92b7-4d7b-86c8-06a23c206cdd","local_time":"20210110105638","is_ascension_mode":true,"campfire_choices":[{"data":"Thunderclap","floor":6,"key":"SMITH"},{"floor":8,"key":"DIG"},{"floor":10,"key":"DIG"},{"data":"Inflame","floor":15,"key":"SMITH"},{"data":"Ghostly Armor","floor":23,"key":"SMITH"},{"data":"Shrug It Off","floor":27,"key":"SMITH"},{"floor":29,"key":"DIG"},{"data":"Inflame","floor":32,"key":"SMITH"}],"circlet_count":0,"master_deck":["Strike_R","Strike_R","Strike_R","Strike_R","Strike_R","Defend_R","Defend_R","Defend_R","Defend_R","Bash","Dark Shackles","Thunderclap+1","Iron Wave","Shrug It Off+1","Twin Strike","Ghostly Armor+1","Intimidate","Dark Shackles+1","Inflame+1","Offering+1","Ghostly Armor+1","Shockwave+1","Havoc+1","Limit Break+1","Intimidate+1","Inflame+1"],"relics":["Black Blood","Golden Idol","Shovel","Vajra","Question Card","Bottled Lightning","Lantern","Toxic Egg 2","Bronze Scales","Pear","CeramicFish","Orichalcum","Happy Flower","Blood Vial","Champion Belt"],"acts_visited":["Exordium","TheCity"],"potions_floor_usage":[5,11,12,14,22,24,25,30],"damage_taken":[{"damage":0,"enemies":"Small Slimes","floor":1,"turns":3},{"damage":2,"enemies":"2 Louse","floor":2,"turns":2},{"damage":0,"enemies":"Jaw Worm","floor":4,"turns":3},{"damage":2,"enemies":"Looter","floor":5,"turns":4},{"damage":16,"enemies":"3 Sentries","floor":7,"turns":6},{"damage":2,"enemies":"Gremlin Nob","floor":11,"turns":4},{"damage":30,"enemies":"Lagavulin Event","floor":12,"turns":6},{"damage":0,"enemies":"3 Sentries","floor":14,"turns":7},{"damage":39,"enemies":"The Guardian","floor":16,"turns":10},{"damage":0,"enemies":"3 Byrds","floor":18,"turns":3},{"damage":6,"enemies":"Chosen","floor":19,"turns":3},{"damage":10,"enemies":"3 Cultists","floor":22,"turns":6},{"damage":25,"enemies":"Book of Stabbing","floor":24,"turns":6},{"damage":6,"enemies":"Sentry and Sphere","floor":25,"turns":5},{"damage":16,"enemies":"Slavers","floor":28,"turns":5},{"damage":9,"enemies":"Snake Plant","floor":30,"turns":4},{"damage":5,"enemies":"Snecko","floor":31,"turns":5},{"damage":70,"enemies":"Champ","floor":33,"turns":10}],"seed_played":"-1658953508697275292","potions_obtained":[{"floor":4,"key":"AttackPotion"},{"floor":7,"key":"Block Potion"},{"floor":11,"key":"Weak Potion"},{"floor":12,"key":"AttackPotion"},{"floor":18,"key":"EssenceOfSteel"},{"floor":22,"key":"SkillPotion"},{"floor":24,"key":"BlessingOfTheForge"},{"floor":28,"key":"BlessingOfTheForge"}],"is_trial":false,"path_per_floor":["M","M","?","M","M","R","E","R","T","R","E","?","?","E","R","B",null,"M","M","T","?","M","R","E","M","T","R","E","R","M","M","R","B"],"character_chosen":"IRONCLAD","items_purchased":[],"campfire_rested":0,"item_purchase_floors":[],"current_hp_per_floor":[80,80,74,74,74,74,64,64,64,64,68,44,44,50,50,17,74,74,74,84,58,60,60,47,53,53,53,49,49,54,63,63,0,0],"gold":937,"neow_bonus":"RANDOM_COLORLESS","is_daily":false,"chose_seed":false,"campfire_upgraded":5,"win_rate":0.0,"timestamp":1610272598,"path_taken":["M","M","?","M","M","R","E","R","T","R","E","?","?","E","R","BOSS","M","?","?","?","M","R","E","M","T","R","E","R","M","M","R","BOSS"],"items_purchased_type":[],"build_version":"2020-12-22","purchased_purges":0,"victory":false,"max_hp_per_floor":[80,80,74,74,74,74,74,74,74,74,74,74,74,74,74,74,74,74,74,84,84,84,84,84,84,84,84,84,84,84,84,84,84,84],"card_choices":[{"not_picked":["Blind","Purity"],"picked":"Dark Shackles","floor":0},{"not_picked":["Intimidate","Warcry"],"picked":"Thunderclap","floor":1},{"not_picked":["Heavy Blade","Sword Boomerang"],"picked":"Iron Wave","floor":2},{"not_picked":["Armaments","Havoc"],"picked":"Shrug It Off","floor":4},{"not_picked":["Clothesline","Havoc"],"picked":"Twin Strike","floor":5},{"not_picked":["Headbutt","Brutality"],"picked":"Ghostly Armor","floor":7},{"not_picked":["Uppercut","Iron Wave","Anger"],"picked":"Intimidate","floor":11},{"not_picked":["Blind+1","Enlightenment+1","Forethought+1"],"picked":"Dark Shackles+1","floor":13},{"not_picked":["Sever Soul","Iron Wave","Metallicize"],"picked":"Inflame","floor":14},{"not_picked":["Berserk","Immolate","Reaper"],"picked":"Offering+1","floor":16},{"not_picked":["Body Slam","Second Wind+1","Anger"],"picked":"Ghostly Armor+1","floor":18},{"not_picked":["Uppercut","Rupture","Body Slam"],"picked":"Shockwave+1","floor":19},{"not_picked":["Shockwave+1","Clash","Thunderclap"],"picked":"Havoc+1","floor":22},{"not_picked":["Carnage","Headbutt","Sentinel+1","Second Wind+1"],"picked":"SKIP","floor":24},{"not_picked":["Heavy Blade","Headbutt","Thunderclap"],"picked":"Limit Break+1","floor":25},{"not_picked":["Bloodletting+1","Flex+1","Anger","Heavy Blade"],"picked":"SKIP","floor":28},{"not_picked":["Sentinel+1","Hemokinesis+1","Wild Strike+1"],"picked":"Intimidate+1","floor":30},{"not_picked":["Clothesline","Hemokinesis","Metallicize"],"picked":"Inflame","floor":31}],"player_experience":80834,"relics_obtained":[{"floor":7,"key":"Shovel"},{"floor":8,"key":"Vajra"},{"floor":9,"key":"Question Card"},{"floor":10,"key":"Bottled Lightning"},{"floor":11,"key":"Lantern"},{"floor":12,"key":"Toxic Egg 2"},{"floor":14,"key":"Bronze Scales"},{"floor":20,"key":"Pear"},{"floor":24,"key":"Orichalcum"},{"floor":26,"key":"Happy Flower"},{"floor":28,"key":"Blood Vial"},{"floor":29,"key":"Champion Belt"}],"event_choices":[{"damage_healed":0,"gold_gain":0,"player_choice":"Lose Max HP","damage_taken":0,"relics_obtained":["Golden Idol"],"max_hp_gain":0,"max_hp_loss":6,"event_name":"Golden Idol","floor":3,"gold_loss":0},{"damage_healed":0,"gold_gain":30,"player_choice":"Searched \u00273\u0027 times","damage_taken":0,"max_hp_gain":0,"max_hp_loss":0,"event_name":"Dead Adventurer","floor":12,"gold_loss":0},{"damage_healed":0,"gold_gain":1,"player_choice":"1","damage_taken":0,"max_hp_gain":0,"max_hp_loss":0,"event_name":"betterStone:BetterStone","floor":13,"gold_loss":0},{"damage_healed":0,"gold_gain":111,"player_choice":"GO RE ","damage_taken":29,"relics_obtained":["CeramicFish"],"max_hp_gain":0,"max_hp_loss":0,"event_name":"betterSkull:BetterSkull","floor":21,"gold_loss":0,"cards_upgraded":[]}],"is_beta":false,"boss_relics":[{"not_picked":["Runic Dome","Astrolabe"],"picked":"Black Blood"}],"items_purged_floors":[],"is_endless":false,"potions_floor_spawned":[4,7,11,12,18,22,24,28],"killed_by":"Champ","ascension_level":3}}