{"host":"3zhcrllo23fhqv4x","time":1610306053,"event":{"mods":["AchievementEnabler","BaseMod","Downfall","Duelist Mod","Hermit","Jorbs\u0027s Wanderer Trilogy","Marisa????????","Minty Spire (QoL Compilation)","StSLib","The Cursed","The Hierophant","The Servant 0.9.4"],"gold_per_floor":[99,122,82,102,102,27,27,12,12,12,112,112,126,141,155,250,250,175,187,187,187,387,387,387,405,244,267,278,386,386,419,433,552,552,552,579,579,597,426,426,426,462,96,123,144,157,157,181,208,208,208,208],"floor_reached":50,"playtime":2503,"items_purged":[],"score":614,"play_id":"031b02f6-36dc-466d-9580-0a1698b7c523","local_time":"20210110141413","is_ascension_mode":false,"campfire_choices":[{"floor":1.0,"key":"RECALL"},{"data":"hexamod:EtherealExpedition","floor":6.0,"key":"SMITH"},{"data":"hexamod:Strike","floor":10.0,"key":"SMITH"},{"data":"hexamod:EmpoweringStance","floor":18.0,"key":"SMITH"},{"floor":23.0,"key":"REST"},{"data":"hexamod:CrushingStance","floor":30.0,"key":"SMITH"},{"data":"hexamod:EmpoweringStance","floor":35,"key":"SMITH"},{"data":"hexamod:HexaLevel","floor":40,"key":"SMITH"}],"circlet_count":0,"master_deck":["hexamod:Strike","hexamod:Strike","hexamod:Strike","hexamod:Strike+1","hexamod:Defend","hexamod:Defend","hexamod:Defend+1","hexamod:Defend+1","hexamod:Sear","hexamod:Float","hexamod:GhostOfSpirePast+1","hexamod:EtherealExpedition+1","hexamod:BacktrackSmack","hexamod:ThirdSeal","hexamod:SpectersWail","hexamod:AdvancingGuard","hexamod:EmpoweringStance+1","hexamod:DynamicBlow","hexamod:GhostLash","hexamod:PhantomFireball","hexamod:CrushingStance+1","hexamod:SixthSeal","hexamod:SecondSeal","hexamod:NightmareStrike+1","RitualDagger+1","hexamod:Incineration+1","hexamod:GhostShield+1","hexamod:FastForward+1","hexamod:Hexaguard","hexamod:NightmareStrike+1","hexamod:SecondSeal","hexamod:ThirdSeal","hexamod:GhostflameInferno+1","hexamod:GhostflameBarrier+1","hexamod:ThirdSeal","hexamod:FastForward","hexamod:FastForward","hexamod:WildfireWeapon+1","hexamod:HexaLevel+1","hexamod:EmpoweringStance+1","hexamod:GhostflameInferno","hexamod:SwordOfDarkness+1","hexamod:NecessarySacrifice+1","hexamod:RadiantFlame+1","hexamod:BurningTouch+1","hexamod:SpectralAdrenaline+1","hexamod:RainOfEmbers+1","hexamod:TimeOfNeed","hexamod:HeatCrush","hexamod:InspiringFlames+1","hexamod:SoulSteal+1","hexamod:WildfireWeapon","hexamod:HeatMetal","hexamod:InspiringFlames+1","hexamod:RainOfEmbers","hexamod:ShieldOfDarkness","expansioncontent:Chronoboost","hexamod:EmpoweredFlame","hexamod:InspiringFlames","hexamod:Firestarter+1","hexamod:Firestarter+1"],"relics":["hexamod:SpiritBrand","Calipers","downfall:HeartBlessingRed","Unceasing Top","Sozu","downfall:HeartBlessingBlue","Enchiridion","Gremlin Horn","Tiny Chest","downfall:GremlinWheel","Coffee Dripper","Meat on the Bone","Eternal Feather","Bronze Scales","Bag of Preparation","TheAbacus","Mercury Hourglass","Letter Opener","MealTicket","Strange Spoon"],"acts_visited":["Exordium","TheCity","TheBeyond"],"potions_floor_usage":[],"damage_taken":[{"damage":5.0,"enemies":"downfall:FleeingMerchant","floor":3.0,"turns":4.0},{"damage":0.0,"enemies":"Cultist","floor":4.0,"turns":3.0},{"damage":0.0,"enemies":"downfall:FleeingMerchant","floor":8.0,"turns":4.0},{"damage":5.0,"enemies":"Jaw Worm","floor":13.0,"turns":2.0},{"damage":0.0,"enemies":"2 Louse","floor":14.0,"turns":2.0},{"damage":1.0,"enemies":"Large Slime","floor":15.0,"turns":3.0},{"damage":31.0,"enemies":"downfall:Watcher","floor":16.0,"turns":9.0},{"damage":14.0,"enemies":"Shell Parasite","floor":19.0,"turns":5.0},{"damage":0.0,"enemies":"Spheric Guardian","floor":25.0,"turns":3.0},{"damage":0.0,"enemies":"downfall:FleeingMerchant","floor":26.0,"turns":4.0},{"damage":5.0,"enemies":"Shelled Parasite and Fungi","floor":27.0,"turns":3.0},{"damage":0.0,"enemies":"Snake Plant","floor":28.0,"turns":2.0},{"damage":0.0,"enemies":"Snake Plant","floor":29.0,"turns":3.0},{"damage":23.0,"enemies":"Centurion and Healer","floor":31.0,"turns":6.0},{"damage":1.0,"enemies":"Shelled Parasite and Fungi","floor":32.0,"turns":3.0},{"damage":15,"enemies":"downfall:Defect","floor":33,"turns":8},{"damage":3,"enemies":"Orb Walker","floor":36,"turns":3},{"damage":0,"enemies":"3 Shapes","floor":38,"turns":3},{"damage":0,"enemies":"downfall:FleeingMerchant","floor":39,"turns":4},{"damage":29,"enemies":"Giant Head","floor":42,"turns":9},{"damage":29,"enemies":"Jaw Worm Horde","floor":44,"turns":3},{"damage":9,"enemies":"Spire Growth","floor":45,"turns":4},{"damage":12,"enemies":"3 Darklings","floor":46,"turns":3},{"damage":10,"enemies":"Maw","floor":48,"turns":5},{"damage":23,"enemies":"Jaw Worm Horde","floor":49,"turns":4},{"damage":37,"enemies":"downfall:Silent","floor":50,"turns":7}],"seed_played":"1306176102499547286","potions_obtained":[{"floor":14.0,"key":"Swift Potion"},{"floor":16.0,"key":"GamblersBrew"}],"is_trial":false,"path_per_floor":["R","T","$","M","?","R","T","$","?","R","?","?","M","M","M","B",null,"R","M","?","?","?","R","T","M","$","M","M","?","R","M","M","B",null,"R","M","T","M","$","R","T","E","$","M","M","M","?","M","M","B"],"character_chosen":"THE_SPIRIT","items_purchased":["hexamod:SwordOfDarkness","Tiny Chest","Bronze Scales","Bag of Preparation","TheAbacus","hexamod:TimeOfNeed","MealTicket","Strange Spoon","hexamod:WildfireWeapon"],"campfire_rested":1,"item_purchase_floors":[3,26,39,39,39,39,43,43,43],"current_hp_per_floor":[77,77,72,72,65,65,65,65,65,65,65,65,60,60,59,28,77,87,73,73,57,57,83,83,83,83,78,78,78,78,55,54,39,87,87,84,84,84,84,87,87,58,58,41,44,44,44,46,35,0,0,0],"gold":208,"neow_bonus":"TEN_PERCENT_HP_BONUS","is_daily":false,"chose_seed":false,"campfire_upgraded":6,"win_rate":0.0,"timestamp":1610306053,"path_taken":["R","?","?","?","?","R","T","$","?","R","?","?","M","M","M","BOSS","R","M","?","?","?","R","T","M","$","M","?","?","R","M","M","BOSS","R","?","?","M","$","R","T","E","$","M","?","M","?","M","M","BOSS"],"items_purchased_type":["Card","Relic","Relic","Relic","Relic","Card","Relic","Relic","Card"],"build_version":"2020-12-22","purchased_purges":0,"victory":false,"max_hp_per_floor":[77,77,77,77,77,77,77,77,77,77,77,77,77,77,77,77,77,87,87,87,87,87,87,87,87,87,87,87,87,87,87,87,87,87,87,87,87,87,87,87,87,87,87,87,87,87,87,87,87,87,87,87],"card_choices":[{"not_picked":["hexamod:ParanormalForm","hexamod:SkipABeat"],"picked":"hexamod:GhostOfSpirePast","floor":3.0},{"not_picked":["hexamod:NightmareStrike","hexamod:GhostShield"],"picked":"hexamod:EtherealExpedition","floor":4.0},{"not_picked":["hexamod:NightmareStrike","hexamod:SkipABeat"],"picked":"hexamod:BacktrackSmack","floor":8.0},{"not_picked":["hexamod:SwordOfDarkness","hexamod:RecurringNightmare"],"picked":"hexamod:SpectersWail","floor":13.0},{"not_picked":["hexamod:NightmareGuise","hexamod:RetreatToShadows"],"picked":"hexamod:AdvancingGuard","floor":13.0},{"not_picked":["hexamod:GhostShield","hexamod:HauntingEcho"],"picked":"hexamod:EmpoweringStance","floor":14.0},{"not_picked":["hexamod:GhostShield","hexamod:StepThrough"],"picked":"hexamod:DynamicBlow","floor":14.0},{"not_picked":["hexamod:RainOfEmbers","hexamod:InspiringFlames"],"picked":"hexamod:GhostLash","floor":15.0},{"not_picked":["hexamod:Rewind","hexamod:DynamicBlow"],"picked":"hexamod:PhantomFireball","floor":15.0},{"not_picked":["hexamod:SearingWound","hexamod:ParanormalForm"],"picked":"hexamod:CrushingStance","floor":16.0},{"not_picked":["hexamod:HexaLevel","hexamod:TimeOfNeed"],"picked":"hexamod:SixthSeal","floor":16.0},{"not_picked":["hexamod:BurningTouch","hexamod:FastForward"],"picked":"hexamod:SecondSeal","floor":19.0},{"not_picked":["hexamod:FastForward+1","hexamod:RetreatToShadows"],"picked":"hexamod:NightmareStrike+1","floor":19.0},{"not_picked":["hexamod:SpectersWail+1","hexamod:PhantomCloak"],"picked":"hexamod:Incineration+1","floor":25.0},{"not_picked":["hexamod:NightmareStrike","hexamod:SearingWound"],"picked":"hexamod:GhostShield","floor":25.0},{"not_picked":["hexamod:GhostOfSpirePresent","hexamod:EtherealExpedition"],"picked":"hexamod:FastForward","floor":26.0},{"not_picked":["hexamod:InspiringFlames+1","hexamod:BacktrackSmack"],"picked":"hexamod:Hexaguard","floor":26.0},{"not_picked":["hexamod:BacktrackSmack","hexamod:SwordOfDarkness"],"picked":"hexamod:NightmareStrike+1","floor":27.0},{"not_picked":["hexamod:ThermalTransfer+1","hexamod:GhostShield"],"picked":"hexamod:SecondSeal","floor":28.0},{"not_picked":["hexamod:ShieldOfDarkness","hexamod:SpectersWail"],"picked":"hexamod:ThirdSeal","floor":28.0},{"not_picked":["hexamod:SkipABeat+1","hexamod:RainOfEmbers"],"picked":"hexamod:GhostflameInferno","floor":29.0},{"not_picked":["hexamod:NightmareGuise","hexamod:CatchUp"],"picked":"hexamod:GhostflameBarrier+1","floor":31.0},{"not_picked":["hexamod:GhostLash","hexamod:BurningTouch"],"picked":"hexamod:ThirdSeal","floor":31.0},{"not_picked":["hexamod:GhostOfSpirePast","hexamod:SpectersWail"],"picked":"hexamod:FastForward","floor":31.0},{"not_picked":["hexamod:SwordOfDarkness","hexamod:DynamicBlow"],"picked":"hexamod:FastForward","floor":32},{"not_picked":["hexamod:HexaLevel","hexamod:TimeOfNeed"],"picked":"hexamod:WildfireWeapon","floor":33},{"not_picked":["hexamod:ParanormalForm","hexamod:SixthSeal"],"picked":"hexamod:HexaLevel","floor":33},{"not_picked":["hexamod:SixthSeal","hexamod:ParanormalForm"],"picked":"hexamod:EmpoweringStance","floor":33},{"not_picked":["hexamod:SixthSeal","hexamod:TimeWarp"],"picked":"hexamod:GhostflameInferno","floor":33},{"not_picked":["hexamod:Haunt","hexamod:ThermalTransfer+1"],"picked":"hexamod:SwordOfDarkness+1","floor":36},{"not_picked":["hexamod:HeatCrush+1","hexamod:ThermalTransfer+1"],"picked":"hexamod:NecessarySacrifice","floor":36},{"not_picked":["hexamod:GhostLash+1","hexamod:SpectersWail+1"],"picked":"hexamod:RadiantFlame+1","floor":38},{"not_picked":["hexamod:InspiringFlames","hexamod:SwordOfDarkness+1"],"picked":"hexamod:BurningTouch+1","floor":39},{"not_picked":["hexamod:SoulSteal+1","hexamod:GhostLash"],"picked":"hexamod:SpectralAdrenaline+1","floor":39},{"not_picked":["hexamod:Haunt","hexamod:NightmareGuise"],"picked":"hexamod:RainOfEmbers+1","floor":39},{"not_picked":["hexamod:ThirdSeal","hexamod:FirstSeal"],"picked":"hexamod:HeatCrush","floor":42},{"not_picked":["hexamod:SkipABeat+1","hexamod:SpectersWail+1"],"picked":"hexamod:InspiringFlames+1","floor":42},{"not_picked":["hexamod:RecurringNightmare","hexamod:RainOfEmbers"],"picked":"hexamod:SoulSteal+1","floor":42},{"not_picked":["hexamod:NightmareStrike","hexamod:GhostOfSpirePast"],"picked":"hexamod:HeatMetal","floor":44},{"not_picked":["hexamod:HexaLevel","hexamod:GhostLash+1"],"picked":"hexamod:InspiringFlames+1","floor":45},{"not_picked":["hexamod:SpectersWail","hexamod:HauntingEcho"],"picked":"hexamod:RainOfEmbers","floor":45},{"not_picked":["hexamod:Haunt","hexamod:Hexaguard"],"picked":"hexamod:ShieldOfDarkness","floor":46},{"not_picked":["expansioncontent:SlimeTackle","expansioncontent:Collect"],"picked":"expansioncontent:Chronoboost","floor":47},{"not_picked":["hexamod:InspiringFlames+1","hexamod:StepThrough"],"picked":"hexamod:EmpoweredFlame","floor":48},{"not_picked":["hexamod:SwordOfDarkness+1","hexamod:NightmareGuise+1"],"picked":"hexamod:InspiringFlames","floor":48},{"not_picked":["hexamod:NightmareGuise+1","hexamod:ShieldOfDarkness+1"],"picked":"hexamod:Firestarter+1","floor":49},{"not_picked":["hexamod:EtherealExpedition+1","hexamod:HeatMetal"],"picked":"hexamod:Firestarter+1","floor":49}],"player_experience":280133,"relics_obtained":[{"floor":7.0,"key":"Unceasing Top"},{"floor":21.0,"key":"Enchiridion"},{"floor":24.0,"key":"Gremlin Horn"},{"floor":29.0,"key":"downfall:GremlinWheel"},{"floor":35,"key":"Meat on the Bone"},{"floor":37,"key":"Eternal Feather"},{"floor":41,"key":"Mercury Hourglass"},{"floor":42,"key":"Letter Opener"}],"event_choices":[{"damage_healed":0.0,"max_hp_gain":0.0,"max_hp_loss":0.0,"gold_gain":0.0,"event_name":"Scrap Ooze","player_choice":"Success","floor":5.0,"gold_loss":0.0,"damage_taken":7.0,"relics_obtained":["Calipers"]},{"damage_healed":0,"gold_gain":0,"player_choice":"Relic","damage_taken":0,"max_hp_gain":0,"max_hp_loss":0,"event_name":"Wheel of Change","floor":35,"gold_loss":0}],"is_beta":false,"boss_relics":[{"not_picked":["Calling Bell","downfall:Hecktoplasm"],"picked":"Sozu"},{"not_picked":["Empty Cage","SacredBark"],"picked":"Coffee Dripper"}],"items_purged_floors":[],"is_endless":false,"potions_floor_spawned":[14,16,27,28,29,32,33,38,45,46,49],"killed_by":"downfall:Silent","ascension_level":0}}