{"host":"mdbnki27vzqujy5q","time":1610264453,"event":{"mods":["BaseMod","Colored Powertips","Minty Spire (QoL Compilation)","Quick Restart"],"gold_per_floor":[112,112,188,16,26,53,65,92,131,156,180,212,224,236,248,388,400,425,437,464,401,413,464,495,507,519,569,118,141,160,203,203,326,326,345,86,0,0,23,63,63,107,175,175,195,195,195],"floor_reached":46,"playtime":2113,"items_purged":["Defend_R"],"score":672,"play_id":"760cb7ad-a259-4c36-8afd-a42c15941da1","local_time":"20210109234053","is_ascension_mode":true,"campfire_choices":[{"data":"Blood for Blood","floor":7.0,"key":"SMITH"},{"data":"Cleave","floor":13.0,"key":"SMITH"},{"data":"Rampage","floor":15.0,"key":"SMITH"},{"floor":32.0,"key":"REST"},{"data":"Metallicize","floor":41.0,"key":"SMITH"},{"floor":44.0,"key":"RECALL"}],"circlet_count":0,"master_deck":["Strike_R","Strike_R","Strike_R","Defend_R","Defend_R","Bash","Blood for Blood+1","Headbutt","Thunderclap","Rampage+1","Clash","Iron Wave","Armaments+1","Cleave+1","Impervious+1","Spot Weakness+1","Shrug It Off+1","Disarm+1","True Grit+1","Inflame","Clash","Metallicize+1","Headbutt","Barricade","Seeing Red+1","Metallicize","Anger","Rage+1","Shrug It Off+1","Intimidate+1","Evolve"],"relics":["Black Blood","NeowsBlessing","Toxic Egg 2","Nunchaku","MawBank","Toy Ornithopter","Golden Idol","Sozu","Gremlin Horn","Regal Pillow","Pen Nib","Bag of Preparation","Shuriken","Juzu Bracelet","Happy Flower","Orichalcum","Red Mask","Eternal Feather","Blood Vial"],"acts_visited":["Exordium","TheCity","TheBeyond"],"potions_floor_usage":[],"damage_taken":[{"damage":0.0,"enemies":"2 Louse","floor":1.0,"turns":2.0},{"damage":0.0,"enemies":"Jaw Worm","floor":5.0,"turns":1.0},{"damage":0.0,"enemies":"3 Sentries","floor":6.0,"turns":1.0},{"damage":1.0,"enemies":"Cultist","floor":8.0,"turns":3.0},{"damage":11.0,"enemies":"Looter","floor":10.0,"turns":2.0},{"damage":13.0,"enemies":"Exordium Wildlife","floor":11.0,"turns":2.0},{"damage":7.0,"enemies":"Large Slime","floor":12.0,"turns":4.0},{"damage":27.0,"enemies":"Hexaghost","floor":16.0,"turns":8.0},{"damage":0.0,"enemies":"Chosen","floor":18.0,"turns":3.0},{"damage":16.0,"enemies":"Spheric Guardian","floor":20.0,"turns":5.0},{"damage":18.0,"enemies":"Book of Stabbing","floor":23.0,"turns":5.0},{"damage":22.0,"enemies":"Cultist and Chosen","floor":24.0,"turns":5.0},{"damage":0.0,"enemies":"Gremlin Leader","floor":27.0,"turns":6.0},{"damage":19.0,"enemies":"Chosen and Byrds","floor":29.0,"turns":5.0},{"damage":18.0,"enemies":"Snecko","floor":30.0,"turns":4.0},{"damage":12.0,"enemies":"Book of Stabbing","floor":31.0,"turns":3.0},{"damage":19.0,"enemies":"Automaton","floor":33.0,"turns":6.0},{"damage":27.0,"enemies":"Orb Walker","floor":35.0,"turns":5.0},{"damage":0.0,"enemies":"3 Darklings","floor":39.0,"turns":3.0},{"damage":21.0,"enemies":"Reptomancer","floor":40.0,"turns":5.0},{"damage":63.0,"enemies":"Nemesis","floor":42.0,"turns":7.0},{"damage":32.0,"enemies":"Sphere and 2 Shapes","floor":45.0,"turns":6.0},{"damage":46,"enemies":"Giant Head","floor":46,"turns":7}],"seed_played":"-6743873115520843396","potions_obtained":[{"floor":5.0,"key":"DuplicationPotion"},{"floor":8.0,"key":"Block Potion"},{"floor":10.0,"key":"SteroidPotion"}],"is_trial":false,"path_per_floor":["M","?","T","$","M","E","R","M","T","M","M","M","R","?","R","B",null,"M","?","M","?","?","E","M","T","T","E","$","M","M","E","R","B",null,"M","$","?","?","M","E","R","E","T","R","M","E"],"character_chosen":"IRONCLAD","items_purchased":["Nunchaku","Headbutt","Shuriken","Juzu Bracelet","Orichalcum","Metallicize","Anger"],"campfire_rested":1,"item_purchase_floors":[4,4,28,28,36,36,36],"current_hp_per_floor":[80,80,80,80,80,80,80,80,80,75,68,67,67,47,47,31,80,80,80,70,70,70,58,42,42,42,48,48,35,28,22,61,53,80,65,65,65,65,77,68,80,29,29,47,29,0,0],"gold":195,"neow_bonus":"THREE_ENEMY_KILL","is_daily":false,"chose_seed":false,"campfire_upgraded":4,"win_rate":0.0,"timestamp":1610264453,"path_taken":["M","?","?","$","M","E","R","M","T","M","?","M","R","?","R","BOSS","M","?","M","?","?","E","M","?","T","E","$","M","M","E","R","BOSS","M","$","?","?","M","E","R","E","T","R","M","E"],"items_purchased_type":["Relic","Card","Relic","Relic","Relic","Card","Card"],"build_version":"2020-12-22","purchased_purges":1,"victory":false,"max_hp_per_floor":[80,80,80,80,80,80,80,80,80,80,80,80,80,80,80,80,80,80,80,80,80,80,80,80,80,80,80,80,80,80,80,80,80,80,80,80,80,80,80,80,80,80,80,80,80,80,80],"card_choices":[{"not_picked":["Clothesline","Combust"],"picked":"Blood for Blood","floor":1.0},{"not_picked":["Evolve","Anger"],"picked":"Thunderclap","floor":5.0},{"not_picked":["Clash","Body Slam"],"picked":"Rampage","floor":6.0},{"not_picked":["Anger","Shockwave+1"],"picked":"Clash","floor":8.0},{"not_picked":["Clothesline","Headbutt"],"picked":"Iron Wave","floor":10.0},{"not_picked":["Cleave","Headbutt"],"picked":"Armaments+1","floor":11.0},{"not_picked":["Clothesline","Pommel Strike"],"picked":"Cleave","floor":12.0},{"not_picked":["Fiend Fire","Offering+1"],"picked":"Impervious+1","floor":16.0},{"not_picked":["Flex+1","Clothesline"],"picked":"Spot Weakness+1","floor":18.0},{"not_picked":["Sever Soul+1","Armaments+1"],"picked":"Disarm+1","floor":20.0},{"not_picked":["Sword Boomerang+1","Hemokinesis"],"picked":"True Grit+1","floor":23.0},{"not_picked":["Flex+1","Cleave"],"picked":"Inflame","floor":24.0},{"not_picked":["Brutality","Perfected Strike"],"picked":"Clash","floor":27.0},{"not_picked":["Sever Soul","True Grit+1","Rampage"],"picked":"SKIP","floor":29.0},{"not_picked":["Armaments+1","Anger+1"],"picked":"Metallicize","floor":30.0},{"not_picked":["Wild Strike","Second Wind+1"],"picked":"Headbutt","floor":31.0},{"not_picked":["Fiend Fire","Brutality"],"picked":"Barricade","floor":33.0},{"not_picked":["Twin Strike+1","Wild Strike+1"],"picked":"Seeing Red+1","floor":35.0},{"not_picked":["Clothesline+1","Metallicize"],"picked":"Rage+1","floor":39.0},{"not_picked":["Flex+1","Blood for Blood"],"picked":"Shrug It Off+1","floor":40.0},{"not_picked":["Pummel","Headbutt"],"picked":"Intimidate+1","floor":42.0},{"not_picked":["Pommel Strike+1","Twin Strike"],"picked":"Evolve","floor":45.0}],"player_experience":54163,"relics_obtained":[{"floor":3.0,"key":"Toxic Egg 2"},{"floor":6.0,"key":"MawBank"},{"floor":9.0,"key":"Toy Ornithopter"},{"floor":23.0,"key":"Gremlin Horn"},{"floor":25.0,"key":"Regal Pillow"},{"floor":26.0,"key":"Pen Nib"},{"floor":27.0,"key":"Bag of Preparation"},{"floor":31.0,"key":"Happy Flower"},{"floor":40.0,"key":"Eternal Feather"},{"floor":42.0,"key":"Blood Vial"}],"event_choices":[{"cards_removed":["Defend_R"],"damage_healed":0.0,"max_hp_gain":0.0,"max_hp_loss":0.0,"gold_gain":0.0,"event_name":"Living Wall","player_choice":"Forget","floor":2.0,"gold_loss":0.0,"damage_taken":0.0},{"damage_healed":0.0,"max_hp_gain":0.0,"max_hp_loss":0.0,"gold_gain":0.0,"event_name":"Golden Idol","player_choice":"Take Damage","floor":14.0,"gold_loss":0.0,"damage_taken":20.0,"relics_obtained":["Golden Idol"]},{"damage_healed":0.0,"max_hp_gain":0.0,"max_hp_loss":0.0,"gold_gain":0.0,"event_name":"The Library","player_choice":"Read","floor":19.0,"gold_loss":0.0,"damage_taken":0.0,"cards_obtained":["Shrug It Off"]},{"cards_removed":["Strike_R"],"damage_healed":0.0,"max_hp_gain":0.0,"max_hp_loss":0.0,"gold_gain":0.0,"event_name":"Beggar","player_choice":"Gave Gold","floor":21.0,"gold_loss":75.0,"damage_taken":0.0},{"cards_removed":["Strike_R"],"damage_healed":0.0,"max_hp_gain":0.0,"max_hp_loss":0.0,"gold_gain":0.0,"event_name":"Back to Basics","player_choice":"Elegance","floor":22.0,"gold_loss":0.0,"damage_taken":0.0},{"damage_healed":0.0,"max_hp_gain":0.0,"max_hp_loss":0.0,"gold_gain":0.0,"event_name":"Tomb of Lord Red Mask","player_choice":"Paid","floor":37.0,"gold_loss":86.0,"damage_taken":0.0,"relics_obtained":["Red Mask"]},{"damage_healed":0.0,"max_hp_gain":0.0,"max_hp_loss":0.0,"gold_gain":0.0,"event_name":"Lab","player_choice":"Got Potions","floor":38.0,"gold_loss":0.0,"damage_taken":0.0}],"is_beta":false,"boss_relics":[{"not_picked":["Runic Dome","Runic Pyramid"],"picked":"Sozu"},{"not_picked":["Mark of Pain","SacredBark"],"picked":"Black Blood"}],"items_purged_floors":[28],"is_endless":false,"potions_floor_spawned":[5,8,10,20,24,30,33,40,42,45],"killed_by":"Giant Head","ascension_level":2}}