{"host":"pf5oese4ka0eje7d","time":1610298640,"event":{"mods":["AchievementEnabler","BaseMod","Colored Map","Minty Spire (QoL Compilation)","StSLib","SuperFastMode"],"gold_per_floor":[109,123,73,173,187,222,222,256,280,71,103,103,118,146,146,241,241,261,277,155,173,191,191,191,216,216,10,27,52,52,72,72,169,169,184,0,11,21,21,21,54,54,108,139,39,68,80,92,104,116],"floor_reached":51,"playtime":1410,"items_purged":["Strike_G","Strike_G"],"score":1248,"play_id":"9ba83d6f-6080-4d72-be51-fdcc890c15f7","local_time":"20210110181040","is_ascension_mode":true,"campfire_choices":[{"floor":7,"key":"REST"},{"floor":12,"key":"REST"},{"data":"Bane","floor":15,"key":"SMITH"},{"floor":23,"key":"REST"},{"floor":30,"key":"REST"},{"data":"Poisoned Stab","floor":32,"key":"SMITH"},{"floor":40,"key":"REST"},{"floor":42,"key":"REST"},{"floor":47,"key":"REST"},{"data":"Accuracy","floor":49,"key":"SMITH"}],"circlet_count":0,"master_deck":["Strike_G","Defend_G","Defend_G","Defend_G","Defend_G","Defend_G","Survivor","Neutralize","Infinite Blades","Accuracy+1","Poisoned Stab","Poisoned Stab","Bane+1","Cloak And Dagger+1","Poisoned Stab","Accuracy+1","Poisoned Stab+1","Bane+1","Deadly Poison+1","Blade Dance+1","Cloak And Dagger+1","Backstab","Cloak And Dagger+1","Blade Dance"],"relics":["Ring of the Snake","Regal Pillow","Omamori","MealTicket","Snake Skull","TwistedFunnel","HornCleat","Strawberry","Black Star","Singing Bowl","Darkstone Periapt","Ancient Tea Set","Art of War","DollysMirror","Bottled Flame","Lizard Tail","WristBlade","Red Mask","Anchor","Bag of Marbles","Juzu Bracelet","Nunchaku","Ninja Scroll","Happy Flower","MawBank"],"acts_visited":["Exordium","TheCity","TheBeyond"],"potions_floor_usage":[6,18,21,21,29,31,33,46,46,50],"damage_taken":[{"damage":0,"enemies":"Small Slimes","floor":1,"turns":3},{"damage":9,"enemies":"Cultist","floor":2,"turns":5},{"damage":0,"enemies":"Jaw Worm","floor":5,"turns":5},{"damage":33,"enemies":"Lagavulin","floor":6,"turns":9},{"damage":26,"enemies":"Gremlin Nob","floor":8,"turns":5},{"damage":9,"enemies":"3 Sentries","floor":11,"turns":9},{"damage":0,"enemies":"Exordium Wildlife","floor":13,"turns":2},{"damage":7,"enemies":"Gremlin Nob","floor":14,"turns":4},{"damage":58,"enemies":"Slime Boss","floor":16,"turns":13},{"damage":19,"enemies":"Spheric Guardian","floor":18,"turns":4},{"damage":5,"enemies":"Shell Parasite","floor":19,"turns":4},{"damage":19,"enemies":"Centurion and Healer","floor":21,"turns":6},{"damage":10,"enemies":"Snake Plant","floor":22,"turns":4},{"damage":2,"enemies":"Gremlin Leader","floor":25,"turns":5},{"damage":15,"enemies":"Chosen and Byrds","floor":28,"turns":5},{"damage":20,"enemies":"Book of Stabbing","floor":29,"turns":4},{"damage":0,"enemies":"Snecko","floor":31,"turns":3},{"damage":28,"enemies":"Collector","floor":33,"turns":5},{"damage":0,"enemies":"3 Shapes","floor":35,"turns":2},{"damage":10,"enemies":"3 Darklings","floor":37,"turns":6},{"damage":25,"enemies":"Jaw Worm Horde","floor":38,"turns":4},{"damage":32,"enemies":"Nemesis","floor":41,"turns":5},{"damage":74,"enemies":"Reptomancer","floor":44,"turns":4},{"damage":0,"enemies":"Nemesis","floor":46,"turns":3},{"damage":36,"enemies":"Donu and Deca","floor":50,"turns":6}],"seed_played":"1266102250392897366","potions_obtained":[{"floor":1,"key":"Dexterity Potion"},{"floor":5,"key":"SteroidPotion"},{"floor":8,"key":"LiquidBronze"},{"floor":16,"key":"AttackPotion"},{"floor":19,"key":"LiquidBronze"},{"floor":21,"key":"BlessingOfTheForge"},{"floor":29,"key":"ColorlessPotion"},{"floor":31,"key":"GhostInAJar"},{"floor":44,"key":"Dexterity Potion"},{"floor":46,"key":"AttackPotion"}],"is_trial":false,"path_per_floor":["M","M","?","?","M","E","R","E","T","$","E","R","M","E","R","B",null,"M","M","$","M","M","R","T","E","T","$","M","E","R","M","R","B",null,"M","?","M","M","?","R","E","R","T","E","$","E","R","?","R","B",null],"character_chosen":"THE_SILENT","items_purchased":["TwistedFunnel","Poisoned Stab","Poisoned Stab","Poisoned Stab","DollysMirror"],"campfire_rested":7,"item_purchase_floors":[10,10,20,27,27],"current_hp_per_floor":[63,54,54,54,54,21,57,31,31,46,37,70,70,70,70,12,61,42,37,52,33,23,61,61,61,61,76,61,43,81,81,81,55,76,78,78,68,43,43,83,53,87,87,13,28,28,69,69,69,33],"gold":128,"neow_bonus":"RANDOM_COMMON_RELIC","is_daily":false,"chose_seed":false,"campfire_upgraded":3,"win_rate":0.0,"timestamp":1610298640,"path_taken":["M","M","?","?","M","E","R","E","T","$","E","R","M","E","R","BOSS","M","M","$","M","M","R","?","E","T","?","M","E","R","M","R","BOSS","M","?","M","M","?","R","E","R","T","E","$","E","R","?","R","BOSS"],"items_purchased_type":["Relic","Card","Card","Card","Relic"],"build_version":"2020-12-22","purchased_purges":2,"victory":true,"max_hp_per_floor":[70,70,70,70,70,70,70,70,70,70,70,70,70,77,77,77,77,77,77,77,77,77,77,77,79,79,79,79,81,81,81,81,83,83,85,85,85,85,85,85,87,87,87,87,87,87,87,87,87,87],"card_choices":[{"not_picked":["Expertise","Riddle With Holes","Finisher"],"picked":"SKIP","floor":1},{"not_picked":["Dagger Spray","Prepared"],"picked":"Infinite Blades","floor":2},{"not_picked":["Poisoned Stab","Masterful Stab"],"picked":"Accuracy","floor":5},{"not_picked":["Acrobatics","Prepared","Endless Agony"],"picked":"SKIP","floor":6},{"not_picked":["Slice","Escape Plan","Grand Finale"],"picked":"SKIP","floor":8},{"not_picked":["All Out Attack","Flying Knee"],"picked":"Poisoned Stab","floor":11},{"not_picked":["Cloak And Dagger","Dagger Throw","Prepared"],"picked":"SKIP","floor":13},{"not_picked":["Acrobatics","Cloak And Dagger"],"picked":"Bane","floor":14},{"not_picked":["Underhanded Strike+1","Dagger Throw"],"picked":"Cloak And Dagger+1","floor":18},{"not_picked":["Concentrate","Dagger Throw+1","Eviscerate"],"picked":"SKIP","floor":19},{"not_picked":["Setup","Caltrops"],"picked":"Accuracy+1","floor":21},{"not_picked":["Sucker Punch","Dagger Throw+1","Prepared"],"picked":"SKIP","floor":22},{"not_picked":["Riddle With Holes","Outmaneuver+1","Choke"],"picked":"Singing Bowl","floor":25},{"not_picked":["Deflect","Dagger Spray+1"],"picked":"Deadly Poison+1","floor":28},{"not_picked":["Concentrate","Burst","Choke"],"picked":"Singing Bowl","floor":29},{"not_picked":["Dagger Throw","Cloak And Dagger"],"picked":"Blade Dance+1","floor":31},{"not_picked":["Bullet Time","A Thousand Cuts","Burst"],"picked":"Singing Bowl","floor":33},{"not_picked":["Sucker Punch","Dagger Throw","PiercingWail"],"picked":"Singing Bowl","floor":35},{"not_picked":["Bouncing Flask+1","Slice"],"picked":"Cloak And Dagger+1","floor":37},{"not_picked":["Deadly Poison","Eviscerate+1"],"picked":"Backstab","floor":38},{"not_picked":["Dagger Spray","Distraction+1","Footwork+1"],"picked":"Singing Bowl","floor":41},{"not_picked":["Doppelganger","Deflect+1"],"picked":"Cloak And Dagger+1","floor":44},{"not_picked":["Masterful Stab","Backflip+1"],"picked":"Blade Dance","floor":46}],"player_experience":316998,"relics_obtained":[{"floor":6,"key":"Omamori"},{"floor":8,"key":"MealTicket"},{"floor":9,"key":"Snake Skull"},{"floor":11,"key":"HornCleat"},{"floor":14,"key":"Strawberry"},{"floor":24,"key":"Singing Bowl"},{"floor":25,"key":"Darkstone Periapt"},{"floor":25,"key":"Ancient Tea Set"},{"floor":26,"key":"Art of War"},{"floor":29,"key":"Bottled Flame"},{"floor":29,"key":"Lizard Tail"},{"floor":41,"key":"Anchor"},{"floor":41,"key":"Bag of Marbles"},{"floor":43,"key":"Juzu Bracelet"},{"floor":44,"key":"Nunchaku"},{"floor":44,"key":"Ninja Scroll"},{"floor":46,"key":"Happy Flower"},{"floor":46,"key":"MawBank"}],"event_choices":[{"cards_removed":["Strike_G"],"damage_healed":0,"gold_gain":0,"player_choice":"Card Removal","damage_taken":0,"max_hp_gain":0,"max_hp_loss":0,"event_name":"The Cleric","floor":3,"gold_loss":50},{"damage_healed":0,"gold_gain":100,"player_choice":"Pray","damage_taken":0,"max_hp_gain":0,"max_hp_loss":0,"event_name":"Golden Shrine","floor":4,"gold_loss":0},{"damage_healed":0,"gold_gain":0,"player_choice":"Paid","damage_taken":0,"relics_obtained":["Red Mask"],"max_hp_gain":0,"max_hp_loss":0,"event_name":"Tomb of Lord Red Mask","floor":36,"gold_loss":184},{"damage_healed":0,"gold_gain":0,"player_choice":"Ignored","damage_taken":0,"max_hp_gain":0,"max_hp_loss":0,"event_name":"SecretPortal","floor":39,"gold_loss":0},{"cards_removed":["Strike_G"],"damage_healed":0,"gold_gain":0,"player_choice":"Removed Attack","damage_taken":0,"max_hp_gain":0,"max_hp_loss":0,"event_name":"Falling","floor":48,"gold_loss":0}],"is_beta":false,"boss_relics":[{"not_picked":["Coffee Dripper","Tiny House"],"picked":"Black Star"},{"not_picked":["HoveringKite","Runic Dome"],"picked":"WristBlade"}],"items_purged_floors":[20,45],"is_endless":false,"potions_floor_spawned":[1,5,8,16,19,21,29,31,44,46],"ascension_level":7}}