{"host":"3o6vp6vwg41o825i","time":1610272960,"event":{"mods":["AchievementEnabler","Act Like it!","Ascension Reborn","Aspiration","BaseMod","Better Altar","Better Match","Better Note","Better Sensory Stone","Better Skull","Better Third Choice","BetterRewards","CCEM","Clawfect","Colored Map","Conspire","Downfall","GifTheSpireLib","Halation","Highlight Path","Hubris","Infinite Spire","Jorbs\u0027s Wanderer Trilogy","Mimic Mod","Minty Spire (QoL Compilation)","Replay The Spire","Shop Mod","StSLib","Stuff the Spire","The Cursed","Unceasing Turn Reminder","everything is the same but u backflip on backflip"],"gold_per_floor":[99,114,45,56,56,87,123,69,69,69,69,89,108,127,145,244,244,244,258,258,258,258,258],"floor_reached":21,"playtime":1700,"items_purged":[],"score":179,"play_id":"9631e8fd-a8aa-40b6-a028-5dbde0d6051c","local_time":"20210110110240","is_ascension_mode":true,"campfire_choices":[{"data":"Slimebound:Split","floor":1,"key":"SMITH"},{"data":"Slimebound:FirmFortitude","floor":9,"key":"SMITH"},{"data":"Slimebound:GrowthPunch","floor":11,"key":"SMITH"},{"floor":18,"key":"RECALL"}],"circlet_count":0,"master_deck":["Slimebound:Strike_Slimebound","Slimebound:Strike_Slimebound","Slimebound:Strike_Slimebound","Slimebound:Tackle","Slimebound:Defend_Slimebound","Slimebound:Defend_Slimebound","Slimebound:Defend_Slimebound","Slimebound:Defend_Slimebound","Slimebound:Split+1","Slimebound:CorrosiveSpit","Slimebound:SamplingLick","Slimebound:SplitMire","Slimebound:SplitBruiser","Slimebound:GrowthPunch+1","Slimebound:Schlurp","Slimebound:RollThrough","Slimebound:FirmFortitude+1","Slimebound:GrowthPunch+1","Slimebound:OozeBath","Slimebound:ViciousTackle","Slimebound:SplitAcid","Slimebound:RallyTheTroops","Slimebound:GoopSpray+1"],"relics":["Slimebound:AbsorbEndCombat","halation:PromiseList","Simple Rune","Philosopher\u0027s Stone"],"acts_visited":["Exordium","TheCity"],"potions_floor_usage":[16,16],"damage_taken":[{"damage":9,"enemies":"Cultist","floor":2,"turns":3},{"damage":11,"enemies":"downfall:FleeingMerchant","floor":3,"turns":4},{"damage":16,"enemies":"2 Louse","floor":4,"turns":2},{"damage":42,"enemies":"Lagavulin","floor":6,"turns":4},{"damage":22,"enemies":"Jaw Worm","floor":7,"turns":5},{"damage":26,"enemies":"downfall:FleeingMerchant","floor":8,"turns":4},{"damage":11,"enemies":"Jaw Worm","floor":12,"turns":3},{"damage":10,"enemies":"Exordium Thugs","floor":13,"turns":3},{"damage":14,"enemies":"2 Fungi Beasts","floor":14,"turns":3},{"damage":18,"enemies":"Blue Slaver","floor":15,"turns":3},{"damage":50,"enemies":"downfall:Ironclad","floor":16,"turns":6},{"damage":45,"enemies":"3 Byrds","floor":19,"turns":4},{"damage":48,"enemies":"Snake Plant","floor":21,"turns":2}],"seed_played":"6751560892377229262","potions_obtained":[{"floor":12,"key":"PowerPotion"},{"floor":13,"key":"LiquidBronze"},{"floor":16,"key":"Strength Potion"}],"is_trial":false,"path_per_floor":["R","M","$","M","?","E","MIM","$","R","?","R","M","M","M","M","B",null,"R","M","?","M"],"character_chosen":"SLIMEBOUND","items_purchased":["Slimebound:SplitBruiser","Slimebound:GrowthPunch+1"],"campfire_rested":0,"item_purchase_floors":[3,8],"current_hp_per_floor":[66,66,66,58,58,44,50,56,56,59,59,63,66,66,60,50,66,66,41,41,0,0,0],"gold":258,"neow_bonus":"TEN_PERCENT_HP_BONUS","is_daily":false,"chose_seed":false,"campfire_upgraded":3,"win_rate":0.0,"timestamp":1610272960,"path_taken":["R","M","$","?","?","E","MIM","?","R","?","R","M","M","M","M","BOSS","R","M","?","M"],"items_purchased_type":["Card","Card"],"build_version":"2020-12-22","purchased_purges":0,"victory":false,"max_hp_per_floor":[66,66,66,66,66,66,66,66,66,66,66,66,66,66,66,66,66,66,66,66,66,66,66],"card_choices":[{"not_picked":["Slimebound:Prepare","Slimebound:SlimeBrawl"],"picked":"Slimebound:SamplingLick","floor":2},{"not_picked":["Slimebound:LeechLife","Slimebound:MinionMaster"],"picked":"Slimebound:SplitMire","floor":3},{"not_picked":["Slimebound:Schlurp","Slimebound:FinishingTackle"],"picked":"Slimebound:GrowthPunch","floor":4},{"not_picked":["Slimebound:ForwardTackle","Slimebound:LivingWall"],"picked":"Slimebound:Schlurp","floor":6},{"not_picked":["Slimebound:SplitBruiser","Slimebound:Schlurp"],"picked":"Slimebound:RollThrough","floor":7},{"not_picked":["Slimebound:SlimeSpikes","Slimebound:LeechingTouch"],"picked":"Slimebound:FirmFortitude","floor":8},{"not_picked":["Slimebound:LeechEnergy","Slimebound:SlimeBrawl"],"picked":"Slimebound:OozeBath","floor":12},{"not_picked":["Slimebound:SplitLeeching","Slimebound:LeechEnergy"],"picked":"Slimebound:ViciousTackle","floor":13},{"not_picked":["Slimebound:SplitLeeching","Slimebound:FinishingTackle"],"picked":"Slimebound:SplitAcid","floor":14},{"not_picked":["Slimebound:LeechingTouch","Slimebound:PressTheAttack","Slimebound:SamplingLick"],"picked":"SKIP","floor":15},{"not_picked":["Slimebound:Overexert","Slimebound:Teamwork"],"picked":"Slimebound:RallyTheTroops","floor":16},{"not_picked":["Slimebound:LevelUp","Slimebound:LivingWall"],"picked":"Slimebound:GoopSpray+1","floor":19}],"player_experience":230926,"relics_obtained":[{"floor":6,"key":"halation:PromiseList"},{"floor":7,"key":"Simple Rune"}],"event_choices":[{"damage_healed":3,"gold_gain":0,"player_choice":"LEAVE ","damage_taken":0,"relics_obtained":[],"max_hp_gain":0,"max_hp_loss":0,"event_name":"betterSkull:BetterSkull","floor":10,"gold_loss":0,"cards_upgraded":[]},{"cards_removed":["Slimebound:SplitAcid"],"damage_healed":0,"gold_gain":0,"player_choice":"Give","damage_taken":0,"max_hp_gain":0,"max_hp_loss":0,"event_name":"betterNote:BetterNote","floor":20,"gold_loss":0,"cards_obtained":["Regret"]}],"is_beta":false,"boss_relics":[{"not_picked":["aspiration:RitualDagger","Replay:Grab Bag"],"picked":"Philosopher\u0027s Stone"}],"items_purged_floors":[],"is_endless":false,"potions_floor_spawned":[12,13,14,16],"killed_by":"Snake Plant","ascension_level":0}}