{"host":"jyuuog6ydc2s7nd8","time":1610258681,"event":{"mods":["BaseMod","Better Vampires","Minty Spire (QoL Compilation)","Shop Mod","StSLib","The Hierophant","The Servant 0.9.4","TheBandit","[IsaacMod]ÒÔÈö¼âËþ"],"gold_per_floor":[115,190,200,125,135,167,182,207,232,262,187,257,257,284,284,312,312],"floor_reached":16,"playtime":371,"items_purged":["Strike_R"],"score":324,"play_id":"cd8e7191-2d9d-4ec9-b0d2-cb338beddcbb","local_time":"20210110140441","is_ascension_mode":true,"campfire_choices":[{"data":"Pommel Strike","floor":13,"key":"SMITH"},{"data":"Bash","floor":15,"key":"SMITH"}],"circlet_count":0,"master_deck":["AscendersBane","Strike_R","Strike_R","Strike_R","Defend_R","Defend_R","Defend_R","Defend_R","Bash+1","Feed","Offering","Pommel Strike+1"],"relics":["Burning Blood","HushsDoor","Turnip","BookofShadows","Oddly Smooth Stone","Bag of Preparation","SalivaCoin"],"acts_visited":["Exordium"],"potions_floor_usage":[8,8],"damage_taken":[{"damage":12,"enemies":"Jaw Worm","floor":1,"turns":4},{"damage":6,"enemies":"2 Louse","floor":3,"turns":4},{"damage":5,"enemies":"Small Slimes","floor":5,"turns":4},{"damage":0,"enemies":"3 Sentries","floor":6,"turns":2},{"damage":10,"enemies":"2 Fungi Beasts","floor":7,"turns":4},{"damage":0,"enemies":"Lagavulin","floor":8,"turns":7},{"damage":9,"enemies":"Red Slaver","floor":10,"turns":3},{"damage":6,"enemies":"Exordium Wildlife","floor":14,"turns":4},{"damage":54,"enemies":"Slime Boss","floor":16,"turns":7}],"seed_played":"-6368714169228704973","potions_obtained":[{"floor":1,"key":"FearPotion"},{"floor":3,"key":"BlessingOfTheForge"},{"floor":10,"key":"SpeedPotion"}],"is_trial":false,"path_per_floor":["M","?","M","$","M","E","M","E","T","M","?","?","R","M","R","B"],"character_chosen":"IRONCLAD","items_purchased":[],"campfire_rested":0,"item_purchase_floors":[],"current_hp_per_floor":[62,51,51,51,55,61,60,66,66,66,66,51,51,54,54,0,0],"gold":312,"neow_bonus":"ONE_RARE_RELIC","is_daily":false,"chose_seed":false,"campfire_upgraded":2,"win_rate":0.0,"timestamp":1610258681,"path_taken":["M","?","M","$","M","E","M","E","T","M","?","?","R","M","R","BOSS"],"items_purchased_type":[],"build_version":"2020-12-22","purchased_purges":1,"victory":false,"max_hp_per_floor":[68,68,68,68,71,71,74,74,74,77,77,77,77,80,80,80,80],"card_choices":[{"not_picked":["Clothesline","Rage"],"picked":"Bomb","floor":1},{"not_picked":["Warcry","Perfected Strike"],"picked":"Feed","floor":3},{"not_picked":["Shockwave","Metallicize","Thunderclap"],"picked":"SKIP","floor":5},{"not_picked":["Armaments","Clash","Sentinel"],"picked":"SKIP","floor":6},{"not_picked":["Disarm","Sword Boomerang","Heavy Blade"],"picked":"SKIP","floor":7},{"not_picked":["Armaments","Hemokinesis"],"picked":"Offering","floor":8},{"not_picked":["Body Slam","Flex"],"picked":"Pommel Strike","floor":10},{"not_picked":["Heavy Blade","Iron Wave","Rupture"],"picked":"SKIP","floor":14}],"player_experience":1806046,"relics_obtained":[{"floor":6,"key":"Oddly Smooth Stone"},{"floor":8,"key":"Bag of Preparation"},{"floor":9,"key":"SalivaCoin"}],"event_choices":[{"damage_healed":0,"gold_gain":75,"player_choice":"Gather Gold","damage_taken":11,"max_hp_gain":0,"max_hp_loss":0,"event_name":"World of Goop","floor":2,"gold_loss":0},{"cards_removed":["Strike_R"],"damage_healed":0,"gold_gain":0,"player_choice":"Card Removal","damage_taken":0,"max_hp_gain":0,"max_hp_loss":0,"event_name":"The Cleric","floor":11,"gold_loss":75}],"is_beta":false,"boss_relics":[],"items_purged_floors":[4],"is_endless":false,"potions_floor_spawned":[1,3,10],"killed_by":"Slime Boss","ascension_level":20}}