{"host":"rolltorest","time":1610238238,"event":{"mods":["BaseMod","Minty Spire (QoL Compilation)","Relic Stats","Robot Space Explorer","Slay the Relics Exporter","StSLib"],"gold_per_floor":[109,109,121,121,46,73,73,73,100,133,283,322,343,376,376,376,376],"floor_reached":16,"playtime":380,"items_purged":[],"score":294,"play_id":"5eadb163-3ff9-4aec-ba26-612befab9d10","local_time":"20210109162358","is_ascension_mode":true,"campfire_choices":[{"data":"RobotSpaceExplorer:Blitz","floor":8,"key":"SMITH"},{"data":"RobotSpaceExplorer:DoubleFind","floor":15,"key":"SMITH"}],"circlet_count":0,"master_deck":["AscendersBane","RobotSpaceExplorer:Strike","RobotSpaceExplorer:Strike","RobotSpaceExplorer:Strike","RobotSpaceExplorer:Defend","RobotSpaceExplorer:Defend","RobotSpaceExplorer:Defend","RobotSpaceExplorer:Defend","RobotSpaceExplorer:Scan","RobotSpaceExplorer:MiniLasers","RobotSpaceExplorer:GearShield","RobotSpaceExplorer:Blitz+1","RobotSpaceExplorer:ShovelStrike","RobotSpaceExplorer:LuckyStrike","Doubt","RobotSpaceExplorer:DoubleFind+1","RobotSpaceExplorer:StarLightning","RobotSpaceExplorer:DoubleBlock"],"relics":["RobotSpaceExplorer:RoboCore","NeowsBlessing","Mercury Hourglass","Golden Idol","Du-Vu Doll","Torii","Regal Pillow"],"acts_visited":["Exordium"],"potions_floor_usage":[10,14,16],"damage_taken":[{"damage":0,"enemies":"Cultist","floor":1,"turns":1},{"damage":0,"enemies":"Small Slimes","floor":3,"turns":1},{"damage":0,"enemies":"Gremlin Nob","floor":6,"turns":1},{"damage":14,"enemies":"Lagavulin","floor":10,"turns":7},{"damage":3,"enemies":"Gremlin Nob","floor":12,"turns":3},{"damage":0,"enemies":"2 Louse","floor":13,"turns":1},{"damage":13,"enemies":"3 Sentries","floor":14,"turns":8},{"damage":37,"enemies":"Hexaghost","floor":16,"turns":10}],"seed_played":"4707895074558555834","potions_obtained":[{"floor":1,"key":"GamblersBrew"},{"floor":2,"key":"CultistPotion"},{"floor":13,"key":"ColorlessPotion"}],"is_trial":false,"path_per_floor":["M","?","M","?","?","E","?","R","T","E","?","E","M","E","R","B"],"character_chosen":"RobotSpaceExplorer","items_purchased":[],"campfire_rested":0,"item_purchase_floors":[],"current_hp_per_floor":[64,64,64,69,69,69,69,69,69,55,55,52,52,39,39,2,2],"gold":376,"neow_bonus":"THREE_ENEMY_KILL","is_daily":false,"chose_seed":false,"campfire_upgraded":2,"win_rate":0.0,"timestamp":1610238238,"path_taken":["M","?","?","?","?","E","?","R","T","E","?","E","?","E","R","BOSS"],"items_purchased_type":[],"build_version":"2020-12-18","purchased_purges":0,"victory":false,"max_hp_per_floor":[71,71,71,76,76,76,69,69,69,69,69,69,69,69,69,69,69],"relic_stats":{"Regal Pillow":0,"Torii":21,"counters":[8,31],"Golden Idol":26,"obtain_stats":[{"Du-Vu Doll":10,"Regal Pillow":14,"NeowsBlessing":0,"Torii":12,"Golden Idol":7,"RobotSpaceExplorer:RoboCore":0,"Mercury Hourglass":6},{"Du-Vu Doll":4,"Regal Pillow":7,"NeowsBlessing":0,"Torii":5,"Golden Idol":3,"RobotSpaceExplorer:RoboCore":0,"Mercury Hourglass":3},{"Du-Vu Doll":9,"Regal Pillow":21,"NeowsBlessing":0,"Torii":12,"Golden Idol":3,"RobotSpaceExplorer:RoboCore":0,"Mercury Hourglass":3}],"Mercury Hourglass":[103]},"card_choices":[{"not_picked":["RobotSpaceExplorer:ScrapShield","RobotSpaceExplorer:Pulsar"],"picked":"RobotSpaceExplorer:GearShield","floor":1},{"not_picked":["RobotSpaceExplorer:ShockKick","RobotSpaceExplorer:Ammunition"],"picked":"RobotSpaceExplorer:Blitz","floor":3},{"not_picked":["RobotSpaceExplorer:SlimeMissile","RobotSpaceExplorer:Counterblock"],"picked":"RobotSpaceExplorer:ShovelStrike","floor":6},{"not_picked":["RobotSpaceExplorer:Wormhole","RobotSpaceExplorer:FreezingShield"],"picked":"RobotSpaceExplorer:LuckyStrike","floor":10},{"not_picked":["RobotSpaceExplorer:ScrapMissile","RobotSpaceExplorer:FrostMissile"],"picked":"RobotSpaceExplorer:DoubleFind","floor":12},{"not_picked":["RobotSpaceExplorer:SwiftStep","RobotSpaceExplorer:MetalStrike"],"picked":"RobotSpaceExplorer:StarLightning","floor":13},{"not_picked":["RobotSpaceExplorer:FrostMissile","RobotSpaceExplorer:ShovelStrike"],"picked":"RobotSpaceExplorer:DoubleBlock","floor":14}],"player_experience":1822559,"relics_obtained":[{"floor":6,"key":"Mercury Hourglass"},{"floor":10,"key":"Du-Vu Doll"},{"floor":12,"key":"Torii"},{"floor":14,"key":"Regal Pillow"}],"event_choices":[{"damage_healed":0,"gold_gain":0,"player_choice":"Got Potions","damage_taken":0,"max_hp_gain":0,"max_hp_loss":0,"event_name":"Lab","floor":2,"gold_loss":0},{"damage_healed":0,"gold_gain":0,"player_choice":"Donut","damage_taken":0,"max_hp_gain":5,"max_hp_loss":0,"event_name":"Big Fish","floor":4,"gold_loss":0},{"cards_removed":["RobotSpaceExplorer:Strike"],"damage_healed":0,"gold_gain":0,"player_choice":"Card Removal","damage_taken":0,"max_hp_gain":0,"max_hp_loss":0,"event_name":"The Cleric","floor":5,"gold_loss":75},{"damage_healed":0,"gold_gain":0,"player_choice":"Lose Max HP","damage_taken":0,"relics_obtained":["Golden Idol"],"max_hp_gain":0,"max_hp_loss":7,"event_name":"Golden Idol","floor":7,"gold_loss":0},{"damage_healed":0,"gold_gain":150,"player_choice":"AGREE","damage_taken":0,"max_hp_gain":0,"max_hp_loss":0,"event_name":"Liars Game","floor":11,"gold_loss":0,"cards_obtained":["Doubt"]}],"is_beta":true,"boss_relics":[],"items_purged_floors":[],"is_endless":false,"potions_floor_spawned":[1,3,13],"killed_by":"Hexaghost","ascension_level":19}}