{"host":"k5ezbu40hxyit46v","time":1610290779,"event":{"mods":["Act Like it!","Aspiration","Astrologer","BaseMod","BetterRewards","Conspire","DeckTracker","Energized Spire","Gensokyo","Googly Eyes","Halation","HexUI Lib","Highlight Path","Hubris","Infinite Spire","Ironclad Rager","Jedi Mod","Mad Scientist","Marisa????????","Minty Spire (QoL Compilation)","Quarter Circle Forward PUNCH!","Quick Restart","Replay The Spire","Reworked Bosses","Shop Mod","Spikes Relics","StSLib","The Administrix","The Awakened One except there are too many feathers","The Bladedancer","The Cursed","The IronCluck","The Servant 0.9.4","The Wild Card","everything is the same but u backflip on backflip","slay the spire mod where everything is the same but ironclad has a cowboy hat","vexMod"],"gold_per_floor":[114,114,131,189,189,189,189,189,189,189,189,189,189,189],"floor_reached":13,"playtime":354,"items_purged":[],"score":186,"play_id":"f4bdc643-c055-42d7-b6e2-81818d3564bc","local_time":"20210110095939","is_ascension_mode":true,"campfire_choices":[{"floor":7.0,"key":"REST"},{"floor":10.0,"key":"REST"}],"circlet_count":0,"master_deck":["AscendersBane","Survivor+1","Neutralize","ICR:VenomStrike+1","ICR:VenomStrike","ICR:VenomStrike+1","ICR:VenomStrike","ICR:VenomStrike+1","ICR:Dodge+1","ICR:Dodge+1","ICR:Dodge+1","ICR:Dodge+1"],"relics":["Ring of the Snake","hubris:Towel","jedi:ominousloannote","Gremlin Food","Whetstone","Frozen Egg 2","Omamori","aspiration:SeaSaltIceCream","vexMod:ImprovementManual"],"acts_visited":["Exordium"],"potions_floor_usage":[],"damage_taken":[{"damage":1.0,"enemies":"Jaw Worm","floor":1.0,"turns":4.0},{"damage":4.0,"enemies":"Small Slimes","floor":3.0,"turns":3.0},{"damage":7.0,"enemies":"Cultist","floor":5.0,"turns":5.0},{"damage":30.0,"enemies":"Gremlin Nob","floor":6.0,"turns":4.0},{"damage":23.0,"enemies":"Lagavulin","floor":8.0,"turns":7.0},{"damage":1.0,"enemies":"Large Slime","floor":12.0,"turns":8.0},{"damage":0,"enemies":"3 Sentries","floor":13,"turns":1}],"seed_played":"-7713330123811048204","potions_obtained":[{"floor":3.0,"key":"Toxic Potion"},{"floor":6.0,"key":"DuplicationPotion"},{"floor":8.0,"key":"PowerPotion"}],"is_trial":false,"path_per_floor":["M","?","M","$","M","E","R","E","T","R","?","M","E"],"character_chosen":"THE_SILENT","items_purchased":["jedi:ominousloannote","Gremlin Food","Whetstone"],"campfire_rested":2,"item_purchase_floors":[4,4,4],"current_hp_per_floor":[58,58,54,54,47,17,36,13,13,32,32,31,31,31],"gold":189,"neow_bonus":"SILENT_POISONER","is_daily":false,"chose_seed":false,"campfire_upgraded":0,"win_rate":0.0,"timestamp":1610290779,"path_taken":["M","?","M","$","M","E","R","E","T","R","?","?","E"],"items_purchased_type":["Relic","Relic","Relic"],"build_version":"2020-12-22","purchased_purges":0,"victory":false,"max_hp_per_floor":[66,66,66,66,66,66,66,66,66,66,66,66,66,66],"card_choices":[{"not_picked":["jedi:collectorvenom","Dagger Throw","ReplayTheSpireMod:Speed Training"],"picked":"SKIP","floor":1.0},{"not_picked":["Acrobatics","hubris:Sniper","jedi:unstablefumes"],"picked":"SKIP","floor":3.0},{"not_picked":["Acrobatics","Flying Knee","Sneak Up"],"picked":"SKIP","floor":5.0},{"not_picked":["hubris:Counter","ReplayTheSpireMod:Exploit Weakness","Quick Slash"],"picked":"SKIP","floor":6.0},{"not_picked":["Sucker Punch","Distraction","jedi:acidrain"],"picked":"SKIP","floor":8.0},{"not_picked":["Deflect","Replay:Bag of Tricks","Quick Slash"],"picked":"SKIP","floor":12.0}],"player_experience":1245109,"relics_obtained":[{"floor":6.0,"key":"Frozen Egg 2"},{"floor":8.0,"key":"Omamori"},{"floor":9.0,"key":"aspiration:SeaSaltIceCream"}],"event_choices":[{"cards_removed":["ICR:Dodge"],"damage_healed":0.0,"max_hp_gain":0.0,"max_hp_loss":0.0,"gold_gain":0.0,"event_name":"Bonfire Elementals","player_choice":"Offered Basic","floor":11.0,"gold_loss":0.0,"damage_taken":0.0}],"is_beta":false,"boss_relics":[],"items_purged_floors":[],"is_endless":false,"potions_floor_spawned":[3,6,8],"killed_by":"3 Sentries","ascension_level":20}}