{"host":"4id8injl4bo2b6ih","time":1610305390,"event":{"mods":["Act Like it!","BaseMod","Better Third Choice","Colored Map","Downfall","Ekko","Friendly Minions","Highlight Path","Ironclad Rager","Minty Spire (QoL Compilation)","Relic Stats","Robot Space Explorer","Shade Mod","Shop Mod","Spicy Shops","StSLib","The Bug Knight"],"gold_per_floor":[99,109,124,134,134,59,140,169,197,230,242,167,167,186,198,300,300,300,58,158,143,153,183,183,215,315,315,347,367,367,367,377,479,479,479,495,545,545,556,556,556,576,243,273,55,85,85,119,138,138],"floor_reached":51,"playtime":6138,"items_purged":["Shame"],"score":1160,"play_id":"d6b3e8e0-9681-47b6-b245-8388bb405839","local_time":"20210110200310","is_ascension_mode":true,"campfire_choices":[{"floor":1,"key":"RECALL"},{"data":"sneckomod:UnknownColorless","floor":6,"key":"SMITH"},{"floor":12,"key":"REST"},{"data":"sneckomod:MorePower","floor":18,"key":"SMITH"},{"data":"sneckomod:Nope","floor":30,"key":"SMITH"},{"data":"sneckomod:Nope","floor":35,"key":"SMITH"},{"data":"sneckomod:UnknownRarePower","floor":47,"key":"SMITH"}],"circlet_count":0,"master_deck":["sneckomod:Strike","sneckomod:Defend","sneckomod:Defend","sneckomod:Defend","sneckomod:TailWhip","sneckomod:Unknown","sneckomod:Unknown","sneckomod:Unknown3Cost","sneckomod:UnknownBlock","sneckomod:UnknownWeak","sneckomod:UnknownColorless+1","sneckomod:SerpentIdol","sneckomod:UnknownExhaust","sneckomod:CheapStock","sneckomod:MorePower+1","sneckomod:DefensiveFlair","sneckomod:UnknownRareSkill+1","sneckomod:Nope+1","sneckomod:UnknownRareSkill","sneckomod:UnknownRarePower+1","sneckomod:UnknownClassSHADE_COLOR+1","sneckomod:UnknownClassGREEN+1","sneckomod:UnknownUncommonPower","sneckomod:MorePower+1","J.A.X.","sneckomod:UnknownStrike","sneckomod:UnknownUncommonPower+1","sneckomod:UnknownWeak","sneckomod:SoulDraw","sneckomod:UnknownBlock","sneckomod:UnknownDexterity+1","sneckomod:UnknownRareAttack+1","sneckomod:UnknownClassGREEN+1","sneckomod:UnknownRareSkill+1","sneckomod:UnknownRareSkill+1","sneckomod:Unknown0Cost","sneckomod:SerpentIdol+1","sneckomod:UnknownStrength+1","sneckomod:UnknownRareSkill+1","sneckomod:UnknownRarePower+1","sneckomod:Nope+1","sneckomod:UnknownExhaust","sneckomod:UnknownExhaust+1","sneckomod:UnknownRareSkill","sneckomod:UnknownClassSLIMEBOUND+1","sneckomod:UnknownClassGUARDIAN+1","sneckomod:UnknownRareAttack+1","sneckomod:UnknownBlock+1","sneckomod:UnknownRarePower+1","sneckomod:IronFang+1","sneckomod:UnknownClassROBOT_ORANGE_COLOR","sneckomod:UnknownVulnerable+1","sneckomod:Unknown0Cost+1","sneckomod:UnknownClassGREEN","sneckomod:UnknownDexterity","sneckomod:UnknownStrength+1","sneckomod:UnknownClassBLUE+1","sneckomod:CheapStock+1","sneckomod:UnknownClassRED+1","sneckomod:MasterEye+1"],"relics":["sneckomod:SneckoSoul","downfall:ShatteredFragment","downfall:HeartBlessingRed","Mercury Hourglass","Odd Mushroom","Eternal Feather","downfall:HeartBlessingBlue","sneckomod:SneckoTalon","DollysMirror","MutagenicStrength","Darkstone Periapt","StoneCalendar","Juzu Bracelet","Omamori","Shuriken","Philosopher\u0027s Stone","WingedGreaves","Mummified Hand","Boot","Toy Ornithopter","Kunai","ClockworkSouvenir","HollowMod:PaleOreRelic","Toxic Egg 2"],"acts_visited":["Exordium","TheCity","TheBeyond"],"potions_floor_usage":[9,10,21,28,32],"damage_taken":[{"damage":0,"enemies":"Cultist","floor":2,"turns":4},{"damage":7,"enemies":"Jaw Worm","floor":3,"turns":3},{"damage":13,"enemies":"Small Slimes","floor":4,"turns":4},{"damage":10,"enemies":"Gremlin Nob","floor":8,"turns":3},{"damage":20,"enemies":"The Mushroom Lair","floor":9,"turns":3},{"damage":0,"enemies":"Lagavulin","floor":10,"turns":5},{"damage":8,"enemies":"Blue Slaver","floor":11,"turns":2},{"damage":0,"enemies":"2 Fungi Beasts","floor":14,"turns":3},{"damage":4,"enemies":"Exordium Wildlife","floor":15,"turns":4},{"damage":35,"enemies":"downfall:Watcher","floor":16,"turns":14},{"damage":15,"enemies":"downfall:FleeingMerchant","floor":19,"turns":5},{"damage":20,"enemies":"downfall:Augmenter","floor":20,"turns":5},{"damage":3,"enemies":"downfall:FleeingMerchant","floor":21,"turns":4},{"damage":12,"enemies":"3 Byrds","floor":22,"turns":2},{"damage":26,"enemies":"Book of Stabbing","floor":23,"turns":4},{"damage":17,"enemies":"Centurion and Healer","floor":25,"turns":5},{"damage":10,"enemies":"Slavers","floor":28,"turns":5},{"damage":6,"enemies":"Chosen and Byrds","floor":29,"turns":3},{"damage":0,"enemies":"Snecko","floor":32,"turns":3},{"damage":45,"enemies":"downfall:Silent","floor":33,"turns":7},{"damage":17,"enemies":"Orb Walker","floor":36,"turns":2},{"damage":24,"enemies":"Mind Bloom Boss Battle","floor":37,"turns":5},{"damage":65,"enemies":"3 Darklings","floor":39,"turns":5},{"damage":0,"enemies":"Spire Growth","floor":42,"turns":3},{"damage":18,"enemies":"Giant Head","floor":44,"turns":5},{"damage":13,"enemies":"downfall:FleeingMerchant","floor":45,"turns":4},{"damage":0,"enemies":"Nemesis","floor":46,"turns":7},{"damage":10,"enemies":"Giant Head","floor":48,"turns":5},{"damage":6,"enemies":"Jaw Worm Horde","floor":49,"turns":4},{"damage":23,"enemies":"downfall:Ironclad","floor":50,"turns":7}],"seed_played":"-4213602169005723445","potions_obtained":[{"floor":3,"key":"PowerPotion"},{"floor":4,"key":"Ancient Potion"},{"floor":8,"key":"Swift Potion"},{"floor":14,"key":"SkillPotion"},{"floor":20,"key":"Energy Potion"},{"floor":23,"key":"SmokeBomb"},{"floor":25,"key":"hexamod:EctoCoolerPotion"},{"floor":33,"key":"Strength Potion"},{"floor":38,"key":"downfall:CursedFountainPotion"},{"floor":44,"key":"Block Potion"},{"floor":46,"key":"EssenceOfSteel"}],"is_trial":false,"path_per_floor":["R","M","M","M","?","R","T","E","?","E","M","R","?","M","M","B",null,"R","$","?","$","M","E","T","M","?","?","E","M","R","?","M","B",null,"R","M","?","?","M","?","T","M","?","E","$","E","R","E","M","B",null],"character_chosen":"THE_SNECKO","items_purchased":["sneckomod:UnknownUncommonPower","DollysMirror","Toy Ornithopter","Kunai","ClockworkSouvenir"],"campfire_rested":1,"item_purchase_floors":[19,19,45,45,45],"current_hp_per_floor":[91,92,86,74,53,53,53,43,26,26,23,73,78,78,79,61,100,112,115,98,98,103,79,79,65,65,71,64,58,82,82,84,62,121,140,123,101,101,44,44,44,44,161,161,155,168,168,162,163,144],"gold":138,"neow_bonus":"ONE_RANDOM_RARE_CARD","is_daily":false,"chose_seed":false,"campfire_upgraded":5,"win_rate":0.0,"timestamp":1610305390,"path_taken":["R","M","M","M","?","R","T","E","?","E","M","R","?","M","M","BOSS","R","$","?","$","M","E","T","M","?","?","E","M","R","?","M","BOSS","R","M","?","?","M","?","T","M","?","E","$","E","R","E","M","BOSS"],"items_purchased_type":["Card","Relic","Relic","Relic","Relic"],"build_version":"2020-12-22","purchased_purges":1,"victory":true,"max_hp_per_floor":[91,92,93,94,94,94,94,94,95,95,95,105,110,110,111,113,113,113,116,119,122,124,126,126,126,126,132,135,135,135,135,137,140,140,140,140,142,142,143,143,143,143,161,164,165,168,168,168,169,169],"relic_stats":{"Darkstone Periapt":6,"counters":[30,133],"Shuriken":[25],"Mummified Hand":[53],"Eternal Feather":64,"StoneCalendar":[9],"Juzu Bracelet":1,"Kunai":[10],"Boot":[36],"obtain_stats":[{"Darkstone Periapt":23,"downfall:ShatteredFragment":5,"downfall:HeartBlessingRed":6,"Eternal Feather":10,"StoneCalendar":24,"Juzu Bracelet":27,"Omamori":28,"Odd Mushroom":9,"sneckomod:SneckoSoul":0,"sneckomod:SneckoTalon":17,"Boot":44,"Mercury Hourglass":8,"ClockworkSouvenir":45,"downfall:HeartBlessingBlue":12,"DollysMirror":19,"Shuriken":31,"Mummified Hand":41,"MutagenicStrength":20,"Philosopher\u0027s Stone":34,"WingedGreaves":37,"Kunai":45,"HollowMod:PaleOreRelic":46,"Toxic Egg 2":48,"Toy Ornithopter":45},{"Darkstone Periapt":15,"downfall:ShatteredFragment":3,"downfall:HeartBlessingRed":3,"Eternal Feather":6,"StoneCalendar":15,"Juzu Bracelet":16,"Omamori":17,"Odd Mushroom":5,"sneckomod:SneckoSoul":0,"sneckomod:SneckoTalon":10,"Boot":25,"Mercury Hourglass":4,"ClockworkSouvenir":26,"downfall:HeartBlessingBlue":7,"DollysMirror":11,"Shuriken":18,"Mummified Hand":23,"MutagenicStrength":12,"Philosopher\u0027s Stone":20,"WingedGreaves":22,"Kunai":26,"HollowMod:PaleOreRelic":27,"Toxic Egg 2":28,"Toy Ornithopter":26},{"Darkstone Periapt":64,"downfall:ShatteredFragment":11,"downfall:HeartBlessingRed":11,"Eternal Feather":22,"StoneCalendar":64,"Juzu Bracelet":69,"Omamori":74,"Odd Mushroom":17,"sneckomod:SneckoSoul":0,"sneckomod:SneckoTalon":44,"Boot":107,"Mercury Hourglass":14,"ClockworkSouvenir":110,"downfall:HeartBlessingBlue":24,"DollysMirror":49,"Shuriken":77,"Mummified Hand":99,"MutagenicStrength":54,"Philosopher\u0027s Stone":87,"WingedGreaves":94,"Kunai":110,"HollowMod:PaleOreRelic":117,"Toxic Egg 2":122,"Toy Ornithopter":110}],"Toy Ornithopter":0,"Mercury Hourglass":[335]},"card_choices":[{"not_picked":["sneckomod:UnknownCommonSkill","sneckomod:WideSting"],"picked":"sneckomod:UnknownBlock","floor":2},{"not_picked":["sneckomod:QuickBite","sneckomod:UnknownStrike"],"picked":"sneckomod:UnknownWeak","floor":3},{"not_picked":["sneckomod:QuickBite","sneckomod:DiceBoulder"],"picked":"sneckomod:UnknownColorless","floor":4},{"not_picked":["sneckomod:Unknown0Cost","sneckomod:IronFang"],"picked":"sneckomod:SerpentIdol","floor":8},{"not_picked":["sneckomod:SlitherStrike","sneckomod:UnknownCommonAttack"],"picked":"sneckomod:UnknownExhaust","floor":9},{"not_picked":["sneckomod:UnknownClassBLUE","sneckomod:SoulDraw"],"picked":"sneckomod:CheapStock","floor":10},{"not_picked":["sneckomod:UnknownEthereal","sneckomod:SoulDraw"],"picked":"sneckomod:MorePower","floor":11},{"not_picked":["sneckomod:QuickMove","sneckomod:UnknownCommonAttack"],"picked":"sneckomod:DefensiveFlair","floor":14},{"not_picked":["sneckomod:UnknownUncommonAttack+1","sneckomod:UnknownStrength+1"],"picked":"sneckomod:UnknownRareSkill+1","floor":15},{"not_picked":["sneckomod:UnknownBlock","sneckomod:UnknownStrike"],"picked":"sneckomod:Nope","floor":15},{"not_picked":["sneckomod:Cheat","sneckomod:Transmogrify"],"picked":"sneckomod:UnknownRareSkill","floor":16},{"not_picked":["sneckomod:UnknownColorless+1","sneckomod:UnknownX+1"],"picked":"sneckomod:UnknownRarePower+1","floor":16},{"not_picked":["sneckomod:UnknownX+1","sneckomod:UnknownClassBUGKNIGHT_GRAY_COLOR+1"],"picked":"sneckomod:UnknownClassSHADE_COLOR+1","floor":19},{"not_picked":["sneckomod:Unknown0Cost","sneckomod:QuickBite"],"picked":"sneckomod:UnknownClassGREEN+1","floor":19},{"not_picked":[],"picked":"J.A.X.","floor":20},{"not_picked":["sneckomod:UnknownClassGUARDIAN+1","sneckomod:UnknownBlock+1"],"picked":"sneckomod:UnknownUncommonPower+1","floor":20},{"not_picked":["sneckomod:GlitteringGambit","sneckomod:UnknownVulnerable"],"picked":"sneckomod:UnknownWeak","floor":20},{"not_picked":["sneckomod:UnknownVulnerable","sneckomod:UnknownStrike"],"picked":"sneckomod:UnknownBlock","floor":21},{"not_picked":["sneckomod:UnknownCommonAttack+1","sneckomod:UnknownExhaust+1"],"picked":"sneckomod:UnknownDexterity+1","floor":21},{"not_picked":["sneckomod:UnknownUncommonAttack+1","sneckomod:UnknownCommonSkill+1"],"picked":"sneckomod:UnknownRareAttack+1","floor":21},{"not_picked":["sneckomod:SoulRoll","sneckomod:SlitherStrike"],"picked":"sneckomod:UnknownClassGREEN+1","floor":22},{"not_picked":["sneckomod:UnknownClassROBOT_ORANGE_COLOR+1","sneckomod:Unknown2Cost+1"],"picked":"sneckomod:UnknownRareSkill+1","floor":22},{"not_picked":["sneckomod:UnknownClassPURPLE+1","sneckomod:UnknownClassGUARDIAN+1"],"picked":"sneckomod:UnknownRareSkill+1","floor":23},{"not_picked":["sneckomod:SoulRoll","sneckomod:Nope"],"picked":"sneckomod:Unknown0Cost","floor":23},{"not_picked":["sneckomod:QuickMove","sneckomod:PureSnecko+1"],"picked":"sneckomod:SerpentIdol+1","floor":25},{"not_picked":["sneckomod:UnknownClassPURPLE+1","sneckomod:UnknownCommonSkill+1"],"picked":"sneckomod:UnknownStrength+1","floor":28},{"not_picked":["sneckomod:UnknownClassRED+1","sneckomod:UnknownUncommonPower+1"],"picked":"sneckomod:UnknownRareSkill+1","floor":28},{"not_picked":["sneckomod:RainOfDice","sneckomod:UnknownStrength+1"],"picked":"sneckomod:UnknownRarePower","floor":28},{"not_picked":["sneckomod:Rotation+1","sneckomod:DiceCrush"],"picked":"sneckomod:Nope","floor":29},{"not_picked":["sneckomod:RainOfDice","sneckomod:UnknownCommonAttack"],"picked":"sneckomod:UnknownExhaust","floor":32},{"not_picked":["sneckomod:UnknownUncommonAttack+1","sneckomod:UnknownCommonSkill+1"],"picked":"sneckomod:UnknownExhaust+1","floor":32},{"not_picked":["sneckomod:Mudshield","sneckomod:UnknownColorless"],"picked":"sneckomod:UnknownRareSkill","floor":33},{"not_picked":["sneckomod:UnknownClassPURPLE+1","sneckomod:UnknownClassBLUE+1"],"picked":"sneckomod:UnknownClassSLIMEBOUND+1","floor":33},{"not_picked":["sneckomod:UnknownX+1","sneckomod:UnknownClassPURPLE+1"],"picked":"sneckomod:UnknownClassGUARDIAN+1","floor":33},{"not_picked":["sneckomod:UnknownStrike","sneckomod:SoulRoll","sneckomod:Unknown1Cost+1"],"picked":"SKIP","floor":36},{"not_picked":["sneckomod:UnknownClassRED+1","sneckomod:UnknownCommonAttack+1"],"picked":"sneckomod:UnknownRareAttack+1","floor":37},{"not_picked":["sneckomod:SerpentIdol+1","sneckomod:UnknownWeak+1"],"picked":"sneckomod:UnknownBlock+1","floor":37},{"not_picked":["sneckomod:UnknownClassROBOT_ORANGE_COLOR+1","sneckomod:UnknownClassHEXA_GHOST_PURPLE+1"],"picked":"sneckomod:UnknownRarePower+1","floor":39},{"not_picked":["sneckomod:TrashToTreasure","sneckomod:RainOfDice+1","sneckomod:SoulDraw+1"],"picked":"SKIP","floor":39},{"not_picked":["sneckomod:RainOfDice","sneckomod:UnknownClassPURPLE+1"],"picked":"sneckomod:IronFang+1","floor":42},{"not_picked":["sneckomod:UnknownWeak","sneckomod:RainOfDice"],"picked":"sneckomod:UnknownClassROBOT_ORANGE_COLOR","floor":44},{"not_picked":["sneckomod:UnknownUncommonAttack+1","sneckomod:UnknownClassBLUE+1"],"picked":"sneckomod:UnknownVulnerable+1","floor":44},{"not_picked":["sneckomod:UnknownX+1","sneckomod:UnknownCommonSkill+1"],"picked":"sneckomod:Unknown0Cost+1","floor":44},{"not_picked":["sneckomod:DiceCrush","sneckomod:Unknown1Cost+1"],"picked":"sneckomod:UnknownClassGREEN","floor":45},{"not_picked":["sneckomod:UnknownStrike+1","sneckomod:UnknownCommonAttack+1","sneckomod:UnknownClassSHADE_COLOR+1"],"picked":"SKIP","floor":45},{"not_picked":["sneckomod:Unknown1Cost+1","sneckomod:UnknownCommonSkill+1"],"picked":"sneckomod:UnknownDexterity","floor":46},{"not_picked":["sneckomod:UnknownX+1","sneckomod:UnknownClassTHE_CHAMP_GRAY+1"],"picked":"sneckomod:UnknownStrength+1","floor":46},{"not_picked":["sneckomod:UnknownClassEKKO_BLUE_COLOR+1","sneckomod:UnknownClassSHADE_COLOR+1"],"picked":"sneckomod:UnknownClassBLUE+1","floor":46},{"not_picked":["sneckomod:RainOfDice","sneckomod:Unknown1Cost+1"],"picked":"sneckomod:CheapStock+1","floor":48},{"not_picked":["sneckomod:UnknownClassROBOT_ORANGE_COLOR+1","sneckomod:UnknownUncommonAttack+1"],"picked":"sneckomod:UnknownClassRED+1","floor":49},{"not_picked":["sneckomod:UnknownClassRED+1","sneckomod:QuickBite+1"],"picked":"sneckomod:MasterEye+1","floor":49}],"player_experience":421998,"relics_obtained":[{"floor":8,"key":"Mercury Hourglass"},{"floor":9,"key":"Odd Mushroom"},{"floor":10,"key":"Eternal Feather"},{"floor":20,"key":"MutagenicStrength"},{"floor":23,"key":"Darkstone Periapt"},{"floor":24,"key":"StoneCalendar"},{"floor":28,"key":"Omamori"},{"floor":37,"key":"WingedGreaves"},{"floor":41,"key":"Mummified Hand"},{"floor":44,"key":"Boot"},{"floor":46,"key":"HollowMod:PaleOreRelic"},{"floor":48,"key":"Toxic Egg 2"}],"event_choices":[{"damage_healed":0,"gold_gain":0,"player_choice":"Fought Mushrooms","damage_taken":0,"max_hp_gain":0,"max_hp_loss":0,"event_name":"Mushrooms","floor":9,"gold_loss":0},{"damage_healed":0,"gold_gain":0,"player_choice":"Donut","damage_taken":0,"max_hp_gain":5,"max_hp_loss":0,"event_name":"Big Fish","floor":13,"gold_loss":0},{"damage_healed":0,"gold_gain":0,"player_choice":"Stole Relic","damage_taken":0,"relics_obtained":["Juzu Bracelet"],"max_hp_gain":0,"max_hp_loss":0,"event_name":"Addict","floor":27,"gold_loss":0,"cards_obtained":["Shame"]},{"cards_removed":["sneckomod:SnekBite"],"damage_healed":0,"gold_gain":0,"player_choice":"Removed Attack","damage_taken":0,"max_hp_gain":0,"max_hp_loss":0,"event_name":"Falling","floor":40,"gold_loss":0}],"is_beta":false,"boss_relics":[{"not_picked":["SlaversCollar","SacredBark"],"picked":"sneckomod:SneckoTalon"},{"not_picked":["Velvet Choker","Tiny House"],"picked":"Philosopher\u0027s Stone"}],"items_purged_floors":[45],"is_endless":false,"potions_floor_spawned":[3,4,8,14,20,23,25,33,39,44,46,49],"ascension_level":5}}