{"host":"x205naxbihvu3p76","time":1610284340,"event":{"mods":["AchievementEnabler","BaseMod","Minty Spire (QoL Compilation)","StSLib","SuperFastMode"],"gold_per_floor":[113,113,128,128,128,461,461,510,586,598,598,610,610,624,624,702,702,720,720,538,463,474,509,509,526,526,536,536,566,95,113,113,189,189,207,232,244,26,26,51,62,62,62,62,62],"floor_reached":44,"playtime":1272,"items_purged":["Strike_B","Strike_B","Defend_B"],"score":977,"play_id":"18f6a167-e871-4b05-9afa-21a3e7fb3491","local_time":"20210110221220","is_ascension_mode":true,"campfire_choices":[{"data":"Consume","floor":7.0,"key":"SMITH"},{"data":"Capacitor","floor":13.0,"key":"SMITH"},{"data":"Zap","floor":15.0,"key":"SMITH"},{"floor":24.0,"key":"REST"},{"floor":28.0,"key":"REST"},{"floor":32.0,"key":"REST"}],"circlet_count":0,"master_deck":["AscendersBane","Defend_B","Defend_B","Defend_B","Zap+1","Dualcast","Consume+1","Capacitor+1","Leap","Rainbow","Glacier","Echo Form","Compile Driver","Defragment","Ball Lightning+1","Conserve Battery+1","Auto Shields","Barrage+1","Capacitor","Self Repair","Reinforced Body","Steam+1","Electrodynamics","Dark Shackles","Echo Form","Capacitor"],"relics":["Cracked Core","NeowsBlessing","Tiny Chest","Old Coin","Lantern","White Beast Statue","Kunai","Nuclear Battery","Smiling Mask","Bottled Tornado","Potion Belt","Philosopher\u0027s Stone","Whetstone","Toy Ornithopter","The Courier","HornCleat"],"acts_visited":["Exordium","TheCity","TheBeyond"],"potions_floor_usage":[41,41,44,44],"damage_taken":[{"damage":0.0,"enemies":"Jaw Worm","floor":1.0,"turns":1.0},{"damage":0.0,"enemies":"2 Louse","floor":3.0,"turns":1.0},{"damage":0.0,"enemies":"Lagavulin","floor":6.0,"turns":1.0},{"damage":4.0,"enemies":"Small Slimes","floor":10.0,"turns":4.0},{"damage":7.0,"enemies":"Looter","floor":12.0,"turns":4.0},{"damage":7.0,"enemies":"Exordium Wildlife","floor":14.0,"turns":4.0},{"damage":7.0,"enemies":"Hexaghost","floor":16.0,"turns":10.0},{"damage":4.0,"enemies":"Spheric Guardian","floor":18.0,"turns":7.0},{"damage":17.0,"enemies":"Shell Parasite","floor":22.0,"turns":7.0},{"damage":18.0,"enemies":"Gremlin Leader","floor":23.0,"turns":5.0},{"damage":11.0,"enemies":"Chosen and Byrds","floor":25.0,"turns":5.0},{"damage":16.0,"enemies":"Centurion and Healer","floor":27.0,"turns":7.0},{"damage":33.0,"enemies":"Book of Stabbing","floor":29.0,"turns":6.0},{"damage":0.0,"enemies":"3 Cultists","floor":31.0,"turns":7.0},{"damage":20.0,"enemies":"Champ","floor":33.0,"turns":9.0},{"damage":4.0,"enemies":"3 Shapes","floor":35.0,"turns":5.0},{"damage":19.0,"enemies":"3 Darklings","floor":37.0,"turns":4.0},{"damage":20.0,"enemies":"Giant Head","floor":40.0,"turns":10.0},{"damage":63,"enemies":"Writhing Mass","floor":41,"turns":5},{"damage":19,"enemies":"Transient","floor":44,"turns":5}],"seed_played":"4129428882043515585","potions_obtained":[{"floor":1.0,"key":"Regen Potion"},{"floor":6.0,"key":"Fire Potion"},{"floor":12.0,"key":"EssenceOfDarkness"},{"floor":14.0,"key":"Weak Potion"},{"floor":16.0,"key":"ColorlessPotion"},{"floor":23.0,"key":"EssenceOfSteel"},{"floor":25.0,"key":"PowerPotion"},{"floor":27.0,"key":"Swift Potion"},{"floor":29.0,"key":"DuplicationPotion"},{"floor":31.0,"key":"LiquidBronze"},{"floor":33.0,"key":"FocusPotion"},{"floor":35.0,"key":"Block Potion"},{"floor":37.0,"key":"Fire Potion"},{"floor":40.0,"key":"FocusPotion"},{"floor":41,"key":"FocusPotion"}],"is_trial":false,"path_per_floor":["M","?","M","?","?","E","R","T","T","M","T","M","R","M","R","B",null,"M","?","$","?","M","E","R","M","T","M","R","E","$","M","R","B",null,"M","T","M","$","?","E","M","?","T","M"],"character_chosen":"DEFECT","items_purchased":["Defragment","Ball Lightning","Potion Belt","Self Repair","Reinforced Body","DistilledChaos","Toy Ornithopter"],"campfire_rested":3,"item_purchase_floors":[20,20,30,30,30,30,38],"current_hp_per_floor":[64,38,38,31,31,31,31,31,31,27,27,32,32,25,25,18,58,54,54,54,54,37,19,40,29,29,13,34,1,1,8,29,23,59,69,69,57,57,57,56,3,3,3,0,0],"gold":62,"neow_bonus":"THREE_ENEMY_KILL","is_daily":false,"chose_seed":false,"campfire_upgraded":3,"win_rate":0.0,"timestamp":1610284340,"path_taken":["M","?","M","?","?","E","R","?","T","M","?","?","R","M","R","BOSS","M","?","$","?","M","E","R","M","T","M","R","E","$","M","R","BOSS","M","?","M","$","?","E","M","?","T","M"],"items_purchased_type":["Card","Card","Relic","Card","Card","Potion","Relic"],"build_version":"2020-12-22","purchased_purges":3,"victory":false,"max_hp_per_floor":[71,71,71,71,71,71,71,71,71,71,71,71,71,71,71,71,71,71,71,71,71,71,71,71,71,71,71,71,71,71,71,71,71,71,71,71,71,71,71,71,71,67,67,67,67],"card_choices":[{"not_picked":["Undo","Coolheaded"],"picked":"Consume","floor":1.0},{"not_picked":["Turbo","Steam"],"picked":"Capacitor","floor":3.0},{"not_picked":["Capacitor","Self Repair"],"picked":"Leap","floor":6.0},{"not_picked":["Streamline","Leap","Redo"],"picked":"SKIP","floor":10.0},{"not_picked":["Doom and Gloom","Double Energy"],"picked":"Rainbow","floor":12.0},{"not_picked":["Steam","Sweeping Beam"],"picked":"Glacier","floor":14.0},{"not_picked":["Creative AI","Core Surge"],"picked":"Echo Form","floor":16.0},{"not_picked":["Loop","Hologram","Compile Driver"],"picked":"SKIP","floor":18.0},{"not_picked":["Loop","Hologram"],"picked":"Compile Driver","floor":18.0},{"not_picked":["Genetic Algorithm","Redo"],"picked":"Conserve Battery+1","floor":22.0},{"not_picked":["Sweeping Beam","Turbo"],"picked":"Auto Shields","floor":23.0},{"not_picked":["Glacier","Ball Lightning"],"picked":"Barrage","floor":25.0},{"not_picked":["Glacier","Cold Snap"],"picked":"Capacitor","floor":27.0},{"not_picked":["Rebound","Lockon+1","Hello World"],"picked":"SKIP","floor":29.0},{"not_picked":["Beam Cell+1","Coolheaded"],"picked":"Steam+1","floor":31.0},{"not_picked":["All For One","Multi-Cast"],"picked":"Electrodynamics","floor":33.0},{"not_picked":["Leap","Consume","Barrage+1"],"picked":"SKIP","floor":35.0},{"not_picked":["Darkness+1","Barrage","Leap+1"],"picked":"SKIP","floor":37.0},{"not_picked":["PanicButton","Swift Strike"],"picked":"Dark Shackles","floor":39.0},{"not_picked":["Rip and Tear","Scrape"],"picked":"Echo Form","floor":40.0},{"not_picked":["Reinforced Body","Rebound"],"picked":"Capacitor","floor":41}],"player_experience":961225,"relics_obtained":[{"floor":6.0,"key":"Old Coin"},{"floor":8.0,"key":"Lantern"},{"floor":9.0,"key":"White Beast Statue"},{"floor":11.0,"key":"Kunai"},{"floor":23.0,"key":"Smiling Mask"},{"floor":29.0,"key":"Bottled Tornado"},{"floor":36.0,"key":"Whetstone"},{"floor":40.0,"key":"The Courier"},{"floor":43,"key":"HornCleat"}],"event_choices":[{"damage_healed":0.0,"max_hp_gain":0.0,"max_hp_loss":0.0,"gold_gain":0.0,"event_name":"Scrap Ooze","player_choice":"Success","floor":2.0,"gold_loss":0.0,"damage_taken":26.0,"relics_obtained":["Tiny Chest"]},{"cards_removed":["Strike_B"],"damage_healed":0.0,"max_hp_gain":0.0,"max_hp_loss":0.0,"gold_gain":0.0,"event_name":"Golden Wing","player_choice":"Card Removal","floor":4.0,"gold_loss":0.0,"damage_taken":7.0},{"damage_healed":0.0,"max_hp_gain":0.0,"max_hp_loss":0.0,"gold_gain":0.0,"event_name":"Liars Game","player_choice":"Ignored","floor":5.0,"gold_loss":0.0,"damage_taken":0.0},{"damage_healed":0.0,"max_hp_gain":0.0,"max_hp_loss":0.0,"gold_gain":0.0,"event_name":"Cursed Tome","player_choice":"Ignored","floor":19.0,"gold_loss":0.0,"damage_taken":0.0},{"cards_removed":["Strike_B"],"damage_healed":0.0,"max_hp_gain":0.0,"max_hp_loss":0.0,"gold_gain":0.0,"event_name":"Beggar","player_choice":"Gave Gold","floor":21.0,"gold_loss":75.0,"damage_taken":0.0},{"damage_healed":0.0,"max_hp_gain":0.0,"max_hp_loss":0.0,"gold_gain":0.0,"event_name":"SensoryStone","player_choice":"Memory 1","floor":39.0,"gold_loss":0.0,"damage_taken":0.0},{"damage_healed":0,"gold_gain":0,"player_choice":"Max HP","damage_taken":0,"max_hp_gain":0,"max_hp_loss":4,"event_name":"Winding Halls","floor":42,"gold_loss":0}],"is_beta":false,"boss_relics":[{"not_picked":["Pandora\u0027s Box","Empty Cage"],"picked":"Nuclear Battery"},{"not_picked":["Coffee Dripper","SlaversCollar"],"picked":"Philosopher\u0027s Stone"}],"items_purged_floors":[20,30,38],"is_endless":false,"potions_floor_spawned":[1,6,10,12,14,16,18,22,23,25,27,29,31,33,35,37,40,41],"killed_by":"Transient","ascension_level":19}}