{"host":"spsrt7uenoh0uedx","time":1610270193,"event":{"mods":["Act Like it!","Arknights The Spire","BaseMod","Downfall","Gensokyo","Hallownest","Marisa£®ÏF”Í°°ƒß¿Ì…≥£©","Minty Spire (QoL Compilation)","StSLib","The Cursed","The Gatherer","The Hierophant","The Runesmith","The Servant 0.9.4","WarShipGirlsR/’ΩΩ¢…Ÿ≈ÆR mod","Youmu£®ªÍ∆«—˝√Œ£©","Yuri Mod"],"gold_per_floor":[117,117,128,128,156,156,195,209,236,265,265,296,296,333,333,333,333],"floor_reached":16,"playtime":578,"items_purged":[],"score":104,"play_id":"6ec3f465-bb0b-4b11-bdd0-3f9d67bcd2aa","local_time":"20210110171633","is_ascension_mode":false,"campfire_choices":[{"data":"hierophant:SealAway","floor":6,"key":"SMITH"},{"data":"hierophant:Purify","floor":13,"key":"SMITH"},{"floor":15,"key":"REST"}],"circlet_count":0,"master_deck":["hierophant:Strike_Hierophant","hierophant:Strike_Hierophant","hierophant:Punish","hierophant:Defend_Hierophant","hierophant:Defend_Hierophant","hierophant:Defend_Hierophant","hierophant:Defend_Hierophant","hierophant:ChurchCoffers","hierophant:SealAway+1","hierophant:Doubloon","hierophant:FieryStrike","hierophant:OrnateBuckler","hierophant:Purify+1","hierophant:Doubloon","hierophant:Charity","hierophant:Doubloon","hierophant:CursedGold","hierophant:LocustPlague"],"relics":["hierophant:PropheticMaskRelic","NeowsBlessing","Boot","Smiling Mask","Nunchaku"],"acts_visited":["Exordium"],"potions_floor_usage":[7,10,16],"damage_taken":[{"damage":0,"enemies":"2 Louse","floor":1,"turns":1},{"damage":0,"enemies":"Small Slimes","floor":3,"turns":1},{"damage":0,"enemies":"Cultist","floor":5,"turns":1},{"damage":26,"enemies":"Gremlin Nob","floor":7,"turns":4},{"damage":7,"enemies":"Large Slime","floor":8,"turns":4},{"damage":0,"enemies":"Gremlin Gang","floor":10,"turns":4},{"damage":4,"enemies":"3 Louse","floor":12,"turns":3},{"damage":16,"enemies":"Lots of Slimes","floor":14,"turns":4},{"damage":21,"enemies":"The Guardian","floor":16,"turns":5}],"seed_played":"2787664178674814172","potions_obtained":[{"floor":5,"key":"Weak Potion"},{"floor":7,"key":"SpeedPotion"},{"floor":8,"key":"Fire Potion"},{"floor":14,"key":"LiquidMemories"}],"is_trial":false,"path_per_floor":["M","?","M","?","M","R","E","M","T","M","?","M","R","M","R","B"],"character_chosen":"HIEROPHANT","items_purchased":[],"campfire_rested":1,"item_purchase_floors":[],"current_hp_per_floor":[75,63,63,63,63,63,37,30,30,30,30,26,26,10,32,11,11],"gold":333,"neow_bonus":"THREE_ENEMY_KILL","is_daily":false,"chose_seed":false,"campfire_upgraded":2,"win_rate":0.0,"timestamp":1610270193,"path_taken":["M","?","M","?","M","R","E","?","T","M","?","?","R","M","R","BOSS"],"items_purchased_type":[],"build_version":"2020-12-22","purchased_purges":0,"victory":false,"max_hp_per_floor":[75,75,75,75,75,75,75,75,75,75,75,75,75,75,75,75,75],"card_choices":[{"not_picked":["hierophant:Encroach","hierophant:Blessing"],"picked":"hierophant:SealAway","floor":1},{"not_picked":["hierophant:FlamingChariot","hierophant:Encroach"],"picked":"hierophant:Doubloon","floor":3},{"not_picked":["hierophant:AuricBeam","hierophant:DisplayOfPower"],"picked":"hierophant:FieryStrike","floor":5},{"not_picked":["hierophant:Purify","hierophant:FlamingChariot"],"picked":"hierophant:OrnateBuckler","floor":7},{"not_picked":["hierophant:Encroach","hierophant:EyeForCoin"],"picked":"hierophant:Purify","floor":8},{"not_picked":["hierophant:Zeal","hierophant:Upheaval"],"picked":"hierophant:Charity","floor":10},{"not_picked":["hierophant:EyeForCoin","hierophant:Doomsaying"],"picked":"hierophant:CursedGold","floor":12},{"not_picked":["hierophant:SolarFlare","hierophant:Martyrdom"],"picked":"hierophant:LocustPlague","floor":14}],"player_experience":215874,"relics_obtained":[{"floor":7,"key":"Smiling Mask"},{"floor":9,"key":"Nunchaku"}],"event_choices":[{"damage_healed":0,"gold_gain":0,"player_choice":"Success","damage_taken":12,"relics_obtained":["Boot"],"max_hp_gain":0,"max_hp_loss":0,"event_name":"Scrap Ooze","floor":2,"gold_loss":0},{"cards_removed":["hierophant:Strike_Hierophant"],"damage_healed":0,"gold_gain":0,"player_choice":"Offered Basic","damage_taken":0,"max_hp_gain":0,"max_hp_loss":0,"event_name":"Bonfire Elementals","floor":4,"gold_loss":0},{"cards_removed":["hierophant:Strike_Hierophant"],"damage_healed":0,"gold_gain":0,"player_choice":"Purged","damage_taken":0,"max_hp_gain":0,"max_hp_loss":0,"event_name":"Purifier","floor":11,"gold_loss":0}],"is_beta":false,"boss_relics":[],"items_purged_floors":[],"is_endless":false,"potions_floor_spawned":[5,7,8,14],"killed_by":"The Guardian","ascension_level":0}}