{"host":"0vlubjftylzdr3ny","time":1610320471,"event":{"mods":["Always Whale","BaseMod","GifTheSpireLib","Minty Spire (QoL Compilation)","Relic Filter","StSLib","Stuff the Spire"],"gold_per_floor":[114,128,142,27,43,43,120,120,120,150,50,50,69,103,103,207,207,222,233,260,260,272,272,300,300,300,325,119,130,155,155,155,259,259,278,328,342,359,373,373,401,414,466,466,466,495,495,39,39,39],"floor_reached":51,"playtime":2392,"items_purged":["Strike_G","Strike_G","Defend_G","Strike_G"],"score":939,"play_id":"a71328a8-fc23-4de3-8888-bd71cc2d20a1","local_time":"20210111001431","is_ascension_mode":true,"campfire_choices":[{"data":"Noxious Fumes","floor":6,"key":"SMITH"},{"data":"Bouncing Flask","floor":8,"key":"SMITH"},{"data":"Survivor","floor":12,"key":"SMITH"},{"data":"Blur","floor":15,"key":"SMITH"},{"floor":23,"key":"REST"},{"data":"Bane","floor":25,"key":"SMITH"},{"data":"Bane","floor":32,"key":"SMITH"},{"data":"Malaise","floor":40,"key":"SMITH"},{"data":"Defend_G","floor":44,"key":"SMITH"},{"floor":47,"key":"REST"},{"data":"Flash of Steel","floor":49,"key":"SMITH"}],"circlet_count":0,"master_deck":["Strike_G","Strike_G","Defend_G","Defend_G","Defend_G","Defend_G+1","Survivor+1","Neutralize+1","Noxious Fumes+1","Bouncing Flask+1","StuffTheSpire:Incantation","Venomology","Bane+1","Blur+1","Bane+1","Backflip+1","Flash of Steel+1","Malaise+1","Madness","Madness"],"relics":["StuffTheSpire:OccultApparatus","InkBottle","Snake Skull","Mango","PreservedInsect","Busted Crown","Red Mask","Pantograph","White Beast Statue","Kunai","Bottled Tornado","HoveringKite","StuffTheSpire:Nightcore","Tough Bandages","Vajra","StuffTheSpire:CocoNut","FossilizedHelix"],"acts_visited":["Exordium","TheCity","TheBeyond"],"potions_floor_usage":[10,10,14,16,18,20,20,20,27,27,30,33,35,36,37,38,39,41,42,50,50,50,50,50,50,50],"damage_taken":[{"damage":4,"enemies":"Cultist","floor":1,"turns":4},{"damage":5,"enemies":"Small Slimes","floor":2,"turns":4},{"damage":0,"enemies":"2 Louse","floor":3,"turns":4},{"damage":9,"enemies":"Exordium Thugs","floor":5,"turns":6},{"damage":11,"enemies":"Lagavulin","floor":10,"turns":6},{"damage":8,"enemies":"2 Fungi Beasts","floor":13,"turns":5},{"damage":8,"enemies":"3 Sentries","floor":14,"turns":6},{"damage":0,"enemies":"Slime Boss","floor":16,"turns":6},{"damage":24,"enemies":"2 Thieves","floor":18,"turns":4},{"damage":0,"enemies":"Shell Parasite","floor":19,"turns":5},{"damage":21,"enemies":"Masked Bandits","floor":20,"turns":3},{"damage":23,"enemies":"Shelled Parasite and Fungi","floor":22,"turns":4},{"damage":3,"enemies":"Book of Stabbing","floor":24,"turns":5},{"damage":0,"enemies":"Slavers","floor":27,"turns":4},{"damage":0,"enemies":"Cultist and Chosen","floor":29,"turns":5},{"damage":0,"enemies":"Book of Stabbing","floor":30,"turns":3},{"damage":11,"enemies":"Automaton","floor":33,"turns":8},{"damage":4,"enemies":"3 Darklings","floor":35,"turns":5},{"damage":2,"enemies":"Mind Bloom Boss Battle","floor":36,"turns":8},{"damage":0,"enemies":"Orb Walker","floor":37,"turns":4},{"damage":19,"enemies":"Writhing Mass","floor":38,"turns":4},{"damage":2,"enemies":"Transient","floor":39,"turns":5},{"damage":18,"enemies":"Nemesis","floor":41,"turns":7},{"damage":0,"enemies":"Spire Growth","floor":42,"turns":4},{"damage":9,"enemies":"Reptomancer","floor":46,"turns":6},{"damage":46,"enemies":"Time Eater","floor":50,"turns":10}],"seed_played":"6839118719839134275","potions_obtained":[{"floor":3,"key":"Regen Potion"},{"floor":5,"key":"SmokeBomb"},{"floor":10,"key":"SmokeBomb"},{"floor":13,"key":"GamblersBrew"},{"floor":19,"key":"Regen Potion"},{"floor":20,"key":"SmokeBomb"},{"floor":27,"key":"Poison Potion"},{"floor":30,"key":"FearPotion"},{"floor":37,"key":"Poison Potion"},{"floor":42,"key":"CultistPotion"}],"is_trial":false,"path_per_floor":["M","M","M","$","M","R","T","R","T","E","$","R","M","E","R","B",null,"M","M","?","?","M","R","E","R","T","E","$","M","E","?","R","B",null,"M","?","M","M","M","R","E","M","T","R","?","E","R","$","R","B",null],"character_chosen":"THE_SILENT","items_purchased":["StuffTheSpire:Incantation","Flash of Steel","FossilizedHelix"],"campfire_rested":2,"item_purchase_floors":[4,28,48],"current_hp_per_floor":[66,61,61,61,52,52,52,52,52,70,70,70,62,54,54,54,84,60,60,51,35,12,37,34,34,34,34,34,34,34,34,34,48,84,80,82,82,63,61,61,43,43,43,43,32,30,57,57,57,48],"gold":39,"neow_bonus":"UPGRADE_CARD","is_daily":false,"chose_seed":false,"campfire_upgraded":9,"win_rate":0.0,"timestamp":1610320471,"path_taken":["M","M","?","$","M","R","?","R","T","E","$","R","M","E","R","BOSS","M","M","?","?","?","R","E","R","T","E","$","M","E","?","R","BOSS","M","?","M","M","M","R","E","M","T","R","?","E","R","$","R","BOSS"],"items_purchased_type":["Card","Card","Relic"],"build_version":"2020-12-22","purchased_purges":4,"victory":true,"max_hp_per_floor":[70,70,70,70,70,70,70,70,70,84,84,84,84,84,84,84,84,84,84,84,84,84,84,84,84,84,84,84,84,84,84,84,84,84,84,84,84,84,84,84,84,84,84,84,84,91,91,91,91,91],"card_choices":[{"not_picked":["Deadly Poison","Poisoned Stab"],"picked":"Noxious Fumes","floor":1},{"not_picked":["Flying Knee","All Out Attack","StuffTheSpire:Python"],"picked":"SKIP","floor":2},{"not_picked":["Acrobatics","PiercingWail"],"picked":"Bouncing Flask","floor":3},{"not_picked":["StuffTheSpire:Shiver","Setup"],"picked":"Venomology","floor":5},{"not_picked":["Doppelganger","StuffTheSpire:Incursion"],"picked":"Bane","floor":10},{"not_picked":["Tactician","Cloak And Dagger"],"picked":"Blur","floor":13},{"not_picked":["Blade Dance","Underhanded Strike"],"picked":"Bane","floor":14},{"not_picked":["StuffTheSpire:Incursion+1"],"picked":"SKIP","floor":18},{"not_picked":["StuffTheSpire:Repulse"],"picked":"SKIP","floor":19},{"not_picked":[],"picked":"Backflip+1","floor":20},{"not_picked":["Dodge and Roll"],"picked":"SKIP","floor":22},{"not_picked":["StuffTheSpire:BumpUp"],"picked":"SKIP","floor":24},{"not_picked":["Bullet Time"],"picked":"SKIP","floor":27},{"not_picked":["Flying Knee"],"picked":"SKIP","floor":29},{"not_picked":["Well Laid Plans"],"picked":"SKIP","floor":30},{"not_picked":[],"picked":"Malaise","floor":33},{"not_picked":["Underhanded Strike"],"picked":"SKIP","floor":35},{"not_picked":["Dodge and Roll"],"picked":"SKIP","floor":37},{"not_picked":["Backflip"],"picked":"SKIP","floor":38},{"not_picked":["StuffTheSpire:Incantation+1"],"picked":"SKIP","floor":39},{"not_picked":["Expertise"],"picked":"SKIP","floor":41},{"not_picked":["Dagger Throw"],"picked":"SKIP","floor":42},{"not_picked":["StuffTheSpire:Injection+1"],"picked":"SKIP","floor":46}],"player_experience":814837,"relics_obtained":[{"floor":7,"key":"InkBottle"},{"floor":9,"key":"Snake Skull"},{"floor":10,"key":"Mango"},{"floor":14,"key":"PreservedInsect"},{"floor":20,"key":"Red Mask"},{"floor":24,"key":"Pantograph"},{"floor":26,"key":"White Beast Statue"},{"floor":27,"key":"Kunai"},{"floor":30,"key":"Bottled Tornado"},{"floor":36,"key":"StuffTheSpire:Nightcore"},{"floor":41,"key":"Tough Bandages"},{"floor":43,"key":"Vajra"},{"floor":46,"key":"StuffTheSpire:CocoNut"}],"event_choices":[{"damage_healed":0,"gold_gain":0,"player_choice":"Fought Bandits","damage_taken":0,"max_hp_gain":0,"max_hp_loss":0,"event_name":"Masked Bandits","floor":20,"gold_loss":0},{"damage_healed":0,"gold_gain":0,"player_choice":"Obtained Book","damage_taken":16,"max_hp_gain":0,"max_hp_loss":0,"event_name":"Cursed Tome","floor":21,"gold_loss":0},{"damage_healed":0,"gold_gain":0,"player_choice":"Fight","damage_taken":0,"max_hp_gain":0,"max_hp_loss":0,"event_name":"MindBloom","floor":36,"gold_loss":0},{"damage_healed":0,"gold_gain":0,"player_choice":"Embrace Madness","damage_taken":11,"max_hp_gain":0,"max_hp_loss":0,"event_name":"Winding Halls","floor":45,"gold_loss":0,"cards_obtained":["Madness","Madness"]}],"is_beta":false,"boss_relics":[{"not_picked":["Sozu","WristBlade"],"picked":"Busted Crown"},{"not_picked":["Philosopher\u0027s Stone","Astrolabe"],"picked":"HoveringKite"}],"items_purged_floors":[4,11,28,48],"is_endless":false,"potions_floor_spawned":[3,5,10,13,19,20,27,29,30,33,35,36,37,38,39,41,42,46],"ascension_level":1}}