{"host":"52jmisti11ysmja4","time":1610298648,"event":{"mods":["Aspiration","BaseMod","Better Third Choice","Minty Spire (QoL Compilation)","Remove Card Discount Mod","StSLib"],"gold_per_floor":[110,126,126,39,49,78,78,96,120,133,133,159,159,159,159],"floor_reached":14,"playtime":598,"items_purged":["Defend_B","Defend_B","Defend_B","Defend_B","Strike_B","Strike_B"],"score":155,"play_id":"f9fd6c1f-4337-4d6a-b3a1-02778a1132c4","local_time":"20210110091048","is_ascension_mode":true,"campfire_choices":[{"floor":7,"key":"REST"}],"circlet_count":0,"master_deck":["AscendersBane","Strike_B","Strike_B","Zap","Dualcast","Leap+1","Barrage+1","Storm","Hello World","Sweeping Beam","Barrage","Conserve Battery","Static Discharge"],"relics":["Cracked Core","NeowsBlessing","Dream Catcher","Orichalcum","Regal Pillow","Lantern"],"acts_visited":["Exordium"],"potions_floor_usage":[6,10],"damage_taken":[{"damage":0,"enemies":"Cultist","floor":1,"turns":1},{"damage":0,"enemies":"Small Slimes","floor":2,"turns":1},{"damage":0,"enemies":"2 Louse","floor":5,"turns":1},{"damage":16,"enemies":"Lagavulin","floor":6,"turns":4},{"damage":13,"enemies":"Looter","floor":8,"turns":3},{"damage":9,"enemies":"Lots of Slimes","floor":10,"turns":2},{"damage":18,"enemies":"3 Sentries","floor":12,"turns":5},{"damage":0,"enemies":"Lagavulin","floor":14,"turns":3}],"seed_played":"-3873870996093648763","potions_obtained":[{"floor":2,"key":"ColorlessPotion"},{"floor":6,"key":"Explosive Potion"}],"is_trial":false,"path_per_floor":["M","M","?","$","M","E","R","M","T","M","?","E","?","E"],"character_chosen":"DEFECT","items_purchased":["Storm"],"campfire_rested":1,"item_purchase_floors":[4],"current_hp_per_floor":[68,68,73,73,73,57,80,67,67,58,42,24,6,6,6],"gold":159,"neow_bonus":"THREE_ENEMY_KILL","is_daily":false,"chose_seed":false,"campfire_upgraded":0,"win_rate":0.0,"timestamp":1610298648,"path_taken":["M","M","?","$","M","E","R","M","T","M","?","E","?","E"],"items_purchased_type":["Card"],"build_version":"2020-12-22","purchased_purges":6,"victory":false,"max_hp_per_floor":[75,75,80,80,80,80,80,80,80,80,80,80,80,80,80],"card_choices":[{"not_picked":["Stack","Sweeping Beam"],"picked":"Leap","floor":1},{"not_picked":["Stack","Rebound"],"picked":"Barrage","floor":2},{"not_picked":["Hologram","Echo Form"],"picked":"Hello World","floor":5},{"not_picked":["Cold Snap","Skim"],"picked":"Sweeping Beam","floor":6},{"not_picked":["Consume","Cold Snap"],"picked":"Barrage","floor":7},{"not_picked":["Leap","Sweeping Beam"],"picked":"Conserve Battery","floor":8},{"not_picked":["Turbo","Go for the Eyes"],"picked":"Static Discharge","floor":10},{"not_picked":["Tempest","Hologram","Aggregate"],"picked":"SKIP","floor":12}],"player_experience":473852,"relics_obtained":[{"floor":6,"key":"Dream Catcher"},{"floor":9,"key":"Orichalcum"},{"floor":12,"key":"Regal Pillow"}],"event_choices":[{"damage_healed":0,"gold_gain":0,"player_choice":"Donut","damage_taken":0,"max_hp_gain":5,"max_hp_loss":0,"event_name":"Big Fish","floor":3,"gold_loss":0},{"damage_healed":58,"gold_gain":0,"player_choice":"Upgrade","damage_taken":16,"max_hp_gain":0,"max_hp_loss":80,"event_name":"betterThird:BetterShining","floor":11,"gold_loss":1,"cards_upgraded":["Barrage","Leap"]},{"damage_healed":0,"gold_gain":1,"player_choice":"Relic ","damage_taken":18,"max_hp_gain":0,"max_hp_loss":0,"event_name":"betterThird:BetterScrap","floor":13,"gold_loss":0,"cards_obtained":["Weave"]}],"is_beta":false,"boss_relics":[],"items_purged_floors":[4,4,4,4,4,4],"is_endless":false,"potions_floor_spawned":[2,6],"killed_by":"Lagavulin","ascension_level":11}}