{"host":"ecuvtzmejf7hhjpv","time":1610315171,"event":{"mods":["AchievementEnabler","Act Like it!","Aspiration","BaseMod","Better Altar","Better Match","Better Note","Better Sensory Stone","Better Skull","Better Third Choice","BetterRewards","Conspire","Custom Start","Gensokyo","GifTheSpireLib","Hallownest","Hermit","Hubris","Kratos Character Expansion","Marisa????????","Minty Spire (QoL Compilation)","Prisma Mod","Replay The Spire","Spicy Shops","StSLib","The Animator","The Blackbeard","The Bug Knight","The Forsaken","The Hierophant","The Jungle","The Necromancer","The Poker Player","The Wild Card"],"gold_per_floor":[119,119,134,159,173,173,207,219,272,302,317,349,50,81,81,178,178,196,214,233,245,245,271,271,303,303,334,349,367,383,60,60,158,158,176,191,35,53,63,94,108,31,31,62,72,103,113,113,113,113,113,113,38,73,73],"floor_reached":56,"playtime":2661,"items_purged":["Delirium"],"score":2377,"play_id":"72be1d84-a5bd-413c-ae8a-bc1839f09e39","local_time":"20210110154611","is_ascension_mode":true,"campfire_choices":[{"data":"hubris:EnhanceAbility","floor":6,"key":"SMITH"},{"floor":15,"key":"DIG"},{"data":"True Grit","floor":24,"key":"SMITH"},{"data":"True Grit","floor":32,"key":"SMITH"},{"floor":49,"key":"RECALL"},{"data":"Limit Break","floor":52,"key":"SMITH"}],"circlet_count":0,"master_deck":["Strike_R","Strike_R","Strike_R","Defend_R","Defend_R","Defend_R","Defend_R","Bash","ReplayTheSpireMod:Brewmster","Spot Weakness","Armaments","hubris:EnhanceAbility+1","ReplayTheSpireMod:Strike From Hell","True Grit","ReplayTheSpireMod:Muscle Training","Dual Wield","Hemogenesis","AbeCurse","Dropkick","True Grit+1","ReplayTheSpireMod:Limb From Limb+1","Metallicize","True Grit+1","ReplayTheSpireMod:Brewmster","ReplayTheSpireMod:Brewmster","Replay:Sssssssssshield","Limit Break+1","Armaments+1","Finesse","Poisoned Strike","Fiend Fire","ReplayTheSpireMod:Limb From Limb+1","Metallicize+1","Inflame","Madness","Madness"],"relics":["Burning Blood","conspire:TreasureMap","Ancient Tea Set","Regal Pillow","hubris:CuriousFeather","ReplayTheSpireMod:TigerMarble","aspiration:SeaSaltIceCream","HandDrill","Replay:Rubber Ducky","ReplayTheSpireMod:Ring of Addiction","Potion Belt","Chameleon Ring","Vajra","ReplayTheSpireMod:Lightbulb","Blue Candle","aspiration:HiddenCompartment","Gremlin Food","Membership Card","Sling","theForsaken:Lifeblossom","Calipers","ReplayTheSpireMod:Spearhead","Abe\u0027s Treasure","hubris:GlazedTorus","Anchor","theForsaken:Gavel","DollysMirror","ReplayFunnel","Empty Cage","Bag of Preparation","Lantern","aspiration:FetidBarrel","PreservedInsect","Happy Flower","hubris:EmptyBottle","Dead Branch"],"acts_visited":["Exordium","TheCity","TheBeyond","TheEnding"],"potions_floor_usage":[3,3,5,7,7,8,10,10,10,11,12,14,14,14,14,14,16,16,18,19,19,20,20,23,23,23,23,23,23,25,27,28,28,29,30,30,33,33,33,33,33,33,33,33,35,35,35,35,36,36,38,38,39,39,39,40,40,40,40,40,40,40,40,41,41,41,44,45,45,46,47,50,50,50,54,54,55,55,55,55,55,55,55,55,55,55,55,55,55,55,55,55,55,55,55],"damage_taken":[{"damage":0,"enemies":"Cultist","floor":1,"turns":5},{"damage":0,"enemies":"Jaw Worm","floor":3,"turns":4},{"damage":0,"enemies":"conspire:RoseBush","floor":5,"turns":3},{"damage":0,"enemies":"HollowMod:MossKnight","floor":7,"turns":10},{"damage":0,"enemies":"conspire:2 RoseBushes","floor":8,"turns":4},{"damage":0,"enemies":"3 Sentries","floor":10,"turns":8},{"damage":0,"enemies":"2 Fungi Beasts","floor":11,"turns":6},{"damage":11,"enemies":"Gremlin Nob","floor":12,"turns":3},{"damage":2,"enemies":"Lagavulin","floor":14,"turns":3},{"damage":6,"enemies":"Hexaghost","floor":16,"turns":9},{"damage":0,"enemies":"Shell Parasite","floor":18,"turns":4},{"damage":0,"enemies":"Spheric Guardian","floor":19,"turns":6},{"damage":4,"enemies":"Cultist and Chosen","floor":20,"turns":6},{"damage":10,"enemies":"Shelled Parasite and Fungi","floor":21,"turns":5},{"damage":10,"enemies":"Slavers","floor":23,"turns":7},{"damage":4,"enemies":"Book of Stabbing","floor":25,"turns":3},{"damage":2,"enemies":"Replay:Snechameleon","floor":27,"turns":7},{"damage":13,"enemies":"Sentry and Sphere","floor":28,"turns":6},{"damage":0,"enemies":"Snake Plant","floor":29,"turns":4},{"damage":15,"enemies":"Centurion and Healer","floor":30,"turns":7},{"damage":0,"enemies":"Pondfish","floor":33,"turns":10},{"damage":24,"enemies":"3 Darklings","floor":35,"turns":9},{"damage":0,"enemies":"Orb Walker","floor":36,"turns":5},{"damage":6,"enemies":"3 Darklings","floor":38,"turns":8},{"damage":2,"enemies":"Sphere and 2 Shapes","floor":39,"turns":8},{"damage":2,"enemies":"Giant Head","floor":40,"turns":6},{"damage":8,"enemies":"Maw","floor":41,"turns":6},{"damage":0,"enemies":"R_Hoarder","floor":44,"turns":5},{"damage":4,"enemies":"Spire Growth","floor":45,"turns":3},{"damage":2,"enemies":"Giant Head","floor":46,"turns":5},{"damage":0,"enemies":"3 Darklings","floor":47,"turns":5},{"damage":3,"enemies":"Donu and Deca","floor":50,"turns":6},{"damage":0,"enemies":"Shield and Spear","floor":54,"turns":2},{"damage":44,"enemies":"The Heart","floor":55,"turns":7}],"seed_played":"-1366872014427545824","potions_obtained":[{"floor":2,"key":"SkillPotion"},{"floor":2,"key":"HeartOfIron"},{"floor":7,"key":"EntropicBrew"},{"floor":14,"key":"FairyPotion"},{"floor":25,"key":"Adrenaline Potion"},{"floor":44,"key":"BlessingOfTheForge"},{"floor":46,"key":"Swift Potion"}],"is_trial":false,"path_per_floor":["M","?","M","T","M","R","E","M","T","E","M","E","$","E","R","B",null,"M","M","M","M","?","E","R","E","T","E","M","M","M","$","R","B",null,"M","M","$","M","M","E","M","$","T","E","M","E","M","?","R","B",null,"R","$","E","B",null],"character_chosen":"IRONCLAD","items_purchased":["conspire:TreasureMap","Ancient Tea Set","Regal Pillow","hubris:CuriousFeather","ReplayTheSpireMod:TigerMarble","ReplayTheSpireMod:Brewmster","Spot Weakness","aspiration:SeaSaltIceCream","Armaments","HandDrill","hubris:EnhanceAbility","Membership Card","Sling","theForsaken:Lifeblossom","DollysMirror","ReplayTheSpireMod:Brewmster","ReplayFunnel","Replay:Sssssssssshield","Finesse","Poisoned Strike","Lantern","hubris:EmptyBottle"],"campfire_rested":0,"item_purchase_floors":[0,0,0,0,0,0,0,0,0,0,0,13,13,13,31,31,31,31,37,37,42,53],"current_hp_per_floor":[38,38,44,44,50,50,80,80,80,83,83,78,78,83,83,83,83,83,83,84,84,84,80,80,84,84,84,79,84,84,84,84,84,84,84,84,84,84,84,84,83,83,83,84,84,84,84,73,73,82,84,84,84,82,56],"gold":73,"neow_bonus":"","is_daily":false,"chose_seed":false,"campfire_upgraded":4,"win_rate":0.0,"timestamp":1610315171,"path_taken":["M","?","M","?","M","R","E","M","T","E","M","E","$","E","R","BOSS","M","M","M","M","?","E","R","E","T","E","M","M","M","$","R","BOSS","M","M","$","M","M","E","M","?","T","E","M","E","M","?","R","BOSS","R","$","E","BOSS"],"items_purchased_type":["Relic","Relic","Relic","Relic","Relic","Card","Card","Relic","Card","Relic","Card","Relic","Relic","Relic","Relic","Card","Relic","Card","Card","Card","Relic","Relic"],"build_version":"2020-12-22","purchased_purges":1,"victory":true,"max_hp_per_floor":[80,80,80,80,80,80,80,80,80,83,83,83,83,83,83,83,83,83,83,84,84,84,84,84,84,84,84,84,84,84,84,84,84,84,84,84,84,84,84,84,84,84,84,84,84,84,84,84,84,84,84,84,84,82,82],"card_choices":[{"not_picked":["Flex","hubris:ReadiedAction","Replay:Undeath\u0027s Touch"],"picked":"SKIP","floor":1},{"not_picked":["True Grit","Heavy Blade"],"picked":"ReplayTheSpireMod:Strike From Hell","floor":3},{"not_picked":["Iron Wave","hubris:CleavingFinish","Body Slam"],"picked":"SKIP","floor":5},{"not_picked":["Combust","Perfected Strike","Cleave"],"picked":"SKIP","floor":7},{"not_picked":["Barricade","Perfected Strike"],"picked":"True Grit","floor":8},{"not_picked":["Perfected Strike","Blood for Blood"],"picked":"ReplayTheSpireMod:Muscle Training","floor":10},{"not_picked":["Abandon","Body Slam","Replay:Undeath\u0027s Touch"],"picked":"SKIP","floor":11},{"not_picked":["Evolve","Clash"],"picked":"Dual Wield","floor":12},{"not_picked":["Armaments","Run Through","Combust"],"picked":"SKIP","floor":14},{"not_picked":["hubris:StunningStrike","Corruption"],"picked":"Hemogenesis","floor":16},{"not_picked":["Perfected Strike","Flame Barrier"],"picked":"Dropkick","floor":18},{"not_picked":["Sword Boomerang+1","Flex"],"picked":"True Grit","floor":19},{"not_picked":["Armaments","Thunderclap"],"picked":"ReplayTheSpireMod:Limb From Limb+1","floor":20},{"not_picked":["Seeing Red","Bloodletting","Headbutt"],"picked":"SKIP","floor":21},{"not_picked":["Perfected Strike+1","ReplayTheSpireMod:Corrosion Curse"],"picked":"Metallicize","floor":23},{"not_picked":["Evolve","Reckless Charge","Clothesline"],"picked":"SKIP","floor":25},{"not_picked":["Wild Strike","Havoc","Replay:Undeath\u0027s Touch"],"picked":"SKIP","floor":27},{"not_picked":["Headbutt","ReplayTheSpireMod:Strike From Hell"],"picked":"True Grit","floor":28},{"not_picked":["Rage","Thunderclap+1","Heavy Blade"],"picked":"SKIP","floor":29},{"not_picked":["Twin Strike","Bludgeon","Havoc"],"picked":"SKIP","floor":30},{"not_picked":["Double Tap","Immolate"],"picked":"Limit Break","floor":33},{"not_picked":["Anger+1","Heavy Blade+1"],"picked":"Armaments+1","floor":35},{"not_picked":["Wild Strike","Thunderclap+1","Heavy Blade+1"],"picked":"SKIP","floor":36},{"not_picked":["True Grit+1","ReplayTheSpireMod:LeadingStrike+1"],"picked":"Fiend Fire","floor":38},{"not_picked":["Power Through","Ghostly Armor+1","Seeing Red+1"],"picked":"SKIP","floor":39},{"not_picked":["Rupture","Clash+1","Run Through+1"],"picked":"SKIP","floor":40},{"not_picked":["Intimidate+1","Armaments+1"],"picked":"ReplayTheSpireMod:Limb From Limb+1","floor":41},{"not_picked":["Replay:Undeath\u0027s Touch","Hemogenesis","Armaments+1"],"picked":"SKIP","floor":44},{"not_picked":["Sword Boomerang+1","ReplayTheSpireMod:Muscle Training"],"picked":"Metallicize+1","floor":45},{"not_picked":["Thunderclap","Sword Boomerang+1","Bloodletting"],"picked":"SKIP","floor":46},{"not_picked":["Heavy Blade+1","Headbutt"],"picked":"Inflame","floor":47},{"not_picked":["Armaments","Juggernaut","conspire:Charge"],"picked":"SKIP","floor":54}],"player_experience":933881,"relics_obtained":[{"floor":2,"key":"ReplayTheSpireMod:Ring of Addiction"},{"floor":2,"key":"Potion Belt"},{"floor":2,"key":"Chameleon Ring"},{"floor":4,"key":"Vajra"},{"floor":7,"key":"ReplayTheSpireMod:Lightbulb"},{"floor":9,"key":"Blue Candle"},{"floor":10,"key":"aspiration:HiddenCompartment"},{"floor":12,"key":"Gremlin Food"},{"floor":14,"key":"Calipers"},{"floor":15,"key":"ReplayTheSpireMod:Spearhead"},{"floor":23,"key":"hubris:GlazedTorus"},{"floor":25,"key":"Anchor"},{"floor":27,"key":"theForsaken:Gavel"},{"floor":40,"key":"Bag of Preparation"},{"floor":43,"key":"aspiration:FetidBarrel"},{"floor":44,"key":"PreservedInsect"},{"floor":46,"key":"Happy Flower"},{"floor":54,"key":"Dead Branch"}],"event_choices":[{"damage_healed":0,"gold_gain":0,"player_choice":"Ignored","damage_taken":0,"max_hp_gain":0,"max_hp_loss":0,"event_name":"betterNote:BetterNote","floor":22,"gold_loss":0,"cards_obtained":["Strike_G"]},{"damage_healed":0,"gold_gain":0,"player_choice":"Embrace Madness","damage_taken":11,"max_hp_gain":0,"max_hp_loss":0,"event_name":"Winding Halls","floor":48,"gold_loss":0,"cards_obtained":["Madness","Madness"]}],"is_beta":false,"boss_relics":[{"not_picked":["aspiration:RitualDagger","hubris:TerracottaHorce"],"picked":"Abe\u0027s Treasure"},{"not_picked":["Mark of Pain","hubris:CrackedHourglass"],"picked":"Empty Cage"}],"items_purged_floors":[31],"is_endless":false,"potions_floor_spawned":[1,7,8,10,14,16,23,25,28,29,33,35,40,44,46,47,54],"ascension_level":1}}