{"host":"ig7tc0uedzltt2sr","time":1610239786,"event":{"mods":["BaseMod","Better Twitch Integration","Block Reminder","Colored Map","Colored Powertips","Communication Mod","Current Relic Mod","GifTheSpireLib","HexUI Lib","Minty Spire (QoL Compilation)","Quick Restart","Random Character Button","Rare Cards Sparkle","Relic Sorter","Relic Stats","Slay the Relics Exporter","StSLib","SuperFastMode","Synergy Search","Twitch Decklist","Twitch Utils","everything is the same but u backflip on backflip","slay the spire mod where everything is the same but ironclad has a cowboy hat"],"gold_per_floor":[118,118,132,152,122,122,122,122],"floor_reached":7,"playtime":49,"items_purged":[],"score":41,"play_id":"add94041-9d15-4271-ad01-cd27a544c55a","local_time":"20210109164946","is_ascension_mode":false,"campfire_choices":[{"floor":6,"key":"REST"}],"circlet_count":0,"master_deck":["Strike_R","Strike_R","Strike_R","Strike_R","Strike_R","Defend_R","Defend_R","Defend_R","Defend_R","Bash","Seeing Red"],"relics":["Burning Blood"],"acts_visited":["Exordium"],"potions_floor_usage":[],"damage_taken":[{"damage":10,"enemies":"Cultist","floor":1,"turns":4},{"damage":21,"enemies":"Jaw Worm","floor":3,"turns":4},{"damage":14,"enemies":"Small Slimes","floor":4,"turns":4},{"damage":20,"enemies":"Looter","floor":5,"turns":4},{"damage":90,"enemies":"Lagavulin","floor":7,"turns":8}],"seed_played":"5354872730580334191","potions_obtained":[{"floor":3,"key":"BloodPotion"},{"floor":4,"key":"SpeedPotion"}],"is_trial":false,"path_per_floor":["M","?","M","M","M","R","E"],"character_chosen":"IRONCLAD","items_purchased":[],"campfire_rested":1,"item_purchase_floors":[],"current_hp_per_floor":[84,84,69,61,47,73,0,0],"gold":122,"neow_bonus":"TEN_PERCENT_HP_BONUS","is_daily":false,"chose_seed":false,"campfire_upgraded":0,"win_rate":0.0,"timestamp":1610239786,"path_taken":["M","?","M","?","M","R","E"],"items_purchased_type":[],"build_version":"2020-12-22","purchased_purges":0,"victory":false,"max_hp_per_floor":[88,88,88,88,88,88,88,88],"relic_stats":{"counters":[5,24],"obtain_stats":[{"Burning Blood":0},{"Burning Blood":0},{"Burning Blood":0}],"Burning Blood":24},"card_choices":[{"not_picked":["Perfected Strike","Intimidate","Anger"],"picked":"SKIP","floor":1},{"not_picked":["Iron Wave","Twin Strike","Metallicize"],"picked":"SKIP","floor":3},{"not_picked":["Twin Strike","Heavy Blade","Pommel Strike"],"picked":"SKIP","floor":4},{"not_picked":["Intimidate","Thunderclap"],"picked":"Seeing Red","floor":5}],"player_experience":1477725,"relics_obtained":[],"event_choices":[{"damage_healed":0,"gold_gain":0,"player_choice":"Ignored","damage_taken":0,"max_hp_gain":0,"max_hp_loss":0,"event_name":"Transmorgrifier","floor":2,"gold_loss":0}],"is_beta":false,"boss_relics":[],"items_purged_floors":[],"is_endless":false,"potions_floor_spawned":[3,4],"killed_by":"Lagavulin","ascension_level":0}}