{"host":"jpcy2bclvs7juczu","time":1610250661,"event":{"mods":["AchievementEnabler","BaseMod","Block Reminder","Colored Map","Colored Powertips","Curses Come First","Minty Spire (QoL Compilation)","Quick Restart","Relic Stats","StSLib","ojb\u0027s Better Paths Mod","ojb\u0027s Info Mod","slay the spire mod where everything is the same but ironclad has a cowboy hat"],"gold_per_floor":[110,129,39,39,39,82,82,122,122,165,239,264,18,58,58,151,151,165,179,14,30,30,30,69,69,69,69,102,126,176,190,190,283,283,297,322,342,342,356,356,392,161,233,233,233,233,233,180,180,180,180,180,180,11,51,51,51],"floor_reached":56,"playtime":7602,"items_purged":["Strike_G"],"score":2053,"play_id":"1cb16fca-d2c3-47a8-b2fe-995479277233","local_time":"20210110035101","is_ascension_mode":true,"campfire_choices":[{"data":"Poisoned Stab","floor":7.0,"key":"SMITH"},{"data":"Footwork","floor":15.0,"key":"SMITH"},{"data":"Die Die Die","floor":23.0,"key":"SMITH"},{"data":"Predator","floor":27.0,"key":"SMITH"},{"data":"Acrobatics","floor":32.0,"key":"SMITH"},{"data":"Tactician","floor":40.0,"key":"SMITH"},{"data":"Catalyst","floor":44.0,"key":"SMITH"},{"data":"Secret Technique","floor":46.0,"key":"SMITH"},{"floor":49.0,"key":"RECALL"},{"data":"Well Laid Plans","floor":53.0,"key":"SMITH"}],"circlet_count":0,"master_deck":["AscendersBane","Strike_G+1","Defend_G+1","Defend_G+1","Defend_G+1","Defend_G+1","Defend_G+1","Survivor","Neutralize","Slice","Die Die Die+1","Footwork+1","Poisoned Stab+1","Dodge and Roll","Predator+1","Acrobatics+1","Backflip","Doppelganger","Adrenaline","Venomology+1","Calculated Gamble+1","Doppelganger+1","Deadly Poison","PiercingWail","Deflect","Bane+1","Reflex","Tactician+1","Doppelganger","Sucker Punch+1","Bouncing Flask+1","Reflex+1","Acrobatics+1","Burst","Catalyst+1","Well Laid Plans+1","Secret Technique+1","Finesse","Dodge and Roll"],"relics":["Ring of the Snake","NeowsBlessing","Golden Idol","Eternal Feather","Potion Belt","Gremlin Horn","Ice Cream","Lee\u0027s Waffle","Matryoshka","Astrolabe","Chemical X","Boot","Happy Flower","Molten Egg 2","Strawberry","SlaversCollar","Art of War","InkBottle","Frozen Egg 2","Lantern"],"acts_visited":["Exordium","TheCity","TheBeyond","TheEnding"],"potions_floor_usage":[56,56],"damage_taken":[{"damage":0.0,"enemies":"2 Louse","floor":1.0,"turns":1.0},{"damage":0.0,"enemies":"Small Slimes","floor":2.0,"turns":1.0},{"damage":0.0,"enemies":"Gremlin Nob","floor":6.0,"turns":1.0},{"damage":14.0,"enemies":"3 Sentries","floor":8.0,"turns":7.0},{"damage":31.0,"enemies":"Gremlin Nob","floor":10.0,"turns":4.0},{"damage":8.0,"enemies":"Gremlin Nob","floor":11.0,"turns":3.0},{"damage":2.0,"enemies":"Jaw Worm","floor":12.0,"turns":4.0},{"damage":10.0,"enemies":"Lagavulin","floor":14.0,"turns":6.0},{"damage":36.0,"enemies":"The Guardian","floor":16.0,"turns":12.0},{"damage":9.0,"enemies":"3 Byrds","floor":18.0,"turns":6.0},{"damage":29.0,"enemies":"2 Thieves","floor":19.0,"turns":4.0},{"damage":24.0,"enemies":"3 Cultists","floor":21.0,"turns":5.0},{"damage":0.0,"enemies":"Gremlin Leader","floor":24.0,"turns":5.0},{"damage":3.0,"enemies":"Slavers","floor":28.0,"turns":3.0},{"damage":1.0,"enemies":"Centurion and Healer","floor":29.0,"turns":5.0},{"damage":4.0,"enemies":"Snake Plant","floor":31.0,"turns":4.0},{"damage":46.0,"enemies":"Collector","floor":33.0,"turns":12.0},{"damage":4.0,"enemies":"Orb Walker","floor":35.0,"turns":4.0},{"damage":14.0,"enemies":"3 Darklings","floor":36.0,"turns":7.0},{"damage":8.0,"enemies":"Maw","floor":37.0,"turns":6.0},{"damage":0.0,"enemies":"4 Shapes","floor":39.0,"turns":3.0},{"damage":10.0,"enemies":"Reptomancer","floor":41.0,"turns":6.0},{"damage":53.0,"enemies":"Time Eater","floor":50.0,"turns":8.0},{"damage":12.0,"enemies":"Donu and Deca","floor":51.0,"turns":9.0},{"damage":28.0,"enemies":"Shield and Spear","floor":55.0,"turns":8.0},{"damage":75,"enemies":"The Heart","floor":56,"turns":8}],"seed_played":"5103111602645093852","potions_obtained":[{"floor":2.0,"key":"BlessingOfTheForge"},{"floor":6.0,"key":"Poison Potion"},{"floor":10.0,"key":"SneckoOil"},{"floor":24.0,"key":"SteroidPotion"},{"floor":29.0,"key":"LiquidBronze"},{"floor":33.0,"key":"Explosive Potion"},{"floor":35.0,"key":"Regen Potion"},{"floor":39.0,"key":"DistilledChaos"},{"floor":41.0,"key":"Fire Potion"}],"is_trial":false,"path_per_floor":["M","M","$","?","?","E","R","E","T","E","?","M","$","E","R","B",null,"M","M","$","M","?","R","E","?","T","R","E","M","?","M","R","B",null,"M","M","M","$","M","R","E","$","T","R","?","R","?","$","R","B","B",null,"R","$","E","B"],"character_chosen":"THE_SILENT","items_purchased":["Footwork","Lee\u0027s Waffle","Chemical X","Catalyst","Well Laid Plans","Poison Potion","AttackPotion","Swift Potion","Fire Potion","Dodge and Roll"],"campfire_rested":0,"item_purchase_floors":[3,13,20,42,42,42,48,54,54,54],"current_hp_per_floor":[59,59,59,59,64,64,65,51,51,20,12,10,72,62,72,36,63,54,25,25,15,15,27,27,27,27,42,46,45,38,34,49,3,60,56,57,49,49,49,67,57,57,57,78,68,79,79,79,79,26,14,63,79,79,51,0,0],"gold":51,"neow_bonus":"THREE_ENEMY_KILL","is_daily":false,"chose_seed":false,"campfire_upgraded":9,"win_rate":0.0,"timestamp":1610250661,"path_taken":["M","M","$","?","?","E","R","E","T","E","?","M","$","E","R","BOSS","M","M","$","M","?","R","E","?","T","R","E","M","?","M","R","BOSS","M","?","M","$","M","R","E","$","T","R","?","R","?","$","R","BOSS","BOSS","R","$","E","BOSS"],"items_purchased_type":["Card","Relic","Relic","Card","Card","Potion","Potion","Potion","Potion","Card"],"build_version":"2020-12-22","purchased_purges":1,"victory":false,"max_hp_per_floor":[66,66,66,60,65,65,65,65,65,65,65,65,72,72,72,72,72,72,72,72,72,72,72,72,72,72,72,79,79,79,79,79,79,79,79,79,79,79,79,79,79,79,79,79,79,79,79,79,79,79,79,79,79,79,79,79,79],"relic_stats":{"Lee\u0027s Waffle":62,"Gremlin Horn":[31,31],"Happy Flower":[27],"counters":[26,142],"Golden Idol":198,"Astrolabe":["Venomology","Calculated Gamble","Doppelganger"],"Eternal Feather":119,"Boot":[68],"Art of War":[10],"Chemical X":[35],"obtain_stats":[{"Potion Belt":8,"Ice Cream":11,"Lee\u0027s Waffle":13,"Lantern":55,"NeowsBlessing":0,"Gremlin Horn":10,"Happy Flower":26,"Golden Idol":4,"Astrolabe":17,"Eternal Feather":6,"Frozen Egg 2":43,"Boot":24,"SlaversCollar":34,"Matryoshka":14,"Strawberry":28,"Molten Egg 2":26,"Art of War":41,"Chemical X":20,"InkBottle":43,"Ring of the Snake":0},{"Potion Belt":4,"Ice Cream":6,"Lee\u0027s Waffle":7,"Lantern":25,"NeowsBlessing":0,"Gremlin Horn":5,"Happy Flower":13,"Golden Idol":2,"Astrolabe":9,"Eternal Feather":3,"Frozen Egg 2":22,"Boot":13,"SlaversCollar":17,"Matryoshka":8,"Strawberry":14,"Molten Egg 2":13,"Art of War":22,"Chemical X":11,"InkBottle":22,"Ring of the Snake":0},{"Potion Belt":10,"Ice Cream":17,"Lee\u0027s Waffle":21,"Lantern":134,"NeowsBlessing":0,"Gremlin Horn":14,"Happy Flower":59,"Golden Idol":2,"Astrolabe":39,"Eternal Feather":3,"Frozen Egg 2":109,"Boot":59,"SlaversCollar":83,"Matryoshka":27,"Strawberry":62,"Molten Egg 2":59,"Art of War":109,"Chemical X":49,"InkBottle":109,"Ring of the Snake":0}],"InkBottle":[25],"Ring of the Snake":[52]},"card_choices":[{"not_picked":["Bane","Cloak And Dagger"],"picked":"Slice","floor":1.0},{"not_picked":["Dodge and Roll","Heel Hook"],"picked":"Die Die Die","floor":2.0},{"not_picked":["All Out Attack","Flying Knee"],"picked":"Poisoned Stab","floor":6.0},{"not_picked":["Concentrate","Quick Slash"],"picked":"Dodge and Roll","floor":8.0},{"not_picked":["Outmaneuver","Concentrate"],"picked":"Predator","floor":10.0},{"not_picked":["Blade Dance","Dagger Spray"],"picked":"Acrobatics","floor":11.0},{"not_picked":["Die Die Die","Dodge and Roll"],"picked":"Backflip","floor":12.0},{"not_picked":["Backflip","Bane"],"picked":"Doppelganger","floor":14.0},{"not_picked":["Storm of Steel","Envenom"],"picked":"Adrenaline","floor":16.0},{"not_picked":["Well Laid Plans","Underhanded Strike"],"picked":"Deadly Poison","floor":18.0},{"not_picked":["Bane","Dodge and Roll"],"picked":"PiercingWail","floor":19.0},{"not_picked":["Flying Knee","Backstab","Accuracy"],"picked":"SKIP","floor":21.0},{"not_picked":["Flechettes","Dodge and Roll"],"picked":"Deflect","floor":24.0},{"not_picked":["Accuracy","Caltrops"],"picked":"Bane+1","floor":28.0},{"not_picked":["Deflect","Blade Dance"],"picked":"Reflex","floor":29.0},{"not_picked":["Outmaneuver","All Out Attack+1"],"picked":"Tactician","floor":31.0},{"not_picked":["Tools of the Trade","Glass Knife+1"],"picked":"Doppelganger","floor":33.0},{"not_picked":["Acrobatics","Slice+1"],"picked":"Sucker Punch+1","floor":35.0},{"not_picked":["Underhanded Strike+1","Prepared"],"picked":"Bouncing Flask+1","floor":36.0},{"not_picked":["Tactician","Deadly Poison"],"picked":"Reflex+1","floor":37.0},{"not_picked":["Prepared","Quick Slash+1"],"picked":"Acrobatics+1","floor":39.0},{"not_picked":["Accuracy+1","PiercingWail"],"picked":"Burst","floor":41.0},{"not_picked":["Madness","Secret Weapon"],"picked":"Secret Technique","floor":45.0},{"not_picked":["Impatience","Chrysalis"],"picked":"Finesse","floor":45.0},{"not_picked":["Prepared","Dagger Throw+1","Poisoned Stab+1"],"picked":"SKIP","floor":55.0}],"player_experience":365675,"relics_obtained":[{"floor":6.0,"key":"Eternal Feather"},{"floor":8.0,"key":"Potion Belt"},{"floor":10.0,"key":"Gremlin Horn"},{"floor":11.0,"key":"Ice Cream"},{"floor":14.0,"key":"Matryoshka"},{"floor":24.0,"key":"Boot"},{"floor":26.0,"key":"Happy Flower"},{"floor":26.0,"key":"Molten Egg 2"},{"floor":28.0,"key":"Strawberry"},{"floor":41.0,"key":"Art of War"},{"floor":43.0,"key":"InkBottle"},{"floor":43.0,"key":"Frozen Egg 2"},{"floor":55.0,"key":"Lantern"}],"event_choices":[{"damage_healed":0.0,"max_hp_gain":0.0,"max_hp_loss":6.0,"gold_gain":0.0,"event_name":"Golden Idol","player_choice":"Lose Max HP","floor":4.0,"gold_loss":0.0,"damage_taken":0.0,"relics_obtained":["Golden Idol"]},{"damage_healed":0.0,"max_hp_gain":5.0,"max_hp_loss":0.0,"gold_gain":0.0,"event_name":"Big Fish","player_choice":"Donut","floor":5.0,"gold_loss":0.0,"damage_taken":0.0},{"damage_healed":0.0,"max_hp_gain":0.0,"max_hp_loss":0.0,"gold_gain":0.0,"event_name":"Dead Adventurer","player_choice":"Searched \u00272\u0027 times","floor":11.0,"gold_loss":0.0,"damage_taken":0.0},{"damage_healed":0.0,"max_hp_gain":0.0,"max_hp_loss":0.0,"gold_gain":0.0,"event_name":"Back to Basics","player_choice":"Simplicity","floor":22.0,"gold_loss":0.0,"damage_taken":0.0,"cards_upgraded":["Strike_G","Defend_G","Defend_G","Defend_G","Defend_G","Defend_G"]},{"damage_healed":0.0,"max_hp_gain":0.0,"max_hp_loss":0.0,"gold_gain":0.0,"event_name":"The Mausoleum","player_choice":"Ignored","floor":25.0,"gold_loss":0.0,"damage_taken":0.0},{"damage_healed":0.0,"max_hp_gain":0.0,"max_hp_loss":0.0,"gold_gain":50.0,"event_name":"FaceTrader","player_choice":"Touch","floor":30.0,"gold_loss":0.0,"damage_taken":7.0},{"damage_healed":0.0,"max_hp_gain":0.0,"max_hp_loss":0.0,"gold_gain":0.0,"event_name":"SensoryStone","player_choice":"Memory 3","floor":45.0,"gold_loss":0.0,"damage_taken":10.0},{"damage_healed":0.0,"max_hp_gain":0.0,"max_hp_loss":0.0,"gold_gain":0.0,"event_name":"Tomb of Lord Red Mask","player_choice":"Ignored","floor":47.0,"gold_loss":0.0,"damage_taken":0.0}],"is_beta":false,"boss_relics":[{"not_picked":["Snecko Eye","Busted Crown"],"picked":"Astrolabe"},{"not_picked":["Ring of the Serpent","Runic Dome"],"picked":"SlaversCollar"}],"items_purged_floors":[13],"is_endless":false,"potions_floor_spawned":[2,6,10,24,29,33,35,39,41],"killed_by":"The Heart","ascension_level":20}}