{"host":"5gc11emcm5chfr5t","time":1610306880,"event":{"mods":["2.2 Compatiblity","AchievementEnabler","BaseMod","Bestiary","Better Note","Colored Map","Colored Powertips","Downfall","Googly Eyes","Minty Spire (QoL Compilation)","Rare Cards Sparkle","StSLib"],"gold_per_floor":[99,99,99,99,99,24,48,58,58,90,103,203,188,201,219,219,219],"floor_reached":16,"playtime":534,"items_purged":[],"score":196,"play_id":"d155ecfc-3729-4380-8773-bac4102ab8f7","local_time":"20210110142800","is_ascension_mode":true,"campfire_choices":[{"floor":1,"key":"RECALL"},{"data":"sneckomod:WideSting","floor":6,"key":"SMITH"},{"data":"sneckomod:SlitherStrike","floor":9,"key":"SMITH"}],"circlet_count":0,"master_deck":["AscendersBane","sneckomod:Strike","sneckomod:Strike","sneckomod:Defend+1","sneckomod:Defend","sneckomod:Defend","sneckomod:TailWhip","sneckomod:SnekBite","sneckomod:Unknown","sneckomod:Unknown","sneckomod:WideSting+1","sneckomod:UnknownWeak","sneckomod:UnknownClassRED","sneckomod:SlitherStrike+1","sneckomod:UnknownClassRED","sneckomod:Unknown0Cost","sneckomod:UnknownUncommonAttack","sneckomod:DiceBlock","sneckomod:UnknownVulnerable"],"relics":["sneckomod:SneckoSoul","downfall:HeartsMalice","downfall:HeartBlessingRed","Pen Nib","Ginger"],"acts_visited":["Exordium"],"potions_floor_usage":[10,14,16],"damage_taken":[{"damage":0,"enemies":"downfall:FleeingMerchant","floor":3,"turns":1},{"damage":0,"enemies":"Small Slimes","floor":4,"turns":1},{"damage":0,"enemies":"Cultist","floor":5,"turns":1},{"damage":0,"enemies":"2 Louse","floor":8,"turns":3},{"damage":27,"enemies":"3 Sentries","floor":10,"turns":6},{"damage":12,"enemies":"2 Fungi Beasts","floor":11,"turns":3},{"damage":0,"enemies":"downfall:FleeingMerchant","floor":13,"turns":4},{"damage":0,"enemies":"Large Slime","floor":14,"turns":2},{"damage":6,"enemies":"Red Slaver","floor":15,"turns":2},{"damage":40,"enemies":"downfall:Silent","floor":16,"turns":7}],"seed_played":"7826856683199948112","potions_obtained":[{"floor":8,"key":"sneckomod:MuddlingPotion"},{"floor":10,"key":"SteroidPotion"},{"floor":14,"key":"Strength Potion"}],"is_trial":false,"path_per_floor":["R","?","$","M","M","R","T","M","R","E","M","?","$","M","M","B"],"character_chosen":"THE_SNECKO","items_purchased":[],"campfire_rested":0,"item_purchase_floors":[],"current_hp_per_floor":[75,75,75,76,77,77,77,77,77,51,40,40,41,41,36,0,0],"gold":219,"neow_bonus":"THREE_ENEMY_KILL","is_daily":false,"chose_seed":false,"campfire_upgraded":2,"win_rate":0.0,"timestamp":1610306880,"path_taken":["R","?","?","M","?","R","T","M","R","E","?","?","$","M","M","BOSS"],"items_purchased_type":[],"build_version":"2020-12-22","purchased_purges":0,"victory":false,"max_hp_per_floor":[83,83,83,84,85,85,85,85,85,86,87,87,88,88,89,89,89],"card_choices":[{"not_picked":["sneckomod:TrashToTreasure","sneckomod:UnknownWeak"],"picked":"sneckomod:WideSting","floor":3},{"not_picked":["sneckomod:UnknownCommonSkill","sneckomod:UnknownUncommonSkill"],"picked":"sneckomod:UnknownWeak","floor":4},{"not_picked":["sneckomod:Unknown1Cost","sneckomod:UnknownClassBLUE"],"picked":"sneckomod:UnknownClassRED","floor":5},{"not_picked":["sneckomod:SoulDraw","sneckomod:SoulRoll"],"picked":"sneckomod:SlitherStrike","floor":8},{"not_picked":["sneckomod:UnknownCommonSkill","sneckomod:CheapStock"],"picked":"sneckomod:UnknownClassRED","floor":10},{"not_picked":["sneckomod:MasterEye","sneckomod:UnknownClassTHE_CHAMP_GRAY"],"picked":"sneckomod:Unknown0Cost","floor":11},{"not_picked":["sneckomod:SerpentMind","sneckomod:SoulDraw"],"picked":"sneckomod:UnknownUncommonAttack","floor":13},{"not_picked":["sneckomod:RainOfDice","sneckomod:Rotation"],"picked":"sneckomod:DiceBlock","floor":14},{"not_picked":["sneckomod:DiceCrush","sneckomod:UnknownBlock"],"picked":"sneckomod:UnknownVulnerable","floor":15}],"player_experience":540096,"relics_obtained":[{"floor":7,"key":"Pen Nib"},{"floor":10,"key":"Ginger"}],"event_choices":[{"cards_removed":["sneckomod:Strike"],"damage_healed":0,"gold_gain":0,"player_choice":"Offered Basic","damage_taken":0,"max_hp_gain":0,"max_hp_loss":0,"event_name":"Bonfire Elementals","floor":2,"gold_loss":0}],"is_beta":false,"boss_relics":[],"items_purged_floors":[],"is_endless":false,"potions_floor_spawned":[8,10,14],"killed_by":"downfall:Silent","ascension_level":20}}