{"host":"Timothy","time":1610276154,"event":{"mods":["AchievementEnabler","BaseMod","Bestiary","Highlight Path","Minty Spire (QoL Compilation)","Quick Restart","Slay-I"],"gold_per_floor":[115,115,115,126,126,126,145,159,159,175,192,205,224,254,254,357,357,340,439,364,103,116,116,129,146,146,146,160,0,54,54,54,54,54],"floor_reached":33,"playtime":694,"items_purged":[],"score":276,"play_id":"7b449fb6-2b92-40e3-b80f-a33cf773cf57","local_time":"20210110025554","is_ascension_mode":false,"campfire_choices":[{"floor":6,"key":"REST"},{"floor":15,"key":"REST"},{"floor":23,"key":"REST"},{"floor":27,"key":"REST"},{"floor":32,"key":"REST"}],"circlet_count":0,"master_deck":["Strike_R","Strike_R","Strike_R","Strike_R","Strike_R","Bash","Offering","Perfected Strike","Heavy Blade","Flex","Perfected Strike","Double Tap","Clash+1","Whirlwind"],"relics":["Burning Blood","Shuriken","Red Skull","White Beast Statue","InkBottle","Empty Cage","StrikeDummy","Frozen Egg 2","Bronze Scales"],"acts_visited":["Exordium","TheCity"],"potions_floor_usage":[12,14,14,28,31,33,33],"damage_taken":[{"damage":0,"enemies":"Small Slimes","floor":1,"turns":3},{"damage":17,"enemies":"Jaw Worm","floor":4,"turns":2},{"damage":5,"enemies":"2 Louse","floor":7,"turns":2},{"damage":19,"enemies":"Blue Slaver","floor":8,"turns":3},{"damage":13,"enemies":"2 Fungi Beasts","floor":10,"turns":3},{"damage":17,"enemies":"3 Louse","floor":11,"turns":2},{"damage":13,"enemies":"Red Slaver","floor":12,"turns":2},{"damage":10,"enemies":"Gremlin Gang","floor":13,"turns":2},{"damage":6,"enemies":"Gremlin Nob","floor":14,"turns":2},{"damage":56,"enemies":"Hexaghost","floor":16,"turns":9},{"damage":30,"enemies":"2 Thieves","floor":18,"turns":4},{"damage":18,"enemies":"Shell Parasite","floor":22,"turns":2},{"damage":21,"enemies":"Snake Plant","floor":24,"turns":2},{"damage":38,"enemies":"Centurion and Healer","floor":25,"turns":3},{"damage":24,"enemies":"Shelled Parasite and Fungi","floor":28,"turns":2},{"damage":6,"enemies":"Colosseum Slavers","floor":31,"turns":1},{"damage":46,"enemies":"Collector","floor":33,"turns":2}],"seed_played":"-7790555047954053659","potions_obtained":[{"floor":8,"key":"PowerPotion"},{"floor":10,"key":"BlessingOfTheForge"},{"floor":11,"key":"PowerPotion"},{"floor":12,"key":"BlessingOfTheForge"},{"floor":13,"key":"FairyPotion"},{"floor":14,"key":"ElixirPotion"},{"floor":16,"key":"PowerPotion"},{"floor":18,"key":"SpeedPotion"},{"floor":22,"key":"Weak Potion"},{"floor":24,"key":"DuplicationPotion"},{"floor":25,"key":"Energy Potion"},{"floor":28,"key":"PowerPotion"}],"is_trial":false,"path_per_floor":["M","?","T","M","?","R","M","M","T","M","M","M","M","E","R","B",null,"M","?","?","$","M","R","M","M","T","R","M","?","T","?","R","B"],"character_chosen":"IRONCLAD","items_purchased":["StrikeDummy"],"campfire_rested":5,"item_purchase_floors":[21],"current_hp_per_floor":[72,65,65,54,47,68,69,56,56,49,38,31,27,27,48,19,72,48,48,48,48,36,57,42,10,10,31,13,13,13,13,34,0,0],"gold":54,"neow_bonus":"THREE_RARE_CARDS","is_daily":false,"chose_seed":false,"campfire_upgraded":0,"win_rate":0.0,"timestamp":1610276154,"path_taken":["M","?","?","M","?","R","M","?","T","M","M","M","M","E","R","BOSS","M","?","?","$","M","R","M","M","T","R","?","?","?","?","R","BOSS"],"items_purchased_type":["Relic"],"build_version":"2020-12-18","purchased_purges":0,"victory":false,"max_hp_per_floor":[72,72,72,72,72,72,72,72,72,72,72,72,72,72,72,72,72,72,72,72,72,72,72,72,72,72,72,72,72,72,72,72,72,72],"card_choices":[{"not_picked":["Brutality","Feed"],"picked":"Offering","floor":0},{"not_picked":["Cleave","Bloodletting"],"picked":"Perfected Strike","floor":1},{"not_picked":["Clash","Sentinel"],"picked":"Heavy Blade","floor":4},{"not_picked":["Armaments","Body Slam","True Grit"],"picked":"SKIP","floor":7},{"not_picked":["Sentinel","Rampage","Dual Wield"],"picked":"SKIP","floor":8},{"not_picked":["Ghostly Armor","Cleave","Power Through"],"picked":"SKIP","floor":10},{"not_picked":["Brutality","Shrug It Off","Cleave"],"picked":"SKIP","floor":11},{"not_picked":["Headbutt","Clash"],"picked":"Flex","floor":12},{"not_picked":["Pommel Strike","Shrug It Off","Cleave"],"picked":"SKIP","floor":13},{"not_picked":["Headbutt","Power Through"],"picked":"Perfected Strike","floor":14},{"not_picked":["Brutality","Feed"],"picked":"Double Tap","floor":16},{"not_picked":["Havoc","Heavy Blade"],"picked":"Clash+1","floor":18},{"not_picked":["Sever Soul","Shrug It Off","Infernal Blade"],"picked":"SKIP","floor":22},{"not_picked":["True Grit","Rampage","Searing Blow"],"picked":"SKIP","floor":24},{"not_picked":["Evolve","Cleave","Iron Wave"],"picked":"SKIP","floor":25},{"not_picked":["Intimidate","Thunderclap"],"picked":"Whirlwind","floor":28}],"player_experience":800610,"relics_obtained":[{"floor":3,"key":"Shuriken"},{"floor":9,"key":"White Beast Statue"},{"floor":14,"key":"InkBottle"},{"floor":26,"key":"Frozen Egg 2"},{"floor":30,"key":"Bronze Scales"}],"event_choices":[{"cards_removed":["Defend_R"],"damage_healed":0,"gold_gain":0,"player_choice":"Card Removal","damage_taken":7,"max_hp_gain":0,"max_hp_loss":0,"event_name":"Golden Wing","floor":2,"gold_loss":0},{"damage_healed":0,"gold_gain":0,"player_choice":"Success","damage_taken":7,"relics_obtained":["Red Skull"],"max_hp_gain":0,"max_hp_loss":0,"event_name":"Scrap Ooze","floor":5,"gold_loss":0},{"damage_healed":0,"gold_gain":99,"player_choice":"Stole From Cult","damage_taken":0,"max_hp_gain":0,"max_hp_loss":0,"event_name":"Nest","floor":19,"gold_loss":0},{"cards_removed":["Defend_R"],"damage_healed":0,"gold_gain":0,"player_choice":"Gave Gold","damage_taken":0,"max_hp_gain":0,"max_hp_loss":0,"event_name":"Beggar","floor":20,"gold_loss":75},{"damage_healed":0,"gold_gain":0,"player_choice":"Paid Fearfully","damage_taken":0,"max_hp_gain":0,"max_hp_loss":0,"event_name":"Masked Bandits","floor":29,"gold_loss":160},{"damage_healed":0,"gold_gain":0,"player_choice":"Fight","damage_taken":0,"max_hp_gain":0,"max_hp_loss":0,"event_name":"Colosseum","floor":31,"gold_loss":0},{"damage_healed":0,"gold_gain":0,"player_choice":"Fled From Nobs","damage_taken":0,"max_hp_gain":0,"max_hp_loss":0,"event_name":"Colosseum","floor":31,"gold_loss":0}],"is_beta":true,"boss_relics":[{"not_picked":["Coffee Dripper","SacredBark"],"picked":"Empty Cage"}],"items_purged_floors":[],"is_endless":false,"potions_floor_spawned":[8,10,11,12,13,14,16,18,22,24,25,28,31],"killed_by":"Collector","ascension_level":0}}