{"host":"iy58fyt9wsbv4cf1","time":1610316414,"event":{"mods":["BaseMod","Better Altar","Better Match","Better Skull","Better Third Choice","BetterRewards","Conspire","Custom Start","Defuse TimeMaze Blight","Hubris","Infinite Spire","Minty Spire (QoL Compilation)","Permanent Neow","Quick Restart","Spicy Shops","StSLib"],"gold_per_floor":[112,131,92,111,131,131,166,51,51,133,152,152,163,190,190,288,288,304,330,349,361,5,5,5,5,5,104,136,153,186,202,202,297,297,317,335,335,345,357,357,373,373,397,397,410,410,441,171,171,171,171,171,72,102,102],"floor_reached":56,"playtime":1219,"items_purged":["Strike_B","Shame","Strike_B","Strike_B"],"score":1329,"play_id":"2ce252b4-1cca-40bb-940a-a32f938d7bbe","local_time":"20210110170654","is_ascension_mode":false,"campfire_choices":[{"data":"Zap","floor":6.0,"key":"SMITH"},{"data":"hubris:PowerSurge","floor":12.0,"key":"SMITH"},{"data":"Defragment","floor":15.0,"key":"SMITH"},{"data":"Storm","floor":23.0,"key":"SMITH"},{"data":"hubris:DuctTapeCard","floor":25.0,"key":"SMITH"},{"data":"hubris:PowerSurge","floor":32.0,"key":"SMITH"},{"floor":40.0,"key":"REST"},{"floor":42.0,"key":"RECALL"},{"floor":46.0,"key":"REST"},{"data":"Defragment","floor":49.0,"key":"SMITH"},{"data":"Consume","floor":52.0,"key":"SMITH"}],"circlet_count":0,"master_deck":["Strike_B","Defend_B","Defend_B","Defend_B","Defend_B","Defragment+1","hubris:PowerSurge+1","hubris:Ukulele","Glacier","Steam","BootSequence","Tempest","hubris:PowerSurge+1","Ball Lightning","Capacitor+1","Storm+1","Consume+1","Conserve Battery+1","Electrodynamics","Tempest+1","Storm+1","Defragment+1","Static Discharge+1","Turbo+1","Thunder Strike","hubris:DuctTapeCard"],"relics":["Cracked Core","hubris:EmptyBottle","Lee\u0027s Waffle","Runic Capacitor","Cables","Prayer Wheel","Sundial","hubris:DuctTape","infinitespire:Cupcake","Happy Flower","Strange Spoon","Pear","Dream Catcher","Ice Cream","infinitespire:Beetle Shell","conspire:SpecialSausage","infinitespire:Lucky Rock","Nunchaku","Strawberry","conspire:TopHat"],"acts_visited":["Exordium","TheCity","TheBeyond","TheEnding"],"potions_floor_usage":[55,55,55,55,55,55],"damage_taken":[{"damage":16.0,"enemies":"infinitespire:Voidling","floor":1.0,"turns":3.0},{"damage":0.0,"enemies":"Cultist","floor":2.0,"turns":3.0},{"damage":0.0,"enemies":"2 Louse","floor":4.0,"turns":2.0},{"damage":0.0,"enemies":"Exordium Wildlife","floor":5.0,"turns":4.0},{"damage":14.0,"enemies":"Gremlin Nob","floor":7.0,"turns":4.0},{"damage":0.0,"enemies":"Gremlin Gang","floor":11.0,"turns":3.0},{"damage":0.0,"enemies":"2 Fungi Beasts","floor":13.0,"turns":2.0},{"damage":0.0,"enemies":"Lagavulin","floor":14.0,"turns":3.0},{"damage":10.0,"enemies":"The Guardian","floor":16.0,"turns":3.0},{"damage":0.0,"enemies":"Shell Parasite","floor":18.0,"turns":3.0},{"damage":0.0,"enemies":"Chosen","floor":20.0,"turns":2.0},{"damage":0.0,"enemies":"Centurion and Healer","floor":21.0,"turns":3.0},{"damage":0.0,"enemies":"Book of Stabbing","floor":28.0,"turns":3.0},{"damage":0.0,"enemies":"Snake Plant","floor":29.0,"turns":2.0},{"damage":0.0,"enemies":"conspire:Head Lice","floor":30.0,"turns":3.0},{"damage":10.0,"enemies":"Sentry and Sphere","floor":31.0,"turns":3.0},{"damage":17.0,"enemies":"Champ","floor":33.0,"turns":5.0},{"damage":30.0,"enemies":"3 Darklings","floor":35.0,"turns":3.0},{"damage":0.0,"enemies":"Orb Walker","floor":36.0,"turns":2.0},{"damage":25.0,"enemies":"Maw","floor":38.0,"turns":3.0},{"damage":4.0,"enemies":"3 Darklings","floor":39.0,"turns":3.0},{"damage":0.0,"enemies":"Transient","floor":41.0,"turns":5.0},{"damage":8.0,"enemies":"4 Shapes","floor":45.0,"turns":2.0},{"damage":3.0,"enemies":"Nemesis","floor":47.0,"turns":3.0},{"damage":46.0,"enemies":"Awakened One","floor":50.0,"turns":4.0},{"damage":0.0,"enemies":"Shield and Spear","floor":54.0,"turns":3.0},{"damage":41,"enemies":"The Heart","floor":55,"turns":3}],"seed_played":"9084076749074320930","potions_obtained":[{"floor":2.0,"key":"LiquidBronze"},{"floor":4.0,"key":"SpeedPotion"},{"floor":5.0,"key":"Energy Potion"},{"floor":18.0,"key":"Fire Potion"},{"floor":33.0,"key":"PowerPotion"},{"floor":38.0,"key":"FocusPotion"}],"is_trial":false,"path_per_floor":["M","M","$","M","M","R","E","$","T","T","M","R","M","E","R","B",null,"M","T","M","M","$","R","T","R","T","?","E","M","E","M","R","B",null,"M","M","AVR","M","M","R","M","R","T","?","M","R","E","$","R","B",null,"R","$","E","B",null],"character_chosen":"DEFECT","items_purchased":["hubris:EmptyBottle","Lee\u0027s Waffle","Defragment","hubris:PowerSurge","Runic Capacitor","hubris:Ukulele","BootSequence","Prayer Wheel","Storm","Strange Spoon","Strawberry","Thunder Strike"],"campfire_rested":2,"item_purchase_floors":[0,0,0,0,0,0,3,8,22,22,48,53],"current_hp_per_floor":[66,66,66,66,66,66,52,52,52,52,52,52,52,52,52,42,82,82,82,82,82,82,82,92,92,92,92,92,92,92,82,82,65,92,62,62,62,37,33,60,60,60,60,60,52,79,76,83,83,37,99,99,99,99,58],"gold":102,"neow_bonus":"","is_daily":false,"chose_seed":false,"campfire_upgraded":8,"win_rate":0.0,"timestamp":1610316414,"path_taken":["M","?","$","M","M","R","E","$","T","?","M","R","M","E","R","BOSS","M","?","?","M","$","R","?","R","T","?","E","M","E","?","R","BOSS","M","M","AVR","?","M","R","?","R","T","?","M","R","E","$","R","BOSS","R","$","E","BOSS"],"items_purchased_type":["Relic","Relic","Card","Card","Relic","Card","Card","Relic","Card","Relic","Relic","Card"],"build_version":"2020-12-22","purchased_purges":4,"victory":true,"max_hp_per_floor":[82,82,82,82,82,82,82,82,82,82,82,82,82,82,82,82,82,82,82,82,82,82,82,92,92,92,92,92,92,92,92,92,92,92,92,92,92,92,92,92,92,92,92,92,92,92,92,99,99,99,99,99,99,99,99],"card_choices":[{"not_picked":["Sweeping Beam","Reprogram"],"picked":"Glacier","floor":1.0},{"not_picked":["Hologram","Capacitor"],"picked":"Steam","floor":2.0},{"not_picked":["Lockon","Undo","Chill"],"picked":"SKIP","floor":4.0},{"not_picked":["Leap","Gash","Sunder"],"picked":"SKIP","floor":5.0},{"not_picked":["Streamline","BootSequence","Cold Snap"],"picked":"SKIP","floor":7.0},{"not_picked":["Hologram","Sweeping Beam","Barrage"],"picked":"SKIP","floor":11.0},{"not_picked":["Double Energy","Rebound","Turbo"],"picked":"SKIP","floor":11.0},{"not_picked":["Steam","Redo"],"picked":"Tempest","floor":13.0},{"not_picked":["Leap","Seek"],"picked":"hubris:PowerSurge","floor":13.0},{"not_picked":["Auto Shields","Recycle"],"picked":"Ball Lightning","floor":14.0},{"not_picked":["Rebound","Ball Lightning","Sweeping Beam"],"picked":"SKIP","floor":18.0},{"not_picked":["Ball Lightning","Genetic Algorithm","Rebound"],"picked":"SKIP","floor":18.0},{"not_picked":["Gash","Compile Driver","Streamline"],"picked":"SKIP","floor":20.0},{"not_picked":["Barrage","Ball Lightning","Gash"],"picked":"SKIP","floor":20.0},{"not_picked":["Stack","Cold Snap+1"],"picked":"Capacitor+1","floor":21.0},{"not_picked":["Go for the Eyes","Rip and Tear","Steam"],"picked":"SKIP","floor":21.0},{"not_picked":["Heatsinks","Streamline"],"picked":"Consume","floor":28.0},{"not_picked":["Sweeping Beam","Ball Lightning","Coolheaded"],"picked":"SKIP","floor":29.0},{"not_picked":["conspire:SharedLibrary","Cold Snap","Heatsinks"],"picked":"SKIP","floor":29.0},{"not_picked":["Fusion","Melter","Core Surge"],"picked":"SKIP","floor":30.0},{"not_picked":["Hologram","hubris:Ukulele"],"picked":"Conserve Battery+1","floor":31.0},{"not_picked":["conspire:Rain","Rip and Tear","Leap"],"picked":"SKIP","floor":31.0},{"not_picked":["Creative AI","Echo Form"],"picked":"Electrodynamics","floor":33.0},{"not_picked":["Force Field+1","Coolheaded","Sweeping Beam"],"picked":"SKIP","floor":35.0},{"not_picked":["Stack","Rebound","Go for the Eyes+1"],"picked":"SKIP","floor":35.0},{"not_picked":["Darkness","Undo+1"],"picked":"Tempest+1","floor":36.0},{"not_picked":["Sweeping Beam+1","BootSequence+1","Lockon+1"],"picked":"SKIP","floor":36.0},{"not_picked":["Gash+1","Redo"],"picked":"Storm+1","floor":38.0},{"not_picked":["Leap","Stack"],"picked":"Defragment","floor":38.0},{"not_picked":["Undo","Go for the Eyes+1","Beam Cell+1"],"picked":"SKIP","floor":39.0},{"not_picked":["Sweeping Beam+1","Redo+1","Cold Snap"],"picked":"SKIP","floor":39.0},{"not_picked":["Barrage","hubris:Ukulele"],"picked":"Static Discharge+1","floor":41.0},{"not_picked":["Turbo","Steam","Rebound"],"picked":"SKIP","floor":41.0},{"not_picked":["Darkness","Blizzard+1"],"picked":"Turbo+1","floor":45.0},{"not_picked":["hubris:DoWhile","Turbo","Compile Driver+1"],"picked":"SKIP","floor":45.0},{"not_picked":["Rip and Tear+1","Echo Form","Stack"],"picked":"SKIP","floor":47.0},{"not_picked":["Ball Lightning","conspire:SharedLibrary+1","Fusion"],"picked":"SKIP","floor":54.0}],"player_experience":38288,"relics_obtained":[{"floor":7.0,"key":"Cables"},{"floor":10.0,"key":"Sundial"},{"floor":14.0,"key":"hubris:DuctTape"},{"floor":19.0,"key":"Happy Flower"},{"floor":24.0,"key":"Pear"},{"floor":26.0,"key":"Dream Catcher"},{"floor":28.0,"key":"Ice Cream"},{"floor":30.0,"key":"infinitespire:Beetle Shell"},{"floor":43.0,"key":"infinitespire:Lucky Rock"},{"floor":47.0,"key":"Nunchaku"},{"floor":54.0,"key":"conspire:TopHat"}],"event_choices":[{"damage_healed":0.0,"max_hp_gain":0.0,"max_hp_loss":0.0,"gold_gain":99.0,"event_name":"betterThird:BetterNest","player_choice":"Steal","floor":27.0,"gold_loss":0.0,"damage_taken":0.0}],"is_beta":false,"boss_relics":[{"not_picked":["conspire:SeveredTorchhead","Philosopher\u0027s Stone"],"picked":"infinitespire:Cupcake"},{"not_picked":["Pandora\u0027s Box","SacredBark"],"picked":"conspire:SpecialSausage"}],"items_purged_floors":[0,22,37,48],"is_endless":false,"potions_floor_spawned":[2,4,5,7,18,20,33,38,39,41],"ascension_level":0}}