{"host":"z42sc0n2dozsmk72","time":1610278130,"event":{"mods":["AchievementEnabler","BaseMod","Better Third Choice","Colored Map","Curses Come First","Googly Eyes","Highlight Path","Minty Spire (QoL Compilation)","Permanent Neow","Quick Restart","Relic Stats","Shop Mod","StSLib","egg","slay the spire mod where everything is the same but ironclad has a cowboy hat"],"gold_per_floor":[109,38,53,67,85,117,117,130,157,157,189,200,224,253,253,352,352,369,66,85,96,109,109,126,138,163,262,277,608,608,608,608],"floor_reached":31,"playtime":3360,"items_purged":[],"score":295,"play_id":"a0b78def-4e52-41cb-acc1-b517dcc09c7f","local_time":"20210111002850","is_ascension_mode":true,"campfire_choices":[{"data":"Armaments","floor":7,"key":"SMITH"},{"data":"Metallicize","floor":10,"key":"SMITH"},{"data":"True Grit","floor":15,"key":"SMITH"},{"data":"Berserk","floor":23,"key":"SMITH"},{"data":"Shockwave","floor":30,"key":"SMITH"}],"circlet_count":0,"master_deck":["Strike_R","Strike_R","Strike_R","Strike_R","Strike_R","Defend_R","Defend_R","Defend_R","Defend_R","Bash","Shockwave+1","Metallicize+1","Clothesline","Armaments+1","Battle Trance","Dropkick","Uppercut","True Grit+1","Ghostly Armor","Reckless Charge","Berserk+1","Uppercut","True Grit","Shrug It Off","True Grit","Corruption"],"relics":["Burning Blood","Torii","Shuriken","Strawberry","Odd Mushroom","Centennial Puzzle","Black Star","Thread and Needle","Ancient Tea Set","Vajra","Old Coin"],"acts_visited":["Exordium","TheCity"],"potions_floor_usage":[11,11,18,29,31,31],"damage_taken":[{"damage":8,"enemies":"Cultist","floor":1,"turns":5},{"damage":1,"enemies":"Jaw Worm","floor":3,"turns":7},{"damage":1,"enemies":"2 Louse","floor":4,"turns":4},{"damage":24,"enemies":"Exordium Thugs","floor":5,"turns":7},{"damage":38,"enemies":"Gremlin Nob","floor":6,"turns":6},{"damage":2,"enemies":"3 Louse","floor":8,"turns":4},{"damage":3,"enemies":"3 Sentries","floor":11,"turns":8},{"damage":2,"enemies":"Blue Slaver","floor":12,"turns":4},{"damage":19,"enemies":"The Mushroom Lair","floor":13,"turns":8},{"damage":22,"enemies":"Gremlin Nob","floor":14,"turns":5},{"damage":17,"enemies":"The Guardian","floor":16,"turns":14},{"damage":15,"enemies":"2 Thieves","floor":18,"turns":5},{"damage":0,"enemies":"Shell Parasite","floor":20,"turns":5},{"damage":13,"enemies":"Snecko","floor":21,"turns":7},{"damage":1,"enemies":"Cultist and Chosen","floor":22,"turns":10},{"damage":16,"enemies":"Sentry and Sphere","floor":24,"turns":11},{"damage":0,"enemies":"Centurion and Healer","floor":25,"turns":8},{"damage":3,"enemies":"Snake Plant","floor":28,"turns":8},{"damage":36,"enemies":"Slavers","floor":29,"turns":9},{"damage":54,"enemies":"Gremlin Leader","floor":31,"turns":11}],"seed_played":"-479307723140536044","potions_obtained":[{"floor":1,"key":"Regen Potion"},{"floor":6,"key":"BlessingOfTheForge"},{"floor":11,"key":"SpeedPotion"},{"floor":16,"key":"DistilledChaos"},{"floor":20,"key":"FearPotion"},{"floor":21,"key":"PowerPotion"},{"floor":22,"key":"EssenceOfSteel"}],"is_trial":false,"path_per_floor":["M","$","M","M","M","E","R","M","T","R","E","M","?","E","R","B",null,"M","$","M","M","M","R","M","M","T","?","M","E","R","E"],"character_chosen":"IRONCLAD","items_purchased":["Metallicize","Thread and Needle"],"campfire_rested":0,"item_purchase_floors":[2,19],"current_hp_per_floor":[54,54,59,64,46,14,14,18,18,18,43,47,34,18,18,7,87,78,78,84,77,82,82,72,78,78,78,81,51,51,0,0],"gold":608,"neow_bonus":"ONE_RARE_RELIC","is_daily":false,"chose_seed":false,"campfire_upgraded":5,"win_rate":0.0,"timestamp":1610278130,"path_taken":["M","$","M","M","?","E","R","M","T","R","E","M","?","E","R","BOSS","M","$","M","M","M","R","M","M","T","?","M","E","R","E"],"items_purchased_type":["Card","Relic"],"build_version":"2020-12-22","purchased_purges":0,"victory":false,"max_hp_per_floor":[80,80,80,80,80,80,80,80,80,80,87,87,87,87,87,87,87,87,87,87,87,87,87,87,87,87,87,87,87,87,87,87],"relic_stats":{"Centennial Puzzle":[24],"Torii":56,"counters":[20,146],"Shuriken":[24],"Black Star":1,"obtain_stats":[{"Centennial Puzzle":14,"Torii":0,"Shuriken":6,"Strawberry":11,"Vajra":29,"Thread and Needle":19,"Black Star":17,"Odd Mushroom":13,"Ancient Tea Set":26,"Burning Blood":0,"Old Coin":29},{"Centennial Puzzle":10,"Torii":0,"Shuriken":5,"Strawberry":7,"Vajra":19,"Thread and Needle":12,"Black Star":11,"Odd Mushroom":9,"Ancient Tea Set":17,"Burning Blood":0,"Old Coin":19},{"Centennial Puzzle":58,"Torii":0,"Shuriken":29,"Strawberry":41,"Vajra":135,"Thread and Needle":77,"Black Star":72,"Odd Mushroom":53,"Ancient Tea Set":118,"Burning Blood":0,"Old Coin":135}],"Burning Blood":114},"card_choices":[{"not_picked":["Twin Strike","Second Wind"],"picked":"Shockwave","floor":1},{"not_picked":["Perfected Strike","Iron Wave"],"picked":"Clothesline","floor":3},{"not_picked":["Body Slam","Hemokinesis"],"picked":"Armaments","floor":4},{"not_picked":["Anger","Wild Strike"],"picked":"Battle Trance","floor":5},{"not_picked":["Limit Break","Clash"],"picked":"Dropkick","floor":6},{"not_picked":["Twin Strike","Searing Blow","Shockwave"],"picked":"SKIP","floor":8},{"not_picked":["Searing Blow","Flex"],"picked":"Uppercut","floor":11},{"not_picked":["Power Through","Second Wind"],"picked":"True Grit","floor":12},{"not_picked":["Bloodletting","Pommel Strike"],"picked":"Ghostly Armor","floor":13},{"not_picked":["Headbutt","Rampage"],"picked":"Reckless Charge","floor":14},{"not_picked":["Immolate","Exhume"],"picked":"Berserk","floor":16},{"not_picked":["Clothesline","Armaments+1"],"picked":"Uppercut","floor":18},{"not_picked":["Twin Strike+1","Fire Breathing"],"picked":"True Grit","floor":20},{"not_picked":["Armaments+1","Cleave"],"picked":"Shrug It Off","floor":21},{"not_picked":["Hemokinesis+1","Clothesline+1"],"picked":"True Grit","floor":22},{"not_picked":["Spot Weakness","Anger+1","Sever Soul"],"picked":"SKIP","floor":24},{"not_picked":["Heavy Blade","Entrench+1","Headbutt"],"picked":"SKIP","floor":25},{"not_picked":["True Grit","Shrug It Off+1"],"picked":"Corruption","floor":28},{"not_picked":["Heavy Blade","Wild Strike","Carnage"],"picked":"SKIP","floor":29}],"player_experience":820464,"relics_obtained":[{"floor":6,"key":"Shuriken"},{"floor":11,"key":"Strawberry"},{"floor":13,"key":"Odd Mushroom"},{"floor":14,"key":"Centennial Puzzle"},{"floor":26,"key":"Ancient Tea Set"},{"floor":29,"key":"Vajra"},{"floor":29,"key":"Old Coin"}],"event_choices":[{"damage_healed":0,"gold_gain":0,"player_choice":"Fought Mushrooms","damage_taken":0,"max_hp_gain":0,"max_hp_loss":0,"event_name":"Mushrooms","floor":13,"gold_loss":0},{"damage_healed":0,"gold_gain":99,"player_choice":"Steal","damage_taken":0,"max_hp_gain":0,"max_hp_loss":0,"event_name":"betterThird:BetterNest","floor":27,"gold_loss":0}],"is_beta":false,"boss_relics":[{"not_picked":["Busted Crown","Empty Cage"],"picked":"Black Star"}],"items_purged_floors":[],"is_endless":false,"potions_floor_spawned":[1,6,11,16,20,21,22,24],"killed_by":"Gremlin Leader","ascension_level":1}}