{"host":"ijmqth23a408ytzh","time":1610253633,"event":{"mods":["BaseMod","Curses Come First","Downfall","Minty Spire (QoL Compilation)","StSLib"],"gold_per_floor":[99,113,126,126,126,126,150,168,187,187,212,12,23,23,43,146,146,146,146,156,156,183,183,206,19,19,45,68,53,53,64,77,77,77],"floor_reached":33,"playtime":4058,"items_purged":["sneckomod:Strike","sneckomod:Defend"],"score":288,"play_id":"c5ed6333-ace8-4a7c-b9d7-65e88764ca95","local_time":"20210109204033","is_ascension_mode":false,"campfire_choices":[{"data":"The Bomb","floor":1,"key":"SMITH"},{"data":"sneckomod:UnknownClassGUARDIAN","floor":10,"key":"SMITH"},{"data":"sneckomod:MorePower","floor":18,"key":"SMITH"},{"floor":30,"key":"REST"}],"circlet_count":0,"master_deck":["sneckomod:Defend","sneckomod:Defend","sneckomod:TailWhip+1","sneckomod:SnekBite+1","sneckomod:Unknown","sneckomod:Unknown","The Bomb+1","sneckomod:UnknownClassGUARDIAN","sneckomod:UnknownBlock","sneckomod:UnknownClassGUARDIAN+1","sneckomod:UnknownStrike+1","sneckomod:UnknownRareSkill","sneckomod:SoulCleanse","sneckomod:SerpentIdol","sneckomod:MorePower+1","sneckomod:UnknownRareAttack+1","Ghostly","Ghostly","Ghostly","Ghostly","Ghostly","sneckomod:Unknown3Cost+1","sneckomod:IronFang+1","sneckomod:DangerNoodle+1","Purity","sneckomod:UnknownRarePower+1","sneckomod:UnknownRareSkill","sneckomod:UnknownClassPURPLE+1","sneckomod:Nope","sneckomod:UnknownCommonAttack+1","sneckomod:MasterEye+1","sneckomod:SerpentMind"],"relics":["sneckomod:SneckoSoul","Molten Egg 2","Oddly Smooth Stone","Gremlin Horn","Membership Card","Sundial","Runic Pyramid","Blood Vial","Omamori","MutagenicStrength","Tiny Chest","Whetstone"],"acts_visited":["Exordium","TheCity"],"potions_floor_usage":[8,16,16,16,23,23,27,31,33,33],"damage_taken":[{"damage":5,"enemies":"Small Slimes","floor":2,"turns":5},{"damage":3,"enemies":"Jaw Worm","floor":3,"turns":4},{"damage":0,"enemies":"2 Louse","floor":8,"turns":2},{"damage":0,"enemies":"Large Slime","floor":9,"turns":3},{"damage":14,"enemies":"Gremlin Nob","floor":11,"turns":3},{"damage":0,"enemies":"downfall:FleeingMerchant","floor":12,"turns":4},{"damage":0,"enemies":"Exordium Wildlife","floor":13,"turns":2},{"damage":6,"enemies":"3 Louse","floor":15,"turns":2},{"damage":14,"enemies":"downfall:Ironclad","floor":16,"turns":4},{"damage":0,"enemies":"Chosen","floor":19,"turns":1},{"damage":14,"enemies":"3 Byrds","floor":20,"turns":5},{"damage":3,"enemies":"3 Byrds","floor":23,"turns":5},{"damage":0,"enemies":"downfall:FleeingMerchant","floor":25,"turns":4},{"damage":45,"enemies":"Slavers","floor":27,"turns":6},{"damage":3,"enemies":"downfall:FleeingMerchant","floor":29,"turns":4},{"damage":0,"enemies":"Shelled Parasite and Fungi","floor":31,"turns":6},{"damage":21,"enemies":"Snake Plant","floor":32,"turns":4},{"damage":9,"enemies":"downfall:Watcher","floor":33,"turns":4}],"seed_played":"4381295921837218879","potions_obtained":[{"floor":3,"key":"FearPotion"},{"floor":9,"key":"Swift Potion"},{"floor":13,"key":"PowerPotion"},{"floor":15,"key":"champ:CounterPotion"},{"floor":20,"key":"EntropicBrew"},{"floor":31,"key":"AttackPotion"},{"floor":32,"key":"PowerPotion"}],"is_trial":false,"path_per_floor":["R","M","M","?","?","?","T","M","M","R","E","$","M","T","M","B",null,"R","M","M","?","T","?","T","$","?","E","T","$","R","M","M","B"],"character_chosen":"THE_SNECKO","items_purchased":["Membership Card","sneckomod:DangerNoodle+1","Purity"],"campfire_rested":1,"item_purchase_floors":[12,25,25],"current_hp_per_floor":[90,86,84,84,84,72,72,73,74,74,60,61,61,61,55,41,95,95,95,91,48,48,45,45,48,48,6,6,6,21,24,5,0,0],"gold":77,"neow_bonus":"RANDOM_COLORLESS_2","is_daily":false,"chose_seed":false,"campfire_upgraded":3,"win_rate":0.0,"timestamp":1610253633,"path_taken":["R","M","M","?","?","?","T","M","M","R","E","$","?","?","M","BOSS","R","M","M","?","?","?","T","?","?","E","?","?","R","?","M","BOSS"],"items_purchased_type":["Relic","Card","Card"],"build_version":"2020-12-22","purchased_purges":2,"victory":false,"max_hp_per_floor":[90,91,92,92,92,92,92,93,94,94,94,95,95,95,95,95,95,95,95,96,48,48,48,48,49,49,51,51,52,52,53,53,53,53],"card_choices":[{"not_picked":["Violence","Chrysalis"],"picked":"The Bomb","floor":0},{"not_picked":["sneckomod:UnknownWeak","sneckomod:DiceCrush"],"picked":"sneckomod:UnknownClassGUARDIAN","floor":2},{"not_picked":["sneckomod:RainOfDice","sneckomod:DiceBlock"],"picked":"sneckomod:UnknownBlock","floor":3},{"not_picked":["sneckomod:UnknownClassSLIMEBOUND","sneckomod:Nope"],"picked":"sneckomod:UnknownClassGUARDIAN","floor":8},{"not_picked":["sneckomod:WideSting+1","sneckomod:UnknownClassBLUE"],"picked":"sneckomod:UnknownStrike+1","floor":9},{"not_picked":["sneckomod:UnknownExhaust","sneckomod:RainOfDice+1","sneckomod:UnknownWeak"],"picked":"SKIP","floor":11},{"not_picked":["sneckomod:UnknownRarePower","sneckomod:DefensiveFlair"],"picked":"sneckomod:UnknownRareSkill","floor":12},{"not_picked":["sneckomod:UnknownClassGUARDIAN","sneckomod:Unknown1Cost"],"picked":"sneckomod:SoulCleanse","floor":13},{"not_picked":["sneckomod:UnknownVulnerable","sneckomod:QuickMove"],"picked":"sneckomod:SerpentIdol","floor":15},{"not_picked":["sneckomod:Restock","sneckomod:Mudshield"],"picked":"sneckomod:MorePower","floor":16},{"not_picked":["sneckomod:SoulRoll","sneckomod:QuickMove","sneckomod:UnknownVulnerable"],"picked":"SKIP","floor":19},{"not_picked":["sneckomod:UnknownDexterity+1","sneckomod:UnknownUncommonSkill+1"],"picked":"sneckomod:UnknownRareAttack+1","floor":20},{"not_picked":["sneckomod:SoulDraw","sneckomod:UnknownX","sneckomod:UnknownClassBLUE"],"picked":"SKIP","floor":20},{"not_picked":["sneckomod:UnknownDexterity+1","sneckomod:UnknownStrike+1"],"picked":"sneckomod:Unknown3Cost+1","floor":25},{"not_picked":["sneckomod:SlitherStrike+1","sneckomod:UnknownClassBLUE"],"picked":"sneckomod:IronFang+1","floor":25},{"not_picked":["sneckomod:UnknownClassBLUE+1","sneckomod:UnknownClassSLIMEBOUND+1"],"picked":"sneckomod:UnknownRarePower+1","floor":27},{"not_picked":["sneckomod:WideSting+1","sneckomod:UnknownWeak"],"picked":"sneckomod:UnknownRareSkill","floor":27},{"not_picked":["sneckomod:UnknownVulnerable+1","sneckomod:UnknownDexterity+1"],"picked":"sneckomod:UnknownClassPURPLE+1","floor":29},{"not_picked":["sneckomod:QuickMove","sneckomod:UnknownVulnerable"],"picked":"sneckomod:Nope","floor":29},{"not_picked":["sneckomod:UnknownStrength+1","sneckomod:UnknownColorless+1"],"picked":"sneckomod:UnknownCommonAttack+1","floor":31},{"not_picked":["sneckomod:Unknown1Cost","sneckomod:UnknownCommonAttack+1"],"picked":"sneckomod:MasterEye+1","floor":31},{"not_picked":["sneckomod:SerpentIdol","sneckomod:DiceCrush+1"],"picked":"sneckomod:SerpentMind","floor":32}],"player_experience":772485,"relics_obtained":[{"floor":7,"key":"Oddly Smooth Stone"},{"floor":11,"key":"Gremlin Horn"},{"floor":14,"key":"Sundial"},{"floor":22,"key":"Blood Vial"},{"floor":24,"key":"Omamori"},{"floor":27,"key":"Tiny Chest"},{"floor":28,"key":"Whetstone"}],"event_choices":[{"cards_removed":["Decay"],"damage_healed":0,"gold_gain":0,"player_choice":"Card Removal","damage_taken":0,"max_hp_gain":0,"max_hp_loss":0,"event_name":"The Cleric","floor":4,"gold_loss":0},{"damage_healed":0,"gold_gain":0,"player_choice":"Success","damage_taken":12,"relics_obtained":["Molten Egg 2"],"max_hp_gain":0,"max_hp_loss":0,"event_name":"Scrap Ooze","floor":6,"gold_loss":0},{"damage_healed":0,"gold_gain":0,"player_choice":"Became a Ghost","damage_taken":0,"max_hp_gain":0,"max_hp_loss":48,"event_name":"Ghosts","floor":21,"gold_loss":0,"cards_obtained":["Ghostly","Ghostly","Ghostly","Ghostly","Ghostly"]},{"damage_healed":0,"gold_gain":0,"player_choice":"Inject Mutagens","damage_taken":0,"relics_obtained":["MutagenicStrength"],"max_hp_gain":0,"max_hp_loss":0,"event_name":"Drug Dealer","floor":26,"gold_loss":0}],"is_beta":false,"boss_relics":[{"not_picked":["Empty Cage","Sozu"],"picked":"Runic Pyramid"}],"items_purged_floors":[12,25],"is_endless":false,"potions_floor_spawned":[3,9,13,15,20,23,31,32],"killed_by":"downfall:Watcher","ascension_level":0}}