{"host":"dwyzfvnzfcqffr30","time":1610322712,"event":{"mods":["2.2 Compatiblity","Act Like it!","BaseMod","Beaked The Cultist","Better Altar","Better Match","Better Note","Better Sensory Stone","Better Skull","Better Third Choice","Clockwork Mod","Colored Map","Colored Powertips","Conspire","Downfall","Elementarium","GifTheSpireLib","Halation","Hermit","Hubris","Infinite Spire","Ironclad Rager","Jedi Mod","Menagerie","Mimic Mod","Minty Spire (QoL Compilation)","Permanent Neow","Random Character Button","Replay The Spire","Spicy Shops","StSLib","Stuff the Spire","The Construct","The Disciple","The Druid","The Marked","TheFirefly","Trackpad","vexMod"],"gold_per_floor":[114,128,159,176,192,217,233,267,267,267,267],"floor_reached":10,"playtime":1159,"items_purged":[],"score":165,"play_id":"e05b17f5-c714-42cd-ba7a-e7db7ec4a181","local_time":"20210110155152","is_ascension_mode":true,"campfire_choices":[],"circlet_count":0,"master_deck":["AscendersBane","Strike_B+1","Strike_B+1","Strike_B+1","Strike_B+1","Defend_B+1","Defend_B+1","Defend_B+1","Defend_B+1","Zap+1","Dualcast+1","jedi:readyaimfire+1","MasterReality+1","Apotheosis+1","Genetic Algorithm+1","Leap+1","BasicCrystalCard+1","hubris:PowerSurge+1"],"relics":["Cracked Core","Bottled Tornado","conspire:InfiniteJournal","Quantum Egg","Molten Egg 2","Toxic Egg 2","Frozen Egg 2","hubris:ToyBattleship","Shovel","Akabeko"],"acts_visited":["Menagerie:Menagerie"],"potions_floor_usage":[6,6,6,8,10],"damage_taken":[{"damage":0,"enemies":"Menagerie:WhisperingWraith","floor":1,"turns":3},{"damage":0,"enemies":"Menagerie:StygianBoar","floor":2,"turns":2},{"damage":11,"enemies":"conspire:MimicChest","floor":3,"turns":4},{"damage":5,"enemies":"Menagerie:2_RABBITS","floor":4,"turns":4},{"damage":5,"enemies":"Menagerie:KEEPER_AND_YOUNG_SUNEATER","floor":5,"turns":6},{"damage":14,"enemies":"Menagerie:MaskedSummoner","floor":6,"turns":17},{"damage":0,"enemies":"Menagerie:3_RABBITS","floor":7,"turns":5},{"damage":0,"enemies":"Menagerie:VoidReaper","floor":8,"turns":5},{"damage":35,"enemies":"Menagerie:MaskedSummoner","floor":10,"turns":12}],"seed_played":"-1731772624688135465","potions_obtained":[{"floor":3,"key":"Dexterity Potion"},{"floor":4,"key":"PowerPotion"},{"floor":6,"key":"ColorlessPotion"},{"floor":8,"key":"sneckomod:MuddlingPotion"}],"is_trial":false,"path_per_floor":["M","M","?","M","M","E","M","E","T","E"],"character_chosen":"DEFECT","items_purchased":[],"campfire_rested":0,"item_purchase_floors":[],"current_hp_per_floor":[64,64,53,48,43,29,29,29,29,0,0],"gold":267,"neow_bonus":"THREE_RARE_CARDS","is_daily":false,"chose_seed":false,"campfire_upgraded":0,"win_rate":0.0,"timestamp":1610322712,"path_taken":["M","M","?","M","?","E","M","E","T","E"],"items_purchased_type":[],"build_version":"2020-12-22","purchased_purges":0,"victory":false,"max_hp_per_floor":[64,64,64,64,64,64,64,64,64,64,64],"card_choices":[{"not_picked":["StuffTheSpire:LaunchingStrike","Meteor Strike"],"picked":"jedi:readyaimfire","floor":0},{"not_picked":["ReplayTheSpireMod:GoodbyeWorld+1","conspire:Rain+1"],"picked":"Genetic Algorithm+1","floor":1},{"not_picked":["jedi:BurstLightning+1","Compile Driver+1","Rebound+1"],"picked":"SKIP","floor":2},{"not_picked":["Gash+1","Genetic Algorithm+1"],"picked":"Leap+1","floor":3},{"not_picked":["jedi:BurstFrost+1","StuffTheSpire:LoadUp+1","StuffTheSpire:Plugnplay+1"],"picked":"SKIP","floor":4},{"not_picked":["Rebound+1","Beam Cell+1"],"picked":"BasicCrystalCard+1","floor":5},{"not_picked":["Rebound+1","Panic Button+1"],"picked":"hubris:PowerSurge+1","floor":6},{"not_picked":["StuffTheSpire:ShieldGenerator+1","ReplayTheSpireMod:Omega Cannon+1","jedi:blockon+1"],"picked":"SKIP","floor":7},{"not_picked":["FIFO Queue+1","Streamline+1","Stack+1"],"picked":"SKIP","floor":8}],"player_experience":2693290,"relics_obtained":[{"floor":3,"key":"hubris:ToyBattleship"},{"floor":6,"key":"Shovel"},{"floor":8,"key":"Akabeko"}],"event_choices":[{"damage_healed":0,"gold_gain":0,"player_choice":"Simplicity","damage_taken":0,"max_hp_gain":0,"max_hp_loss":8,"event_name":"betterThird:BetterWriting","floor":0,"gold_loss":0}],"is_beta":false,"boss_relics":[],"items_purged_floors":[],"is_endless":false,"potions_floor_spawned":[3,4,6,8],"killed_by":"Menagerie:MaskedSummoner","ascension_level":14}}