{"host":"mydft8i2zzydgggw","time":1610300125,"event":{"mods":["AchievementEnabler","BaseMod","BetterRewards","Colored Map","Colored Powertips","DeckTracker","Keyboard Shortcuts","Minty Spire (QoL Compilation)","Quick Restart","Rare Cards Sparkle","StSLib","SuperFastMode","The Poker Player","everything is the same but u backflip on backflip"],"gold_per_floor":[113,113,113,38,48,48,48,48,48,64,74,108,126,126,126,229,229,239,59,59,158,173,191,191,206,206,236,236,261,275,21,21,123,123,140,140,16,16,16,16,36,36,63,63,95,110,125,125,125,125],"floor_reached":51,"playtime":1108,"items_purged":["Strike_P","Strike_P","Defend_P"],"score":954,"play_id":"0ab73a9a-5115-449a-a99c-f0743d2632b4","local_time":"20210111023525","is_ascension_mode":true,"campfire_choices":[{"data":"Eruption","floor":6.0,"key":"SMITH"},{"data":"Vigilance","floor":8.0,"key":"SMITH"},{"data":"Adaptation","floor":15.0,"key":"SMITH"},{"data":"MentalFortress","floor":24.0,"key":"SMITH"},{"floor":28.0,"key":"REST"},{"floor":32.0,"key":"REST"},{"data":"Adaptation","floor":40,"key":"SMITH"},{"data":"MentalFortress","floor":42,"key":"SMITH"},{"floor":44,"key":"REST"},{"floor":49,"key":"REST"}],"circlet_count":0,"master_deck":["Strike_P","Strike_P","Defend_P","Eruption+1","Vigilance+1","Adaptation+1","MentalFortress+1","Writhe","Adaptation+1","MentalFortress+1","Purity+1","Tantrum+1"],"relics":["PureWater","Shuriken","Pear","Busted Crown","The Courier","Regal Pillow","Question Card","Anchor","Empty Cage","Pen Nib","Lizard Tail"],"acts_visited":["Exordium","TheCity","TheBeyond"],"potions_floor_usage":[47,50],"damage_taken":[{"damage":0.0,"enemies":"Cultist","floor":1.0,"turns":2.0},{"damage":15.0,"enemies":"Small Slimes","floor":5.0,"turns":6.0},{"damage":2.0,"enemies":"Jaw Worm","floor":10.0,"turns":4.0},{"damage":4.0,"enemies":"Red Slaver","floor":11.0,"turns":5.0},{"damage":24.0,"enemies":"Gremlin Nob","floor":12.0,"turns":3.0},{"damage":3.0,"enemies":"Blue Slaver","floor":13.0,"turns":4.0},{"damage":56.0,"enemies":"Hexaghost","floor":16.0,"turns":9.0},{"damage":19.0,"enemies":"Chosen","floor":18.0,"turns":3.0},{"damage":21.0,"enemies":"3 Byrds","floor":22.0,"turns":4.0},{"damage":15.0,"enemies":"Shelled Parasite and Fungi","floor":23.0,"turns":5.0},{"damage":6.0,"enemies":"Snake Plant","floor":25.0,"turns":4.0},{"damage":13.0,"enemies":"Gremlin Leader","floor":27.0,"turns":5.0},{"damage":24.0,"enemies":"Book of Stabbing","floor":29.0,"turns":4.0},{"damage":0.0,"enemies":"Centurion and Healer","floor":30.0,"turns":5.0},{"damage":42.0,"enemies":"Automaton","floor":33.0,"turns":7.0},{"damage":32.0,"enemies":"3 Darklings","floor":35.0,"turns":3.0},{"damage":0,"enemies":"Orb Walker","floor":41,"turns":4},{"damage":3,"enemies":"Reptomancer","floor":45,"turns":7},{"damage":27,"enemies":"4 Shapes","floor":46,"turns":6},{"damage":42,"enemies":"Sphere and 2 Shapes","floor":47,"turns":3},{"damage":16,"enemies":"Donu and Deca","floor":50,"turns":5}],"seed_played":"-8503859211185848464","potions_obtained":[{"floor":10.0,"key":"Weak Potion"},{"floor":13.0,"key":"GamblersBrew"},{"floor":16.0,"key":"SneckoOil"},{"floor":18.0,"key":"Regen Potion"},{"floor":27.0,"key":"ColorlessPotion"},{"floor":29.0,"key":"Fruit Juice"},{"floor":30.0,"key":"Fire Potion"},{"floor":45,"key":"BlessingOfTheForge"},{"floor":47,"key":"AttackPotion"}],"is_trial":false,"path_per_floor":["M","?","?","$","M","R","$","R","T","M","M","E","M","?","R","B",null,"M","$","?","?","M","M","R","M","T","E","R","E","M","$","R","B",null,"M","?","$","?","?","R","M","R","T","R","E","M","M","?","R","B",null],"character_chosen":"WATCHER","items_purchased":["MentalFortress","Anchor","SteroidPotion","Adaptation","MentalFortress"],"campfire_rested":4,"item_purchase_floors":[19,31,31,37,37],"current_hp_per_floor":[72,72,72,72,57,57,57,57,57,55,51,37,34,61,61,5,63,44,44,44,44,35,20,20,14,14,1,40,21,21,21,62,20,70,38,60,60,60,60,60,60,60,60,87,84,57,15,15,56,40],"gold":125,"neow_bonus":"THREE_CARDS","is_daily":false,"chose_seed":false,"campfire_upgraded":6,"win_rate":0.0,"timestamp":1610300125,"path_taken":["M","?","?","$","?","R","?","R","T","M","M","E","M","?","R","BOSS","M","$","?","?","M","M","R","M","T","E","R","E","M","$","R","BOSS","M","?","$","?","?","R","M","R","T","R","E","M","?","?","R","BOSS"],"items_purchased_type":["Card","Relic","Potion","Card","Card"],"build_version":"2020-12-22","purchased_purges":3,"victory":true,"max_hp_per_floor":[72,72,72,72,72,72,72,72,72,72,72,82,82,82,82,82,82,82,82,82,82,82,82,82,82,82,82,82,87,87,87,87,87,87,87,87,87,87,87,87,87,87,87,87,87,87,87,87,87,87],"card_choices":[{"not_picked":["FlurryOfBlows","PathToVictory","Halt"],"picked":"SKIP","floor":1.0},{"not_picked":["Halt","Conclude","EmptyFist"],"picked":"SKIP","floor":5.0},{"not_picked":["ClearTheMind","Evaluate"],"picked":"Adaptation","floor":10.0},{"not_picked":["EmptyBody","Sanctity","CarveReality"],"picked":"SKIP","floor":11.0},{"not_picked":["JustLucky","Conclude","PathToVictory"],"picked":"SKIP","floor":12.0},{"not_picked":["Prostrate","SignatureMove","CutThroughFate"],"picked":"SKIP","floor":13.0},{"not_picked":["Indignation"],"picked":"SKIP","floor":18.0},{"not_picked":["ForeignInfluence+1"],"picked":"SKIP","floor":22.0},{"not_picked":["BowlingBash"],"picked":"SKIP","floor":23.0},{"not_picked":["PathToVictory"],"picked":"SKIP","floor":25.0},{"not_picked":["Consecrate"],"picked":"SKIP","floor":27.0},{"not_picked":["LikeWater"],"picked":"SKIP","floor":29.0},{"not_picked":["Crescendo","ClearTheMind+1"],"picked":"SKIP","floor":30.0},{"not_picked":["SashWhip+1","EmptyBody+1"],"picked":"SKIP","floor":35},{"not_picked":["Madness"],"picked":"Purity","floor":38},{"not_picked":["ThirdEye+1","Adaptation"],"picked":"SKIP","floor":41},{"not_picked":["FlyingSleeves"],"picked":"Tantrum+1","floor":45},{"not_picked":["MentalFortress+1","FlyingSleeves"],"picked":"SKIP","floor":46},{"not_picked":["Protect+1","WindmillStrike"],"picked":"SKIP","floor":47}],"player_experience":173130,"relics_obtained":[{"floor":9.0,"key":"Shuriken"},{"floor":12.0,"key":"Pear"},{"floor":26.0,"key":"The Courier"},{"floor":27.0,"key":"Regal Pillow"},{"floor":29.0,"key":"Question Card"},{"floor":43,"key":"Pen Nib"},{"floor":45,"key":"Lizard Tail"}],"event_choices":[{"damage_healed":0.0,"max_hp_gain":0.0,"max_hp_loss":0.0,"gold_gain":0.0,"event_name":"Liars Game","player_choice":"Ignored","floor":2.0,"gold_loss":0.0,"damage_taken":0.0},{"damage_healed":0.0,"max_hp_gain":0.0,"max_hp_loss":0.0,"gold_gain":0.0,"event_name":"Shining Light","player_choice":"Ignored","floor":3.0,"gold_loss":0.0,"damage_taken":0.0},{"damage_healed":27.0,"max_hp_gain":0.0,"max_hp_loss":0.0,"gold_gain":0.0,"event_name":"Big Fish","player_choice":"Banana","floor":14.0,"gold_loss":0.0,"damage_taken":0.0},{"damage_healed":0.0,"max_hp_gain":0.0,"max_hp_loss":0.0,"gold_gain":0.0,"event_name":"The Library","player_choice":"Read","floor":20.0,"gold_loss":0.0,"damage_taken":0.0,"cards_obtained":["Tantrum"]},{"damage_healed":0.0,"max_hp_gain":0.0,"max_hp_loss":0.0,"gold_gain":99.0,"event_name":"Nest","player_choice":"Stole From Cult","floor":21.0,"gold_loss":0.0,"damage_taken":0.0},{"damage_healed":22,"gold_gain":0,"player_choice":"Writhe","damage_taken":0,"max_hp_gain":0,"max_hp_loss":0,"event_name":"Winding Halls","floor":36,"gold_loss":0,"cards_obtained":["Writhe"]},{"damage_healed":0,"gold_gain":0,"player_choice":"Memory 1","damage_taken":0,"max_hp_gain":0,"max_hp_loss":0,"event_name":"SensoryStone","floor":38,"gold_loss":0},{"cards_removed":["Tantrum"],"damage_healed":0,"gold_gain":0,"player_choice":"Removed Attack","damage_taken":0,"max_hp_gain":0,"max_hp_loss":0,"event_name":"Falling","floor":39,"gold_loss":0},{"damage_healed":0,"gold_gain":0,"player_choice":"Forge","damage_taken":0,"max_hp_gain":0,"max_hp_loss":0,"event_name":"Accursed Blacksmith","floor":48,"gold_loss":0,"cards_upgraded":["Purity"]}],"is_beta":false,"boss_relics":[{"not_picked":["Runic Dome","Coffee Dripper"],"picked":"Busted Crown"},{"not_picked":["Tiny House","Black Star"],"picked":"Empty Cage"}],"items_purged_floors":[4,19,31],"is_endless":false,"potions_floor_spawned":[10,13,16,18,27,29,30,45,47],"ascension_level":5}}