{"host":"nsxzlb359hv0da5z","time":1610270024,"event":{"mods":["BaseMod","Bestiary","Colored Map","Minty Spire (QoL Compilation)","Permanent Neow","Relic Stats","Slay the Relics Exporter","ojb\u0027s Info Mod"],"gold_per_floor":[119,119,194,205,222,222,250,250,250,250,250,262,262,291,291,365,365,379,379,16,16,32,32,58,78,78,90,90,120,66,166,166,240,240,252,271,24,44,69,95,95,119,164,191,191,204,154,164,164,164,164,164,164,62,92,92],"floor_reached":57,"playtime":6343,"items_purged":["Strike_R"],"score":2862,"play_id":"83df0db8-c765-488d-b482-3ab6e70ab141","local_time":"20210110011344","is_ascension_mode":true,"campfire_choices":[{"data":"True Grit","floor":6.0,"key":"SMITH"},{"data":"Havoc","floor":8.0,"key":"SMITH"},{"floor":10.0,"key":"REST"},{"data":"Bash","floor":15.0,"key":"SMITH"},{"data":"Disarm","floor":23.0,"key":"SMITH"},{"data":"Battle Trance","floor":28.0,"key":"SMITH"},{"data":"Ghostly","floor":32.0,"key":"SMITH"},{"floor":41.0,"key":"RECALL"},{"data":"Spot Weakness","floor":49.0,"key":"SMITH"},{"data":"Offering","floor":53.0,"key":"SMITH"}],"circlet_count":0,"master_deck":["AscendersBane","Strike_R+1","Defend_R","Defend_R","Defend_R","Bash+1","Uppercut+1","Havoc+1","True Grit+1","Pommel Strike+1","Thunderclap+1","Disarm+1","Ghostly+1","Ghostly","Ghostly","Shrug It Off","Ghostly Armor+1","Necronomicurse","Heavy Blade+1","Battle Trance+1","Offering+1","Impervious","Pommel Strike+1","Second Wind+1","Heavy Blade+1","Disarm+1","Spot Weakness+1","Barricade","Feel No Pain+1","Headbutt+1","PanicButton","Flame Barrier"],"relics":["Burning Blood","Champion Belt","Molten Egg 2","Akabeko","Paper Frog","Runic Dome","MealTicket","Necronomicon","Bottled Lightning","Meat on the Bone","PreservedInsect","CaptainsWheel","HornCleat","Astrolabe","Strange Spoon","Torii","Incense Burner","Whetstone","Blue Candle","Sundial"],"acts_visited":["Exordium","TheCity","TheBeyond","TheEnding"],"potions_floor_usage":[56,56],"damage_taken":[{"damage":4.0,"enemies":"Small Slimes","floor":1.0,"turns":3.0},{"damage":2.0,"enemies":"2 Louse","floor":4.0,"turns":3.0},{"damage":4.0,"enemies":"Jaw Worm","floor":5.0,"turns":3.0},{"damage":21.0,"enemies":"Gremlin Nob","floor":7.0,"turns":4.0},{"damage":1.0,"enemies":"Blue Slaver","floor":12.0,"turns":4.0},{"damage":23.0,"enemies":"3 Sentries","floor":14.0,"turns":10.0},{"damage":18.0,"enemies":"The Guardian","floor":16.0,"turns":14.0},{"damage":13.0,"enemies":"Shell Parasite","floor":18.0,"turns":5.0},{"damage":1.0,"enemies":"2 Thieves","floor":22.0,"turns":3.0},{"damage":0.0,"enemies":"Gremlin Leader","floor":24.0,"turns":4.0},{"damage":9.0,"enemies":"Centurion and Healer","floor":25.0,"turns":5.0},{"damage":3.0,"enemies":"Snake Plant","floor":27.0,"turns":3.0},{"damage":2.0,"enemies":"Book of Stabbing","floor":29.0,"turns":5.0},{"damage":7.0,"enemies":"Colosseum Slavers","floor":31.0,"turns":4.0},{"damage":2.0,"enemies":"Colosseum Nobs","floor":31.0,"turns":3.0},{"damage":6.0,"enemies":"Champ","floor":33.0,"turns":8.0},{"damage":1.0,"enemies":"Orb Walker","floor":35.0,"turns":5.0},{"damage":0.0,"enemies":"3 Shapes","floor":36.0,"turns":6.0},{"damage":31.0,"enemies":"Maw","floor":38.0,"turns":11.0},{"damage":2.0,"enemies":"Mind Bloom Boss Battle","floor":39.0,"turns":9.0},{"damage":1.0,"enemies":"Giant Head","floor":40.0,"turns":8.0},{"damage":4.0,"enemies":"Nemesis","floor":44.0,"turns":15.0},{"damage":2.0,"enemies":"3 Darklings","floor":46.0,"turns":7.0},{"damage":1.0,"enemies":"4 Shapes","floor":48.0,"turns":6.0},{"damage":7.0,"enemies":"Awakened One","floor":50.0,"turns":12.0},{"damage":45.0,"enemies":"Time Eater","floor":51.0,"turns":12.0},{"damage":5.0,"enemies":"Shield and Spear","floor":55.0,"turns":18.0},{"damage":59,"enemies":"The Heart","floor":56,"turns":14}],"seed_played":"9084578967815023184","potions_obtained":[{"floor":1.0,"key":"LiquidMemories"},{"floor":12.0,"key":"EntropicBrew"},{"floor":14.0,"key":"DuplicationPotion"},{"floor":16.0,"key":"AttackPotion"},{"floor":33.0,"key":"HeartOfIron"},{"floor":39.0,"key":"Regen Potion"},{"floor":44.0,"key":"BloodPotion"},{"floor":48.0,"key":"Dexterity Potion"}],"is_trial":false,"path_per_floor":["M","?","?","M","M","R","E","R","T","R","?","M","?","E","R","B",null,"M","?","$","?","M","R","E","M","T","M","R","E","$","?","R","B",null,"M","M","$","M","?","E","R","T","T","E","?","M","?","M","R","B","B",null,"R","$","E","B",null],"character_chosen":"IRONCLAD","items_purchased":["Shrug It Off","Ghostly Armor","MealTicket","Strength Potion","Spot Weakness","Strange Spoon","PanicButton"],"campfire_rested":1,"item_purchase_floors":[20,20,20,30,37,37,54],"current_hp_per_floor":[52,52,41,45,47,47,32,32,32,54,54,59,52,35,35,23,62,59,39,39,18,27,27,33,34,34,41,41,49,55,63,63,67,67,71,75,75,54,58,82,82,82,82,87,87,87,87,87,87,86,59,80,80,87,87,46],"gold":92,"neow_bonus":"ONE_RARE_RELIC","is_daily":false,"chose_seed":false,"campfire_upgraded":8,"win_rate":0.0,"timestamp":1610270024,"path_taken":["M","?","?","M","M","R","E","R","T","R","?","M","?","E","R","BOSS","M","?","$","?","M","R","E","M","T","M","R","E","$","?","R","BOSS","M","M","$","M","?","E","R","?","T","E","?","M","?","M","R","BOSS","BOSS","R","$","E","BOSS"],"items_purchased_type":["Card","Card","Relic","Potion","Card","Relic","Card"],"build_version":"2020-12-22","purchased_purges":1,"victory":true,"max_hp_per_floor":[75,75,75,75,75,75,75,75,75,75,75,75,75,75,75,75,75,79,39,39,39,43,43,43,47,47,51,51,55,55,63,63,67,67,71,75,75,79,79,83,83,83,83,87,87,87,87,87,87,87,87,87,87,87,87,87],"relic_stats":{"Torii":1,"counters":[28,204],"Astrolabe":["Pommel Strike","Second Wind","Heavy Blade"],"Blue Candle":[2],"PreservedInsect":327,"Whetstone":["Strike_R"],"Burning Blood":143,"Strange Spoon":[73],"Sundial":[2],"MealTicket":13,"Necronomicon":[71],"Champion Belt":[145],"obtain_stats":[{"Torii":39,"Astrolabe":34,"Blue Candle":44,"PreservedInsect":29,"Incense Burner":40,"Whetstone":43,"Burning Blood":0,"Akabeko":9,"Runic Dome":17,"Strange Spoon":37,"CaptainsWheel":31,"HornCleat":31,"Sundial":55,"Molten Egg 2":7,"MealTicket":20,"Necronomicon":21,"Champion Belt":0,"Bottled Lightning":24,"Paper Frog":14,"Meat on the Bone":26},{"Torii":20,"Astrolabe":16,"Blue Candle":22,"PreservedInsect":13,"Incense Burner":21,"Whetstone":21,"Burning Blood":0,"Akabeko":4,"Runic Dome":7,"Strange Spoon":18,"CaptainsWheel":15,"HornCleat":15,"Sundial":27,"Molten Egg 2":4,"MealTicket":8,"Necronomicon":8,"Champion Belt":0,"Bottled Lightning":10,"Paper Frog":6,"Meat on the Bone":11},{"Torii":112,"Astrolabe":81,"Blue Candle":135,"PreservedInsect":66,"Incense Burner":120,"Whetstone":120,"Burning Blood":0,"Akabeko":13,"Runic Dome":41,"Strange Spoon":92,"CaptainsWheel":73,"HornCleat":73,"Sundial":190,"Molten Egg 2":13,"MealTicket":46,"Necronomicon":46,"Champion Belt":0,"Bottled Lightning":53,"Paper Frog":27,"Meat on the Bone":58}],"Meat on the Bone":24},"card_choices":[{"not_picked":["Clothesline","Anger"],"picked":"Uppercut","floor":1.0},{"not_picked":["Clash","Anger"],"picked":"Havoc","floor":4.0},{"not_picked":["Uppercut","Shrug It Off"],"picked":"True Grit","floor":5.0},{"not_picked":["True Grit","Heavy Blade+1","Clash+1"],"picked":"SKIP","floor":7.0},{"not_picked":["Dark Embrace","Clash+1"],"picked":"Pommel Strike+1","floor":12.0},{"not_picked":["Entrench","Iron Wave+1"],"picked":"Thunderclap+1","floor":14.0},{"not_picked":["Bludgeon+1","Brutality"],"picked":"Feed+1","floor":16.0},{"not_picked":["Flex","True Grit"],"picked":"Disarm","floor":18.0},{"not_picked":["Body Slam+1","Iron Wave+1"],"picked":"Heavy Blade+1","floor":22.0},{"not_picked":["Infernal Blade","Uppercut+1","Anger+1"],"picked":"SKIP","floor":24.0},{"not_picked":["Second Wind","Body Slam+1","Heavy Blade+1"],"picked":"SKIP","floor":25.0},{"not_picked":["Clash+1","Seeing Red"],"picked":"Battle Trance","floor":27.0},{"not_picked":["Sentinel","Flex"],"picked":"Offering","floor":29.0},{"not_picked":["Limit Break","Brutality"],"picked":"Impervious","floor":33.0},{"not_picked":["Sentinel","Perfected Strike+1"],"picked":"Disarm","floor":35.0},{"not_picked":["Entrench","True Grit","Havoc"],"picked":"SKIP","floor":36.0},{"not_picked":["Flex","Shrug It Off"],"picked":"Barricade","floor":38.0},{"not_picked":["Disarm","Twin Strike+1"],"picked":"Feel No Pain+1","floor":40.0},{"not_picked":["Armaments","Anger+1","Perfected Strike+1"],"picked":"SKIP","floor":44.0},{"not_picked":["Battle Trance+1","Heavy Blade+1"],"picked":"Headbutt+1","floor":46.0},{"not_picked":["Dual Wield","Thunderclap+1","Pummel+1"],"picked":"SKIP","floor":48.0},{"not_picked":["Perfected Strike+1","Burning Pact"],"picked":"Flame Barrier","floor":55.0}],"player_experience":1965328,"relics_obtained":[{"floor":7.0,"key":"Molten Egg 2"},{"floor":9.0,"key":"Akabeko"},{"floor":14.0,"key":"Paper Frog"},{"floor":21.0,"key":"Necronomicon"},{"floor":24.0,"key":"Bottled Lightning"},{"floor":26.0,"key":"Meat on the Bone"},{"floor":29.0,"key":"PreservedInsect"},{"floor":31.0,"key":"CaptainsWheel"},{"floor":31.0,"key":"HornCleat"},{"floor":39.0,"key":"Torii"},{"floor":40.0,"key":"Incense Burner"},{"floor":43.0,"key":"Whetstone"},{"floor":44.0,"key":"Blue Candle"},{"floor":55.0,"key":"Sundial"}],"event_choices":[{"damage_healed":0.0,"max_hp_gain":0.0,"max_hp_loss":0.0,"gold_gain":0.0,"event_name":"Living Wall","player_choice":"Grow","floor":2.0,"gold_loss":0.0,"damage_taken":0.0,"cards_upgraded":["Uppercut"]},{"damage_healed":0.0,"max_hp_gain":0.0,"max_hp_loss":0.0,"gold_gain":75.0,"event_name":"World of Goop","player_choice":"Gather Gold","floor":3.0,"gold_loss":0.0,"damage_taken":11.0},{"damage_healed":0.0,"max_hp_gain":0.0,"max_hp_loss":0.0,"gold_gain":0.0,"event_name":"Liars Game","player_choice":"Ignored","floor":11.0,"gold_loss":0.0,"damage_taken":0.0},{"cards_removed":["Strike_R"],"damage_healed":0.0,"max_hp_gain":0.0,"max_hp_loss":0.0,"gold_gain":0.0,"event_name":"Golden Wing","player_choice":"Card Removal","floor":13.0,"gold_loss":0.0,"damage_taken":7.0},{"damage_healed":0.0,"max_hp_gain":0.0,"max_hp_loss":40.0,"gold_gain":0.0,"event_name":"Ghosts","player_choice":"Became a Ghost","floor":19.0,"gold_loss":0.0,"damage_taken":0.0,"cards_obtained":["Ghostly","Ghostly","Ghostly"]},{"damage_healed":0.0,"max_hp_gain":0.0,"max_hp_loss":0.0,"gold_gain":0.0,"event_name":"Cursed Tome","player_choice":"Obtained Book","floor":21.0,"gold_loss":0.0,"damage_taken":21.0},{"damage_healed":0.0,"max_hp_gain":0.0,"max_hp_loss":0.0,"gold_gain":0.0,"event_name":"Colosseum","player_choice":"Fight","floor":31.0,"gold_loss":0.0,"damage_taken":0.0},{"damage_healed":0.0,"max_hp_gain":0.0,"max_hp_loss":0.0,"gold_gain":0.0,"event_name":"Colosseum","player_choice":"Fought Nobs","floor":31.0,"gold_loss":0.0,"damage_taken":0.0},{"damage_healed":0.0,"max_hp_gain":0.0,"max_hp_loss":0.0,"gold_gain":0.0,"event_name":"MindBloom","player_choice":"Fight","floor":39.0,"gold_loss":0.0,"damage_taken":0.0},{"cards_removed":["Feed"],"damage_healed":0.0,"max_hp_gain":0.0,"max_hp_loss":0.0,"gold_gain":0.0,"event_name":"Falling","player_choice":"Removed Attack","floor":45.0,"gold_loss":0.0,"damage_taken":0.0},{"damage_healed":0.0,"max_hp_gain":0.0,"max_hp_loss":0.0,"gold_gain":0.0,"event_name":"Designer","player_choice":"Upgraded Two","floor":47.0,"gold_loss":50.0,"damage_taken":0.0,"cards_upgraded":["Ghostly Armor","Disarm"]}],"is_beta":false,"boss_relics":[{"not_picked":["Calling Bell","Sozu"],"picked":"Runic Dome"},{"not_picked":["SlaversCollar","Snecko Eye"],"picked":"Astrolabe"}],"items_purged_floors":[20],"is_endless":false,"potions_floor_spawned":[1,12,14,16,18,25,31,31,33,39,44,48,55],"ascension_level":20}}