{"host":"94aus4jnk6thj94q","time":1610306140,"event":{"mods":["BaseMod","Minty Spire (QoL Compilation)","Quick Restart","StSLib"],"gold_per_floor":[10,24,39,14,24,24,24,24,103,134,56,56,56,75,75,170,170,187,42,60,71,148,148,183,183,183,183,208,208,218,228,228,333,333,349,349,364,378,378,378],"floor_reached":39,"playtime":1847,"items_purged":[],"score":421,"play_id":"48173aa8-69ec-4191-9db5-fac484c90e03","local_time":"20210110211540","is_ascension_mode":false,"campfire_choices":[{"floor":6.0,"key":"REST"},{"floor":8.0,"key":"RECALL"},{"data":"Doom and Gloom","floor":12.0,"key":"SMITH"},{"data":"Sunder","floor":15.0,"key":"SMITH"},{"floor":23.0,"key":"REST"},{"floor":25.0,"key":"REST"},{"floor":29.0,"key":"REST"},{"floor":32.0,"key":"REST"}],"circlet_count":0,"master_deck":["Strike_B","Strike_B","Strike_B","Strike_B","Defend_B","Defend_B","Defend_B","Defend_B","Zap","Dualcast","White Noise","Sunder+1","Ball Lightning","Conserve Battery","Doom and Gloom+1","Self Repair+1","Leap+1","Core Surge","Conserve Battery+1","Genetic Algorithm+1","Normality","Ball Lightning","Parasite","Redo+1","Cold Snap","Electrodynamics","Melter+1","Consume+1"],"relics":["Cracked Core","Emotion Chip","Toxic Egg 2","Orichalcum","Cursed Key","Strange Spoon","Cables","TungstenRod","Strawberry","Nuclear Battery"],"acts_visited":["Exordium","TheCity","TheBeyond"],"potions_floor_usage":[],"damage_taken":[{"damage":6.0,"enemies":"Small Slimes","floor":1.0,"turns":3.0},{"damage":1.0,"enemies":"Cultist","floor":2.0,"turns":3.0},{"damage":0.0,"enemies":"2 Louse","floor":3.0,"turns":2.0},{"damage":7.0,"enemies":"Exordium Thugs","floor":5.0,"turns":4.0},{"damage":6.0,"enemies":"Gremlin Nob","floor":10.0,"turns":3.0},{"damage":0.0,"enemies":"3 Louse","floor":14.0,"turns":1.0},{"damage":34.0,"enemies":"Hexaghost","floor":16.0,"turns":8.0},{"damage":10.0,"enemies":"Spheric Guardian","floor":18.0,"turns":4.0},{"damage":14.0,"enemies":"Shell Parasite","floor":20.0,"turns":6.0},{"damage":5.0,"enemies":"Chosen and Byrds","floor":21.0,"turns":5.0},{"damage":41.0,"enemies":"Gremlin Leader","floor":24.0,"turns":6.0},{"damage":39.0,"enemies":"Book of Stabbing","floor":28.0,"turns":7.0},{"damage":9.0,"enemies":"Snake Plant","floor":30.0,"turns":4.0},{"damage":13.0,"enemies":"Sentry and Sphere","floor":31.0,"turns":5.0},{"damage":52.0,"enemies":"Collector","floor":33.0,"turns":17.0},{"damage":39,"enemies":"3 Darklings","floor":35,"turns":5},{"damage":0,"enemies":"Orb Walker","floor":37,"turns":2},{"damage":0,"enemies":"4 Shapes","floor":38,"turns":3},{"damage":0,"enemies":"Mind Bloom Boss Battle","floor":39,"turns":1}],"seed_played":"-2506113574464214266","potions_obtained":[{"floor":1.0,"key":"SteroidPotion"},{"floor":5.0,"key":"Ancient Potion"},{"floor":14.0,"key":"AttackPotion"},{"floor":16.0,"key":"LiquidMemories"},{"floor":18.0,"key":"GamblersBrew"},{"floor":24.0,"key":"LiquidMemories"},{"floor":33.0,"key":"Strength Potion"},{"floor":35,"key":"Fire Potion"}],"is_trial":false,"path_per_floor":["M","M","M","?","M","R","$","R","T","E","$","R","?","M","R","B",null,"M","$","M","M","T","R","E","R","T","?","E","R","M","M","R","B",null,"M","?","M","M","?"],"character_chosen":"DEFECT","items_purchased":["Self Repair","Strange Spoon"],"campfire_rested":5,"item_purchase_floors":[11,19],"current_hp_per_floor":[69,68,68,68,61,75,75,75,75,69,69,69,69,69,69,42,75,72,72,65,67,67,75,41,63,63,63,41,65,56,53,77,35,82,53,53,53,53,53,53],"gold":378,"neow_bonus":"ONE_RARE_RELIC","is_daily":false,"chose_seed":false,"campfire_upgraded":2,"win_rate":0.0,"timestamp":1610306140,"path_taken":["M","M","M","?","M","R","$","R","T","E","$","R","?","M","R","BOSS","M","$","M","M","?","R","E","R","T","?","E","R","?","M","R","BOSS","M","?","M","M","?"],"items_purchased_type":["Card","Relic"],"build_version":"2020-12-22","purchased_purges":0,"victory":false,"max_hp_per_floor":[75,75,75,75,75,75,75,75,75,75,75,75,75,75,75,75,75,75,75,75,75,75,75,75,75,75,75,82,82,82,82,82,82,82,82,82,82,82,82,82],"card_choices":[{"not_picked":["Barrage","Stack"],"picked":"White Noise","floor":1.0},{"not_picked":["Lockon","Capacitor"],"picked":"Sunder","floor":2.0},{"not_picked":["Sweeping Beam","Beam Cell"],"picked":"Ball Lightning","floor":3.0},{"not_picked":["Ball Lightning","Amplify"],"picked":"Conserve Battery","floor":5.0},{"not_picked":["Cold Snap","Go for the Eyes"],"picked":"Doom and Gloom","floor":10.0},{"not_picked":["Redo+1","Conserve Battery+1"],"picked":"Leap+1","floor":14.0},{"not_picked":["Buffer","Hyperbeam"],"picked":"Core Surge","floor":16.0},{"not_picked":["White Noise+1","Rebound+1"],"picked":"Conserve Battery+1","floor":18.0},{"not_picked":["Compile Driver","Streamline","Rebound+1"],"picked":"SKIP","floor":20.0},{"not_picked":["Ball Lightning","Heatsinks"],"picked":"Genetic Algorithm+1","floor":21.0},{"not_picked":["Compile Driver","Gash"],"picked":"Ball Lightning","floor":24.0},{"not_picked":["Thunder Strike","Steam+1"],"picked":"Redo+1","floor":28.0},{"not_picked":["Sweeping Beam","Beam Cell"],"picked":"Cold Snap","floor":30.0},{"not_picked":["Go for the Eyes+1","Sweeping Beam","FTL+1"],"picked":"SKIP","floor":31.0},{"not_picked":["Amplify+1","Biased Cognition"],"picked":"Electrodynamics","floor":33.0},{"not_picked":["BootSequence+1","Self Repair"],"picked":"Melter+1","floor":35},{"not_picked":["Gash+1","Rebound+1","Sweeping Beam+1"],"picked":"SKIP","floor":37},{"not_picked":["Force Field+1","Scrape+1"],"picked":"Consume+1","floor":38}],"player_experience":5758674,"relics_obtained":[{"floor":9.0,"key":"Toxic Egg 2"},{"floor":10.0,"key":"Orichalcum"},{"floor":22.0,"key":"Cables"},{"floor":24.0,"key":"TungstenRod"},{"floor":28.0,"key":"Strawberry"}],"event_choices":[{"damage_healed":0.0,"max_hp_gain":0.0,"max_hp_loss":0.0,"gold_gain":0.0,"event_name":"World of Goop","player_choice":"Left Gold","floor":4.0,"gold_loss":25.0,"damage_taken":0.0},{"damage_healed":0.0,"max_hp_gain":0.0,"max_hp_loss":0.0,"gold_gain":0.0,"event_name":"The Woman in Blue","player_choice":"Bought 0 Potions","floor":13.0,"gold_loss":0.0,"damage_taken":0.0},{"damage_healed":0.0,"max_hp_gain":0.0,"max_hp_loss":0.0,"gold_gain":0.0,"event_name":"Accursed Blacksmith","player_choice":"Forge","floor":27.0,"gold_loss":0.0,"damage_taken":0.0,"cards_upgraded":["Self Repair"]},{"damage_healed":0,"gold_gain":0,"player_choice":"Ignored","damage_taken":0,"max_hp_gain":0,"max_hp_loss":0,"event_name":"Mysterious Sphere","floor":36,"gold_loss":0},{"damage_healed":0,"gold_gain":0,"player_choice":"Fight","damage_taken":0,"max_hp_gain":0,"max_hp_loss":0,"event_name":"MindBloom","floor":39,"gold_loss":0}],"is_beta":false,"boss_relics":[{"not_picked":["Pandora\u0027s Box","Snecko Eye"],"picked":"Cursed Key"},{"not_picked":["Sozu","Coffee Dripper"],"picked":"Nuclear Battery"}],"items_purged_floors":[],"is_endless":false,"potions_floor_spawned":[1,5,14,16,18,24,33,35],"killed_by":"Mind Bloom Boss Battle","ascension_level":0}}