{"host":"5gc11emcm5chfr5t","time":1610306303,"event":{"mods":["2.2 Compatiblity","AchievementEnabler","BaseMod","Bestiary","Better Note","Colored Map","Colored Powertips","Downfall","Googly Eyes","Minty Spire (QoL Compilation)","Rare Cards Sparkle","StSLib"],"gold_per_floor":[99,99,99,99,249,279,329,345,9,28,28,55,66,120,139,139,139],"floor_reached":16,"playtime":671,"items_purged":[],"score":266,"play_id":"f8abc4cb-9b08-49e5-94fb-cbb36314e4d7","local_time":"20210110141823","is_ascension_mode":true,"campfire_choices":[{"floor":1,"key":"RECALL"},{"floor":11,"key":"REST"}],"circlet_count":0,"master_deck":["AscendersBane","sneckomod:Strike","sneckomod:Strike","sneckomod:Strike","sneckomod:Defend","sneckomod:Defend","sneckomod:Defend","sneckomod:TailWhip","sneckomod:SnekBite","sneckomod:Unknown","sneckomod:Unknown","sneckomod:Unknown2Cost","Regret","sneckomod:UnknownClassPURPLE","Doubt","sneckomod:SnakeSap","sneckomod:UnknownWeak","sneckomod:UnknownStrength","sneckomod:WideSting","sneckomod:SerpentIdol","sneckomod:UnknownVulnerable"],"relics":["sneckomod:SneckoSoul","downfall:HeartsMalice","Nunchaku","Juzu Bracelet","Lantern","Ice Cream","Eternal Feather"],"acts_visited":["Exordium"],"potions_floor_usage":[12,13,15,16],"damage_taken":[{"damage":0,"enemies":"downfall:FleeingMerchant","floor":2,"turns":1},{"damage":0,"enemies":"Small Slimes","floor":4,"turns":1},{"damage":0,"enemies":"Gremlin Nob","floor":6,"turns":1},{"damage":0,"enemies":"Jaw Worm","floor":8,"turns":3},{"damage":3,"enemies":"downfall:FleeingMerchant","floor":9,"turns":4},{"damage":0,"enemies":"2 Louse","floor":10,"turns":2},{"damage":68,"enemies":"3 Sentries","floor":12,"turns":13},{"damage":0,"enemies":"Exordium Thugs","floor":13,"turns":2},{"damage":4,"enemies":"2 Fungi Beasts","floor":15,"turns":3},{"damage":38,"enemies":"downfall:Silent","floor":16,"turns":6}],"seed_played":"8690210316424316248","potions_obtained":[{"floor":8,"key":"BlessingOfTheForge"},{"floor":10,"key":"Strength Potion"},{"floor":12,"key":"Fruit Juice"},{"floor":12,"key":"sneckomod:OffclassReductionPotion"},{"floor":15,"key":"Fruit Juice"}],"is_trial":false,"path_per_floor":["R","$","?","M","?","E","T","M","$","M","R","E","M","T","M","B"],"character_chosen":"THE_SNECKO","items_purchased":["Ice Cream"],"campfire_rested":1,"item_purchase_floors":[9],"current_hp_per_floor":[75,76,76,77,77,77,77,78,76,76,87,24,25,25,26,0,0],"gold":139,"neow_bonus":"THREE_ENEMY_KILL","is_daily":false,"chose_seed":false,"campfire_upgraded":0,"win_rate":0.0,"timestamp":1610306303,"path_taken":["R","$","?","M","?","E","T","M","?","M","R","E","M","?","M","BOSS"],"items_purchased_type":["Relic"],"build_version":"2020-12-22","purchased_purges":0,"victory":false,"max_hp_per_floor":[83,84,84,85,85,85,85,86,87,87,87,92,93,93,98,98,98],"card_choices":[{"not_picked":["sneckomod:UnknownCommonSkill","sneckomod:RainOfDice"],"picked":"sneckomod:Unknown2Cost","floor":2},{"not_picked":["sneckomod:RainOfDice","sneckomod:UnknownClassRED"],"picked":"sneckomod:UnknownClassPURPLE","floor":4},{"not_picked":["sneckomod:MixItUp","sneckomod:UnknownVulnerable"],"picked":"sneckomod:SnakeSap","floor":6},{"not_picked":["sneckomod:RainOfDice","sneckomod:UnknownCommonSkill"],"picked":"sneckomod:UnknownWeak","floor":8},{"not_picked":["sneckomod:UnknownWeak","sneckomod:UnknownClassHEXA_GHOST_PURPLE"],"picked":"sneckomod:UnknownStrength","floor":9},{"not_picked":["sneckomod:DiceBlock","sneckomod:RainOfDice"],"picked":"sneckomod:WideSting","floor":10},{"not_picked":["sneckomod:UnknownClassHEXA_GHOST_PURPLE","sneckomod:MasterEye"],"picked":"sneckomod:SerpentIdol","floor":12},{"not_picked":["sneckomod:DiceCrush","sneckomod:UnknownUncommonSkill"],"picked":"sneckomod:UnknownVulnerable","floor":13},{"not_picked":["sneckomod:SoulDraw","sneckomod:UnknownCommonAttack","sneckomod:UnknownCommonSkill"],"picked":"SKIP","floor":15}],"player_experience":539412,"relics_obtained":[{"floor":6,"key":"Juzu Bracelet"},{"floor":7,"key":"Lantern"},{"floor":12,"key":"Eternal Feather"}],"event_choices":[{"damage_healed":0,"gold_gain":0,"player_choice":"Box","damage_taken":0,"relics_obtained":["Nunchaku"],"max_hp_gain":0,"max_hp_loss":0,"event_name":"Big Fish","floor":3,"gold_loss":0,"cards_obtained":["Regret"]}],"is_beta":false,"boss_relics":[],"items_purged_floors":[],"is_endless":false,"potions_floor_spawned":[8,10,12,15],"killed_by":"downfall:Silent","ascension_level":20}}