{"host":"lr7keeh1o63y4vte","time":1610271944,"event":{"mods":["ATMod(°¢èªMod)","BaseMod","Conspire","Downfall","Energized Spire","Lobotomy","LobotomyExtend","Minty Spire (QoL Compilation)","RumiaBox-Â¶Ã×æ«µÄÉñÃØºÐ×Ó","Shop Mod","Spicy Shops","StSLib","TestMod","[IsaacMod]ÒÔÈö¼âËþ","¡¾ÒÅÎï¿¨ÅÆ¡¿REMEMod","óô»ðÖ¸ÄÏ"],"gold_per_floor":[100,116,127,141,141,51,99,99,99,99,114,241,241,241,254,457,457,457,477,519,785,974,974,1054,1129,1129],"floor_reached":25,"playtime":1462,"items_purged":[],"score":376,"play_id":"3f8bf183-6fc2-4c3d-95d2-8e9845b714f0","local_time":"20210110174544","daily_mods":["Heirloom","Time Dilation","Flight","downfall:Lament","DeadlyEvents"],"is_ascension_mode":false,"campfire_choices":[],"circlet_count":0,"master_deck":["Demon Form","Wraith Form v2","Echo Form+1","DevaForm+1","Guardian:ConstructionForm","hexamod:ParanormalForm+1","Slimebound:DuplicatedForm","SpecialBullet","SpecialBullet","SpecialBullet","SpecialBullet","SpecialBullet","SpecialBullet","SpecialBullet","SpecialBullet","CentralCode","InformationCode","ControlCode","testmod-FightingIntention","Regret_ego","GrinderMk4","UniverseFragment","CherryBlossom","ExtractionCode","Regret","PunishingBird","Soda","LongBird","Mimicry","Ecstasy","MHz","GrinderMk4+1","Noise+1","Scarecrow","WristCuter+1","Lamp+1"],"relics":["CogitoBucket","RabbitCall","HushsDoor","AT_ATBox","NeowsBlessing","testmod-TestBox","REME_ComplimentaryCards","GuppysHead","Unceasing Top","AT_TheCollector","testmod-LifeArmor","Guardian:GemstoneGun","AspirationHeart","testmod-Prudence","SSSystem","SkinProphecy"],"acts_visited":["Exordium","TheCity"],"potions_floor_usage":[6,15,16,16],"damage_taken":[{"damage":0,"enemies":"Cultist","floor":2,"turns":2},{"damage":0,"enemies":"Small Slimes","floor":3,"turns":1},{"damage":0,"enemies":"Jaw Worm","floor":4,"turns":3},{"damage":10,"enemies":"downfall:FleeingMerchant","floor":6,"turns":4},{"damage":5,"enemies":"Gremlin Gang","floor":11,"turns":5},{"damage":1,"enemies":"Gremlin Nob","floor":12,"turns":4},{"damage":19,"enemies":"3 Louse","floor":15,"turns":5},{"damage":25,"enemies":"downfall:Defect","floor":16,"turns":11},{"damage":23,"enemies":"Shell Parasite","floor":19,"turns":7},{"damage":23,"enemies":"Snecko","floor":20,"turns":4},{"damage":4,"enemies":"conspire:MimicChest","floor":21,"turns":7},{"damage":2,"enemies":"Snake Plant","floor":22,"turns":6},{"damage":104,"enemies":"REME_1_Revenger","floor":25,"turns":5}],"seed_played":"4668162240885216583","potions_obtained":[{"floor":2,"key":"Fire Potion"},{"floor":4,"key":"Weak Potion"},{"floor":11,"key":"Fire Potion"},{"floor":15,"key":"Strength Potion"},{"floor":19,"key":"SpeedPotion"}],"is_trial":true,"path_per_floor":["R","M","M","M","?","$","T","R","R","R","M","E","R","?","M","B",null,"R","M","M","?","M","?","T","E"],"character_chosen":"Angela","items_purchased":["AT_TheCollector","Ecstasy"],"campfire_rested":0,"item_purchase_floors":[6,17],"current_hp_per_floor":[70,70,70,70,70,60,60,60,60,60,55,54,54,54,49,48,85,85,68,49,64,91,91,91,0,0],"gold":1129,"neow_bonus":"","is_daily":false,"chose_seed":false,"campfire_upgraded":0,"win_rate":0.0,"timestamp":1610271944,"path_taken":["R","M","?","M","?","$","T","R","R","R","M","?","R","?","M","BOSS","R","M","M","?","M","?","T","?"],"items_purchased_type":["Relic","Card"],"build_version":"2020-12-22","purchased_purges":0,"victory":false,"max_hp_per_floor":[70,70,70,70,70,70,70,70,70,70,70,70,70,70,84,88,85,85,89,89,93,93,93,93,95,95],"card_choices":[{"not_picked":["Harmony"],"picked":"Regret_ego","floor":2},{"not_picked":["BearPaw","Diffraction"],"picked":"SKIP","floor":3},{"not_picked":["FrostShard"],"picked":"GrinderMk4","floor":4},{"not_picked":["FairyFestival","Freischutz"],"picked":"UniverseFragment","floor":6},{"not_picked":["GoldRush"],"picked":"CherryBlossom","floor":6},{"not_picked":["BlackSwan_ego","Penitence"],"picked":"SKIP","floor":11},{"not_picked":["BlackSwan_ego","Beak"],"picked":"SKIP","floor":12},{"not_picked":["HappyTeddy","DreamingCurrent"],"picked":"PunishingBird","floor":15},{"not_picked":["Regret_ego","FrostShard"],"picked":"Soda","floor":15},{"not_picked":["Bloodbath","Mercenary","NakedNest"],"picked":"Singing Bowl","floor":16},{"not_picked":["Wellcheers","WallGazer"],"picked":"LongBird","floor":16},{"not_picked":["TheSmile","DaCapo"],"picked":"Mimicry","floor":16},{"not_picked":["SnowQueen","MeatLantern"],"picked":"MHz","floor":19},{"not_picked":["Wingbeat+1","SomewhereSpear+1"],"picked":"GrinderMk4+1","floor":19},{"not_picked":["Yin","Scorched","ShyLook"],"picked":"Singing Bowl","floor":20},{"not_picked":["Horn+1","TodaysExpression+1"],"picked":"Noise+1","floor":20},{"not_picked":["MeatLantern","SpiderBud","Wellcheers"],"picked":"Singing Bowl","floor":21},{"not_picked":["WhitesApple","SilentOrchestra"],"picked":"Scarecrow","floor":21},{"not_picked":["Spore+1","SomewhereSpear+1"],"picked":"WristCuter+1","floor":21},{"not_picked":["Noise+1","FourthMatchFlame+1"],"picked":"Lamp+1","floor":22},{"not_picked":["NakedNest","Freischutz","Funeral"],"picked":"Singing Bowl","floor":22}],"player_experience":370553,"relics_obtained":[{"floor":7,"key":"testmod-LifeArmor"},{"floor":12,"key":"Guardian:GemstoneGun"},{"floor":21,"key":"SSSystem"}],"event_choices":[{"cards_removed":["sneckomod:SerpentMind"],"damage_healed":0,"gold_gain":0,"player_choice":"Card Removal","damage_taken":0,"max_hp_gain":0,"max_hp_loss":0,"event_name":"The Cleric","floor":5,"gold_loss":0}],"is_beta":false,"boss_relics":[{"not_picked":["Tiny House","testmod-Temperance"],"picked":"testmod-Prudence"},{"not_picked":[]}],"items_purged_floors":[],"is_endless":true,"potions_floor_spawned":[2,4,11,15,19],"killed_by":"REME_1_Revenger","ascension_level":0}}