{"host":"70jy76jvzy076wi7","time":1610270306,"event":{"mods":["BaseMod","Better Third Choice","Infinite Spire","Library of Ruina","Lobotomy","LobotomyExtend","Minty Spire (QoL Compilation)","Permanent Neow","Ryuuou¡˙Õı","Spicy Shops","StSLib"],"gold_per_floor":[113,131,94,38,38,67,67,67,67,108,108,132,151,191,191,312,312,336,336,357,357,357,392,392,417,417,433,471,471,485,499,499,620,620,633,649,649,33,53,53,91,109,163,176,214,214,235,273,273,273,273,273,273,33,68,68],"floor_reached":57,"playtime":4006,"items_purged":[],"score":1475,"play_id":"910a970f-d769-409b-b6e9-05384c5c2255","local_time":"20210110171826","is_ascension_mode":false,"campfire_choices":[{"data":"Punishment","floor":7.0,"key":"SMITH"},{"data":"BattleCommand","floor":11.0,"key":"SMITH"},{"data":"Transpierce","floor":15.0,"key":"SMITH"},{"data":"RagingStorm","floor":24.0,"key":"SMITH"},{"data":"SilentMist","floor":29.0,"key":"SMITH"},{"data":"SunsetBlade","floor":32,"key":"SMITH"},{"data":"FlamingDragonFist","floor":40,"key":"SMITH"},{"floor":46,"key":"RECALL"},{"data":"RhinoRam","floor":49,"key":"SMITH"},{"data":"CrackOfDawn","floor":53,"key":"SMITH"}],"circlet_count":0,"master_deck":["LightDefense","LightAttack","LightDefense","LightDefense","LightDefense","ChargeAndCover","FocusedStrikes","BulkyImpact","SunsetBlade+1","SilentMist+1","BattleCommand+1","Punishment+1","SweepTheBackstreets","FervidEmotions","DeepDrag","Transpierce+1","EnergyBeam","AbsorbImpact","RagingStorm+1","AGoldenOpportunity","IdentifyWeakpoint","RhinoRam+1","Tttonst","ViolentFlame","FlamingDragonFist+1","Quickness","SavageMode","ForTheFamily","Leap_lor+1","CrackOfDawn+1","Faith+1","SteelKnuckles","TheRedNotes+1"],"relics":["PageOfLibrarian","Tiny Chest","betterThird:SlimedRelic","Prayer Wheel","Golden Idol","Pear","Bag of Marbles","Potion Belt","Bag of Preparation","Empty Cage","Turnip","Happy Flower","Strawberry","infinitespire:Cupcake","PageOfRedShoes","Mummified Hand","PageOfDeadButterflies","Lantern","Bronze Scales","Question Card","PageOfGreed","PageOfTheQueenOfHatred"],"acts_visited":["Exordium","TheCity","TheBeyond","TheEnding"],"potions_floor_usage":[56,56,56,56,56],"damage_taken":[{"damage":0.0,"enemies":"Small Slimes","floor":1.0,"turns":3.0},{"damage":3.0,"enemies":"Jaw Worm","floor":2.0,"turns":4.0},{"damage":0.0,"enemies":"Lagavulin","floor":6.0,"turns":8.0},{"damage":0.0,"enemies":"3 Sentries","floor":10.0,"turns":5.0},{"damage":0.0,"enemies":"Cultist","floor":13.0,"turns":1.0},{"damage":3.0,"enemies":"Lagavulin","floor":14.0,"turns":5.0},{"damage":14.0,"enemies":"The Guardian","floor":16.0,"turns":9.0},{"damage":0.0,"enemies":"3 Byrds","floor":18.0,"turns":7.0},{"damage":0.0,"enemies":"2 Thieves","floor":20.0,"turns":4.0},{"damage":4.0,"enemies":"Book of Stabbing","floor":23.0,"turns":3.0},{"damage":0.0,"enemies":"Snake Plant","floor":25.0,"turns":2.0},{"damage":0.0,"enemies":"3 Cultists","floor":27.0,"turns":3.0},{"damage":0.0,"enemies":"Gremlin Leader","floor":28.0,"turns":4.0},{"damage":0,"enemies":"Snecko","floor":30,"turns":4},{"damage":0,"enemies":"Centurion and Healer","floor":31,"turns":6},{"damage":18,"enemies":"Collector","floor":33,"turns":5},{"damage":0,"enemies":"Orb Walker","floor":35,"turns":2},{"damage":6,"enemies":"3 Darklings","floor":36,"turns":4},{"damage":0,"enemies":"Writhing Mass","floor":39,"turns":3},{"damage":0,"enemies":"Reptomancer","floor":41,"turns":4},{"damage":3,"enemies":"Sphere and 2 Shapes","floor":42,"turns":3},{"damage":4,"enemies":"3 Darklings","floor":44,"turns":4},{"damage":12,"enemies":"Giant Head","floor":45,"turns":7},{"damage":11,"enemies":"Transient","floor":47,"turns":5},{"damage":12,"enemies":"Reptomancer","floor":48,"turns":4},{"damage":14,"enemies":"Donu and Deca","floor":50,"turns":6},{"damage":11,"enemies":"Shield and Spear","floor":55,"turns":2},{"damage":41,"enemies":"The Heart","floor":56,"turns":5}],"seed_played":"2222218832741568813","potions_obtained":[{"floor":1.0,"key":"PowerPotion"},{"floor":10.0,"key":"Ancient Potion"},{"floor":14.0,"key":"EssenceOfSteel"},{"floor":16.0,"key":"Regen Potion"},{"floor":18.0,"key":"CultistPotion"},{"floor":35,"key":"DuplicationPotion"},{"floor":55,"key":"CultistPotion"}],"is_trial":false,"path_per_floor":["M","M","?","$","?","E","R","?","T","E","R","T","M","E","R","B",null,"M","?","M","?","T","E","R","M","T","M","E","R","M","M","R","B",null,"M","M","?","$","M","R","E","M","T","M","E","R","M","E","R","B",null,null,"R","$","E","B",null],"character_chosen":"Librarian","items_purchased":["SilentMist","PageOfRedShoes","Mummified Hand","ForTheFamily","PageOfGreed"],"campfire_rested":0,"item_purchase_floors":[4,38,38,38,54],"current_hp_per_floor":[60,57,46,46,46,46,46,46,56,56,56,56,56,56,56,42,92,92,92,92,92,92,88,88,88,88,88,95,95,98,99,99,84,99,99,96,109,109,109,109,109,106,106,102,90,90,82,73,73,64,64,102,102,102,91,50],"gold":68,"neow_bonus":"RANDOM_COMMON_RELIC","is_daily":false,"chose_seed":false,"campfire_upgraded":9,"win_rate":0.0,"timestamp":1610270306,"path_taken":["M","M","?","$","?","E","R","?","T","E","R","?","M","E","R","BOSS","M","?","?","?","?","E","R","M","T","?","E","R","M","M","R","BOSS","M","M","?","$","M","R","E","M","T","?","E","R","M","E","R","BOSS","R","$","E","BOSS"],"items_purchased_type":["Card","Relic","Relic","Card","Relic"],"build_version":"2020-12-22","purchased_purges":0,"victory":true,"max_hp_per_floor":[62,89,89,89,89,89,89,82,92,92,92,92,92,92,92,92,92,92,92,92,92,92,92,92,92,92,92,99,99,99,99,99,99,99,99,99,109,109,109,109,109,109,109,109,109,109,109,102,102,102,102,102,102,102,102,102],"card_choices":[{"not_picked":["Parry","BackstreetsDash","HeavyPeaks","SunsetBlade","AbsorbImpact","PinpointShot","FaintMemories","StructuralAnalysis"],"picked":"BulkyImpact","floor":1.0},{"not_picked":["FrontalAssault","WillOfThePrescript","UnavoidableGaze","DestructiveImpact","Thrust","ChopItOff","Laceration","AsThePrescriptOrders"],"picked":"SunsetBlade","floor":2.0},{"not_picked":["MirageStorm","Parry","SpearedSweep","SnakeSlit","Mutilate","BiteOff","SnakesPrey","PinpointShot"],"picked":"Punishment","floor":6.0},{"not_picked":["StructuralAnalysis","EnergyCycle","BackAttack","DefenseOrder","Mutilate","BindingArms","SharpNails","MirageStorm"],"picked":"SweepTheBackstreets","floor":10.0},{"not_picked":["AutomatedMovement","ExtractFuel","Standoff","Punishment","TendonChords","ForTheFamily","DarkCloud","EnergyCycle"],"picked":"FervidEmotions","floor":13.0},{"not_picked":["SpearedSweep","UpbeatPerformance","Standoff","CircusKnives","BindingArms","UnavoidableGaze","SearingSword","AutomatedMovement"],"picked":"DeepDrag","floor":13.0},{"not_picked":["SuppressingShot","BurningFlash","EndlessBattle","UpbeatPerformance","FierceCharge","Parry2","InnerArdor","AutomatedMovement"],"picked":"Transpierce","floor":14.0},{"not_picked":["FleshFillet","SenseQuarry"],"picked":"EnergyBeam","floor":16.0},{"not_picked":["FleetFootsteps+1","ToWhereThePrescriptPoints","NightInTheBackstreets","VioletBlade","PreemptiveStrike","YouOnlyLiveOnce+1","Castigation","UnavoidableGaze"],"picked":"AbsorbImpact","floor":18.0},{"not_picked":["Faith","Slice_lor","Multislash","YoureTooSlow","FieryWaltz","GuidanceOfTheGears","SuppressingShot+1","FormingStorm","TraceOfFumes+1"],"picked":"SKIP","floor":18.0},{"not_picked":["ProselytesBlade","Punishment","Thrust+1","Gigigig","Pound+1","Quickness","WillOfThePrescript","SerpentSwordTechnique","PreemptiveStrike"],"picked":"SKIP","floor":20.0},{"not_picked":["SnakesPrey","WrathOfTorment+1","EnergyCycle","RagingStorm","DeepDrag+1","AGoldenOpportunity+1","PinpointShot+1","ChopItOff","Fence"],"picked":"SKIP","floor":20.0},{"not_picked":["SnakesPrey","WrathOfTorment+1","EnergyCycle","DeepDrag+1","AGoldenOpportunity+1","PinpointShot+1","ChopItOff","Fence"],"picked":"RagingStorm","floor":20.0},{"not_picked":["ProselytesBlade","Punishment","Thrust+1","Gigigig","Pound+1","Quickness","WillOfThePrescript","SerpentSwordTechnique","PreemptiveStrike"],"picked":"SKIP","floor":20.0},{"not_picked":["Outburst","HardRehearsal","DirtyBlow+1","Endure","CumulusWall","TendonChords","Decapitation","Retaliate","SpearedSweep"],"picked":"SKIP","floor":23.0},{"not_picked":["EnergyCycle+1","ConcentratedFire","Suppress","FleetFootsteps","StrikeDown","PinpointShot","Leap_lor+1","EndlessBattle"],"picked":"IdentifyWeakpoint","floor":25.0},{"not_picked":["SinglePointStab+1","BizarreAttack","UnavoidableGaze","TimeForALittleTest","QuickSuppression","HighKick","Unlock1","Diversion"],"picked":"RhinoRam","floor":25.0},{"not_picked":["Multislash","Diversion+1","Wallop_lor+1","DefenseOrder","Standoff","FrontalAssault","Faith+1","EnergyCycle"],"picked":"Tttonst","floor":27.0},{"not_picked":["AbsorbImpact","FaintMemories+1","FierceCharge","FlowOfTheSword","BackAttack","FleetFootsteps","HandlingWork+1","GuidanceOfTheGears+1","Wallop_lor+1"],"picked":"SKIP","floor":27.0},{"not_picked":["SunsetBlade+1","MultiBlock","Track","GreatSerpentsImpact","LossOfSenses","Endure","Deflect_lor","Parry2+1","Ripple"],"picked":"SKIP","floor":28.0},{"not_picked":["SnakeSlit","WillOfThePrescript","Parry2","FleetEdge+1","EnergyStrike","EndlessBattle","Outburst","SmokingPipe+1"],"picked":"ViolentFlame","floor":30},{"not_picked":["FrontalAssault","Wallop_lor","BlowItUp+1","MultiHit","DefenseOrder","EnergyCycle+1","ExtremeEdge","Thrust","Tailoring"],"picked":"SKIP","floor":30},{"not_picked":["HighKick+1","SnakesPrey","UpbeatPerformance","MultiBlock","FlyingSword","BoundaryOfDeath","GuardingStance+1","HandleRequest","SinglePointStab+1"],"picked":"SKIP","floor":31},{"not_picked":["SnakesPrey","TasteMyFlamingBat+1","SharpSwipe+1","Outburst+1","SmokingPipe","ViolentFlame","Leap_lor+1","Transpierce","PreparedMind"],"picked":"SKIP","floor":31},{"not_picked":["Punishment","WillProduceFineSilk"],"picked":"FlamingDragonFist","floor":33},{"not_picked":["Thrust+1","WaitUp","HiddenBlade","ElectricShock","FocusFire+1","MultiBlock+1","NightInTheBackstreets+1","Reload+1"],"picked":"Quickness","floor":35},{"not_picked":["KeepItFresh+1","FrontalAssault","InkOver","PinpointShot","HeavyPeaks","MindWhip+1","QuickSuppression","Faith+1"],"picked":"SavageMode","floor":35},{"not_picked":["TheArtOfRapidSteps","SharpSwipe+1","MultiBlock","PreemptiveStrike+1","ClassAndRespect+1","ForcefulGesture","AbsorbImpact+1","YouOnlyLiveOnce+1","StrongStrike"],"picked":"SKIP","floor":36},{"not_picked":["GuardingStance+1","Faith","BladeWhirl","UpbeatPerformance","WrathOfTorment","CookingPrep","SunsetBlade","AsThePrescriptOrders","SuppressingShot"],"picked":"SKIP","floor":36},{"not_picked":["ClassAndRespect+1","ScatteringSlash","Parry2","Multislash+1","Faith","StrongStrike","QuickSuppression+1","MultiHit+1"],"picked":"Leap_lor+1","floor":39},{"not_picked":["YoureTooSlow+1","ViolentFlame","Wallop_lor","UpbeatPerformance+1","ReadyUp","PreparedMind+1","BayonetCombat","Unlock1+1"],"picked":"CrackOfDawn","floor":39},{"not_picked":["FierceCharge+1","FormingStorm","Clone","SinglePointStab+1","SharpSwipe","AsThePrescriptOrders+1","Unlock1","AutonomousRush+1"],"picked":"Faith+1","floor":41},{"not_picked":["TraceOfFumes+1","AssaultOrder","Mutilate","EnergyShield+1","Leap_lor","NightInTheBackstreets+1","DarkCloud+1","Laceration"],"picked":"SteelKnuckles","floor":42},{"not_picked":["EnergyStrike+1","BackAttack+1","YouOnlyLiveOnce","DeepDrag+1","StructuralAnalysis+1","Laceration+1","BindingChains","ViolentFlame+1","Execute_lor"],"picked":"SKIP","floor":42},{"not_picked":["GrazeTheGrass","EnergyStrike+1","Wallop_lor+1","HandleRequest","Rampage_lor+1","EmotionalTurbulence","SnakesPrey","ForTheFamily","EnergyShield"],"picked":"SKIP","floor":44},{"not_picked":["Tailoring","SummaryJudgment+1","ViolentFlame","Mutilate+1","FierceCharge+1","SmokingPipe+1","FierceOnslaught","Wallop_lor","Thrust"],"picked":"SKIP","floor":44},{"not_picked":["Juggling+1","Outburst","StructuralAnalysis","Parry","FocusFire","HighKick+1","DarkCloud+1","ProselytesBlade","Decapitation"],"picked":"SKIP","floor":45},{"not_picked":["ViolentFlame","SerpentSwordTechnique+1","SharpenedBlade+1","Endure+1","IngredientHunt","FierceOnslaught","BackAttack+1","DefenseOrder","GroundSmash"],"picked":"SKIP","floor":47},{"not_picked":["VioletBlade+1","EnergyShield+1","StrongStrike","StayCalm","DarkCloud+1","Parry","StrikeDown+1","GuardingStance+1","GatherIntel+1"],"picked":"SKIP","floor":47},{"not_picked":["FrontalAssault","Standoff+1","BackstreetsDash","StartinOutLightly","SnakesPrey+1","Faith+1","GreatSerpentsImpact","HighKick"],"picked":"TheRedNotes+1","floor":48},{"not_picked":["Leap_lor+1","CutIn+1","GrazeTheGrass+1","SharpSwipe+1","ShockingBlow+1","AsThePrescriptOrders","PinpointShot","Cruelty","DarkCloud","Unlock1+1"],"picked":"SKIP","floor":55}],"player_experience":1611797,"relics_obtained":[{"floor":6.0,"key":"Prayer Wheel"},{"floor":9.0,"key":"Pear"},{"floor":10.0,"key":"Bag of Marbles"},{"floor":12.0,"key":"Potion Belt"},{"floor":14.0,"key":"Bag of Preparation"},{"floor":22.0,"key":"Turnip"},{"floor":23.0,"key":"Happy Flower"},{"floor":28.0,"key":"Strawberry"},{"floor":41,"key":"PageOfDeadButterflies"},{"floor":43,"key":"Lantern"},{"floor":45,"key":"Bronze Scales"},{"floor":48,"key":"Question Card"},{"floor":55,"key":"PageOfTheQueenOfHatred"}],"event_choices":[{"damage_healed":0.0,"max_hp_gain":0.0,"max_hp_loss":0.0,"gold_gain":0.0,"event_name":"betterThird:BetterGoop","player_choice":"Slimed","floor":3.0,"gold_loss":37.0,"damage_taken":11.0},{"damage_healed":0.0,"max_hp_gain":0.0,"max_hp_loss":0.0,"gold_gain":0.0,"cards_transformed":["LightAttack"],"event_name":"Living Wall","player_choice":"Change","floor":5.0,"gold_loss":0.0,"damage_taken":0.0,"cards_obtained":["BattleCommand"]},{"damage_healed":0.0,"max_hp_gain":0.0,"max_hp_loss":7.0,"gold_gain":0.0,"event_name":"Golden Idol","player_choice":"Lose Max HP","floor":8.0,"gold_loss":0.0,"damage_taken":0.0,"relics_obtained":["Golden Idol"]},{"damage_healed":0.0,"max_hp_gain":0.0,"max_hp_loss":0.0,"gold_gain":0.0,"event_name":"Match and Keep!","player_choice":"2 cards matched","floor":19.0,"gold_loss":0.0,"damage_taken":0.0,"cards_obtained":["MindCrush","ShrineToMusic"]},{"damage_healed":0.0,"max_hp_gain":0.0,"max_hp_loss":0.0,"gold_gain":0.0,"cards_transformed":["ShrineToMusic"],"event_name":"Transmorgrifier","player_choice":"Transformed","floor":21.0,"gold_loss":0.0,"damage_taken":0.0,"cards_obtained":["AGoldenOpportunity"]},{"cards_removed":["MindCrush"],"damage_healed":3,"gold_gain":0,"player_choice":"Offered Rare","damage_taken":0,"max_hp_gain":10,"max_hp_loss":0,"event_name":"Bonfire Elementals","floor":37,"gold_loss":0}],"is_beta":false,"boss_relics":[{"not_picked":["Ectoplasm","SacredBark"],"picked":"Empty Cage"},{"not_picked":["Tiny House","Fusion Hammer"],"picked":"infinitespire:Cupcake"}],"items_purged_floors":[],"is_endless":false,"potions_floor_spawned":[1,10,14,16,18,20,28,30,35,44,45,55],"ascension_level":0}}