{"host":"hgkb2zpbo2dcws21","time":1610284117,"event":{"mods":["AchievementEnabler","BaseMod","Colored Map","Colored Powertips","Custom Start","DeckTracker","KOR Keyword Fix","Keyboard Shortcuts","Minty Spire (QoL Compilation)","Relic Stats","StSLib","SuperFastMode"],"gold_per_floor":[109,126,51,6,20,20,45,45,45],"floor_reached":8,"playtime":171,"items_purged":["Defend_G"],"score":90,"play_id":"b0072005-1363-401d-b6d8-36943bb7d660","local_time":"20210110220837","is_ascension_mode":true,"campfire_choices":[{"data":"Prepared","floor":6,"key":"SMITH"}],"circlet_count":0,"master_deck":["AscendersBane","Strike_G","Strike_G","Strike_G","Strike_G","Strike_G","Defend_G","Defend_G","Defend_G","Defend_G","Survivor","Neutralize","Acrobatics","Prepared+1","Predator","Concentrate"],"relics":["Ring of the Snake","NeowsBlessing","Odd Mushroom"],"acts_visited":["Exordium"],"potions_floor_usage":[7,7],"damage_taken":[{"damage":0,"enemies":"Cultist","floor":1,"turns":1},{"damage":0,"enemies":"2 Louse","floor":2,"turns":1},{"damage":0,"enemies":"Jaw Worm","floor":5,"turns":1},{"damage":20,"enemies":"The Mushroom Lair","floor":7,"turns":5},{"damage":30,"enemies":"Lagavulin","floor":8,"turns":6}],"seed_played":"6891114003021300942","potions_obtained":[{"floor":1,"key":"EntropicBrew"},{"floor":7,"key":"Block Potion"}],"is_trial":false,"path_per_floor":["M","M","$","$","M","R","?","E"],"character_chosen":"THE_SILENT","items_purchased":["Predator"],"campfire_rested":0,"item_purchase_floors":[4],"current_hp_per_floor":[59,59,59,59,59,59,39,9,9],"gold":45,"neow_bonus":"THREE_ENEMY_KILL","is_daily":false,"chose_seed":false,"campfire_upgraded":1,"win_rate":0.0,"timestamp":1610284117,"path_taken":["M","M","?","$","M","R","?","E"],"items_purchased_type":["Card"],"build_version":"2020-12-22","purchased_purges":1,"victory":false,"max_hp_per_floor":[66,66,66,66,66,66,66,66,66],"relic_stats":{"counters":[5,14],"obtain_stats":[{"NeowsBlessing":0,"Odd Mushroom":7,"Ring of the Snake":0},{"NeowsBlessing":0,"Odd Mushroom":4,"Ring of the Snake":0},{"NeowsBlessing":0,"Odd Mushroom":8,"Ring of the Snake":0}],"Ring of the Snake":[10]},"card_choices":[{"not_picked":["Backflip","Infinite Blades"],"picked":"Acrobatics","floor":1},{"not_picked":["Poisoned Stab","Backflip"],"picked":"Prepared","floor":2},{"not_picked":["Bane","Outmaneuver","Dodge and Roll"],"picked":"SKIP","floor":5},{"not_picked":["Deflect","Bane"],"picked":"Concentrate","floor":7}],"player_experience":1137845,"relics_obtained":[{"floor":7,"key":"Odd Mushroom"}],"event_choices":[{"damage_healed":0,"gold_gain":0,"player_choice":"Fought Mushrooms","damage_taken":0,"max_hp_gain":0,"max_hp_loss":0,"event_name":"Mushrooms","floor":7,"gold_loss":0}],"is_beta":false,"boss_relics":[],"items_purged_floors":[3],"is_endless":false,"potions_floor_spawned":[1,7],"killed_by":"Lagavulin","ascension_level":19}}