{"host":"61ejhfsushs0xmcl","time":1610254460,"event":{"mods":["ATMod(°¢èªMod)","Act Like it!","BaseMod","Colored Map","Gold Saver","Minty Spire (QoL Compilation)","MostiFishMod","Spicy Shops","StSLib","TestMod","Waifu the Spire","[IsaacMod]ÒÔÈö¼âËþ","vexMod","¡¾ÒÅÎï¿¨ÅÆ¡¿REMEMod","óô»ðÖ¸ÄÏ"],"gold_per_floor":[2346,2346,2370,1759,1782,1813,1837,1870,1922,1946,2005,2005,1857,1897,1431,1525,1525,1539,1589,1204,1221,1239,1100,1148,1162,1216,1251,1097,636,654,697,517,620,1293,1311,1072,1102,1128,1153,642,697,509,509,560,124,124,170,196,196,208,220,220,220,2,52,64],"floor_reached":57,"playtime":2517,"items_purged":["Strike_R","Strike_R","Strike_R","Strike_R","Strike_R+1","Bash+1","Defend_R","Defend_R","Defend_R","AT_BreakingExtremeWeapon+1","Sever Soul","True Grit","Twin Strike","AT_DrawKnifeCut","Feel No Pain"],"score":3840,"play_id":"0ff799a0-067b-4f0f-b0da-fbb302792bac","local_time":"20210110125420","is_ascension_mode":true,"campfire_choices":[{"data":"AT_BreakingExtremeWeapon","floor":12,"key":"SMITH"},{"floor":46,"key":"RECALL"},{"data":"MostiFishMod:UltimateDefense+5","floor":49,"key":"SMITH"},{"data":"MostiFishMod:UltimateDefense+6","floor":53,"key":"SMITH"}],"circlet_count":0,"master_deck":["AscendersBane","BloodyBrimstone+1","After Image","Dark Embrace+1","MostiFishMod:HellRitual+1","AT_BodySlamDance+1","REME_ACTH+1","Dual Wield+1","Power Through","Evolve+1","MostiFishMod:UltimateDefense+7","REME_Scribble+1","testmod-Reflect+1","Barricade+1","Entrench+1"],"relics":["Burning Blood","testmod-TestBox","DaveBox","AT_ATBox","REME_ComplimentaryCards","HushsDoor","SatanicBible","testmod-Maize","RhineCircuit","SynthV:TestCard","Golden Idol","SteamSale","Bag of Preparation","Whetstone","Tiny Chest","Bottled Lightning","testmod-IndustrialRevolution","Dodecahedron","AT_SilvercatRing","SharpPlug","Bag of Marbles","Art of War","Lee\u0027s Waffle","SlaversCollar","GuppysPaw","REME_LimitBreaker","Oddly Smooth Stone","testmod-Charity","CeramicFish","AT_ChloranthyRing","Strawberry","testmod-LifeArmor","vexMod:PaidLearning","Question Card","HowToJump","vexMod:MemoryStick","testmod-Acrobat","vexMod:RockOfEvil","GuppysHead","DeathBook","GuppysHairball","SalivaCoin","Medical Kit","Champion Belt","ImprovedEquipment","Girya","The Courier","BookOfRevelations","AT_ArchangelStaff","Orrery","TheBible","SynthV:C4","Habit","Lantern","AT_BellDemon","testmod-HeartOfStrike","Self Forming Clay"],"acts_visited":["Exordium","TheCity","TheBeyond","TheEnding"],"potions_floor_usage":[16,16,51,56,56],"damage_taken":[{"damage":0,"enemies":"2 Louse","floor":1,"turns":1},{"damage":0,"enemies":"Jaw Worm","floor":3,"turns":1},{"damage":0,"enemies":"Cultist","floor":5,"turns":2},{"damage":23,"enemies":"Lagavulin","floor":6,"turns":6},{"damage":0,"enemies":"Looter","floor":7,"turns":3},{"damage":0,"enemies":"3 Sentries","floor":8,"turns":2},{"damage":15,"enemies":"Gremlin Gang","floor":10,"turns":3},{"damage":0,"enemies":"Gremlin Nob","floor":14,"turns":3},{"damage":0,"enemies":"The Guardian","floor":16,"turns":3},{"damage":0,"enemies":"Chosen","floor":18,"turns":1},{"damage":0,"enemies":"Shell Parasite","floor":21,"turns":2},{"damage":0,"enemies":"Snecko","floor":22,"turns":3},{"damage":14,"enemies":"Slavers","floor":24,"turns":3},{"damage":3,"enemies":"Cultist and Chosen","floor":25,"turns":3},{"damage":11,"enemies":"Book of Stabbing","floor":27,"turns":2},{"damage":3,"enemies":"Snake Plant","floor":30,"turns":1},{"damage":6,"enemies":"Slavers","floor":31,"turns":2},{"damage":6,"enemies":"Automaton","floor":33,"turns":2},{"damage":0,"enemies":"Orb Walker","floor":35,"turns":1},{"damage":0,"enemies":"3 Darklings","floor":37,"turns":1},{"damage":0,"enemies":"Writhing Mass","floor":38,"turns":1},{"damage":0,"enemies":"Transient","floor":39,"turns":1},{"damage":0,"enemies":"Nemesis","floor":41,"turns":1},{"damage":0,"enemies":"Reptomancer","floor":44,"turns":1},{"damage":0,"enemies":"Nemesis","floor":47,"turns":1},{"damage":0,"enemies":"Maw","floor":48,"turns":2},{"damage":0,"enemies":"Donu and Deca","floor":50,"turns":1},{"damage":0,"enemies":"Time Eater","floor":51,"turns":3},{"damage":0,"enemies":"Shield and Spear","floor":55,"turns":1},{"damage":0,"enemies":"Delirium","floor":56,"turns":3}],"seed_played":"7823872323178961189","potions_obtained":[{"floor":1,"key":"Explosive Potion"},{"floor":5,"key":"Strength Potion"},{"floor":8,"key":"DuplicationPotion"},{"floor":16,"key":"FearPotion"},{"floor":18,"key":"PowerPotion"},{"floor":33,"key":"DistilledChaos"},{"floor":55,"key":"Weak Potion"}],"is_trial":false,"path_per_floor":["M","?","M","$","M","E","M","E","T","M","?","R","$","E","R","B",null,"M","?","$","M","M","R","E","M","T","E","$","R","M","E","R","B",null,"M","$","M","M","M","R","E","$","T","E","$","R","E","M","R","B","B",null,"R","$","E","B",null],"character_chosen":"IRONCLAD","items_purchased":["SteamSale","MostiFishMod:HellRitual","AT_BodySlamDance","Bag of Preparation","Whetstone","Tiny Chest","Dodecahedron","SharpPlug","Bag of Marbles","Art of War","Power Through","Lee\u0027s Waffle","Evolve","GuppysPaw","REME_LimitBreaker","Oddly Smooth Stone","testmod-Charity","CeramicFish","testmod-LifeArmor","vexMod:PaidLearning","Question Card","HowToJump","testmod-Reflect","testmod-Acrobat","GuppysHead","DeathBook","GuppysHairball","Sever Soul","SalivaCoin","True Grit","Medical Kit","Champion Belt","ImprovedEquipment","Twin Strike","AT_DrawKnifeCut","AT_ArchangelStaff","Orrery","TheBible","Feel No Pain","Habit","Lantern","AT_BellDemon"],"campfire_rested":0,"item_purchase_floors":[4,4,4,4,4,4,13,15,15,15,15,15,15,17,20,20,20,23,28,29,29,29,29,32,34,34,34,34,36,36,40,40,40,40,42,45,45,45,45,54,54,54],"current_hp_per_floor":[72,47,53,53,59,42,48,54,54,45,30,30,30,36,73,73,58,58,58,58,59,60,60,54,61,62,68,68,69,76,83,83,118,1,2,3,2,4,2,3,22,23,23,41,43,43,60,78,78,106,126,126,126,126,142,1],"gold":64,"neow_bonus":"REMOVE_CARD","is_daily":false,"chose_seed":false,"campfire_upgraded":3,"win_rate":0.0,"timestamp":1610254460,"path_taken":["M","?","?","$","M","E","M","E","T","M","?","R","$","E","R","BOSS","M","?","$","M","M","R","E","M","T","E","$","R","M","E","R","BOSS","M","$","M","M","M","R","E","$","T","E","?","R","E","M","R","BOSS","BOSS","R","$","E","BOSS"],"items_purchased_type":["Relic","Card","Card","Relic","Relic","Relic","Relic","Relic","Relic","Relic","Card","Relic","Card","Relic","Relic","Relic","Relic","Relic","Relic","Relic","Relic","Relic","Card","Relic","Relic","Relic","Relic","Card","Relic","Card","Relic","Relic","Relic","Card","Card","Relic","Relic","Relic","Card","Relic","Relic","Relic"],"build_version":"2020-12-22","purchased_purges":15,"victory":true,"max_hp_per_floor":[72,72,69,69,69,69,69,69,69,69,69,69,69,66,73,73,58,58,58,58,59,60,60,62,66,67,78,78,79,83,90,90,125,1,2,3,2,4,2,3,22,23,23,41,43,43,60,78,78,106,126,126,126,126,142,1],"card_choices":[{"not_picked":[],"picked":"BloodyBrimstone","floor":0},{"not_picked":["Pommel Strike","Cleave","Fire Breathing"],"picked":"SKIP","floor":1},{"not_picked":["Evolve","Uppercut","Searing Blow","REME_TheLastStrike"],"picked":"Dark Embrace","floor":3},{"not_picked":["Disarm","True Grit","Flame Barrier","Flex","AT_GerminateFire"],"picked":"SKIP","floor":5},{"not_picked":["AT_GerminateFire","Metallicize","Pommel Strike","Uppercut"],"picked":"REME_ACTH","floor":6},{"not_picked":["True Grit","Heavy Blade","Sentinel","Intimidate"],"picked":"Bomb","floor":7},{"not_picked":["AT_DrawKnifeCut","Cleave","Spot Weakness","Clothesline","Thunderclap"],"picked":"SKIP","floor":8},{"not_picked":["Rampage","Body Slam","Wild Strike","AT_DrawKnifeCut","Inflame"],"picked":"SKIP","floor":10},{"not_picked":["Uppercut","MostiFishMod:404NotFound","Shrug It Off","Spot Weakness"],"picked":"Dual Wield","floor":14},{"not_picked":["Fiend Fire","Immolate","MostiFishMod:DarkDeal","Berserk"],"picked":"MostiFishMod:UltimateDefense","floor":16},{"not_picked":["Headbutt","Perfected Strike","Thunderclap","AT_IchimonjiDouble","Warcry"],"picked":"SKIP","floor":18},{"not_picked":["Battle Trance","Dropkick","AT_CaressingTears","Uppercut","Clothesline"],"picked":"SKIP","floor":21},{"not_picked":["Armaments","Clothesline","Heavy Blade","REME_SingleHolding","Anger"],"picked":"SKIP","floor":22},{"not_picked":["Rage","Twin Strike","MostiFishMod:RacingGame","Feed"],"picked":"REME_Scribble+1","floor":24},{"not_picked":["Headbutt","Shrug It Off","Clash","Warcry","Bloodletting"],"picked":"SKIP","floor":25},{"not_picked":["Rampage","Body Slam","Pommel Strike","Heavy Blade","True Grit"],"picked":"SKIP","floor":27},{"not_picked":["Shrug It Off","Fiend Fire","Shockwave","Rampage","Havoc","Disarm"],"picked":"SKIP","floor":30},{"not_picked":["Evolve","Spot Weakness","Wild Strike","Shrug It Off","Power Through","Perfected Strike"],"picked":"SKIP","floor":31},{"not_picked":["MostiFishMod:KnuckleDown","MostiFishMod:NewArrival","Bludgeon","AT_Dispersion","Exhume"],"picked":"Barricade","floor":33},{"not_picked":["Rage+1","Anger+1","Warcry+1","Iron Wave+1","True Grit","Fire Breathing"],"picked":"SKIP","floor":35},{"not_picked":["Sword Boomerang","Infernal Blade","AT_BodySlamDance+1","Perfected Strike","Thunderclap","Body Slam"],"picked":"SKIP","floor":37},{"not_picked":["Twin Strike+1","REME_FearOfPain","Flex+1","Sword Boomerang","Body Slam","AT_IchimonjiDouble"],"picked":"SKIP","floor":38},{"not_picked":["Intimidate","Perfected Strike","Rage+1","AT_DrawKnifeCut","Warcry","Rupture+1"],"picked":"SKIP","floor":39},{"not_picked":["Warcry+1","Clothesline","Carnage","Burning Pact","Twin Strike+1","Double Tap"],"picked":"SKIP","floor":41},{"not_picked":["Wild Strike","Thunderclap+1","AT_BodySlamDance+1","Pommel Strike","Burning Pact","Cleave"],"picked":"SKIP","floor":44},{"not_picked":["Cleave","Thunderclap+1","Havoc","AT_BodySlamDance+1","AT_ShrugMaster+1"],"picked":"Entrench+1","floor":45},{"not_picked":["True Grit","Rage","Perfected Strike+1","AT_BodySlamDance+1","Impervious","Armaments"],"picked":"SKIP","floor":47},{"not_picked":["Dropkick","Thunderclap","Clothesline","Anger","Cleave+1","Iron Wave"],"picked":"SKIP","floor":48},{"not_picked":["Rupture","Reaper","Headbutt","Ghostly Armor","Combust","Pommel Strike+1"],"picked":"SKIP","floor":55}],"player_experience":805464,"relics_obtained":[{"floor":1,"key":"SynthV:TestCard"},{"floor":6,"key":"Bottled Lightning"},{"floor":9,"key":"testmod-IndustrialRevolution"},{"floor":14,"key":"AT_SilvercatRing"},{"floor":24,"key":"AT_ChloranthyRing"},{"floor":27,"key":"Strawberry"},{"floor":31,"key":"vexMod:MemoryStick"},{"floor":41,"key":"Girya"},{"floor":43,"key":"The Courier"},{"floor":44,"key":"BookOfRevelations"},{"floor":47,"key":"SynthV:C4"},{"floor":55,"key":"testmod-HeartOfStrike"},{"floor":55,"key":"Self Forming Clay"}],"event_choices":[{"damage_healed":0,"gold_gain":0,"player_choice":"Take Damage","damage_taken":25,"relics_obtained":["Golden Idol"],"max_hp_gain":0,"max_hp_loss":0,"event_name":"Golden Idol","floor":2,"gold_loss":0},{"damage_healed":0,"gold_gain":50,"player_choice":"Stole From Cult","damage_taken":0,"max_hp_gain":0,"max_hp_loss":0,"event_name":"Nest","floor":19,"gold_loss":0}],"is_beta":false,"boss_relics":[{"not_picked":["Ectoplasm","Black Blood"],"picked":"SlaversCollar"},{"not_picked":[]},{"not_picked":["REME_DuelDisc","SynthV:MejaisSoulstealer"],"picked":"vexMod:RockOfEvil"},{"not_picked":[]}],"items_purged_floors":[4,4,13,15,17,20,23,28,29,32,34,36,40,42,45],"is_endless":false,"potions_floor_spawned":[1,5,8,14,16,18,25,27,30,33,37,39,44,48,55],"ascension_level":20}}