{"host":"ha6p5pdchuduffeg","time":1610270582,"event":{"mods":["Act Like it!","BaseMod","Gensokyo","KinomotoSakuraMod(ƒæ÷Æ±æ”£)","Koishi","Marisa£®ÏF”Í°°ƒß¿Ì…≥£©","Minty Spire (QoL Compilation)","Reimu£®≤©¿ˆ¡È√Œ£©","Remilia£®¿Ÿ√◊¿Ú—«£©","Replay The Spire","StSLib","The Servant 0.9.4","Youmu£®ªÍ∆«—˝√Œ£©"],"gold_per_floor":[109,129,129,145,145,180,194,194,194],"floor_reached":8,"playtime":283,"items_purged":[],"score":70,"play_id":"0e44c203-77b4-4ae6-a665-b0b414e20e69","local_time":"20210110172302","is_ascension_mode":true,"campfire_choices":[],"circlet_count":0,"master_deck":["Strike_S","Strike_S","Strike_S","Strike_S","Defend_S","Defend_S","Defend_S","Defend_S","KidneyShot","Exchange","ReplayTheSpireMod:Faulty Equipment","Snipe","Contraction"],"relics":["Uniform","Replay:Rubber Ducky"],"acts_visited":["Exordium"],"potions_floor_usage":[],"damage_taken":[{"damage":9.0,"enemies":"Jaw Worm","floor":1.0,"turns":3.0},{"damage":4.0,"enemies":"Cultist","floor":2.0,"turns":6.0},{"damage":3,"enemies":"2 Louse","floor":4,"turns":3},{"damage":28,"enemies":"Replay:BlueRogue","floor":6,"turns":7},{"damage":10,"enemies":"Red Slaver","floor":7,"turns":3},{"damage":17,"enemies":"3 Sentries","floor":8,"turns":4}],"seed_played":"-6965222210951389308","potions_obtained":[{"floor":1.0,"key":"LiquidBronze"},{"floor":6,"key":"Strength Potion"},{"floor":7,"key":"Swift Potion"}],"is_trial":false,"path_per_floor":["M","M","?","M","$","E","M","E"],"character_chosen":"THE_SERVANT","items_purchased":[],"campfire_rested":0,"item_purchase_floors":[],"current_hp_per_floor":[68,64,64,61,61,33,23,6,6],"gold":194,"neow_bonus":"TWENTY_PERCENT_HP_BONUS","is_daily":false,"chose_seed":false,"campfire_upgraded":0,"win_rate":0.0,"timestamp":1610270582,"path_taken":["M","M","?","?","?","E","M","E"],"items_purchased_type":[],"build_version":"2020-12-22","purchased_purges":0,"victory":false,"max_hp_per_floor":[77,77,77,77,77,77,77,77,77],"card_choices":[{"not_picked":["Starlight","Foresight","DoubleEdge"],"picked":"SKIP","floor":1.0},{"not_picked":["Rearm","DoubleEdge"],"picked":"Snipe","floor":2.0},{"not_picked":["Alleviate","Rewind","FastForward"],"picked":"SKIP","floor":4},{"not_picked":["DoubleEdge","Comet"],"picked":"Contraction","floor":6},{"not_picked":["Rewind","SurpressingFire","BottledTime"],"picked":"SKIP","floor":7}],"player_experience":52912,"relics_obtained":[{"floor":6,"key":"Replay:Rubber Ducky"}],"event_choices":[{"damage_healed":0,"gold_gain":0,"player_choice":"Ignored","damage_taken":0,"max_hp_gain":0,"max_hp_loss":0,"event_name":"Purifier","floor":3,"gold_loss":0}],"is_beta":false,"boss_relics":[],"items_purged_floors":[],"is_endless":false,"potions_floor_spawned":[1,6,7],"killed_by":"3 Sentries","ascension_level":4}}