{"host":"xwog71r75u8mqwn1","time":1610315226,"event":{"mods":["BaseMod","Evolution","Minty Spire (QoL Compilation)","StSLib"],"gold_per_floor":[111,111,186,200,88,114,125,125,193,218,233,233,268,368,368,473,473,489,503,518,518,533,533,548,548,571,380,380,414,414,444,444,444,444],"floor_reached":33,"playtime":1421,"items_purged":["Regret","Strike_R"],"score":492,"play_id":"da60baa1-3cfa-4b5b-a08f-b307ae31be05","local_time":"20210110154706","is_ascension_mode":true,"campfire_choices":[{"data":"True Grit","floor":8,"key":"SMITH"},{"floor":12,"key":"REST"},{"data":"1","floor":15,"key":"LIFT"},{"data":"Barricade","floor":23,"key":"SMITH"},{"floor":25,"key":"REST"},{"data":"Rampage","floor":28,"key":"SMITH"},{"data":"2","floor":32,"key":"LIFT"}],"circlet_count":0,"master_deck":["AscendersBane","Iron Wave","Strike_R","Strike_R","Strike_R","Defend_R","Defend_R","Defend_R","Defend_R","Bash","Thunderclap","Thunderclap","Rampage+1","Bloodletting","True Grit+1","Flame Barrier+1","Shrug It Off+1","Barricade+1","Twin Strike+1","Second Wind+1","Dual Wield+1","Shrug It Off+1","Iron Wave","Iron Wave","Metallicize","Warcry+1","Armaments+1"],"relics":["Burning Blood","EVO:Axolotl","NeowsBlessing","Bronze Scales","Girya","Toxic Egg 2","PreservedInsect","Mummified Hand","Sozu","Anchor","Tiny Chest","Letter Opener","Red Skull"],"acts_visited":["Exordium","TheCity"],"potions_floor_usage":[10,16,20],"damage_taken":[{"damage":0,"enemies":"Jaw Worm","floor":1,"turns":1},{"damage":0,"enemies":"Cultist","floor":4,"turns":1},{"damage":0,"enemies":"3 Sentries","floor":6,"turns":1},{"damage":10,"enemies":"Small Slimes","floor":7,"turns":3},{"damage":29,"enemies":"Lagavulin","floor":10,"turns":6},{"damage":18,"enemies":"Exordium Wildlife","floor":11,"turns":3},{"damage":16,"enemies":"3 Sentries","floor":13,"turns":5},{"damage":45,"enemies":"The Guardian","floor":16,"turns":12},{"damage":23,"enemies":"Spheric Guardian","floor":18,"turns":5},{"damage":0,"enemies":"3 Byrds","floor":19,"turns":1},{"damage":6,"enemies":"Snake Plant","floor":20,"turns":3},{"damage":22,"enemies":"Snecko","floor":22,"turns":5},{"damage":18,"enemies":"Sentry and Sphere","floor":24,"turns":8},{"damage":15,"enemies":"Book of Stabbing","floor":29,"turns":5},{"damage":4,"enemies":"Slavers","floor":31,"turns":4},{"damage":49,"enemies":"Champ","floor":33,"turns":13}],"seed_played":"4849869569360231608","potions_obtained":[{"floor":4,"key":"Strength Potion"},{"floor":10,"key":"AttackPotion"},{"floor":11,"key":"Explosive Potion"}],"is_trial":false,"path_per_floor":["M","?","?","M","$","E","M","R","T","E","M","R","E","?","R","B",null,"M","M","M","?","M","R","M","R","T","$","R","E","?","E","R","B"],"character_chosen":"IRONCLAD","items_purchased":["Rampage","Metallicize","Warcry+1"],"campfire_rested":2,"item_purchase_floors":[5,27,27],"current_hp_per_floor":[78,78,70,76,76,80,76,76,76,53,41,65,55,55,55,16,64,47,53,53,53,37,37,25,49,49,49,49,40,40,42,42,0,0],"gold":444,"neow_bonus":"THREE_ENEMY_KILL","is_daily":false,"chose_seed":false,"campfire_upgraded":3,"win_rate":0.0,"timestamp":1610315226,"path_taken":["M","?","?","?","$","E","M","R","T","E","M","R","E","?","R","BOSS","M","M","?","?","?","R","M","R","T","$","R","E","?","E","R","BOSS"],"items_purchased_type":["Card","Card","Card"],"build_version":"2020-12-22","purchased_purges":2,"victory":false,"max_hp_per_floor":[80,80,80,80,80,80,80,80,80,80,80,80,80,80,80,80,80,80,80,80,80,80,80,80,80,80,80,80,80,80,80,80,80,80],"card_choices":[{"not_picked":["Pummel","Headbutt"],"picked":"Thunderclap","floor":1},{"not_picked":["Dual Wield","Blood for Blood"],"picked":"Thunderclap","floor":4},{"not_picked":["Flex","Clothesline"],"picked":"Bloodletting","floor":6},{"not_picked":["Dual Wield","Spot Weakness"],"picked":"True Grit","floor":7},{"not_picked":["Whirlwind","Metallicize"],"picked":"Flame Barrier+1","floor":10},{"not_picked":["Pommel Strike","Limit Break+1","Rampage"],"picked":"SKIP","floor":11},{"not_picked":["Hemokinesis","Rage+1"],"picked":"Shrug It Off+1","floor":13},{"not_picked":["Immolate","Juggernaut"],"picked":"Barricade","floor":16},{"not_picked":["Cleave","Uppercut"],"picked":"Twin Strike+1","floor":18},{"not_picked":["Wild Strike","Havoc+1"],"picked":"Second Wind+1","floor":19},{"not_picked":["Cleave+1","Combust+1"],"picked":"Dual Wield+1","floor":20},{"not_picked":["Evolve","Warcry+1"],"picked":"Iron Wave","floor":22},{"not_picked":["Clash","Wild Strike"],"picked":"Iron Wave","floor":24},{"not_picked":["Feel No Pain","Iron Wave+1"],"picked":"Armaments+1","floor":29},{"not_picked":["Immolate","Cleave","Rampage+1"],"picked":"SKIP","floor":31}],"player_experience":2424904,"relics_obtained":[{"floor":6,"key":"Girya"},{"floor":9,"key":"Toxic Egg 2"},{"floor":10,"key":"PreservedInsect"},{"floor":13,"key":"Mummified Hand"},{"floor":26,"key":"Anchor"},{"floor":29,"key":"Tiny Chest"},{"floor":31,"key":"Red Skull"}],"event_choices":[{"damage_healed":0,"gold_gain":0,"player_choice":"Box","damage_taken":0,"relics_obtained":["Bronze Scales"],"max_hp_gain":0,"max_hp_loss":0,"event_name":"Big Fish","floor":2,"gold_loss":0,"cards_obtained":["Regret"]},{"damage_healed":0,"gold_gain":75,"player_choice":"Touch","damage_taken":8,"max_hp_gain":0,"max_hp_loss":0,"event_name":"FaceTrader","floor":3,"gold_loss":0},{"damage_healed":0,"gold_gain":100,"player_choice":"Pray","damage_taken":0,"max_hp_gain":0,"max_hp_loss":0,"event_name":"Golden Shrine","floor":14,"gold_loss":0},{"damage_healed":0,"gold_gain":0,"player_choice":"Copied","damage_taken":0,"max_hp_gain":0,"max_hp_loss":0,"event_name":"Duplicator","floor":21,"gold_loss":0,"cards_obtained":["Shrug It Off"]},{"damage_healed":0,"gold_gain":0,"player_choice":"Opened","damage_taken":0,"relics_obtained":["Letter Opener"],"max_hp_gain":0,"max_hp_loss":0,"event_name":"The Mausoleum","floor":30,"gold_loss":0}],"is_beta":false,"boss_relics":[{"not_picked":["Coffee Dripper","Runic Dome"],"picked":"Sozu"}],"items_purged_floors":[5,27],"is_endless":false,"potions_floor_spawned":[4,10,11,18,19,24],"killed_by":"Champ","ascension_level":10}}