{"host":"xurz8oye0j2lsa2k","time":1610247294,"event":{"mods":["AchievementEnabler","BaseMod","Bestiary","BetterRewards","Colored Map","Hubris","Marisa????????","Minty Spire (QoL Compilation)","Permanent Neow","Replay The Spire","Spicy Shops","StSLib","UnlockEverythingMod"],"gold_per_floor":[111,111,286,14,24,24,38,38,116,116,116,141,155,172,172,275,275,289,307,247,58,75,75,86,118,118,118,118,129,140,240,240,240,240],"floor_reached":33,"playtime":2523,"items_purged":["Doubt"],"score":292,"play_id":"d98e1933-c0c5-41f7-8981-fdfa192fc567","local_time":"20210109215454","is_ascension_mode":false,"campfire_choices":[{"floor":6,"key":"REST"},{"data":"Zap","floor":8,"key":"SMITH"},{"data":"Ball Lightning","floor":11,"key":"SMITH"},{"floor":23,"key":"REST"},{"floor":27,"key":"REST"},{"floor":32,"key":"REST"}],"circlet_count":0,"master_deck":["Strike_B+1","Strike_B+1","Defend_B","Defend_B","Defend_B","Defend_B","Zap+1","Dualcast","Gash","Coolheaded","FIFO Queue","hubris:Ukulele","Ball Lightning+1","Cold Snap","Defragment","Creative AI","hubris:DoWhile","Stack","Hello World","Self Repair","Rainbow","Cold Snap","hubris:SpecializedCircuitry","Hello World","Ghostly","Ghostly","Ghostly","Ghostly","Ghostly","BasicCrystalCard","Hologram+1"],"relics":["Cracked Core","DataDisk","Guide Book","Turnip","Chemical X","hubris:SlimyHat","Mirror","hubris:Towel","Iron Hammer","Oddly Smooth Stone","Blue Doll"],"acts_visited":["Exordium","TheCity"],"potions_floor_usage":[16,16,16,18,24,30],"damage_taken":[{"damage":3,"enemies":"Jaw Worm","floor":1,"turns":4},{"damage":0,"enemies":"Small Slimes","floor":5,"turns":3},{"damage":3,"enemies":"2 Louse","floor":7,"turns":2},{"damage":9,"enemies":"3 Sentries","floor":12,"turns":6},{"damage":4,"enemies":"Blue Slaver","floor":13,"turns":2},{"damage":1,"enemies":"Large Slime","floor":14,"turns":4},{"damage":6,"enemies":"Hexaghost","floor":16,"turns":7},{"damage":5,"enemies":"Shell Parasite","floor":18,"turns":4},{"damage":25,"enemies":"3 Byrds","floor":19,"turns":5},{"damage":33,"enemies":"Shelled Parasite and Fungi","floor":22,"turns":6},{"damage":9,"enemies":"3 Cultists","floor":24,"turns":4},{"damage":27,"enemies":"Replay:Snechameleon","floor":25,"turns":6},{"damage":0,"enemies":"Snake Plant","floor":29,"turns":5},{"damage":28,"enemies":"Centurion and Healer","floor":30,"turns":9},{"damage":46,"enemies":"Automaton","floor":33,"turns":6}],"seed_played":"6433772517802572835","potions_obtained":[{"floor":12,"key":"Energy Potion"},{"floor":14,"key":"DistilledChaos"},{"floor":16,"key":"Adrenaline Potion"},{"floor":22,"key":"Reflective Coating"},{"floor":29,"key":"BlessingOfTheForge"}],"is_trial":false,"path_per_floor":["M","?","?","$","M","R","M","R","T","?","R","E","M","M","R_BF","B",null,"M","M","?","$","M","R","M","E","T","R","?","M","M","?","R","B"],"character_chosen":"DEFECT","items_purchased":["DataDisk","Guide Book","Chemical X","Gash","Coolheaded","FIFO Queue","Mirror","LiquidBronze","Self Repair","Rainbow"],"campfire_rested":4,"item_purchase_floors":[0,0,0,0,0,0,4,4,21,21],"current_hp_per_floor":[37,37,37,37,37,59,56,56,56,56,56,47,43,42,42,36,75,70,45,45,45,19,41,42,22,22,44,37,37,16,16,27,0,0],"gold":240,"neow_bonus":"","is_daily":false,"chose_seed":false,"campfire_upgraded":2,"win_rate":0.0,"timestamp":1610247294,"path_taken":["M","?","?","$","M","R","M","R","T","?","R","E","M","M","R_BF","BOSS","M","M","?","$","M","R","M","E","T","R","?","M","M","?","R","BOSS"],"items_purchased_type":["Relic","Relic","Relic","Card","Card","Card","Relic","Potion","Card","Card"],"build_version":"2020-12-22","purchased_purges":1,"victory":false,"max_hp_per_floor":[75,75,75,75,75,75,75,75,75,75,75,75,75,75,75,75,75,75,75,75,75,75,75,75,75,75,75,37,37,37,37,37,37,37],"card_choices":[{"not_picked":["Gash","Undo","Conserve Battery"],"picked":"SKIP","floor":1},{"not_picked":["Double Energy","Compile Driver"],"picked":"Ball Lightning","floor":5},{"not_picked":["Compile Driver","Leap","Gash"],"picked":"SKIP","floor":7},{"not_picked":["Panic Button","Seek"],"picked":"Cold Snap","floor":12},{"not_picked":["Stack","Hologram"],"picked":"Defragment","floor":13},{"not_picked":["Redo","FIFO Queue","Gash"],"picked":"SKIP","floor":14},{"not_picked":["Hyperbeam","hubris:SpecializedCircuitry"],"picked":"hubris:DoWhile","floor":16},{"not_picked":["Compile Driver","Ball Lightning+1"],"picked":"Stack","floor":18},{"not_picked":["Gash","Rip and Tear"],"picked":"Hello World","floor":19},{"not_picked":["Compile Driver","Self Repair"],"picked":"Cold Snap","floor":22},{"not_picked":["Stack","Streamline+1"],"picked":"hubris:SpecializedCircuitry","floor":24},{"not_picked":["Skim","Barrage"],"picked":"Hello World","floor":25},{"not_picked":["Turbo","Heatsinks"],"picked":"BasicCrystalCard","floor":29},{"not_picked":["Heatsinks","Melter"],"picked":"Hologram+1","floor":30}],"player_experience":515931,"relics_obtained":[{"floor":12,"key":"Iron Hammer"},{"floor":25,"key":"Oddly Smooth Stone"},{"floor":26,"key":"Blue Doll"}],"event_choices":[{"damage_healed":0,"gold_gain":0,"cards_transformed":["Strike_B"],"player_choice":"Change","damage_taken":0,"max_hp_gain":0,"max_hp_loss":0,"event_name":"Living Wall","floor":2,"gold_loss":0,"cards_obtained":["hubris:Ukulele"]},{"damage_healed":0,"gold_gain":175,"player_choice":"AGREE","damage_taken":0,"max_hp_gain":0,"max_hp_loss":0,"event_name":"Liars Game","floor":3,"gold_loss":0,"cards_obtained":["Doubt"]},{"damage_healed":0,"gold_gain":0,"player_choice":"Became a Ghost","damage_taken":0,"max_hp_gain":0,"max_hp_loss":38,"event_name":"Ghosts","floor":28,"gold_loss":0,"cards_obtained":["Ghostly","Ghostly","Ghostly","Ghostly","Ghostly"]},{"damage_healed":0,"gold_gain":100,"player_choice":"Pray","damage_taken":0,"max_hp_gain":0,"max_hp_loss":0,"event_name":"Golden Shrine","floor":31,"gold_loss":0}],"is_beta":false,"boss_relics":[{"not_picked":["FrozenCore","Replay:Bronze Core","Replay:Drink Me"]}],"items_purged_floors":[4],"is_endless":false,"potions_floor_spawned":[12,14,16,22,29],"killed_by":"Automaton","ascension_level":0}}