{"host":"d7zp668j051zjoys","time":1610247101,"event":{"mods":["Abigail Mod","Arknights The Spire","BaseMod","DeckTracker","Hermit","Koishi","Lobotomy","Marisa£¨Ùöéë¡¡Øª×âÞÞ£©","Minty Spire (QoL Compilation)","Prisma Mod","READ ME - Guardian Mod","StSLib","The Bug Knight","The Cursed","The Hierophant","The Jungle","The Runesmith","Waifu the Spire","WarShipGirlsR/??á´Ò³R mod"],"gold_per_floor":[361,116,133,59,74,85,115,115,168,199,149,160,192,211,211,314,314,325,222,233,248,266,266,266,286,310,310,310,328,328,328],"floor_reached":30,"playtime":2272,"items_purged":[],"score":329,"play_id":"edff6426-9e25-4dcf-bd5c-db9eab2047e4","local_time":"20210110115141","is_ascension_mode":false,"campfire_choices":[{"data":"FinalSpark","floor":15.0,"key":"SMITH"},{"data":"MillisecondPulsars","floor":23.0,"key":"SMITH"},{"floor":27.0,"key":"REST"}],"circlet_count":0,"master_deck":["Strike_MRS","Strike_MRS","Strike_MRS","Defend_MRS","Defend_MRS","Defend_MRS","Defend_MRS","MasterSpark","UpSweep","EnergyFlow","PropBag","ChargeUpSpray","GrandCross","AsteroidBelt","DoubleSpark","FinalSpark+1","Orbital","MillisecondPulsars+1","SporeBomb","IllusionStar","AsteroidBelt","OortCloud","Flash of Steel","Acceleration+1"],"relics":["MiniHakkero","Bottled Tornado","Runesmith:Nanobots","Toy Ornithopter","HollowMod:LifeEnderRelic","Mercury Hourglass","Busted Crown","Ancient Tea Set"],"acts_visited":[],"potions_floor_usage":[],"damage_taken":[{"damage":1.0,"enemies":"Jaw Worm","floor":1.0,"turns":3.0},{"damage":5.0,"enemies":"Small Slimes","floor":3.0,"turns":4.0},{"damage":5.0,"enemies":"Cultist","floor":5.0,"turns":4.0},{"damage":2.0,"enemies":"2 Fungi Beasts","floor":6.0,"turns":3.0},{"damage":16.0,"enemies":"3 Sentries","floor":7.0,"turns":6.0},{"damage":3.0,"enemies":"Lagavulin","floor":10.0,"turns":5.0},{"damage":12.0,"enemies":"Gremlin Gang","floor":12.0,"turns":4.0},{"damage":10.0,"enemies":"3 Sentries","floor":13.0,"turns":5.0},{"damage":6.0,"enemies":"Exordium Wildlife","floor":14.0,"turns":2.0},{"damage":0.0,"enemies":"Slime Boss","floor":16.0,"turns":4.0},{"damage":6.0,"enemies":"Shell Parasite","floor":18.0,"turns":3.0},{"damage":5.0,"enemies":"3 Byrds","floor":20.0,"turns":3.0},{"damage":5.0,"enemies":"Centurion and Healer","floor":21.0,"turns":3.0},{"damage":13.0,"enemies":"Snake Plant","floor":22.0,"turns":3.0},{"damage":0.0,"enemies":"Snecko","floor":25.0,"turns":2.0},{"damage":19.0,"enemies":"Shelled Parasite and Fungi","floor":29.0,"turns":3.0},{"damage":0,"enemies":"Slavers","floor":30,"turns":1}],"seed_played":"-3198871749319435789","potions_obtained":[{"floor":1.0,"key":"SpeedPotion"},{"floor":3.0,"key":"Weak Potion"},{"floor":6.0,"key":"Swift Potion"},{"floor":12.0,"key":"StarNLove"},{"floor":21.0,"key":"Strength Potion"},{"floor":25.0,"key":"Block Potion"}],"is_trial":false,"path_per_floor":["M","$","M","$","M","M","E","?","T","E","?","M","E","M","R","B",null,"M","$","M","M","M","R","?","M","T","R","?","M","E"],"character_chosen":"MARISA","items_purchased":["Bottled Tornado","ChargeUpSpray","IllusionStar","AsteroidBelt"],"campfire_rested":1,"item_purchase_floors":[2,4,19,19],"current_hp_per_floor":[67,67,62,62,57,55,39,36,36,43,43,36,31,25,25,25,68,62,62,57,52,39,39,21,21,21,41,68,49,49,49],"gold":328,"neow_bonus":"TWO_FIFTY_GOLD","is_daily":false,"chose_seed":false,"campfire_upgraded":2,"win_rate":0.0,"timestamp":1610247101,"path_taken":["M","$","M","$","M","M","E","?","T","E","?","M","E","M","R","BOSS","M","$","M","M","M","R","?","?","T","R","?","?","E"],"items_purchased_type":["Relic","Card","Card","Card"],"build_version":"2020-12-22","purchased_purges":0,"victory":false,"max_hp_per_floor":[68,68,68,68,68,68,68,68,68,68,68,68,68,68,68,68,68,68,68,68,68,68,68,68,68,68,68,68,68,68,68],"card_choices":[{"not_picked":["Robbery","DC"],"picked":"EnergyFlow","floor":1.0},{"not_picked":["GalacticHalo","FairyDestructionRay"],"picked":"PropBag","floor":3.0},{"not_picked":["MagicAbsorber","WitchOfGreed"],"picked":"ChargeUpSpray","floor":5.0},{"not_picked":["PropBag","Acceleration"],"picked":"GrandCross","floor":6.0},{"not_picked":["DoubleSpark","MeteoricShower"],"picked":"AsteroidBelt","floor":7.0},{"not_picked":["EventHorizon","MysteriousBeam"],"picked":"DoubleSpark","floor":10.0},{"not_picked":["ShootingEcho","WitchOfGreed","UnstableBomb"],"picked":"SKIP","floor":12.0},{"not_picked":["BlazeAway","DarkSpark"],"picked":"FinalSpark","floor":13.0},{"not_picked":["AlicesGift","MysteriousBeam"],"picked":"Orbital","floor":14.0},{"not_picked":["BlazingStar","CollectingQuirk"],"picked":"MillisecondPulsars","floor":16.0},{"not_picked":[],"picked":"SporeBomb","floor":18.0},{"not_picked":["DC+1"],"picked":"SKIP","floor":20.0},{"not_picked":["PowerUp+1"],"picked":"SKIP","floor":21.0},{"not_picked":[],"picked":"OortCloud","floor":22.0},{"not_picked":["GrandCross+1"],"picked":"SKIP","floor":25.0},{"not_picked":[],"picked":"Acceleration+1","floor":29.0}],"player_experience":299938,"relics_obtained":[{"floor":7.0,"key":"Runesmith:Nanobots"},{"floor":10.0,"key":"HollowMod:LifeEnderRelic"},{"floor":13.0,"key":"Mercury Hourglass"},{"floor":26.0,"key":"Ancient Tea Set"}],"event_choices":[{"damage_healed":0.0,"max_hp_gain":0.0,"max_hp_loss":0.0,"gold_gain":0.0,"event_name":"Scrap Ooze","player_choice":"Success","floor":8.0,"gold_loss":0.0,"damage_taken":3.0,"relics_obtained":["Toy Ornithopter"]},{"cards_removed":["Strike_MRS"],"damage_healed":0.0,"max_hp_gain":0.0,"max_hp_loss":0.0,"gold_gain":0.0,"event_name":"The Cleric","player_choice":"Card Removal","floor":11.0,"gold_loss":50.0,"damage_taken":0.0},{"damage_healed":0.0,"max_hp_gain":0.0,"max_hp_loss":0.0,"gold_gain":0.0,"event_name":"Knowing Skull","player_choice":"POTION CARD ","floor":24.0,"potions_obtained":["Weak Potion"],"gold_loss":0.0,"damage_taken":18.0,"cards_obtained":["Flash of Steel"]},{"cards_removed":["ChargeUpSpray"],"damage_healed":27.0,"max_hp_gain":0.0,"max_hp_loss":0.0,"gold_gain":0.0,"event_name":"Bonfire Elementals","player_choice":"Offered Uncommon","floor":28.0,"gold_loss":0.0,"damage_taken":0.0}],"is_beta":false,"boss_relics":[{"not_picked":["Runic Dome","Cursed Key"],"picked":"Busted Crown"}],"items_purged_floors":[],"is_endless":false,"potions_floor_spawned":[1,3,6,7,12,21,25],"killed_by":"Slavers","ascension_level":0}}