{"host":"7zrqt28bzi261n1g","time":1610258962,"event":{"mods":["Arknights The Spire","BaseMod","CapriCore","Custom Start","DeckTracker","GungeonMod","Hermit","HexUI Lib","KOR Keyword Fix","Koishi","Lobotomy","Minty Spire (QoL Compilation)","Prisma Mod","StSLib","The Bug Knight","The Hierophant","The Immortal","The Poker Player","WarShipGirlsR/??á´Ò³R mod"],"gold_per_floor":[114,9998721,9998734,9998749,9998768,9998768,9998794,9998812,9998812,9998812,9998812,9998829,9998839,9998839,9998839,9998940,9998940,9998957,9998927,9997681,9997700,9997719,9997719,9997733,9997758,9997758,9997758,9997777,9997795,9997814,9997814,9997834,9997834,9997834,9997834,9997834],"floor_reached":35,"playtime":1964,"items_purged":["rmod:strick","rmod:strick"],"score":335,"play_id":"1eedca00-5dc1-40eb-ab8b-817a1ce17d8d","local_time":"20210110150922","is_ascension_mode":false,"campfire_choices":[{"floor":6,"key":"RECALL"},{"data":"rmod:abidefaith","floor":10,"key":"SMITH"},{"data":"rmod:expedition","floor":15,"key":"SMITH"},{"data":"rmod:salvage","floor":23,"key":"SMITH"},{"data":"rmod:expedition+1","floor":27,"key":"SMITH"}],"circlet_count":0,"master_deck":["Apo_SoulSlash","Apo_Charge","Apo_Charge","Apo_Charge","Apo_Charge","Apo_Beam","Apo_Beam","Apo_Beam","Apo_Execute","Apo_Slash","Apo_Slash","Apo_SoulSlash","BigBadWolf","rmod:sl+1"],"relics":["rmod:firstchargereward","CogitoBucket","HornCleat","Gremlin Horn","DemoMod:MeatBun","Centennial Puzzle","HellTrain","Letter Opener","Coffee Dripper","Toxic Egg 2","Sling","DemoMod:Orange","ChangeAnything","DemoMod:LamentConfigurum","AdjustmentMirror","AtMidnight","ApostleMask"],"acts_visited":["Exordium","TheCity","DemoMod:Maze"],"potions_floor_usage":[35,35,35],"damage_taken":[{"damage":0,"enemies":"Cultist","floor":1,"turns":4},{"damage":50,"enemies":"Small Slimes","floor":3,"turns":4},{"damage":0,"enemies":"Jaw Worm","floor":4,"turns":5},{"damage":50,"enemies":"Looter","floor":5,"turns":3},{"damage":60,"enemies":"Gremlin Nob","floor":7,"turns":5},{"damage":6,"enemies":"Blue Slaver","floor":8,"turns":4},{"damage":50,"enemies":"Exordium Thugs","floor":12,"turns":3},{"damage":42,"enemies":"Lots of Slimes","floor":13,"turns":3},{"damage":45,"enemies":"The Guardian","floor":16,"turns":7},{"damage":0,"enemies":"Chosen","floor":18,"turns":5},{"damage":41,"enemies":"Spheric Guardian","floor":21,"turns":5},{"damage":3,"enemies":"Snake Plant","floor":22,"turns":5},{"damage":29,"enemies":"Centurion and Healer","floor":24,"turns":5},{"damage":2,"enemies":"Gremlin Leader","floor":25,"turns":4},{"damage":50,"enemies":"DemoMod:4_Bullet_Kins_with_one_veteran","floor":28,"turns":3},{"damage":116,"enemies":"DemoMod:Red_and_blue_shotgun_kin","floor":29,"turns":9},{"damage":68,"enemies":"DemoMod:Red_and_blue_shotgun_kin_with_gunsinger","floor":30,"turns":5},{"damage":10,"enemies":"DemoMod:Veteran_shot_gun_kin_and_blue_shotgun_kin_with_gunsinger","floor":32,"turns":3},{"damage":60,"enemies":"DemoMod:ResourcefulRat","floor":35,"turns":7}],"seed_played":"-4608820442436395810","potions_obtained":[{"floor":4,"key":"SpeedPotion"},{"floor":12,"key":"DuplicationPotion"}],"is_trial":false,"path_per_floor":["M","$","M","M","M","R","E","M","T","R","?","M","M","T","R","B",null,"M","?","$","M","M","R","M","E","T","R","M","M","M","M","M","R","B","B"],"character_chosen":"PRAEFECT","items_purchased":["rmod:diamondstrike","HornCleat","Gremlin Horn","DemoMod:MeatBun","DemoMod:GnawedKey","rmod:ammunitionsupply","rmod:goodsister","rmod:acesubmarine","rmod:heivgo","SkillPotion","SkillPotion","rmod:fletcherpendant","Toxic Egg 2","Sling","DemoMod:Orange","rmod:expedition","rmod:punchline+1","rmod:unsinkable+1","rmod:launchingtorpedo","Secret Technique+1"],"campfire_rested":0,"item_purchase_floors":[2,2,2,2,2,2,2,2,2,2,2,20,20,20,20,20,20,20,20,20],"current_hp_per_floor":[75,75,25,25,75,75,75,75,75,75,75,75,75,75,75,75,75,75,75,87,87,87,87,87,87,87,87,87,87,87,87,77,77,14,0,0],"gold":9997834,"neow_bonus":"","is_daily":false,"chose_seed":false,"campfire_upgraded":4,"win_rate":0.0,"timestamp":1610258962,"path_taken":["M","$","M","M","M","R","E","M","T","R","?","M","?","?","R","BOSS","M","?","$","M","M","R","?","E","T","R","M","M","M","M","M","R","BOSS","BOSS"],"items_purchased_type":["Card","Relic","Relic","Relic","Relic","Card","Card","Card","Card","Potion","Potion","Card","Relic","Relic","Relic","Card","Card","Card","Card","Card"],"build_version":"2020-12-22","purchased_purges":2,"victory":false,"max_hp_per_floor":[75,75,75,75,75,75,75,75,75,75,75,75,75,75,75,75,75,75,75,87,87,87,87,87,87,87,87,87,87,87,87,87,87,87,87,87],"card_choices":[{"not_picked":["BeautyBeast","Murderer"],"picked":"MeatLantern","floor":1},{"not_picked":["rmod:aggressivemary","rmod:unsinkable"],"picked":"rmod:sl","floor":1},{"not_picked":["LongBird","WallGazer"],"picked":"MHz","floor":3},{"not_picked":["rmod:rockthrower","rmod:intelligenceanalysis"],"picked":"rmod:abidefaith","floor":3},{"not_picked":["OldLady","Murderer"],"picked":"CherryBlossoms","floor":4},{"not_picked":["rmod:tearstotiara","rmod:aluminumsupply"],"picked":"rmod:rockthrower","floor":4},{"not_picked":["Murderer","WallGazer"],"picked":"GreedKing","floor":5},{"not_picked":["rmod:aviationdawn","rmod:intelligenceanalysis"],"picked":"rmod:slowdown","floor":5},{"not_picked":["DespairKnight","BeautyBeast"],"picked":"CrumblingArmor","floor":7},{"not_picked":["rmod:diamondstrike","rmod:generalist"],"picked":"rmod:goodfighter","floor":7},{"not_picked":["Wellcheers","ShyLook"],"picked":"Funeral","floor":8},{"not_picked":["rmod:advancebysurprise","rmod:mineteam"],"picked":"rmod:selfconfidence","floor":8},{"not_picked":["DespairKnight","LaLuna"],"picked":"HappyTeddy","floor":12},{"not_picked":["rmod:tearstotiara","rmod:diamondstrike"],"picked":"rmod:mineteam","floor":12},{"not_picked":["Bloodbath","OSAHOGD"],"picked":"UniverseFragment","floor":13},{"not_picked":["rmod:aviationdawn","rmod:luckystar"],"picked":"rmod:expedition","floor":13},{"not_picked":["SpiderBud","BeautyBeast"],"picked":"Mercenary","floor":16},{"not_picked":["rmod:ridicule","rmod:desperatesituation"],"picked":"rmod:windflower","floor":16},{"not_picked":["Murderer","Bloodbath"],"picked":"SnowQueen","floor":18},{"not_picked":["rmod:fuelsupply","rmod:firesupport+1"],"picked":"rmod:capitalist+1","floor":18},{"not_picked":[],"picked":"rmod:robin","floor":19},{"not_picked":[],"picked":"rmod:wolves","floor":19},{"not_picked":[],"picked":"rmod:robin","floor":19},{"not_picked":[],"picked":"rmod:fletcher","floor":19},{"not_picked":["Laetitia","OldLady"],"picked":"Murderer","floor":21},{"not_picked":["rmod:intelligenceanalysis","rmod:unsinkable+1"],"picked":"rmod:steelsupply+1","floor":21},{"not_picked":["BlackSwan","FairyFestival"],"picked":"VoidDream","floor":22},{"not_picked":["rmod:steelsupply+1","rmod:circuitoustactics+1"],"picked":"rmod:salvage","floor":22},{"not_picked":["Scorched","Bloodbath"],"picked":"FairyFestival","floor":24},{"not_picked":["rmod:victimresponsibility+1","rmod:expeditionaryescort"],"picked":"rmod:fletcherpendant","floor":24},{"not_picked":["Bloodbath","HeroicMonk"],"picked":"Porccubus","floor":25},{"not_picked":["rmod:tearstotiara","rmod:aviationdawn+1"],"picked":"rmod:salvage","floor":25},{"not_picked":["DreamingCurrent","Scorched"],"picked":"CENSORED","floor":28},{"not_picked":["rmod:ammunitionsupply+1","rmod:tearstotiara+1"],"picked":"rmod:salvage+1","floor":28},{"not_picked":["DreamingCurrent","BeautyBeast"],"picked":"PlagueDoctor","floor":29},{"not_picked":["rmod:secretscript","rmod:punchline+1"],"picked":"rmod:luckystar","floor":29},{"not_picked":["OSAHOGD","Wellcheers"],"picked":"WallGazer","floor":30},{"not_picked":["rmod:heivgo+1","rmod:aviationdawn+1"],"picked":"rmod:ring+1","floor":30},{"not_picked":["BlackArmy","Woodsman"],"picked":"BigBadWolf","floor":32},{"not_picked":["rmod:unsinkable+1","rmod:punchline+1"],"picked":"rmod:sl+1","floor":32}],"player_experience":114159,"relics_obtained":[{"floor":7,"key":"Centennial Puzzle"},{"floor":9,"key":"Letter Opener"},{"floor":25,"key":"DemoMod:LamentConfigurum"},{"floor":29,"key":"AtMidnight"}],"event_choices":[{"cards_removed":["rmod:defend"],"damage_healed":0,"gold_gain":0,"player_choice":"Purged","damage_taken":0,"max_hp_gain":0,"max_hp_loss":0,"event_name":"Purifier","floor":11,"gold_loss":0}],"is_beta":false,"boss_relics":[{"not_picked":["Tiny House","Runic Dome"],"picked":"Coffee Dripper"}],"items_purged_floors":[2,20],"is_endless":false,"potions_floor_spawned":[4,12,16,22,24,29,30],"killed_by":"DemoMod:ResourcefulRat","ascension_level":0}}