{"host":"g8a0qo0vjtg6u5wv","time":1610241737,"event":{"mods":["BaseMod","Colored Map","Custom Start","KOR Keyword Fix","Minty Spire (QoL Compilation)","StSLib","SuperFastMode"],"gold_per_floor":[115,126,139,139,139,165,165,178,248,248,266,104,121,155,155,260,260,275,151,151,151,162,162,172,17,17,45,45,6,36,49,49,49,49],"floor_reached":33,"playtime":1003,"items_purged":["Pain","Strike_P"],"score":384,"play_id":"0a48f54f-087e-4bd3-8896-759c880d692d","local_time":"20210110102217","is_ascension_mode":true,"campfire_choices":[{"data":"Eruption","floor":7.0,"key":"SMITH"},{"data":"SashWhip","floor":10.0,"key":"SMITH"},{"data":"Adaptation","floor":15.0,"key":"SMITH"},{"data":"Fasting2","floor":23.0,"key":"SMITH"},{"data":"DevaForm","floor":28,"key":"SMITH"},{"data":"ClearTheMind","floor":32,"key":"SMITH"}],"circlet_count":0,"master_deck":["Strike_P","Strike_P+1","Strike_P","Defend_P+1","Defend_P","Defend_P","Eruption+1","Vigilance","SashWhip+1","Tantrum","EmptyFist","EmptyBody","Swivel","Adaptation+1","Finesse","FearNoEvil","Prostrate","DevaForm+1","Fasting2+1","CrushJoints","ClearTheMind+1","SignatureMove","Worship"],"relics":["PureWater","WarpedTongs","GoldenEye","TeardropLocket","Orichalcum","Snecko Eye","Lee\u0027s Waffle","Meat on the Bone","Lantern","Thread and Needle"],"acts_visited":["Exordium","TheCity"],"potions_floor_usage":[27,33],"damage_taken":[{"damage":2.0,"enemies":"Jaw Worm","floor":1.0,"turns":6.0},{"damage":0.0,"enemies":"Cultist","floor":2.0,"turns":2.0},{"damage":0.0,"enemies":"Small Slimes","floor":3.0,"turns":2.0},{"damage":3.0,"enemies":"Gremlin Nob","floor":6.0,"turns":2.0},{"damage":25.0,"enemies":"Exordium Thugs","floor":8.0,"turns":3.0},{"damage":7.0,"enemies":"Exordium Wildlife","floor":11.0,"turns":2.0},{"damage":0.0,"enemies":"Looter","floor":13.0,"turns":1.0},{"damage":2.0,"enemies":"3 Sentries","floor":14.0,"turns":3.0},{"damage":17.0,"enemies":"The Guardian","floor":16.0,"turns":12.0},{"damage":1.0,"enemies":"Spheric Guardian","floor":18.0,"turns":3.0},{"damage":14.0,"enemies":"2 Thieves","floor":22.0,"turns":2.0},{"damage":10.0,"enemies":"Shelled Parasite and Fungi","floor":24.0,"turns":4.0},{"damage":13,"enemies":"Slavers","floor":27,"turns":7},{"damage":12,"enemies":"Book of Stabbing","floor":30,"turns":3},{"damage":2,"enemies":"Centurion and Healer","floor":31,"turns":4},{"damage":98,"enemies":"Collector","floor":33,"turns":6}],"seed_played":"6562819763673543912","potions_obtained":[{"floor":1.0,"key":"PowerPotion"},{"floor":8.0,"key":"Strength Potion"},{"floor":13.0,"key":"PowerPotion"},{"floor":16.0,"key":"BlessingOfTheForge"},{"floor":24.0,"key":"BottledMiracle"},{"floor":30,"key":"Fire Potion"}],"is_trial":false,"path_per_floor":["M","M","M","?","?","E","R","M","T","R","M","$","M","E","R","B",null,"M","$","?","?","M","R","M","$","T","E","R","$","E","M","R","B"],"character_chosen":"WATCHER","items_purchased":["Finesse","CrushJoints","Lee\u0027s Waffle","Worship"],"campfire_rested":0,"item_purchase_floors":[12,19,25,29],"current_hp_per_floor":[70,70,70,56,56,53,53,28,28,28,21,21,21,19,19,2,72,71,71,58,58,44,44,34,84,84,71,71,71,59,57,57,0,0],"gold":49,"neow_bonus":"REMOVE_CARD","is_daily":false,"chose_seed":false,"campfire_upgraded":6,"win_rate":0.0,"timestamp":1610241737,"path_taken":["M","M","M","?","?","E","R","?","T","R","M","$","M","E","R","BOSS","M","$","?","?","M","R","M","$","T","E","R","?","E","M","R","BOSS"],"items_purchased_type":["Card","Card","Relic","Card"],"build_version":"2020-12-22","purchased_purges":2,"victory":false,"max_hp_per_floor":[72,72,72,72,72,72,72,72,72,72,72,72,72,72,72,72,72,72,72,77,77,77,77,77,84,84,84,84,84,84,84,84,84,84],"card_choices":[{"not_picked":["EmptyBody","Crescendo"],"picked":"SashWhip","floor":1.0},{"not_picked":["PathToVictory","Worship"],"picked":"Tantrum","floor":2.0},{"not_picked":["CrushJoints","EmptyMind"],"picked":"EmptyFist","floor":3.0},{"not_picked":["Meditate","EmptyMind"],"picked":"EmptyBody","floor":6.0},{"not_picked":["Evaluate","Weave"],"picked":"Swivel","floor":8.0},{"not_picked":["ThirdEye","EmptyBody"],"picked":"Adaptation","floor":11.0},{"not_picked":["Crescendo","SandsOfTime"],"picked":"FearNoEvil","floor":13.0},{"not_picked":["Blasphemy","PathToVictory"],"picked":"Prostrate","floor":14.0},{"not_picked":["MasterReality","Wish"],"picked":"DevaForm","floor":16.0},{"not_picked":["Evaluate","Vengeance"],"picked":"Fasting2","floor":18.0},{"not_picked":["Tantrum","Prostrate","WindmillStrike"],"picked":"SKIP","floor":22.0},{"not_picked":["Weave","Crescendo+1"],"picked":"ClearTheMind","floor":24.0},{"not_picked":["Consecrate","Prostrate"],"picked":"SignatureMove","floor":27},{"not_picked":["EmptyBody","PathToVictory","Crescendo"],"picked":"SKIP","floor":30},{"not_picked":["FollowUp","SignatureMove+1","FlyingSleeves+1"],"picked":"SKIP","floor":31}],"player_experience":556387,"relics_obtained":[{"floor":6.0,"key":"GoldenEye"},{"floor":9.0,"key":"TeardropLocket"},{"floor":14.0,"key":"Orichalcum"},{"floor":26.0,"key":"Meat on the Bone"},{"floor":27,"key":"Lantern"},{"floor":30,"key":"Thread and Needle"}],"event_choices":[{"damage_healed":0.0,"max_hp_gain":0.0,"max_hp_loss":0.0,"gold_gain":0.0,"event_name":"Shining Light","player_choice":"Entered Light","floor":4.0,"gold_loss":0.0,"damage_taken":14.0,"cards_upgraded":["Strike_P","Defend_P"]},{"damage_healed":0.0,"max_hp_gain":0.0,"max_hp_loss":0.0,"gold_gain":0.0,"event_name":"Accursed Blacksmith","player_choice":"Rummage","floor":5.0,"gold_loss":0.0,"damage_taken":0.0,"relics_obtained":["WarpedTongs"],"cards_obtained":["Pain"]},{"damage_healed":0.0,"max_hp_gain":5.0,"max_hp_loss":0.0,"gold_gain":0.0,"event_name":"Forgotten Altar","player_choice":"Shed Blood","floor":20.0,"gold_loss":0.0,"damage_taken":18.0},{"damage_healed":0.0,"max_hp_gain":0.0,"max_hp_loss":0.0,"gold_gain":0.0,"event_name":"Vampires","player_choice":"Ignored","floor":21.0,"gold_loss":0.0,"damage_taken":0.0}],"is_beta":false,"boss_relics":[{"not_picked":["Empty Cage","Busted Crown"],"picked":"Snecko Eye"}],"items_purged_floors":[12,19],"is_endless":false,"potions_floor_spawned":[1,8,13,16,24,30],"killed_by":"Collector","ascension_level":4}}