{"host":"sum4dy402bbv9y4o","time":1610242659,"event":{"mods":["Aspiration","BaseMod","Conspire","Highlight Path","Minty Spire (QoL Compilation)","StSLib"],"gold_per_floor":[118,134,134,59,0,0,32,48,48,60,78,78,93,127,127,206,206,216,229,229,7,7,36,36,61,112,112,144,171,35,135,135,209,209,227,227,252,266,266,266,291,291,362,160,192,203,77,105,105,105,105,105],"floor_reached":51,"playtime":1936,"items_purged":["Defend_P","LessonLearned+1"],"score":1608,"play_id":"a5d40a86-ff0d-4b8e-b763-98648462623d","local_time":"20210110043739","is_ascension_mode":true,"campfire_choices":[{"data":"Eruption","floor":6,"key":"SMITH"},{"data":"Perseverance","floor":12,"key":"SMITH"},{"floor":15,"key":"REST"},{"floor":24,"key":"REST"},{"floor":27,"key":"REST"},{"data":"MentalFortress","floor":32,"key":"SMITH"},{"data":"Halt","floor":40,"key":"SMITH"},{"floor":42,"key":"REST"},{"floor":49,"key":"REST"}],"circlet_count":0,"master_deck":["AscendersBane","Defend_P","Defend_P","Defend_P","Eruption+1","Vigilance","Halt+1","MentalFortress+1","CutThroughFate+1","Perseverance+1","Collect","TalkToTheHand+1","CrushJoints+1","FlurryOfBlows+1","Halt","BowlingBash+1","SashWhip+1","Bite+1","Bite+1","Bite+1","Bite+1","Bite+1","WaveOfTheHand","Halt+1","ForeignInfluence+1","FlurryOfBlows+1","TalkToTheHand+1","Protect","EmptyFist+1","Brilliance+1","Crescendo+1","ClearTheMind+1","Tantrum+1","Halt","FlurryOfBlows+1"],"relics":["PureWater","NeowsBlessing","Molten Egg 2","conspire:DecoderRing","Question Card","Black Star","aspiration:RitualStick","Dream Catcher","conspire:TopHat","Anchor","Lantern","aspiration:ChemicalBlood","MawBank","Turnip","Darkstone Periapt","Bird Faced Urn","Shuriken","Singing Bowl","Bottled Tornado","Oddly Smooth Stone","Strawberry","Toxic Egg 2","Omamori","conspire:BottledYoYo"],"acts_visited":["Exordium","TheCity","TheBeyond"],"potions_floor_usage":[10,16,18,23,23,23,31,31,33,33,33,37,38,41,41,41,45,46,48,50,50,50,50,50,50],"damage_taken":[{"damage":0,"enemies":"Small Slimes","floor":1,"turns":1},{"damage":0,"enemies":"Jaw Worm","floor":2,"turns":1},{"damage":0,"enemies":"3 Sentries","floor":7,"turns":2},{"damage":0,"enemies":"Cultist","floor":8,"turns":2},{"damage":5,"enemies":"Gremlin Gang","floor":10,"turns":2},{"damage":16,"enemies":"Exordium Thugs","floor":11,"turns":3},{"damage":1,"enemies":"Large Slime","floor":13,"turns":4},{"damage":13,"enemies":"Lagavulin","floor":14,"turns":5},{"damage":29,"enemies":"The Guardian","floor":16,"turns":9},{"damage":0,"enemies":"3 Byrds","floor":18,"turns":2},{"damage":0,"enemies":"Chosen","floor":19,"turns":3},{"damage":50,"enemies":"Book of Stabbing","floor":23,"turns":6},{"damage":7,"enemies":"Slavers","floor":28,"turns":3},{"damage":6,"enemies":"Snake Plant","floor":29,"turns":3},{"damage":0,"enemies":"Colosseum Slavers","floor":31,"turns":2},{"damage":20,"enemies":"Colosseum Nobs","floor":31,"turns":3},{"damage":44,"enemies":"Collector","floor":33,"turns":8},{"damage":6,"enemies":"Orb Walker","floor":35,"turns":3},{"damage":19,"enemies":"Mind Bloom Boss Battle","floor":37,"turns":6},{"damage":11,"enemies":"3 Darklings","floor":38,"turns":3},{"damage":39,"enemies":"Nemesis","floor":41,"turns":5},{"damage":9,"enemies":"Giant Head","floor":45,"turns":6},{"damage":13,"enemies":"Sphere and 2 Shapes","floor":46,"turns":4},{"damage":9,"enemies":"Nemesis","floor":48,"turns":3},{"damage":77,"enemies":"Time Eater","floor":50,"turns":8},{"damage":35,"enemies":"Awakened One","floor":51,"turns":3}],"seed_played":"7718795086693920831","potions_obtained":[{"floor":7,"key":"SpeedPotion"},{"floor":11,"key":"PowerPotion"},{"floor":16,"key":"Swift Potion"},{"floor":28,"key":"Fire Potion"},{"floor":31,"key":"BottledMiracle"},{"floor":33,"key":"DistilledChaos"},{"floor":35,"key":"PowerPotion"},{"floor":37,"key":"Strength Potion"},{"floor":41,"key":"LiquidMemories"},{"floor":45,"key":"LiquidBronze"},{"floor":46,"key":"BottledMiracle"},{"floor":48,"key":"LiquidMemories"},{"floor":50,"key":"Swift Potion"}],"is_trial":false,"path_per_floor":["M","M","?","?","$","R","E","M","T","M","M","R","M","E","R","B",null,"M","M","?","$","?","E","R","T","T","R","E","M","$","?","R","B",null,"M","?","?","M","?","R","E","R","T","$","E","M","$","E","R","B","B"],"character_chosen":"WATCHER","items_purchased":["CutThroughFate+1","EntropicBrew","WaveOfTheHand","TalkToTheHand+1","Protect","AttackPotion","Halt","Oddly Smooth Stone","FlurryOfBlows+1"],"campfire_rested":5,"item_purchase_floors":[5,21,21,30,30,30,44,44,47],"current_hp_per_floor":[61,61,61,61,61,61,61,61,61,56,40,40,39,26,46,19,56,58,60,60,60,43,11,31,31,31,51,53,59,59,51,51,34,60,63,59,49,50,53,53,25,48,48,48,59,56,56,54,81,18,0,0],"gold":105,"neow_bonus":"THREE_ENEMY_KILL","is_daily":false,"chose_seed":false,"campfire_upgraded":4,"win_rate":0.0,"timestamp":1610242659,"path_taken":["M","M","?","?","?","R","E","M","T","M","?","R","M","E","R","BOSS","M","?","?","$","?","E","R","?","T","R","E","M","$","?","R","BOSS","M","?","?","M","?","R","E","R","T","$","E","M","$","E","R","BOSS","BOSS"],"items_purchased_type":["Card","Potion","Card","Card","Card","Potion","Card","Relic","Card"],"build_version":"2020-12-22","purchased_purges":2,"victory":false,"max_hp_per_floor":[68,68,68,68,68,68,68,68,68,68,68,68,68,68,68,68,68,68,68,68,68,68,68,68,68,68,68,68,68,68,68,68,68,68,68,68,68,68,68,68,70,72,72,72,81,83,83,85,87,87,87,87],"card_choices":[{"not_picked":["FlyingSleeves","ClearTheMind"],"picked":"Halt","floor":1},{"not_picked":["DeceiveReality","ReachHeaven"],"picked":"MentalFortress","floor":2},{"not_picked":["EmptyBody","Crescendo"],"picked":"Perseverance","floor":7},{"not_picked":["Crescendo","WreathOfFlame"],"picked":"Collect","floor":8},{"not_picked":["Evaluate","CutThroughFate+1","Prostrate"],"picked":"TalkToTheHand+1","floor":10},{"not_picked":["ClearTheMind","WaveOfTheHand","Indignation"],"picked":"CrushJoints+1","floor":11},{"not_picked":["WaveOfTheHand","Weave+1","ThirdEye"],"picked":"FlurryOfBlows+1","floor":13},{"not_picked":["ConjureBlade","Protect","Prostrate"],"picked":"Halt","floor":14},{"not_picked":["MentalFortress","Protect+1","EmptyFist+1"],"picked":"BowlingBash+1","floor":18},{"not_picked":["JustLucky+1","Scrawl","BowlingBash+1"],"picked":"SashWhip+1","floor":19},{"not_picked":["Alpha","CarveReality+1","Protect"],"picked":"Halt+1","floor":23},{"not_picked":["FollowUp+1","Collect","SashWhip+1"],"picked":"ForeignInfluence+1","floor":24},{"not_picked":["CutThroughFate+1","Crescendo","WheelKick+1"],"picked":"LessonLearned+1","floor":27},{"not_picked":["Nirvana","DeceiveReality","Crescendo","WaveOfTheHand"],"picked":"SKIP","floor":28},{"not_picked":["EmptyFist+1","BattleHymn","FollowUp+1"],"picked":"FlurryOfBlows+1","floor":29},{"not_picked":["Conclude+1","JustLucky+1","InnerPeace"],"picked":"EmptyFist+1","floor":31},{"not_picked":["DevaForm","Judgement","LessonLearned+1"],"picked":"Brilliance+1","floor":33},{"not_picked":["Prostrate","ThirdEye","SashWhip+1"],"picked":"Crescendo+1","floor":35},{"not_picked":["WreathOfFlame","CutThroughFate+1","Crescendo"],"picked":"ClearTheMind+1","floor":37},{"not_picked":["CutThroughFate+1","CrushJoints+1","EmptyBody"],"picked":"Tantrum+1","floor":38},{"not_picked":["FlyingSleeves+1","Consecrate+1","WindmillStrike+1","Fasting2"],"picked":"Singing Bowl","floor":41},{"not_picked":["Meditate","Wish","Wireheading","EmptyMind+1"],"picked":"Singing Bowl","floor":42},{"not_picked":["ThirdEye+1","Collect+1","FlyingSleeves+1","Swivel+1"],"picked":"Singing Bowl","floor":45},{"not_picked":["Prostrate+1","PathToVictory+1","MentalFortress","FollowUp+1"],"picked":"Singing Bowl","floor":46},{"not_picked":["FollowUp+1","SashWhip+1","Omniscience+1","EmptyFist+1"],"picked":"Singing Bowl","floor":48},{"not_picked":["Sanctity+1","Nirvana","Worship+1","Indignation+1"],"picked":"Singing Bowl","floor":49}],"player_experience":2923451,"relics_obtained":[{"floor":7,"key":"conspire:DecoderRing"},{"floor":9,"key":"Question Card"},{"floor":14,"key":"Blood Vial"},{"floor":23,"key":"Dream Catcher"},{"floor":23,"key":"conspire:TopHat"},{"floor":25,"key":"Anchor"},{"floor":26,"key":"Lantern"},{"floor":28,"key":"aspiration:ChemicalBlood"},{"floor":28,"key":"MawBank"},{"floor":31,"key":"Turnip"},{"floor":31,"key":"Darkstone Periapt"},{"floor":37,"key":"Bird Faced Urn"},{"floor":41,"key":"Shuriken"},{"floor":41,"key":"Singing Bowl"},{"floor":43,"key":"Bottled Tornado"},{"floor":45,"key":"Strawberry"},{"floor":45,"key":"Toxic Egg 2"},{"floor":48,"key":"Omamori"},{"floor":48,"key":"conspire:BottledYoYo"}],"event_choices":[{"cards_removed":["Injury"],"damage_healed":0,"gold_gain":0,"player_choice":"Card Removal","damage_taken":0,"max_hp_gain":0,"max_hp_loss":0,"event_name":"The Cleric","floor":4,"gold_loss":75},{"damage_healed":0,"gold_gain":0,"player_choice":"Became a vampire (Vial)","damage_taken":0,"max_hp_gain":0,"max_hp_loss":0,"event_name":"Vampires","floor":20,"relics_lost":["Blood Vial"],"gold_loss":0,"cards_obtained":["Bite","Bite","Bite","Bite","Bite"]},{"damage_healed":0,"gold_gain":0,"player_choice":"Fight","damage_taken":0,"max_hp_gain":0,"max_hp_loss":0,"event_name":"Colosseum","floor":31,"gold_loss":0},{"damage_healed":0,"gold_gain":0,"player_choice":"Fought Nobs","damage_taken":0,"max_hp_gain":0,"max_hp_loss":0,"event_name":"Colosseum","floor":31,"gold_loss":0},{"damage_healed":0,"gold_gain":0,"player_choice":"Leave","damage_taken":0,"max_hp_gain":0,"max_hp_loss":0,"event_name":"conspire:Investor","floor":36,"gold_loss":0},{"damage_healed":0,"gold_gain":0,"player_choice":"Fight","damage_taken":0,"max_hp_gain":0,"max_hp_loss":0,"event_name":"MindBloom","floor":37,"gold_loss":0}],"is_beta":false,"boss_relics":[{"not_picked":["conspire:SeveredTorchhead","aspiration:RandomNobGenerator"],"picked":"Black Star"},{"not_picked":["Philosopher\u0027s Stone","conspire:RunicOctahedron","conspire:SlowCooker"]}],"items_purged_floors":[21,47],"is_endless":false,"potions_floor_spawned":[7,11,16,28,31,33,35,37,41,48],"killed_by":"Awakened One","ascension_level":20}}