{"host":"q9718omregw4er46","time":1610291193,"event":{"mods":["BaseMod","Bestiary","Colored Powertips","Minty Spire (QoL Compilation)","Quick Restart","Relic Stats"],"gold_per_floor":[110,110,110,35,50,89,112,150,150,164,164,164,180,223,223,319,319,333,333,351,351,105,105,148,166,217,241,92,113,113,154,154,247,247,268,268,268,286,132,132,132],"floor_reached":40,"playtime":1378,"items_purged":["Decay"],"score":1038,"play_id":"74d89c81-b812-475d-87c5-8a683e8069db","local_time":"20210110200633","is_ascension_mode":true,"campfire_choices":[{"floor":11.0,"key":"REST"},{"data":"SashWhip","floor":15.0,"key":"SMITH"},{"data":"MentalFortress","floor":23.0,"key":"SMITH"},{"data":"Ragnarok","floor":32,"key":"SMITH"}],"circlet_count":0,"master_deck":["AscendersBane","Eruption","Vigilance","Consecrate","Tantrum","FearNoEvil","Adaptation","MentalFortress+1","Omniscience","Wireheading","Omniscience","Ragnarok+1","MentalFortress+1","ConjureBlade","ReachHeaven","Collect","SignatureMove","LikeWater","Blasphemy","FlurryOfBlows","LessonLearned"],"relics":["PureWater","NeowsBlessing","Golden Idol","Calipers","Incense Burner","Ice Cream","Pen Nib","Busted Crown","DollysMirror","Oddly Smooth Stone","Yang","Pandora\u0027s Box"],"acts_visited":["Exordium","TheCity","TheBeyond"],"potions_floor_usage":[31,33],"damage_taken":[{"damage":0.0,"enemies":"Jaw Worm","floor":1.0,"turns":1.0},{"damage":0.0,"enemies":"2 Louse","floor":5.0,"turns":2.0},{"damage":0.0,"enemies":"3 Sentries","floor":6.0,"turns":1.0},{"damage":1.0,"enemies":"Small Slimes","floor":7.0,"turns":2.0},{"damage":16.0,"enemies":"Gremlin Nob","floor":8.0,"turns":3.0},{"damage":3.0,"enemies":"Exordium Wildlife","floor":10.0,"turns":2.0},{"damage":0.0,"enemies":"2 Fungi Beasts","floor":13.0,"turns":2.0},{"damage":5.0,"enemies":"Lagavulin","floor":14.0,"turns":5.0},{"damage":0.0,"enemies":"Slime Boss","floor":16.0,"turns":6.0},{"damage":18.0,"enemies":"2 Thieves","floor":18.0,"turns":5.0},{"damage":15.0,"enemies":"Chosen","floor":20.0,"turns":5.0},{"damage":50.0,"enemies":"Book of Stabbing","floor":24.0,"turns":6.0},{"damage":14.0,"enemies":"Snake Plant","floor":25.0,"turns":7.0},{"damage":6.0,"enemies":"Centurion and Healer","floor":27.0,"turns":5.0},{"damage":0.0,"enemies":"Snecko","floor":29.0,"turns":2.0},{"damage":12,"enemies":"Gremlin Leader","floor":31,"turns":5},{"damage":23,"enemies":"Collector","floor":33,"turns":5},{"damage":0,"enemies":"Orb Walker","floor":35,"turns":2},{"damage":12,"enemies":"3 Darklings","floor":38,"turns":4},{"damage":66,"enemies":"Nemesis","floor":40,"turns":3}],"seed_played":"5345492228583681569","potions_obtained":[{"floor":1.0,"key":"SpeedPotion"},{"floor":10.0,"key":"Swift Potion"},{"floor":14.0,"key":"FairyPotion"},{"floor":25.0,"key":"PowerPotion"},{"floor":27.0,"key":"SkillPotion"},{"floor":29.0,"key":"CultistPotion"},{"floor":35,"key":"BlessingOfTheForge"}],"is_trial":false,"path_per_floor":["M","?","?","?","M","E","M","E","T","M","R","?","M","E","R","B",null,"M","?","M","?","$","R","E","M","T","M","$","M","?","E","R","B",null,"M","?","?","M","$","E"],"character_chosen":"WATCHER","items_purchased":["DollysMirror","Ragnarok","LessonLearned"],"campfire_rested":1,"item_purchase_floors":[22,28,39],"current_hp_per_floor":[61,38,38,38,38,38,37,21,21,18,38,43,43,38,38,38,64,46,46,31,31,31,31,21,7,7,1,1,1,73,61,61,38,64,64,64,64,52,52,0,0],"gold":132,"neow_bonus":"THREE_ENEMY_KILL","is_daily":false,"chose_seed":false,"campfire_upgraded":3,"win_rate":0.0,"timestamp":1610291193,"path_taken":["M","?","?","?","?","E","M","E","T","M","R","?","M","E","R","BOSS","M","?","?","?","$","R","E","M","T","M","$","M","?","E","R","BOSS","M","?","?","M","$","E"],"items_purchased_type":["Relic","Card","Card"],"build_version":"2020-12-22","purchased_purges":1,"victory":false,"max_hp_per_floor":[68,68,68,68,68,68,68,68,68,68,68,73,73,73,73,73,73,73,73,73,73,73,73,73,73,73,73,73,73,73,73,73,73,73,73,73,73,73,73,73,73],"relic_stats":{"Busted Crown":20,"counters":[20,73],"Golden Idol":122,"Yang":[37],"Pandora\u0027s Box":["ConjureBlade","ReachHeaven","Collect","SignatureMove","LikeWater","Blasphemy","FlurryOfBlows"],"Pen Nib":[12],"obtain_stats":[{"Ice Cream":9,"Calipers":6,"Busted Crown":17,"NeowsBlessing":0,"Golden Idol":2,"DollysMirror":22,"Oddly Smooth Stone":24,"Yang":31,"Pandora\u0027s Box":34,"Pen Nib":14,"Incense Burner":8,"PureWater":0},{"Ice Cream":5,"Calipers":3,"Busted Crown":9,"NeowsBlessing":0,"Golden Idol":1,"DollysMirror":11,"Oddly Smooth Stone":12,"Yang":16,"Pandora\u0027s Box":17,"Pen Nib":8,"Incense Burner":5,"PureWater":0},{"Ice Cream":9,"Calipers":4,"Busted Crown":24,"NeowsBlessing":0,"Golden Idol":1,"DollysMirror":34,"Oddly Smooth Stone":40,"Yang":59,"Pandora\u0027s Box":64,"Pen Nib":18,"Incense Burner":9,"PureWater":0}]},"card_choices":[{"not_picked":["ForeignInfluence","ThirdEye"],"picked":"WindmillStrike","floor":1.0},{"not_picked":["ClearTheMind","SandsOfTime"],"picked":"Consecrate","floor":5.0},{"not_picked":["Evaluate","ClearTheMind"],"picked":"SashWhip","floor":6.0},{"not_picked":["InnerPeace","Meditate"],"picked":"Tantrum","floor":7.0},{"not_picked":["Protect","Collect"],"picked":"FearNoEvil","floor":8.0},{"not_picked":["Protect","EmptyBody","PathToVictory"],"picked":"SKIP","floor":10.0},{"not_picked":["Tantrum","PathToVictory"],"picked":"Adaptation","floor":13.0},{"not_picked":["DeceiveReality","Perseverance"],"picked":"MentalFortress","floor":14.0},{"not_picked":["ConjureBlade","MasterReality"],"picked":"Omniscience","floor":16.0},{"not_picked":["ReachHeaven"],"picked":"SKIP","floor":18.0},{"not_picked":["ThirdEye"],"picked":"SKIP","floor":20.0},{"not_picked":["BowlingBash+1"],"picked":"SKIP","floor":24.0},{"not_picked":["BowlingBash"],"picked":"SKIP","floor":25.0},{"not_picked":["FlurryOfBlows"],"picked":"SKIP","floor":27.0},{"not_picked":[],"picked":"MentalFortress+1","floor":29.0},{"not_picked":["WindmillStrike"],"picked":"SKIP","floor":31},{"not_picked":["Vengeance"],"picked":"SKIP","floor":35},{"not_picked":["ReachHeaven"],"picked":"SKIP","floor":38}],"player_experience":1197588,"relics_obtained":[{"floor":6.0,"key":"Calipers"},{"floor":8.0,"key":"Incense Burner"},{"floor":9.0,"key":"Ice Cream"},{"floor":14.0,"key":"Pen Nib"},{"floor":24.0,"key":"Oddly Smooth Stone"},{"floor":31,"key":"Yang"}],"event_choices":[{"damage_healed":0.0,"max_hp_gain":0.0,"max_hp_loss":0.0,"gold_gain":0.0,"event_name":"Golden Idol","player_choice":"Take Damage","floor":2.0,"gold_loss":0.0,"damage_taken":23.0,"relics_obtained":["Golden Idol"]},{"damage_healed":0.0,"max_hp_gain":0.0,"max_hp_loss":0.0,"gold_gain":0.0,"event_name":"Liars Game","player_choice":"Ignored","floor":3.0,"gold_loss":0.0,"damage_taken":0.0},{"cards_removed":["Strike_P"],"damage_healed":0.0,"max_hp_gain":0.0,"max_hp_loss":0.0,"gold_gain":0.0,"event_name":"The Cleric","player_choice":"Card Removal","floor":4.0,"gold_loss":75.0,"damage_taken":0.0},{"damage_healed":0.0,"max_hp_gain":5.0,"max_hp_loss":0.0,"gold_gain":0.0,"event_name":"Big Fish","player_choice":"Donut","floor":12.0,"gold_loss":0.0,"damage_taken":0.0},{"damage_healed":0.0,"max_hp_gain":0.0,"max_hp_loss":0.0,"gold_gain":0.0,"event_name":"Match and Keep!","player_choice":"1 cards matched","floor":19.0,"gold_loss":0.0,"damage_taken":0.0,"cards_obtained":["Decay"]},{"damage_healed":0.0,"max_hp_gain":0.0,"max_hp_loss":0.0,"gold_gain":0.0,"event_name":"The Library","player_choice":"Read","floor":21.0,"gold_loss":0.0,"damage_taken":0.0,"cards_obtained":["Wireheading"]},{"cards_removed":["WindmillStrike"],"damage_healed":72.0,"max_hp_gain":0.0,"max_hp_loss":0.0,"gold_gain":0.0,"event_name":"Bonfire Elementals","player_choice":"Offered Uncommon","floor":30.0,"gold_loss":0.0,"damage_taken":0.0},{"cards_removed":["SashWhip"],"damage_healed":0,"gold_gain":0,"player_choice":"Removed Attack","damage_taken":0,"max_hp_gain":0,"max_hp_loss":0,"event_name":"Falling","floor":36,"gold_loss":0},{"damage_healed":0,"gold_gain":0,"player_choice":"Ignored","damage_taken":0,"max_hp_gain":0,"max_hp_loss":0,"event_name":"Tomb of Lord Red Mask","floor":37,"gold_loss":0}],"is_beta":false,"boss_relics":[{"not_picked":["SacredBark","Empty Cage"],"picked":"Busted Crown"},{"not_picked":["HolyWater","Black Star"],"picked":"Pandora\u0027s Box"}],"items_purged_floors":[22],"is_endless":false,"potions_floor_spawned":[1,10,13,14,25,27,29,35],"killed_by":"Nemesis","ascension_level":20}}