{"host":"f5y45f7z7ziu0smp","time":1610266132,"event":{"mods":["AchievementEnabler","BaseMod","Koishi","Marisa£¨Ùöéë¡¡Øª×âÞÞ£©","Minty Spire (QoL Compilation)","StSLib","SuperFastMode"],"gold_per_floor":[109,124,74,74,74,115,40,74,101,176,176,176],"floor_reached":11,"playtime":222,"items_purged":["Defend_R"],"score":83,"play_id":"35ee403f-a859-421c-b500-c79abd098c5f","local_time":"20210110170852","is_ascension_mode":true,"campfire_choices":[],"circlet_count":0,"master_deck":["Strike_R","Strike_R","Strike_R","Strike_R","Strike_R","Defend_R","Defend_R","Bash","Feed","Wild Strike","Flex","Searing Blow"],"relics":["Burning Blood","Golden Idol","Ancient Tea Set","Toy Ornithopter","Lantern"],"acts_visited":["Exordium"],"potions_floor_usage":[8,11],"damage_taken":[{"damage":5,"enemies":"2 Louse","floor":1,"turns":3},{"damage":0,"enemies":"Small Slimes","floor":2,"turns":3},{"damage":30,"enemies":"Gremlin Nob","floor":6,"turns":4},{"damage":31,"enemies":"Lagavulin","floor":8,"turns":5},{"damage":11,"enemies":"Gremlin Nob","floor":11,"turns":2}],"seed_played":"2371139746632418074","potions_obtained":[{"floor":2,"key":"Explosive Potion"},{"floor":8,"key":"ColorlessPotion"}],"is_trial":false,"path_per_floor":["M","M","?","$","?","E","$","E","T","?","E"],"character_chosen":"IRONCLAD","items_purchased":[],"campfire_rested":0,"item_purchase_floors":[],"current_hp_per_floor":[83,86,86,86,65,41,41,16,16,5,0,0],"gold":176,"neow_bonus":"ONE_RANDOM_RARE_CARD","is_daily":false,"chose_seed":false,"campfire_upgraded":0,"win_rate":0.0,"timestamp":1610266132,"path_taken":["M","M","?","$","?","E","$","E","T","?","E"],"items_purchased_type":[],"build_version":"2020-12-22","purchased_purges":1,"victory":false,"max_hp_per_floor":[83,86,86,86,86,86,86,86,86,86,86,86],"card_choices":[{"not_picked":["Iron Wave","Cleave"],"picked":"Wild Strike","floor":1},{"not_picked":["Iron Wave","Heavy Blade"],"picked":"Flex","floor":2},{"not_picked":["Seeing Red","Power Through"],"picked":"Searing Blow","floor":6},{"not_picked":["Havoc","Fire Breathing","Intimidate"],"picked":"SKIP","floor":8}],"player_experience":83644,"relics_obtained":[{"floor":6,"key":"Ancient Tea Set"},{"floor":8,"key":"Toy Ornithopter"},{"floor":9,"key":"Lantern"}],"event_choices":[{"cards_removed":["Defend_R"],"damage_healed":0,"gold_gain":0,"player_choice":"Card Removal","damage_taken":0,"max_hp_gain":0,"max_hp_loss":0,"event_name":"The Cleric","floor":3,"gold_loss":50},{"damage_healed":0,"gold_gain":0,"player_choice":"Take Damage","damage_taken":21,"relics_obtained":["Golden Idol"],"max_hp_gain":0,"max_hp_loss":0,"event_name":"Golden Idol","floor":5,"gold_loss":0},{"damage_healed":0,"gold_gain":75,"player_choice":"Gather Gold","damage_taken":11,"max_hp_gain":0,"max_hp_loss":0,"event_name":"World of Goop","floor":10,"gold_loss":0}],"is_beta":false,"boss_relics":[],"items_purged_floors":[7],"is_endless":false,"potions_floor_spawned":[2,8],"killed_by":"Gremlin Nob","ascension_level":1}}