{"host":"jpcy2bclvs7juczu","time":1610273813,"event":{"mods":["AchievementEnabler","BaseMod","Block Reminder","Colored Map","Colored Powertips","Curses Come First","Minty Spire (QoL Compilation)","Quick Restart","Relic Stats","StSLib","ojb\u0027s Better Paths Mod","ojb\u0027s Info Mod","slay the spire mod where everything is the same but ironclad has a cowboy hat"],"gold_per_floor":[119,129,129,147,147,147,179,199,246,272,290,50,76,91,91,165,165,178,178,178,196,214,214,245,245,292,292,317,331,74,74,74,148,148,164,214,224,224,244,273,53,53,53,83,99,24,53,68,68,68,68,68],"floor_reached":51,"playtime":3179,"items_purged":["Judgement"],"score":1765,"play_id":"7f33c405-b332-4e6d-8add-dbd6d325b966","local_time":"20210110101653","is_ascension_mode":true,"campfire_choices":[{"data":"Vigilance","floor":6.0,"key":"SMITH"},{"data":"CrushJoints","floor":15.0,"key":"SMITH"},{"floor":23.0,"key":"RECALL"},{"floor":25.0,"key":"REST"},{"floor":27.0,"key":"REST"},{"floor":32.0,"key":"REST"},{"floor":42.0,"key":"REST"},{"data":"1","floor":49.0,"key":"LIFT"}],"circlet_count":0,"master_deck":["AscendersBane","Strike_P+1","Defend_P+1","Defend_P+1","Defend_P+1","Eruption","Vigilance+1","FlurryOfBlows","CarveReality","Tantrum","CrushJoints+1","Evaluate","WaveOfTheHand","MentalFortress","FearNoEvil+1","EmptyBody","Scrawl","Protect","Scrawl","EmptyFist+1","WaveOfTheHand","TalkToTheHand+1","CrushJoints+1","SandsOfTime+1","Prostrate","Wireheading","Ragnarok+1","CutThroughFate+1","Worship","Sanctity","BowlingBash+1","MentalFortress","Pray"],"relics":["Black Star","TeardropLocket","Blood Vial","Pen Nib","Molten Egg 2","Centennial Puzzle","Orichalcum","Kunai","Fusion Hammer","Ancient Tea Set","PreservedInsect","Strawberry","CaptainsWheel","Sling","SlaversCollar","Darkstone Periapt","Pear","Medical Kit","Girya","Toy Ornithopter","Anchor","Bronze Scales","Singing Bowl"],"acts_visited":["Exordium","TheCity","TheBeyond"],"potions_floor_usage":[51,51],"damage_taken":[{"damage":9.0,"enemies":"2 Louse","floor":1.0,"turns":4.0},{"damage":10.0,"enemies":"Jaw Worm","floor":2.0,"turns":5.0},{"damage":7.0,"enemies":"Small Slimes","floor":4.0,"turns":4.0},{"damage":5.0,"enemies":"Gremlin Nob","floor":7.0,"turns":3.0},{"damage":1.0,"enemies":"Looter","floor":8.0,"turns":3.0},{"damage":8.0,"enemies":"Lagavulin","floor":10.0,"turns":5.0},{"damage":2.0,"enemies":"Blue Slaver","floor":11.0,"turns":2.0},{"damage":11.0,"enemies":"3 Sentries","floor":13.0,"turns":3.0},{"damage":8.0,"enemies":"Red Slaver","floor":14.0,"turns":2.0},{"damage":12.0,"enemies":"The Guardian","floor":16.0,"turns":9.0},{"damage":0.0,"enemies":"Chosen","floor":18.0,"turns":3.0},{"damage":0.0,"enemies":"2 Thieves","floor":21.0,"turns":3.0},{"damage":0.0,"enemies":"Centurion and Healer","floor":22.0,"turns":11.0},{"damage":0.0,"enemies":"Book of Stabbing","floor":24.0,"turns":4.0},{"damage":0.0,"enemies":"Gremlin Leader","floor":28.0,"turns":6.0},{"damage":0.0,"enemies":"Sentry and Sphere","floor":29.0,"turns":4.0},{"damage":20.0,"enemies":"Collector","floor":33.0,"turns":7.0},{"damage":17.0,"enemies":"3 Darklings","floor":35.0,"turns":4.0},{"damage":5.0,"enemies":"Orb Walker","floor":37.0,"turns":2.0},{"damage":22.0,"enemies":"3 Darklings","floor":39.0,"turns":7.0},{"damage":0.0,"enemies":"Giant Head","floor":40.0,"turns":4.0},{"damage":0.0,"enemies":"Reptomancer","floor":44.0,"turns":3.0},{"damage":0.0,"enemies":"Sphere and 2 Shapes","floor":45.0,"turns":4.0},{"damage":13.0,"enemies":"Giant Head","floor":47.0,"turns":5.0},{"damage":2.0,"enemies":"Writhing Mass","floor":48.0,"turns":4.0},{"damage":20.0,"enemies":"Donu and Deca","floor":50.0,"turns":7.0},{"damage":77,"enemies":"Time Eater","floor":51,"turns":10}],"seed_played":"900467953913384225","potions_obtained":[{"floor":1.0,"key":"StancePotion"},{"floor":2.0,"key":"StancePotion"},{"floor":4.0,"key":"Block Potion"},{"floor":22.0,"key":"Strength Potion"},{"floor":24.0,"key":"SpeedPotion"},{"floor":29.0,"key":"ColorlessPotion"},{"floor":35.0,"key":"Ancient Potion"},{"floor":40.0,"key":"DuplicationPotion"},{"floor":44.0,"key":"Regen Potion"},{"floor":48.0,"key":"SkillPotion"}],"is_trial":false,"path_per_floor":["M","M","?","M","?","R","E","M","T","E","M","$","E","M","R","B",null,"M","?","?","M","M","R","E","R","T","R","E","M","$","?","R","B",null,"M","?","M","?","M","E","$","R","T","E","M","$","E","M","R","B","B"],"character_chosen":"WATCHER","items_purchased":["MentalFortress","FearNoEvil+1","EmptyBody","FearPotion","Sling","Prostrate","Wireheading","Medical Kit","BowlingBash+1"],"campfire_rested":4,"item_purchase_floors":[12,12,12,12,30,30,30,41,41],"current_hp_per_floor":[52,42,64,57,50,50,45,46,46,40,40,40,31,25,25,15,55,57,57,57,59,61,61,63,68,68,68,75,75,75,75,75,55,70,55,55,52,52,32,44,44,69,69,71,73,73,76,78,78,60,0,0],"gold":68,"neow_bonus":"BOSS_RELIC","is_daily":false,"chose_seed":false,"campfire_upgraded":2,"win_rate":0.0,"timestamp":1610273813,"path_taken":["M","M","?","M","?","R","E","M","T","E","M","?","E","M","R","BOSS","M","?","?","M","M","R","E","R","T","R","E","M","$","?","R","BOSS","M","?","?","?","M","E","$","R","T","E","M","?","E","M","R","BOSS","BOSS"],"items_purchased_type":["Card","Card","Card","Potion","Relic","Card","Card","Relic","Card"],"build_version":"2020-12-22","purchased_purges":1,"victory":false,"max_hp_per_floor":[68,68,68,68,68,68,68,68,68,68,68,68,68,68,68,68,68,68,68,68,68,68,68,68,68,68,68,75,75,75,75,75,75,75,75,75,75,75,75,85,85,85,85,85,85,85,85,87,87,87,87,87],"relic_stats":{"Darkstone Periapt":0,"Singing Bowl":2,"counters":[27,128],"Pen Nib":[27],"PreservedInsect":370,"Orichalcum":[66],"Medical Kit":[2],"Blood Vial":40,"Centennial Puzzle":[36],"Bronze Scales":[69],"Black Star":8,"Kunai":[51],"obtain_stats":[{"Darkstone Periapt":40,"Girya":43,"Pear":40,"Singing Bowl":47,"Pen Nib":9,"PreservedInsect":24,"TeardropLocket":7,"Orichalcum":13,"Ancient Tea Set":24,"Sling":30,"Medical Kit":41,"Blood Vial":7,"SlaversCollar":34,"Centennial Puzzle":10,"CaptainsWheel":28,"Anchor":44,"Strawberry":28,"Bronze Scales":47,"Molten Egg 2":10,"Fusion Hammer":17,"Black Star":0,"Kunai":13,"PureWater":0,"Toy Ornithopter":44},{"Darkstone Periapt":21,"Girya":21,"Pear":21,"Singing Bowl":24,"Pen Nib":5,"PreservedInsect":14,"TeardropLocket":4,"Orichalcum":8,"Ancient Tea Set":14,"Sling":16,"Medical Kit":21,"Blood Vial":4,"SlaversCollar":17,"Centennial Puzzle":6,"CaptainsWheel":15,"Anchor":22,"Strawberry":15,"Bronze Scales":24,"Molten Egg 2":6,"Fusion Hammer":10,"Black Star":0,"Kunai":8,"PureWater":0,"Toy Ornithopter":22},{"Darkstone Periapt":95,"Girya":95,"Pear":95,"Singing Bowl":107,"Pen Nib":19,"PreservedInsect":61,"TeardropLocket":16,"Orichalcum":29,"Ancient Tea Set":61,"Sling":71,"Medical Kit":95,"Blood Vial":16,"SlaversCollar":78,"Centennial Puzzle":24,"CaptainsWheel":67,"Anchor":98,"Strawberry":67,"Bronze Scales":107,"Molten Egg 2":24,"Fusion Hammer":40,"Black Star":0,"Kunai":29,"PureWater":0,"Toy Ornithopter":98}],"Toy Ornithopter":15},"card_choices":[{"not_picked":["MentalFortress","Protect"],"picked":"FlurryOfBlows","floor":1.0},{"not_picked":["Weave","ClearTheMind"],"picked":"CarveReality","floor":2.0},{"not_picked":["SignatureMove","FlurryOfBlows"],"picked":"Tantrum","floor":4.0},{"not_picked":["Consecrate","Wireheading"],"picked":"CrushJoints","floor":7.0},{"not_picked":["SashWhip","Weave","CrushJoints"],"picked":"SKIP","floor":8.0},{"not_picked":["BattleHymn","Pray"],"picked":"Evaluate","floor":10.0},{"not_picked":["JustLucky+1","SashWhip+1"],"picked":"WaveOfTheHand","floor":11.0},{"not_picked":["Swivel","Crescendo"],"picked":"Scrawl","floor":13.0},{"not_picked":["FollowUp+1","WreathOfFlame"],"picked":"Protect","floor":14.0},{"not_picked":["MasterReality","ConjureBlade"],"picked":"Scrawl","floor":16.0},{"not_picked":["CrushJoints+1","Crescendo"],"picked":"EmptyFist+1","floor":18.0},{"not_picked":["Indignation","Consecrate+1","ReachHeaven+1"],"picked":"SKIP","floor":21.0},{"not_picked":["ForeignInfluence","InnerPeace"],"picked":"TalkToTheHand+1","floor":22.0},{"not_picked":["Crescendo","ClearTheMind","Judgement"],"picked":"SKIP","floor":24.0},{"not_picked":["JustLucky+1","FlyingSleeves+1"],"picked":"CrushJoints+1","floor":28.0},{"not_picked":["Pray","Evaluate"],"picked":"SandsOfTime+1","floor":29.0},{"not_picked":["DeusExMachina","Devotion"],"picked":"Ragnarok+1","floor":33.0},{"not_picked":["SandsOfTime+1","EmptyBody","FlyingSleeves+1"],"picked":"SKIP","floor":35.0},{"not_picked":["Swivel","LikeWater+1"],"picked":"CutThroughFate+1","floor":37.0},{"not_picked":["Sanctity","EmptyFist+1"],"picked":"Worship","floor":39.0},{"not_picked":["WheelKick+1","Judgement"],"picked":"Sanctity","floor":40.0},{"not_picked":["Indignation","Consecrate+1"],"picked":"MentalFortress","floor":44.0},{"not_picked":["Prostrate","FlyingSleeves+1","ThirdEye"],"picked":"SKIP","floor":45.0},{"not_picked":["EmptyBody","Weave+1"],"picked":"Pray","floor":47.0},{"not_picked":["InnerPeace","ClearTheMind+1","PathToVictory"],"picked":"Singing Bowl","floor":48.0}],"player_experience":373277,"relics_obtained":[{"floor":7.0,"key":"TeardropLocket"},{"floor":7.0,"key":"Blood Vial"},{"floor":9.0,"key":"Pen Nib"},{"floor":10.0,"key":"Molten Egg 2"},{"floor":10.0,"key":"Centennial Puzzle"},{"floor":13.0,"key":"Orichalcum"},{"floor":13.0,"key":"Kunai"},{"floor":24.0,"key":"Ancient Tea Set"},{"floor":24.0,"key":"PreservedInsect"},{"floor":28.0,"key":"Strawberry"},{"floor":28.0,"key":"CaptainsWheel"},{"floor":40.0,"key":"Darkstone Periapt"},{"floor":40.0,"key":"Pear"},{"floor":43.0,"key":"Girya"},{"floor":44.0,"key":"Toy Ornithopter"},{"floor":44.0,"key":"Anchor"},{"floor":47.0,"key":"Bronze Scales"},{"floor":47.0,"key":"Singing Bowl"}],"event_choices":[{"damage_healed":22.0,"max_hp_gain":0.0,"max_hp_loss":0.0,"gold_gain":0.0,"event_name":"Big Fish","player_choice":"Banana","floor":3.0,"gold_loss":0.0,"damage_taken":0.0},{"cards_removed":["Strike_P"],"damage_healed":0.0,"max_hp_gain":0.0,"max_hp_loss":0.0,"gold_gain":0.0,"event_name":"Golden Wing","player_choice":"Card Removal","floor":5.0,"gold_loss":0.0,"damage_taken":7.0},{"damage_healed":0.0,"max_hp_gain":0.0,"max_hp_loss":0.0,"gold_gain":0.0,"cards_transformed":["Strike_P","Strike_P"],"event_name":"Drug Dealer","player_choice":"Became Test Subject","floor":19.0,"gold_loss":0.0,"damage_taken":0.0,"cards_obtained":["WaveOfTheHand","Judgement"]},{"damage_healed":0.0,"max_hp_gain":0.0,"max_hp_loss":0.0,"gold_gain":0.0,"event_name":"Back to Basics","player_choice":"Simplicity","floor":20.0,"gold_loss":0.0,"damage_taken":0.0,"cards_upgraded":["Strike_P","Defend_P","Defend_P","Defend_P","Defend_P"]},{"damage_healed":0.0,"max_hp_gain":0.0,"max_hp_loss":0.0,"gold_gain":50.0,"event_name":"Golden Shrine","player_choice":"Pray","floor":36.0,"gold_loss":0.0,"damage_taken":0.0},{"cards_removed":["Defend_P"],"damage_healed":0.0,"max_hp_gain":0.0,"max_hp_loss":0.0,"gold_gain":0.0,"event_name":"Falling","player_choice":"Removed Skill","floor":38.0,"gold_loss":0.0,"damage_taken":0.0}],"is_beta":false,"boss_relics":[{"not_picked":["Tiny House","Ectoplasm"],"picked":"Fusion Hammer"},{"not_picked":["Coffee Dripper","SacredBark"],"picked":"SlaversCollar"}],"items_purged_floors":[46],"is_endless":false,"potions_floor_spawned":[1,2,4,13,22,24,29,35,37,40,44,48],"killed_by":"Time Eater","ascension_level":20}}