{"host":"i58uscbei3sy5089","time":1610274916,"event":{"mods":["ATMod(阿瑾Mod)","Act Like it!","BaseMod","Challenge The Spire","Colored Powertips","Conspire","Infinite Spire","Koishi","Lobotomy","LobotomyExtend","Minty Spire (QoL Compilation)","MostiFishMod","Prisma Mod","Quick Restart","Replay The Spire","Shop Mod","Spicy Shops","StSLib","TestMod","The Administrix","The Construct","The Marked","UnlockEverythingMod","WarShipGirlsR/战舰少女R mod","[IsaacMod]以撒尖塔","vexMod","【功能Mod】混沌之环修复补丁","【遗物卡牌】REMEMod","篝火指南"],"gold_per_floor":[109,109,184,200,9,9,341,341,367,367,367,377,377,377,377,478,478,493,505,505,505],"floor_reached":20,"playtime":1257,"items_purged":["theMarked:Strike"],"score":224,"play_id":"07a09dae-66dc-4dee-afea-13b370c5c078","local_time":"20210110183516","is_ascension_mode":true,"campfire_choices":[{"data":"theMarked:ComboAttacks","floor":6,"key":"SMITH"},{"data":"theMarked:SoldierOfQuellstein","floor":8,"key":"SMITH"},{"data":"theMarked:StartUp","floor":11,"key":"SMITH"},{"data":"theMarked:EmpowerWeapon","floor":13,"key":"SMITH"},{"data":"theMarked:SwordAndMagic","floor":15,"key":"SMITH"}],"circlet_count":0,"master_deck":["theMarked:Strike","theMarked:Strike","theMarked:Defend","theMarked:Defend","theMarked:Defend","theMarked:Defend","theMarked:SoldierOfQuellstein+1","theMarked:StartUp+1","theMarked:ComboAttacks+1","theMarked:EmpowerWeapon+1","OSAHOGD","BigBadWolf","theMarked:MagicAdept","theMarked:ResourceFulStrike","WallGazer","theMarked:ResourceFulStrike"],"relics":["theMarked:ArtifactOfAir","testmod-TestBox","HushsDoor","DaveBox","AT_ATBox","REME_ComplimentaryCards","Chaos","FeatherPendant","testmod-AssaultLearning","CogitoBucket","RabbitCall","SynthV:TestCard","LetterFromLob","Membership Card","Old Coin","Gremlin Horn","testmod-Temperance"],"acts_visited":["Exordium","TheCity"],"potions_floor_usage":[14],"damage_taken":[{"damage":0,"enemies":"Cultist","floor":1,"turns":2},{"damage":2,"enemies":"conspire:RoseBush","floor":4,"turns":1},{"damage":0,"enemies":"Replay:BlueRogue","floor":7,"turns":1},{"damage":0,"enemies":"Small Slimes","floor":12,"turns":1},{"damage":26,"enemies":"Hexaghost","floor":16,"turns":5},{"damage":14,"enemies":"3 Byrds","floor":18,"turns":3},{"damage":11,"enemies":"Shell Parasite","floor":19,"turns":3}],"seed_played":"-8224557834303289038","potions_obtained":[{"floor":4,"key":"theMarked:ChargePotion"},{"floor":14,"key":"AttackPotion"},{"floor":14,"key":"testmod-SpacePotion"},{"floor":14,"key":"SkillPotion"}],"is_trial":false,"path_per_floor":["M","?","?","M","$","R","E","R","T","?","R","M","R","?","R","B",null,"M","M","M"],"character_chosen":"THE_DEFAULT","items_purchased":["Membership Card"],"campfire_rested":0,"item_purchase_floors":[5],"current_hp_per_floor":[70,70,59,57,57,57,57,57,57,57,57,57,57,57,57,31,70,56,45,0,0],"gold":505,"neow_bonus":"","is_daily":false,"chose_seed":false,"campfire_upgraded":5,"win_rate":0.0,"timestamp":1610274916,"path_taken":["M","?","?","M","$","R","E","R","T","?","R","?","R","?","R","BOSS","M","M","M"],"items_purchased_type":["Relic"],"build_version":"2020-12-22","purchased_purges":1,"victory":false,"max_hp_per_floor":[70,70,70,70,70,70,70,70,70,70,70,70,70,70,70,70,70,70,70,70,70],"card_choices":[{"not_picked":[],"picked":"ChaosCard","floor":0},{"not_picked":["MeatLantern","Alriune"],"picked":"Scorched","floor":1},{"not_picked":["theMarked:BanishingStrike","theMarked:MysticalArsenal"],"picked":"theMarked:SwordAndMagic","floor":1},{"not_picked":["RedShoes","Alriune","LittlePrince"],"picked":"Singing Bowl","floor":4},{"not_picked":["theMarked:Improvise","theMarked:WastefulAttack","theMarked:HeightenedSenses","theMarked:ShockingTouch"],"picked":"theMarked:ComboAttacks","floor":4},{"not_picked":["QueenBee","LittlePrince","Bloodbath"],"picked":"Singing Bowl","floor":7},{"not_picked":["theMarked:Polarize","theMarked:Static","theMarked:AttractMetal","theMarked:WastefulAttack"],"picked":"theMarked:EmpowerWeapon","floor":7},{"not_picked":["Variant","PunishingBird"],"picked":"OSAHOGD","floor":12},{"not_picked":["theMarked:Electrocute","theMarked:BanishingStrike","theMarked:KeepCalmAndFightOn","theMarked:Improvise","theMarked:Electrify"],"picked":"SKIP","floor":12},{"not_picked":["MeatLantern","ShyLook"],"picked":"BigBadWolf","floor":16},{"not_picked":["theMarked:Defy","theMarked:Snap","theMarked:TurnInvisible","theMarked:Challenge"],"picked":"theMarked:MagicAdept","floor":16},{"not_picked":["VoidDream","BeautyBeast","Woodsman"],"picked":"Singing Bowl","floor":18},{"not_picked":["theMarked:TunnelVision","theMarked:Static","theMarked:TwofoldDefense","theMarked:WastefulAttack"],"picked":"theMarked:ResourceFulStrike","floor":18},{"not_picked":["CherryBlossoms","Porccubus","BlackSwan"],"picked":"Singing Bowl","floor":19},{"not_picked":["CherryBlossoms","CrumblingArmor"],"picked":"WallGazer","floor":19},{"not_picked":["theMarked:Polarize","theMarked:BanishingStrike","theMarked:BanishingWave","theMarked:EmpowerWeapon"],"picked":"theMarked:ResourceFulStrike","floor":19}],"player_experience":703709,"relics_obtained":[{"floor":1,"key":"SynthV:TestCard"},{"floor":1,"key":"LetterFromLob"},{"floor":7,"key":"Old Coin"},{"floor":9,"key":"Gremlin Horn"}],"event_choices":[{"cards_removed":["theMarked:Strike"],"damage_healed":0,"gold_gain":0,"player_choice":"Purged","damage_taken":0,"max_hp_gain":0,"max_hp_loss":0,"event_name":"Purifier","floor":2,"gold_loss":0},{"damage_healed":0,"gold_gain":75,"player_choice":"Gather Gold","damage_taken":11,"max_hp_gain":0,"max_hp_loss":0,"event_name":"World of Goop","floor":3,"gold_loss":0},{"damage_healed":0,"gold_gain":0,"player_choice":"Got Potions","damage_taken":0,"max_hp_gain":0,"max_hp_loss":0,"event_name":"Lab","floor":14,"gold_loss":0}],"is_beta":false,"boss_relics":[{"not_picked":["HornCleat","Boot"],"picked":"testmod-Temperance"},{"not_picked":[]}],"items_purged_floors":[5],"is_endless":false,"potions_floor_spawned":[4],"ascension_level":3}}