{"host":"i4yzoangb31cseo0","time":1610278515,"event":{"mods":["AchievementEnabler","BaseMod","ChefMod","Colored Powertips","Curses Come First","Hermit","Minty Spire (QoL Compilation)","StSLib","The Servant 0.9.4","TheWitcher"],"gold_per_floor":[117,132,132,132,143,170,170,345,394,409,409,426,437,453,453,453,453],"floor_reached":16,"playtime":1548,"items_purged":[],"score":104,"play_id":"7165e60b-8e68-4152-ab52-cd845cb428f7","local_time":"20210110220515","is_ascension_mode":false,"campfire_choices":[{"floor":7,"key":"REST"},{"floor":15,"key":"REST"}],"circlet_count":0,"master_deck":["chefmod:Strike","chefmod:Strike","chefmod:Strike","chefmod:QuickThaw","chefmod:Defend","chefmod:Defend","chefmod:Defend","chefmod:Defend","chefmod:TodaysSpecial","chefmod:SliceAndDice","chefmod:Gelato","chefmod:Omelette","chefmod:Puree","chefmod:HotSoup","Doubt","chefmod:MonsterBait","chefmod:Fillet","chefmod:OldCookbook","chefmod:Fillet"],"relics":["chefmod:TrustyPot","NeowsBlessing","Potion Belt","Nunchaku","InkBottle"],"acts_visited":["Exordium"],"potions_floor_usage":[16,16],"damage_taken":[{"damage":0,"enemies":"Small Slimes","floor":1,"turns":1},{"damage":0,"enemies":"Jaw Worm","floor":2,"turns":2},{"damage":0,"enemies":"2 Louse","floor":5,"turns":2},{"damage":42,"enemies":"Gremlin Nob","floor":6,"turns":6},{"damage":0,"enemies":"Looter","floor":10,"turns":4},{"damage":10,"enemies":"Exordium Wildlife","floor":12,"turns":5},{"damage":9,"enemies":"2 Fungi Beasts","floor":13,"turns":4},{"damage":12,"enemies":"Blue Slaver","floor":14,"turns":6},{"damage":48,"enemies":"Hexaghost","floor":16,"turns":11}],"seed_played":"-6371964757344159315","potions_obtained":[{"floor":1,"key":"ColorlessPotion"},{"floor":2,"key":"AttackPotion"},{"floor":6,"key":"Ancient Potion"},{"floor":14,"key":"PowerPotion"}],"is_trial":false,"path_per_floor":["M","M","?","?","M","E","R","?","T","M","T","M","M","M","R","B"],"character_chosen":"THE_CHEF","items_purchased":[],"campfire_rested":2,"item_purchase_floors":[],"current_hp_per_floor":[76,76,76,76,76,34,56,56,56,56,56,46,37,25,47,0,0],"gold":453,"neow_bonus":"THREE_ENEMY_KILL","is_daily":false,"chose_seed":false,"campfire_upgraded":0,"win_rate":0.0,"timestamp":1610278515,"path_taken":["M","M","?","?","M","E","R","?","T","M","?","?","M","M","R","BOSS"],"items_purchased_type":[],"build_version":"2020-12-22","purchased_purges":0,"victory":false,"max_hp_per_floor":[76,76,76,76,76,76,76,76,76,76,76,76,76,76,76,76,76],"card_choices":[{"not_picked":["chefmod:FireUp","chefmod:Sorbet"],"picked":"chefmod:SliceAndDice","floor":1},{"not_picked":["chefmod:TwoForOne","chefmod:Defrost"],"picked":"chefmod:Gelato","floor":2},{"not_picked":["chefmod:FarmersMarket","chefmod:Defrost"],"picked":"chefmod:Puree","floor":5},{"not_picked":["chefmod:PotatoGratin","chefmod:Defrost"],"picked":"chefmod:HotSoup","floor":6},{"not_picked":["chefmod:Chop","chefmod:VegetableTart"],"picked":"chefmod:MonsterBait","floor":10},{"not_picked":["chefmod:NewMenu","chefmod:VegetableTart"],"picked":"chefmod:Fillet","floor":12},{"not_picked":["chefmod:SpaghettiCarbonara","chefmod:BaoBuns"],"picked":"chefmod:OldCookbook","floor":13},{"not_picked":["chefmod:ColdSteel","chefmod:QuickChop"],"picked":"chefmod:Fillet","floor":14}],"player_experience":62110,"relics_obtained":[{"floor":6,"key":"Potion Belt"},{"floor":9,"key":"Nunchaku"},{"floor":11,"key":"InkBottle"}],"event_choices":[{"damage_healed":0,"gold_gain":0,"cards_transformed":["chefmod:Strike"],"player_choice":"Change","damage_taken":0,"max_hp_gain":0,"max_hp_loss":0,"event_name":"Living Wall","floor":3,"gold_loss":0,"cards_obtained":["chefmod:Omelette"]},{"damage_healed":0,"gold_gain":0,"player_choice":"Ignored","damage_taken":0,"max_hp_gain":0,"max_hp_loss":0,"event_name":"Golden Wing","floor":4,"gold_loss":0},{"damage_healed":0,"gold_gain":175,"player_choice":"AGREE","damage_taken":0,"max_hp_gain":0,"max_hp_loss":0,"event_name":"Liars Game","floor":8,"gold_loss":0,"cards_obtained":["Doubt"]}],"is_beta":false,"boss_relics":[],"items_purged_floors":[],"is_endless":false,"potions_floor_spawned":[1,2,6,14],"killed_by":"Hexaghost","ascension_level":0}}