{"host":"e1sprcd0llccrzh0","time":1610283748,"event":{"mods":["AchievementEnabler","Aspiration","BaseMod","Displayed Cursed Tome","GifTheSpireLib","Hubris","KOR Keyword Fix","Minty Spire (QoL Compilation)","Permanent Neow","Quick Restart","Replay The Spire","StSLib","Stuff the Spire","The Cursed"],"gold_per_floor":[113,131,81,156,36,61,61,71,71,71,89,109,119,119,119,217,217,236,236,253,271,196,196,206,206,206,206,206,206,224,143,143,143,143],"floor_reached":33,"playtime":1484,"items_purged":["Strike_G"],"score":346,"play_id":"b7f72dea-3c22-4ffe-aa58-8a67dbff0f24","local_time":"20210110220228","is_ascension_mode":true,"campfire_choices":[{"floor":7,"key":"REST"},{"data":"Footwork","floor":10,"key":"SMITH"},{"data":"Regret","floor":15,"key":"PURGE"},{"data":"Poison Darts","floor":23,"key":"SMITH"},{"data":"Noxious Fumes","floor":25,"key":"SMITH"},{"data":"Cloak And Dagger","floor":32,"key":"SMITH"}],"circlet_count":0,"master_deck":["Strike_G","Strike_G","Defend_G","Defend_G","Defend_G","Defend_G","Defend_G","Survivor","Neutralize","StuffTheSpire:Injection","Flying Knee","Footwork+1","Sucker Punch","StuffTheSpire:Incantation","Noxious Fumes+1","Cloak And Dagger+1","Poison Darts+1","Cloak And Dagger+1","Dash","StuffTheSpire:Python+1","Fluid Movement"],"relics":["aspiration:Nostalgia","Sizzling Blood","Thread and Needle","Ice Cream","StuffTheSpire:RedRose","WristBlade","Nloth\u0027s Gift","ReplayTheSpireMod:Shallot","hubris:BottledHeart"],"acts_visited":["Exordium","TheCity"],"potions_floor_usage":[12,16,20,33],"damage_taken":[{"damage":2,"enemies":"Cultist","floor":1,"turns":4},{"damage":1,"enemies":"Jaw Worm","floor":2,"turns":5},{"damage":53,"enemies":"Lagavulin","floor":6,"turns":11},{"damage":0,"enemies":"Small Slimes","floor":8,"turns":3},{"damage":7,"enemies":"Looter","floor":11,"turns":3},{"damage":0,"enemies":"Lots of Slimes","floor":12,"turns":1},{"damage":6,"enemies":"Large Slime","floor":13,"turns":7},{"damage":26,"enemies":"Fading Forest","floor":16,"turns":11},{"damage":12,"enemies":"Spheric Guardian","floor":18,"turns":5},{"damage":0,"enemies":"Chosen","floor":20,"turns":4},{"damage":0,"enemies":"Snecko","floor":21,"turns":5},{"damage":0,"enemies":"Centurion and Healer","floor":24,"turns":8},{"damage":0,"enemies":"Snake Plant","floor":30,"turns":4},{"damage":2,"enemies":"Collector","floor":33,"turns":8}],"seed_played":"7060841689224377999","potions_obtained":[{"floor":6,"key":"SkillPotion"},{"floor":8,"key":"SkillPotion"},{"floor":16,"key":"AttackPotion"},{"floor":20,"key":"Adrenaline Potion"}],"is_trial":false,"path_per_floor":["M","M","?","?","$","E","R","M","T","R","M","M","M","?","R","B",null,"M","?","M","M","?","R","M","R","T","?","$","?","M","$","R","B"],"character_chosen":"THE_SILENT","items_purchased":["Flying Knee","Fluid Movement"],"campfire_rested":1,"item_purchase_floors":[5,31],"current_hp_per_floor":[69,72,72,61,61,12,34,38,38,38,35,39,37,37,37,23,61,53,53,57,61,61,61,65,65,65,1,1,1,1,1,1,0,0],"gold":143,"neow_bonus":"NOSTALGIA","is_daily":false,"chose_seed":false,"campfire_upgraded":4,"win_rate":0.0,"timestamp":1610283748,"path_taken":["M","?","?","?","$","E","R","M","T","R","M","M","M","?","R","BOSS","M","?","M","?","?","R","M","R","T","?","?","?","M","$","R","BOSS"],"items_purchased_type":["Card","Card"],"build_version":"2020-12-22","purchased_purges":1,"victory":false,"max_hp_per_floor":[74,74,74,74,74,74,74,74,74,74,74,74,74,74,74,74,74,74,74,74,74,74,74,74,74,74,1,1,1,1,1,1,1,1],"card_choices":[{"not_picked":["Hidden Blade","Terror","StuffTheSpire:BumpUp"],"picked":"SKIP","floor":1},{"not_picked":["Prepared","Sneak Up"],"picked":"StuffTheSpire:Injection","floor":2},{"not_picked":["Blur","Outmaneuver"],"picked":"Footwork","floor":6},{"not_picked":["Deflect","Expertise"],"picked":"Sucker Punch","floor":8},{"not_picked":["StuffTheSpire:Fury","Dagger Throw"],"picked":"StuffTheSpire:Incantation","floor":11},{"not_picked":["Escape Plan","Slice"],"picked":"Noxious Fumes","floor":12},{"not_picked":["Bullet Time","PiercingWail"],"picked":"Cloak And Dagger","floor":13},{"not_picked":["aspiration:Lunge","Bullet Time"],"picked":"Poison Darts","floor":16},{"not_picked":["PiercingWail","Acrobatics+1","Outmaneuver+1"],"picked":"SKIP","floor":18},{"not_picked":["StuffTheSpire:Shiver+1","Expertise"],"picked":"Cloak And Dagger+1","floor":20},{"not_picked":["ReplayTheSpireMod:Tripwire","Poisoned Stab"],"picked":"Dash","floor":21},{"not_picked":["Acrobatics+1","Caltrops"],"picked":"StuffTheSpire:Python+1","floor":24},{"not_picked":["PiercingWail","Flying Knee","Underhanded Strike"],"picked":"SKIP","floor":30}],"player_experience":377666,"relics_obtained":[{"floor":6,"key":"Thread and Needle"},{"floor":9,"key":"Ice Cream"},{"floor":26,"key":"ReplayTheSpireMod:Shallot"}],"event_choices":[{"cards_removed":["Strike_G"],"damage_healed":0,"gold_gain":0,"player_choice":"Card Removal","damage_taken":0,"max_hp_gain":0,"max_hp_loss":0,"event_name":"The Cleric","floor":3,"gold_loss":50},{"damage_healed":0,"gold_gain":75,"player_choice":"Gather Gold","damage_taken":11,"max_hp_gain":0,"max_hp_loss":0,"event_name":"World of Goop","floor":4,"gold_loss":0},{"damage_healed":0,"gold_gain":0,"player_choice":"Traded Relic","damage_taken":0,"relics_obtained":["Nloth\u0027s Gift"],"max_hp_gain":0,"max_hp_loss":0,"event_name":"N\u0027loth","floor":19,"relics_lost":["Ring of the Snake"],"gold_loss":0},{"cards_removed":["Strike_G"],"damage_healed":0,"gold_gain":0,"player_choice":"Gave Gold","damage_taken":0,"max_hp_gain":0,"max_hp_loss":0,"event_name":"Beggar","floor":22,"gold_loss":75},{"damage_healed":0,"gold_gain":0,"player_choice":"Bought 0 Potions","damage_taken":0,"max_hp_gain":0,"max_hp_loss":0,"event_name":"The Woman in Blue","floor":29,"gold_loss":0}],"is_beta":false,"boss_relics":[{"not_picked":["Empty Cage","Fusion Hammer"],"picked":"WristBlade"}],"items_purged_floors":[5],"is_endless":false,"potions_floor_spawned":[6,8,16,20],"killed_by":"Collector","ascension_level":8}}