{"host":"7l2t4psy44vpcd9q","time":1610283633,"event":{"mods":["AchievementEnabler","BaseMod","DeckTracker","Minty Spire (QoL Compilation)","SuperFastMode"],"gold_per_floor":[115,0,12,29,46,46,61,61,61,95,95,95,105,120,120,193,193,212,262,262,281,281,281,299,299,299,327,327,327,327,352,352,352,352],"floor_reached":33,"playtime":1392,"items_purged":[],"score":570,"play_id":"8966719e-f0b7-4a11-a171-3862c4956306","local_time":"20210110220033","is_ascension_mode":true,"campfire_choices":[{"data":"Loop","floor":6,"key":"SMITH"},{"floor":8,"key":"REST"},{"floor":12,"key":"REST"},{"floor":15,"key":"REST"},{"floor":23,"key":"REST"},{"floor":25,"key":"REST"},{"floor":28,"key":"REST"},{"floor":32,"key":"REST"}],"circlet_count":0,"master_deck":["AscendersBane","Strike_B","Strike_B","Defend_B","Defend_B","Defend_B","Zap","Dualcast","Chaos+1","Machine Learning+1","Cold Snap","Lockon","Go for the Eyes","Steam","Sweeping Beam","Loop+1","Auto Shields","Rebound","Doom and Gloom","Reboot","Conserve Battery","Compile Driver","FTL","Steam Power","Sunder"],"relics":["Astrolabe","Happy Flower","PreservedInsect","Nuclear Battery","Bag of Preparation","Matryoshka","InkBottle"],"acts_visited":["Exordium","TheCity"],"potions_floor_usage":[5,7,10,24,29,31,31],"damage_taken":[{"damage":2,"enemies":"2 Louse","floor":1,"turns":4},{"damage":20,"enemies":"Small Slimes","floor":3,"turns":4},{"damage":0,"enemies":"Cultist","floor":4,"turns":3},{"damage":20,"enemies":"Lots of Slimes","floor":5,"turns":3},{"damage":4,"enemies":"2 Fungi Beasts","floor":7,"turns":3},{"damage":22,"enemies":"Gremlin Nob","floor":10,"turns":4},{"damage":19,"enemies":"Gremlin Gang","floor":13,"turns":3},{"damage":5,"enemies":"Large Slime","floor":14,"turns":6},{"damage":17,"enemies":"Hexaghost","floor":16,"turns":9},{"damage":7,"enemies":"Spheric Guardian","floor":18,"turns":4},{"damage":19,"enemies":"Shell Parasite","floor":21,"turns":6},{"damage":16,"enemies":"Snake Plant","floor":24,"turns":6},{"damage":22,"enemies":"Book of Stabbing","floor":27,"turns":4},{"damage":20,"enemies":"Colosseum Slavers","floor":29,"turns":4},{"damage":16,"enemies":"Gremlin Leader","floor":31,"turns":5},{"damage":63,"enemies":"Automaton","floor":33,"turns":6}],"seed_played":"3041534295395478368","potions_obtained":[{"floor":3,"key":"PowerPotion"},{"floor":5,"key":"DuplicationPotion"},{"floor":7,"key":"PotionOfCapacity"},{"floor":16,"key":"EssenceOfSteel"},{"floor":27,"key":"SteroidPotion"},{"floor":30,"key":"FearPotion"},{"floor":30,"key":"Block Potion"},{"floor":31,"key":"Ancient Potion"}],"is_trial":false,"path_per_floor":["M","$","M","M","M","R","M","R","T","E","?","R","M","M","R","B",null,"M","?","?","M","?","R","M","R","T","E","R","?","?","E","R","B"],"character_chosen":"DEFECT","items_purchased":["Lockon","Go for the Eyes"],"campfire_rested":7,"item_purchase_floors":[2,2],"current_hp_per_floor":[62,62,42,42,22,22,18,39,39,17,17,38,19,14,35,18,58,51,51,31,12,12,34,18,40,40,18,40,20,20,4,26,0,0],"gold":352,"neow_bonus":"BOSS_RELIC","is_daily":false,"chose_seed":false,"campfire_upgraded":1,"win_rate":0.0,"timestamp":1610283633,"path_taken":["M","$","M","M","M","R","M","R","T","E","?","R","M","M","R","BOSS","M","?","?","M","?","R","M","R","T","E","R","?","?","E","R","BOSS"],"items_purchased_type":["Card","Card"],"build_version":"2020-12-22","purchased_purges":0,"victory":false,"max_hp_per_floor":[71,71,71,71,71,71,71,71,71,71,71,71,71,71,71,71,71,71,71,76,76,76,76,76,76,76,76,76,76,76,76,76,76,76],"card_choices":[{"not_picked":["Force Field","Hologram"],"picked":"Cold Snap","floor":1},{"not_picked":["Blizzard","Rebound"],"picked":"Steam","floor":3},{"not_picked":["Double Energy","Steam"],"picked":"Sweeping Beam","floor":4},{"not_picked":["Ball Lightning","Conserve Battery"],"picked":"Loop","floor":5},{"not_picked":["Steam Power","Beam Cell"],"picked":"Auto Shields","floor":7},{"not_picked":["Streamline","Stack"],"picked":"Rebound","floor":10},{"not_picked":["Barrage","Beam Cell","Rebound"],"picked":"SKIP","floor":13},{"not_picked":["Stack","Genetic Algorithm"],"picked":"Doom and Gloom","floor":14},{"not_picked":["Buffer","Machine Learning"],"picked":"Reboot","floor":16},{"not_picked":["Redo","Blizzard"],"picked":"Conserve Battery","floor":18},{"not_picked":["Aggregate","Fusion+1"],"picked":"Compile Driver","floor":21},{"not_picked":["Conserve Battery","Blizzard+1"],"picked":"FTL","floor":24},{"not_picked":["Barrage","Redo"],"picked":"Steam Power","floor":27},{"not_picked":["Consume","Compile Driver"],"picked":"Sunder","floor":31}],"player_experience":1171306,"relics_obtained":[{"floor":9,"key":"Happy Flower"},{"floor":10,"key":"PreservedInsect"},{"floor":26,"key":"Bag of Preparation"},{"floor":27,"key":"Matryoshka"},{"floor":31,"key":"InkBottle"}],"event_choices":[{"cards_removed":["Storm"],"damage_healed":0,"gold_gain":0,"player_choice":"Forget","damage_taken":0,"max_hp_gain":0,"max_hp_loss":0,"event_name":"Living Wall","floor":11,"gold_loss":0},{"damage_healed":0,"gold_gain":50,"player_choice":"Stole From Cult","damage_taken":0,"max_hp_gain":0,"max_hp_loss":0,"event_name":"Nest","floor":19,"gold_loss":0},{"damage_healed":0,"gold_gain":0,"player_choice":"Shed Blood","damage_taken":25,"max_hp_gain":5,"max_hp_loss":0,"event_name":"Forgotten Altar","floor":20,"gold_loss":0},{"damage_healed":0,"gold_gain":0,"player_choice":"Ignored","damage_taken":0,"max_hp_gain":0,"max_hp_loss":0,"event_name":"Cursed Tome","floor":22,"gold_loss":0},{"damage_healed":0,"gold_gain":0,"player_choice":"Fight","damage_taken":0,"max_hp_gain":0,"max_hp_loss":0,"event_name":"Colosseum","floor":29,"gold_loss":0},{"damage_healed":0,"gold_gain":0,"player_choice":"Fled From Nobs","damage_taken":0,"max_hp_gain":0,"max_hp_loss":0,"event_name":"Colosseum","floor":29,"gold_loss":0},{"damage_healed":0,"gold_gain":0,"player_choice":"Got Potions","damage_taken":0,"max_hp_gain":0,"max_hp_loss":0,"event_name":"Lab","floor":30,"gold_loss":0}],"is_beta":false,"boss_relics":[{"not_picked":["Cursed Key","Runic Dome"],"picked":"Nuclear Battery"}],"items_purged_floors":[],"is_endless":false,"potions_floor_spawned":[3,5,7,16,27,29,31],"killed_by":"Automaton","ascension_level":20}}