{"host":"6jrd8fn9k88n08be","time":1610246615,"event":{"mods":["BaseMod","Minty Spire (QoL Compilation)","StSLib"],"gold_per_floor":[110,123,43,60,10,10,43,43,70,70,70,70,70,103,103,224,224,249,21,36,36,60,99,99,99,126,0,0,34,34,34,34,157,157,182,84,84,84,417,417,417,446,446,511,36,64,84,102,102,102,102,102,7,36,36],"floor_reached":56,"playtime":3989,"items_purged":["Strike_P","Strike_P"],"score":1477,"play_id":"f8aaf1bf-1993-40a4-ba44-e837e98d254e","local_time":"20210109214335","is_ascension_mode":true,"campfire_choices":[{"data":"Eruption","floor":6.0,"key":"SMITH"},{"data":"SashWhip","floor":10.0,"key":"SMITH"},{"data":"Vigilance","floor":15.0,"key":"SMITH"},{"data":"Wish","floor":25.0,"key":"SMITH"},{"data":"Tantrum","floor":32.0,"key":"SMITH"},{"floor":40.0,"key":"RECALL"},{"data":"DevaForm","floor":49,"key":"SMITH"},{"data":"1","floor":52,"key":"LIFT"}],"circlet_count":0,"master_deck":["Defend_P","Defend_P","Defend_P","Eruption+1","Vigilance+1","Wireheading","EmptyFist","Weave","SashWhip+1","Tantrum+1","EmptyMind","Wish+1","FlyingSleeves","CutThroughFate","DeceiveReality","JustLucky","Prostrate+1","DevaForm+1","ClearTheMind+1","JustLucky","FlyingSleeves","JustLucky+1","Wallop","FlyingSleeves+1","CrushJoints+1"],"relics":["Coffee Dripper","Nunchaku","Matryoshka","MealTicket","Happy Flower","Tiny Chest","Shuriken","Ancient Tea Set","Black Star","Oddly Smooth Stone","InkBottle","Pear","Juzu Bracelet","Smiling Mask","Gambling Chip","Dream Catcher","Omamori","Vajra","SlaversCollar","Pantograph","Girya","Unceasing Top","Mercury Hourglass","Sundial","Kunai","ClockworkSouvenir","Toy Ornithopter","Blood Vial","FossilizedHelix","Centennial Puzzle"],"acts_visited":["Exordium","TheCity","TheBeyond","TheEnding"],"potions_floor_usage":[50,55,55,55],"damage_taken":[{"damage":0.0,"enemies":"Cultist","floor":1.0,"turns":3.0},{"damage":2.0,"enemies":"Small Slimes","floor":2.0,"turns":4.0},{"damage":0.0,"enemies":"2 Louse","floor":4.0,"turns":3.0},{"damage":8.0,"enemies":"Lagavulin","floor":7.0,"turns":5.0},{"damage":0.0,"enemies":"Gremlin Nob","floor":14.0,"turns":2.0},{"damage":8.0,"enemies":"Slime Boss","floor":16.0,"turns":4.0},{"damage":0.0,"enemies":"Spheric Guardian","floor":18.0,"turns":2.0},{"damage":3.0,"enemies":"3 Byrds","floor":20.0,"turns":4.0},{"damage":0.0,"enemies":"Snecko","floor":22.0,"turns":2.0},{"damage":31.0,"enemies":"Slavers","floor":23.0,"turns":7.0},{"damage":25.0,"enemies":"Gremlin Leader","floor":29.0,"turns":6.0},{"damage":0.0,"enemies":"Champ","floor":33.0,"turns":6.0},{"damage":19.0,"enemies":"3 Darklings","floor":35.0,"turns":5.0},{"damage":7.0,"enemies":"Giant Head","floor":42.0,"turns":5.0},{"damage":0.0,"enemies":"Nemesis","floor":44.0,"turns":5.0},{"damage":0,"enemies":"Reptomancer","floor":46,"turns":4},{"damage":0,"enemies":"3 Shapes","floor":47,"turns":3},{"damage":6,"enemies":"3 Darklings","floor":48,"turns":4},{"damage":12,"enemies":"Awakened One","floor":50,"turns":7},{"damage":43,"enemies":"Shield and Spear","floor":54,"turns":5},{"damage":57,"enemies":"The Heart","floor":55,"turns":5}],"seed_played":"7211002384110104605","potions_obtained":[{"floor":14.0,"key":"Ambrosia"},{"floor":22.0,"key":"BottledMiracle"},{"floor":29.0,"key":"BlessingOfTheForge"},{"floor":35.0,"key":"CultistPotion"},{"floor":44.0,"key":"CultistPotion"}],"is_trial":false,"path_per_floor":["M","M","$","M","?","R","E","?","T","R","$","?","T","E","R","B",null,"M","$","M","?","M","E","?","R","T","?","T","E","?","?","R","B",null,"M","$","?","T","?","R","$","E","T","E","$","E","M","M","R","B",null,"R","$","E","B",null],"character_chosen":"WATCHER","items_purchased":["Weave","Oddly Smooth Stone","JustLucky","Kunai","ClockworkSouvenir","Wallop","CultistPotion"],"campfire_rested":0,"item_purchase_floors":[3,19,36,45,45,45,53],"current_hp_per_floor":[72,70,70,70,70,70,62,44,44,44,59,59,59,59,59,51,67,67,67,64,64,64,43,43,43,43,43,43,18,18,18,18,18,77,58,73,73,73,73,73,77,70,70,70,77,77,77,71,71,65,77,77,77,34,19],"gold":36,"neow_bonus":"BOSS_RELIC","is_daily":false,"chose_seed":false,"campfire_upgraded":6,"win_rate":0.0,"timestamp":1610246615,"path_taken":["M","?","$","M","?","R","E","?","T","R","$","?","?","E","R","BOSS","M","$","M","?","M","E","?","R","T","?","?","E","?","?","R","BOSS","M","$","?","?","?","R","?","E","T","E","$","E","M","M","R","BOSS","R","$","E","BOSS"],"items_purchased_type":["Card","Relic","Card","Relic","Relic","Card","Potion"],"build_version":"2020-12-22","purchased_purges":2,"victory":true,"max_hp_per_floor":[72,72,72,72,72,72,72,72,72,72,72,67,67,67,67,67,67,67,67,67,67,67,77,77,77,77,77,77,77,77,77,77,77,77,77,77,77,77,77,77,77,77,77,77,77,77,77,77,77,77,77,77,77,77,77],"card_choices":[{"not_picked":["BowlingBash","WreathOfFlame"],"picked":"Wireheading","floor":1.0},{"not_picked":["PathToVictory","JustLucky"],"picked":"EmptyFist","floor":2.0},{"not_picked":["CarveReality","CrushJoints"],"picked":"SashWhip","floor":4.0},{"not_picked":["ClearTheMind","TalkToTheHand"],"picked":"Tantrum","floor":7.0},{"not_picked":["Judgement","SashWhip"],"picked":"EmptyMind","floor":14.0},{"not_picked":["SpiritShield","Ragnarok"],"picked":"Wish","floor":16.0},{"not_picked":["Crescendo","Indignation"],"picked":"FlyingSleeves","floor":18.0},{"not_picked":["Crescendo","MentalFortress"],"picked":"CutThroughFate","floor":20.0},{"not_picked":["CrushJoints","Consecrate+1"],"picked":"DeceiveReality","floor":22.0},{"not_picked":["SashWhip","LessonLearned"],"picked":"JustLucky","floor":23.0},{"not_picked":["BowlingBash","FlurryOfBlows"],"picked":"Prostrate+1","floor":29.0},{"not_picked":["Judgement","Brilliance"],"picked":"DevaForm","floor":33.0},{"not_picked":["BattleHymn+1","Collect+1"],"picked":"ClearTheMind+1","floor":35.0},{"not_picked":["Blasphemy","SashWhip"],"picked":"FlyingSleeves","floor":42.0},{"not_picked":["FlurryOfBlows+1","Prostrate+1"],"picked":"JustLucky+1","floor":44.0},{"not_picked":["MentalFortress","SashWhip"],"picked":"FlyingSleeves+1","floor":46},{"not_picked":["Evaluate+1","EmptyBody+1"],"picked":"CrushJoints+1","floor":47},{"not_picked":["Wireheading+1","CrushJoints+1","ClearTheMind+1"],"picked":"SKIP","floor":48},{"not_picked":["SpiritShield","SashWhip+1","Fasting2+1"],"picked":"SKIP","floor":54}],"player_experience":52151,"relics_obtained":[{"floor":7.0,"key":"Nunchaku"},{"floor":9.0,"key":"MealTicket"},{"floor":9.0,"key":"Happy Flower"},{"floor":13.0,"key":"Tiny Chest"},{"floor":13.0,"key":"Shuriken"},{"floor":14.0,"key":"Ancient Tea Set"},{"floor":23.0,"key":"Pear"},{"floor":23.0,"key":"Juzu Bracelet"},{"floor":26.0,"key":"Smiling Mask"},{"floor":28.0,"key":"Gambling Chip"},{"floor":29.0,"key":"Dream Catcher"},{"floor":29.0,"key":"Omamori"},{"floor":38.0,"key":"Pantograph"},{"floor":42.0,"key":"Girya"},{"floor":42.0,"key":"Unceasing Top"},{"floor":44.0,"key":"Mercury Hourglass"},{"floor":44.0,"key":"Sundial"},{"floor":46,"key":"Toy Ornithopter"},{"floor":46,"key":"Blood Vial"},{"floor":54,"key":"FossilizedHelix"},{"floor":54,"key":"Centennial Puzzle"}],"event_choices":[{"cards_removed":["Strike_P"],"damage_healed":0.0,"max_hp_gain":0.0,"max_hp_loss":0.0,"gold_gain":0.0,"event_name":"The Cleric","player_choice":"Card Removal","floor":5.0,"gold_loss":50.0,"damage_taken":0.0},{"damage_healed":0.0,"max_hp_gain":0.0,"max_hp_loss":0.0,"gold_gain":0.0,"event_name":"Scrap Ooze","player_choice":"Success","floor":8.0,"gold_loss":0.0,"damage_taken":18.0,"relics_obtained":["Matryoshka"]},{"damage_healed":0.0,"max_hp_gain":0.0,"max_hp_loss":5.0,"gold_gain":0.0,"event_name":"Golden Idol","player_choice":"Lose Max HP","floor":12.0,"gold_loss":0.0,"damage_taken":0.0,"relics_obtained":["Golden Idol"]},{"damage_healed":0.0,"max_hp_gain":0.0,"max_hp_loss":0.0,"gold_gain":0.0,"event_name":"The Mausoleum","player_choice":"Opened","floor":21.0,"gold_loss":0.0,"damage_taken":0.0,"relics_obtained":["InkBottle"]},{"cards_removed":["Strike_P"],"damage_healed":0.0,"max_hp_gain":0.0,"max_hp_loss":0.0,"gold_gain":0.0,"event_name":"Purifier","player_choice":"Purged","floor":24.0,"gold_loss":0.0,"damage_taken":0.0},{"damage_healed":0.0,"max_hp_gain":0.0,"max_hp_loss":0.0,"gold_gain":0.0,"event_name":"Masked Bandits","player_choice":"Paid Fearfully","floor":27.0,"gold_loss":126.0,"damage_taken":0.0},{"damage_healed":0.0,"max_hp_gain":0.0,"max_hp_loss":0.0,"gold_gain":0.0,"event_name":"Addict","player_choice":"Stole Relic","floor":30.0,"gold_loss":0.0,"damage_taken":0.0,"relics_obtained":["Vajra"],"cards_obtained":["Shame"]},{"damage_healed":0.0,"max_hp_gain":0.0,"max_hp_loss":0.0,"gold_gain":0.0,"event_name":"Vampires","player_choice":"Ignored","floor":31.0,"gold_loss":0.0,"damage_taken":0.0},{"cards_removed":["Defend_P"],"damage_healed":0.0,"max_hp_gain":0.0,"max_hp_loss":0.0,"gold_gain":0.0,"event_name":"Bonfire Elementals","player_choice":"Offered Basic","floor":37.0,"gold_loss":0.0,"damage_taken":0.0},{"damage_healed":0.0,"max_hp_gain":0.0,"max_hp_loss":0.0,"gold_gain":333.0,"event_name":"The Moai Head","player_choice":"Gave Idol","floor":39.0,"relics_lost":["Golden Idol"],"gold_loss":0.0,"damage_taken":0.0}],"is_beta":false,"boss_relics":[{"not_picked":["Empty Cage","Runic Pyramid"],"picked":"Black Star"},{"not_picked":["Snecko Eye","Runic Dome"],"picked":"SlaversCollar"}],"items_purged_floors":[19,36],"is_endless":false,"potions_floor_spawned":[14,22,29,35,44,47,54],"ascension_level":1}}