{"host":"f5y45f7z7ziu0smp","time":1610287911,"event":{"mods":["AchievementEnabler","BaseMod","Koishi","Marisa£¨Ùöéë¡¡Øª×âÞÞ£©","Minty Spire (QoL Compilation)","StSLib","SuperFastMode"],"gold_per_floor":[366,221,221,24,40,40,57,57,57,68,243,256,256,275,275,370,370,387,80,80,0,0,0,19,19,319,332,344,344,370,370,370],"floor_reached":31,"playtime":778,"items_purged":["Strike_B","Strike_B"],"score":250,"play_id":"9419190e-cf0c-4c09-95d5-ac1f66ce5320","local_time":"20210110231151","is_ascension_mode":false,"campfire_choices":[{"data":"FTL","floor":6,"key":"SMITH"},{"data":"Go for the Eyes","floor":8,"key":"SMITH"},{"data":"Gash","floor":13,"key":"SMITH"},{"data":"Streamline","floor":15,"key":"SMITH"},{"data":"Fusion","floor":23,"key":"SMITH"},{"data":"Zap","floor":29,"key":"SMITH"}],"circlet_count":0,"master_deck":["Strike_B","Defend_B","Defend_B","Zap+1","Dualcast","Beam Cell","Aggregate","Creative AI","Flash of Steel","FTL+1","Go for the Eyes+1","Self Repair+1","Doubt","Gash+1","Streamline+1","Electrodynamics+1","Gash","Gash+1","Reboot","Fusion+1","Turbo","Barrage+1"],"relics":["Cracked Core","Frozen Egg 2","Empty Cage","DollysMirror","The Courier","Old Coin","Toy Ornithopter"],"acts_visited":["Exordium","TheCity"],"potions_floor_usage":[24,27,28,28],"damage_taken":[{"damage":5,"enemies":"Small Slimes","floor":1,"turns":3},{"damage":0,"enemies":"2 Louse","floor":5,"turns":2},{"damage":0,"enemies":"Cultist","floor":7,"turns":2},{"damage":27,"enemies":"Exordium Wildlife","floor":10,"turns":4},{"damage":13,"enemies":"Blue Slaver","floor":12,"turns":3},{"damage":14,"enemies":"Exordium Thugs","floor":14,"turns":4},{"damage":6,"enemies":"Slime Boss","floor":16,"turns":9},{"damage":37,"enemies":"Shell Parasite","floor":18,"turns":5},{"damage":15,"enemies":"2 Thieves","floor":24,"turns":2},{"damage":26,"enemies":"Centurion and Healer","floor":27,"turns":5},{"damage":14,"enemies":"Snake Plant","floor":28,"turns":3},{"damage":27,"enemies":"Snecko","floor":31,"turns":4}],"seed_played":"8993377564421412879","potions_obtained":[{"floor":5,"key":"Swift Potion"},{"floor":7,"key":"Fire Potion"},{"floor":14,"key":"PotionOfCapacity"},{"floor":24,"key":"LiquidMemories"},{"floor":27,"key":"SkillPotion"}],"is_trial":false,"path_per_floor":["M","$","?","$","M","R","M","R","T","M","?","M","R","M","R","B",null,"M","$","?","$","T","R","M","$","T","M","M","R","T","M"],"character_chosen":"DEFECT","items_purchased":["Aggregate","Flash of Steel","DollysMirror","Reboot","Fusion"],"campfire_rested":0,"item_purchase_floors":[2,4,19,19,21],"current_hp_per_floor":[63,63,63,63,63,63,63,63,63,36,36,33,33,29,29,33,68,41,41,41,41,41,41,36,36,36,20,16,16,16,0,0],"gold":370,"neow_bonus":"TWO_FIFTY_GOLD","is_daily":false,"chose_seed":false,"campfire_upgraded":6,"win_rate":0.0,"timestamp":1610287911,"path_taken":["M","$","?","$","M","R","M","R","T","M","?","M","R","M","R","BOSS","M","$","?","$","?","R","M","?","T","M","?","R","?","M"],"items_purchased_type":["Card","Card","Relic","Card","Card"],"build_version":"2020-12-22","purchased_purges":2,"victory":false,"max_hp_per_floor":[68,68,68,68,68,68,68,68,68,68,68,68,68,68,68,68,68,68,68,68,68,68,68,68,68,68,68,68,68,68,68,68],"card_choices":[{"not_picked":["Sweeping Beam","Loop"],"picked":"Beam Cell","floor":1},{"not_picked":["Reinforced Body","Undo"],"picked":"FTL","floor":5},{"not_picked":["Steam","Rebound"],"picked":"Go for the Eyes","floor":7},{"not_picked":["Capacitor+1","Go for the Eyes"],"picked":"Self Repair+1","floor":10},{"not_picked":["Streamline","Conserve Battery"],"picked":"Gash","floor":12},{"not_picked":["Go for the Eyes","Capacitor+1"],"picked":"Streamline","floor":14},{"not_picked":["Meteor Strike","Rainbow"],"picked":"Electrodynamics+1","floor":16},{"not_picked":["Stack","Ball Lightning"],"picked":"Gash","floor":18},{"not_picked":["Rebound","Barrage","Ball Lightning"],"picked":"SKIP","floor":24},{"not_picked":["Coolheaded","Barrage"],"picked":"Turbo","floor":27},{"not_picked":["Electrodynamics+1","Steam"],"picked":"Barrage+1","floor":28}],"player_experience":87521,"relics_obtained":[{"floor":9,"key":"Frozen Egg 2"},{"floor":22,"key":"The Courier"},{"floor":26,"key":"Old Coin"},{"floor":30,"key":"Toy Ornithopter"}],"event_choices":[{"damage_healed":0,"gold_gain":0,"cards_transformed":["Defend_B"],"player_choice":"Change","damage_taken":0,"max_hp_gain":0,"max_hp_loss":0,"event_name":"Living Wall","floor":3,"gold_loss":0,"cards_obtained":["Creative AI"]},{"damage_healed":0,"gold_gain":175,"player_choice":"AGREE","damage_taken":0,"max_hp_gain":0,"max_hp_loss":0,"event_name":"Liars Game","floor":11,"gold_loss":0,"cards_obtained":["Doubt"]},{"damage_healed":0,"gold_gain":0,"player_choice":"Ignored","damage_taken":0,"max_hp_gain":0,"max_hp_loss":0,"event_name":"NoteForYourself","floor":20,"gold_loss":0}],"is_beta":false,"boss_relics":[{"not_picked":["Philosopher\u0027s Stone","Fusion Hammer"],"picked":"Empty Cage"}],"items_purged_floors":[2,4],"is_endless":false,"potions_floor_spawned":[5,7,14,24,27],"killed_by":"Snecko","ascension_level":0}}