{"host":"yaxsefyig1et0yi2","time":1610273788,"event":{"mods":["Aspiration","BaseMod","BetterRewards","Colored Powertips","Conspire","Displayed Cursed Tome","Downfall","Halation","Hubris","Infinite Spire","JesterMod","Minty Spire (QoL Compilation)","Quick Restart","RatMod","Replay The Spire","Reworked Bosses","Spikes Relics","StSLib","The Jungle"],"gold_per_floor":[99,99,99,115,115,115,115,290,290,323,323,353,87,99,119,119,119,119],"floor_reached":16,"playtime":888,"items_purged":[],"score":131,"play_id":"629085a4-f9db-4560-be78-e160c919b8f8","local_time":"20210110051628","is_ascension_mode":false,"campfire_choices":[{"data":"champ:Taunt","floor":1,"key":"SMITH"},{"data":"champ:Execute","floor":6,"key":"SMITH"},{"data":"champ:Haymaker","floor":9,"key":"SMITH"},{"data":"champ:PreciseThrust","floor":11,"key":"SMITH"}],"circlet_count":0,"master_deck":["champ:Strike","champ:Strike","champ:Strike","champ:Strike","champ:Defend","champ:Defend","champ:Defend","champ:Defend","champ:Execute+1","champ:Taunt+1","hubris:NaturalOne","champ:Haymaker+1","Doubt","champ:PreciseThrust+1","champ:CalledShot","champ:BringItOn","Replay:SS_forest_6","champ:HoldFirm","champ:ShieldWall","champ:StanceDance"],"relics":["champ:ChampionCrown","hubris:Icosahedron","Darkstone Periapt","SpikesRelics:DaevaFist","Nunchaku"],"acts_visited":["Exordium"],"potions_floor_usage":[4,16,16],"damage_taken":[{"damage":13,"enemies":"Small Slimes","floor":4,"turns":3},{"damage":60,"enemies":"Lagavulin","floor":10,"turns":9},{"damage":33,"enemies":"Gremlin Nob","floor":12,"turns":6},{"damage":5,"enemies":"downfall:FleeingMerchant","floor":13,"turns":4},{"damage":0,"enemies":"2 Louse","floor":14,"turns":5},{"damage":8,"enemies":"Jaw Worm","floor":15,"turns":4},{"damage":29,"enemies":"downfall:Silent","floor":16,"turns":14}],"seed_played":"2224002033665806460","potions_obtained":[{"floor":4,"key":"Fruit Juice"},{"floor":12,"key":"SneckoOil"},{"floor":15,"key":"SpeedPotion"}],"is_trial":false,"path_per_floor":["R","?","?","M","?","R","T","?","R","E","R","E","$","M","M","B"],"character_chosen":"THE_CHAMP","items_purchased":["Replay:SS_forest_6","champ:HoldFirm"],"campfire_rested":0,"item_purchase_floors":[13,13],"current_hp_per_floor":[99,104,104,106,106,106,106,112,112,57,57,24,19,27,27,0,0,0],"gold":119,"neow_bonus":"TEN_PERCENT_HP_BONUS","is_daily":false,"chose_seed":false,"campfire_upgraded":4,"win_rate":0.0,"timestamp":1610273788,"path_taken":["R","?","?","M","?","R","T","?","R","E","R","E","$","M","M","BOSS"],"items_purchased_type":["Card","Card"],"build_version":"2020-12-22","purchased_purges":0,"victory":false,"max_hp_per_floor":[99,104,104,109,109,109,109,115,115,115,115,115,115,115,115,115,115,115],"card_choices":[{"not_picked":["champ:BladeFlurry","champ:GutPunch"],"picked":"champ:Haymaker","floor":4},{"not_picked":["champ:TornadoPunch","champ:RapidStrikes"],"picked":"champ:PreciseThrust","floor":10},{"not_picked":["champ:BladeFlurry","champ:Backstep"],"picked":"champ:CalledShot","floor":12},{"not_picked":["champ:TornadoPunch","champ:GutPunch"],"picked":"champ:BringItOn","floor":13},{"not_picked":["champ:PerfectedStrike","champ:Backstep"],"picked":"champ:ShieldWall","floor":14},{"not_picked":["champ:FocusedBerserking","champ:AdrenalArmor"],"picked":"champ:StanceDance","floor":15}],"player_experience":253471,"relics_obtained":[{"floor":7,"key":"Darkstone Periapt"},{"floor":10,"key":"SpikesRelics:DaevaFist"},{"floor":12,"key":"Nunchaku"}],"event_choices":[{"damage_healed":0,"gold_gain":0,"player_choice":"Donut","damage_taken":0,"max_hp_gain":5,"max_hp_loss":0,"event_name":"Big Fish","floor":2,"gold_loss":0}],"is_beta":false,"boss_relics":[],"items_purged_floors":[],"is_endless":false,"potions_floor_spawned":[4,12,15],"killed_by":"downfall:Silent","ascension_level":0}}