{"host":"uoq8e77duj6rs50g","time":1610245200,"event":{"mods":["BaseMod","Better Altar","Better Match","Better Note","Better Sensory Stone","Better Skull","Better Third Choice","BetterRewards","Block Reminder","ChefMod","Curses Come First","Downfall","Hermit","Hubris","Ironclad Rager","Minty Spire (QoL Compilation)","Relic Stats","Replay The Spire","Shade Mod","StSLib","The Blue Laboratory","The Cursed","The Dragon Tamer","The Exalted","The Judge","The Marked","The Runesmith","The Servant 0.9.4","TheSwordswoman","Uncapped","WarShipGirlsR/????R mod"],"gold_per_floor":[112,130,187,187,187,231,231,231,231,269,269,285,285,325,325,444,444,460,31,52,52,52],"floor_reached":21,"playtime":1468,"items_purged":["rmod:strick"],"score":247,"play_id":"5c7a0576-dc63-402e-b8fc-827f57dbb021","local_time":"20210109212000","is_ascension_mode":false,"campfire_choices":[{"floor":8,"key":"REST"},{"floor":11,"key":"REST"},{"data":"rmod:aviationdawn","floor":13,"key":"SMITH"},{"data":"rmod:windflower","floor":15,"key":"SMITH"}],"circlet_count":0,"master_deck":["rmod:strick","rmod:strick","rmod:strick","rmod:defend","rmod:defend","rmod:defend","rmod:defend","rmod:basicallowance","rmod:maingunfire","rmod:steelsupply","rmod:combined","rmod:firesupport","rmod:salvage","ReplayTheSpireMod:From All Sides+1","rmod:expeditionaryescort","rmod:fletcherpendant","rmod:fletcherpendant","rmod:fletcherpendant","rmod:aviationdawn+1","rmod:windflower+1","rmod:desperatesituation","rmod:fletcherpendant","rmod:ring","rmod:firesupport","rmod:fletcherpendant","rmod:robin+1"],"relics":["Torii","Letter Opener","Ancient Tea Set","Golden Idol","Replay:Kaleidoscope","Unceasing Top","Replay:Baseball","Regal Pillow","rmod:mogul","hubris:FunFungus"],"acts_visited":["Exordium","TheCity"],"potions_floor_usage":[16,16],"damage_taken":[{"damage":0,"enemies":"Small Slimes","floor":1,"turns":4},{"damage":0,"enemies":"2 Louse","floor":2,"turns":2},{"damage":24,"enemies":"3 Sentries","floor":6,"turns":8},{"damage":1,"enemies":"Jaw Worm","floor":7,"turns":4},{"damage":1,"enemies":"Lagavulin","floor":10,"turns":6},{"damage":0,"enemies":"Blue Slaver","floor":12,"turns":1},{"damage":0,"enemies":"3 Sentries","floor":14,"turns":4},{"damage":53,"enemies":"Fading Forest","floor":16,"turns":11},{"damage":2,"enemies":"3 Byrds","floor":18,"turns":5},{"damage":37,"enemies":"2 Thieves","floor":20,"turns":4},{"damage":25,"enemies":"Snake Plant","floor":21,"turns":4}],"seed_played":"-802803381133878757","potions_obtained":[{"floor":6,"key":"Milkshake"},{"floor":12,"key":"blueLaboratory:EmptyBottle"},{"floor":14,"key":"blueLaboratory:HeartbeatPotion"},{"floor":16,"key":"Venom Potion"},{"floor":18,"key":"blueLaboratory:HorrorPotion"}],"is_trial":false,"path_per_floor":["M","M","?","?","?","E","M","R","T","E","R","M","R","E","R","B",null,"M","$","M","M"],"character_chosen":"PRAEFECT","items_purchased":["hubris:FunFungus","rmod:firesupport"],"campfire_rested":2,"item_purchase_floors":[19,19],"current_hp_per_floor":[68,68,68,54,54,30,29,47,47,46,63,63,63,63,63,18,63,61,61,25,0,0],"gold":52,"neow_bonus":"ONE_RARE_RELIC","is_daily":false,"chose_seed":false,"campfire_upgraded":2,"win_rate":0.0,"timestamp":1610245200,"path_taken":["M","M","?","?","?","E","M","R","T","E","R","?","R","E","R","BOSS","M","$","M","M"],"items_purchased_type":["Relic","Card"],"build_version":"2020-12-22","purchased_purges":1,"victory":false,"max_hp_per_floor":[68,68,68,68,63,63,63,63,63,63,63,63,63,63,63,63,63,63,63,63,63,63],"relic_stats":{"Regal Pillow":0,"Torii":21,"counters":[11,53],"Golden Idol":63,"Letter Opener":[51],"obtain_stats":[{"Replay:Baseball":10,"Regal Pillow":14,"Torii":0,"rmod:mogul":17,"Golden Idol":5,"hubris:FunFungus":19,"rmod:firstchargereward":0,"Letter Opener":3,"Replay:Kaleidoscope":6,"Ancient Tea Set":4,"Unceasing Top":9},{"Replay:Baseball":5,"Regal Pillow":7,"Torii":0,"rmod:mogul":8,"Golden Idol":2,"hubris:FunFungus":9,"rmod:firstchargereward":0,"Letter Opener":2,"Replay:Kaleidoscope":3,"Ancient Tea Set":2,"Unceasing Top":4},{"Replay:Baseball":24,"Regal Pillow":29,"Torii":0,"rmod:mogul":40,"Golden Idol":6,"hubris:FunFungus":45,"rmod:firstchargereward":0,"Letter Opener":6,"Replay:Kaleidoscope":14,"Ancient Tea Set":6,"Unceasing Top":18}],"Unceasing Top":[9]},"card_choices":[{"not_picked":["rmod:circuitoustactics","rmod:rockthrower"],"picked":"rmod:steelsupply","floor":1},{"not_picked":["rmod:tearstotiara","rmod:fletcherpendant"],"picked":"rmod:combined","floor":2},{"not_picked":["rmod:victimresponsibility","rmod:supportescort"],"picked":"rmod:firesupport","floor":3},{"not_picked":["rmod:fletcherpendant","rmod:launchingtorpedo"],"picked":"rmod:salvage","floor":3},{"not_picked":["rmod:intelligenceanalysis","rmod:combined"],"picked":"rmod:expeditionaryescort","floor":6},{"not_picked":["rmod:steelsupply","rmod:circuitoustactics","rmod:aviationdawn"],"picked":"SKIP","floor":7},{"not_picked":["rmod:gendarmerie","rmod:steelsupply"],"picked":"rmod:fletcherpendant","floor":10},{"not_picked":["rmod:diamondstrike","rmod:intelligenceanalysis"],"picked":"rmod:aviationdawn","floor":12},{"not_picked":["rmod:luckystar","rmod:fuelsupply"],"picked":"rmod:windflower","floor":14},{"not_picked":["rmod:expeditionaryescort","rmod:acesubmarine"],"picked":"rmod:desperatesituation","floor":16},{"not_picked":["rmod:supportescort","rmod:firesupport"],"picked":"rmod:ring","floor":18},{"not_picked":["rmod:wife","rmod:aluminumsupply"],"picked":"rmod:robin+1","floor":20}],"player_experience":470871,"relics_obtained":[{"floor":3,"key":"Letter Opener"},{"floor":6,"key":"Replay:Kaleidoscope"},{"floor":9,"key":"Unceasing Top"},{"floor":10,"key":"Replay:Baseball"},{"floor":14,"key":"Regal Pillow"}],"event_choices":[{"damage_healed":0,"gold_gain":0,"player_choice":"Lose Max HP","damage_taken":0,"relics_obtained":["Golden Idol"],"max_hp_gain":0,"max_hp_loss":5,"event_name":"Golden Idol","floor":5,"gold_loss":0}],"is_beta":false,"boss_relics":[{"not_picked":["Black Star","Ring of Chaos"],"picked":"rmod:mogul"}],"items_purged_floors":[19],"is_endless":false,"potions_floor_spawned":[6,12,14,16,18],"killed_by":"Snake Plant","ascension_level":0}}