{"host":"k67zwea37tbl4jhz","time":1610266422,"event":{"mods":["AchievementEnabler","Act Like it!","Aspiration","BaseMod","Better Altar","Better Match","Better Note","Better Sensory Stone","Better Skull","Better Third Choice","BetterRewards","CCEM","Clawfect","Colored Map","Conspire","Downfall","GifTheSpireLib","Googly Eyes","Halation","Highlight Path","Hubris","Mimic Mod","Minty Spire (QoL Compilation)","Permanent Neow","Replay The Spire","Shop Mod","Spicy Shops","StSLib","Stuff the Spire","Unceasing Turn Reminder","everything is the same but u backflip on backflip"],"gold_per_floor":[99,118,129,129,148,165,204,204,234,234,262,262,282,307,320,320,320],"floor_reached":16,"playtime":1191,"items_purged":[],"score":112,"play_id":"39a23592-768d-43ea-956f-536c6ef473c5","local_time":"20210110031342","is_ascension_mode":false,"campfire_choices":[{"floor":1,"key":"RECALL"}],"circlet_count":0,"master_deck":["conspire:GhostlyStrike","conspire:GhostlyStrike","conspire:GhostlyDefend","conspire:GhostlyDefend","conspire:GhostlyDefend","sneckomod:TailWhip","sneckomod:SnekBite","sneckomod:Unknown","sneckomod:Unknown","sneckomod:ImprovisedGuard","sneckomod:UnknownBlock","sneckomod:DiceBoulder+1","sneckomod:DiceCrush","sneckomod:UnknownRareSkill","Pot Of Greed","Pot Of Greed","sneckomod:UnknownUncommonPower","sneckomod:DiceBlock","sneckomod:SnekBeam","sneckomod:UnknownWeak"],"relics":["sneckomod:SneckoSoul","Grinning Jar","hubris:Icosahedron","aspiration:HiddenCompartment","halation:PinkSoulGem","Counterbalance","CCEMRelics:GrapeVine"],"acts_visited":["Exordium"],"potions_floor_usage":[],"damage_taken":[{"damage":0,"enemies":"2 Louse","floor":2,"turns":2},{"damage":11,"enemies":"Cultist","floor":3,"turns":4},{"damage":3,"enemies":"Small Slimes","floor":5,"turns":3},{"damage":2,"enemies":"Blue Slaver","floor":6,"turns":4},{"damage":0,"enemies":"Large Slime","floor":7,"turns":7},{"damage":14,"enemies":"3 Sentries","floor":11,"turns":4},{"damage":1,"enemies":"Large Slime","floor":13,"turns":7},{"damage":16,"enemies":"Gremlin Nob","floor":14,"turns":4},{"damage":17,"enemies":"2 Fungi Beasts","floor":15,"turns":4},{"damage":30,"enemies":"downfall:Ironclad","floor":16,"turns":5}],"seed_played":"4190064808650216207","potions_obtained":[{"floor":3,"key":"PowerPotion"},{"floor":5,"key":"Block Potion"},{"floor":13,"key":"Reflective Coating"},{"floor":14,"key":"sneckomod:DiceRollPotion"}],"is_trial":false,"path_per_floor":["R","M","M","?","M","M","MIM","?","?","?","E","?","M","E","M","B"],"character_chosen":"THE_SNECKO","items_purchased":[],"campfire_rested":0,"item_purchase_floors":[],"current_hp_per_floor":[90,91,80,80,77,76,77,77,77,77,63,63,62,47,30,0,0],"gold":320,"neow_bonus":"TRANSFORM_CARD","is_daily":false,"chose_seed":false,"campfire_upgraded":0,"win_rate":0.0,"timestamp":1610266422,"path_taken":["R","M","M","?","?","M","MIM","?","?","?","E","?","M","E","M","BOSS"],"items_purchased_type":[],"build_version":"2020-12-22","purchased_purges":0,"victory":false,"max_hp_per_floor":[90,91,91,91,91,92,93,93,93,93,93,93,93,94,94,94,94],"card_choices":[{"not_picked":["sneckomod:UnknownVulnerable","sneckomod:UnknownClassTHE_CHAMP_GRAY"],"picked":"sneckomod:UnknownBlock","floor":2},{"not_picked":["sneckomod:UnknownClassSLIMEBOUND","sneckomod:UnknownExhaust"],"picked":"sneckomod:DiceBoulder","floor":3},{"not_picked":["sneckomod:QuickMove","sneckomod:UnknownClassHEXA_GHOST_PURPLE"],"picked":"sneckomod:DiceCrush","floor":5},{"not_picked":["sneckomod:UnknownCommonAttack","sneckomod:UnknownVulnerable"],"picked":"sneckomod:UnknownRareSkill","floor":6},{"not_picked":["sneckomod:UnknownWeak","sneckomod:UnknownClassRED"],"picked":"sneckomod:UnknownUncommonPower","floor":7},{"not_picked":["sneckomod:UnknownWeak","sneckomod:SoulExchange"],"picked":"sneckomod:DiceBlock","floor":11},{"not_picked":["sneckomod:UnknownCommonSkill","sneckomod:UnknownBlock"],"picked":"sneckomod:SnekBeam","floor":13},{"not_picked":["sneckomod:QuickBite","sneckomod:UnknownBlock"],"picked":"sneckomod:UnknownWeak","floor":14},{"not_picked":["sneckomod:RainOfDice","sneckomod:SoulDraw","sneckomod:QuickMove"],"picked":"SKIP","floor":15}],"player_experience":169264,"relics_obtained":[{"floor":7,"key":"Grinning Jar"},{"floor":11,"key":"Counterbalance"},{"floor":14,"key":"CCEMRelics:GrapeVine"}],"event_choices":[{"damage_healed":0,"gold_gain":0,"player_choice":"Forge","damage_taken":0,"max_hp_gain":0,"max_hp_loss":0,"event_name":"Accursed Blacksmith","floor":4,"gold_loss":0,"cards_upgraded":["sneckomod:DiceBoulder"]},{"damage_healed":0,"gold_gain":0,"player_choice":"Agree","damage_taken":0,"max_hp_gain":0,"max_hp_loss":0,"event_name":"conspire:LoneGhost","floor":12,"gold_loss":0}],"is_beta":false,"boss_relics":[],"items_purged_floors":[],"is_endless":false,"potions_floor_spawned":[3,5,13,14],"killed_by":"downfall:Ironclad","ascension_level":0}}