{"host":"q9718omregw4er46","time":1610277557,"event":{"mods":["BaseMod","Bestiary","Colored Powertips","Minty Spire (QoL Compilation)","Quick Restart","Relic Stats"],"gold_per_floor":[363,363,31,31,47,47,79,79,102,122,149,15,15,29,29,103,103,119,119,119],"floor_reached":19,"playtime":482,"items_purged":[],"score":350,"play_id":"1d4255be-a340-4120-bd0b-d12413b8d439","local_time":"20210110161917","is_ascension_mode":true,"campfire_choices":[{"data":"Barrage","floor":6.0,"key":"SMITH"},{"floor":8.0,"key":"REST"},{"floor":15,"key":"REST"}],"circlet_count":0,"master_deck":["AscendersBane","Strike_B","Strike_B","Strike_B","Strike_B","Defend_B","Defend_B","Defend_B","Defend_B","Zap","Dualcast","Cold Snap","Barrage+1","Recycle","Ball Lightning","Defragment","Biased Cognition","Genetic Algorithm"],"relics":["Cracked Core","Runic Capacitor","Bronze Scales","The Courier","Pen Nib","Bag of Preparation","Membership Card","CultistMask","Busted Crown"],"acts_visited":["TheCity"],"potions_floor_usage":[14],"damage_taken":[{"damage":8.0,"enemies":"2 Louse","floor":1.0,"turns":3.0},{"damage":0.0,"enemies":"Cultist","floor":5.0,"turns":3.0},{"damage":37.0,"enemies":"Gremlin Nob","floor":7.0,"turns":4.0},{"damage":5.0,"enemies":"Jaw Worm","floor":10.0,"turns":4.0},{"damage":24.0,"enemies":"Lagavulin","floor":11.0,"turns":6.0},{"damage":0,"enemies":"Looter","floor":14,"turns":1},{"damage":23,"enemies":"Slime Boss","floor":16,"turns":8},{"damage":28,"enemies":"Chosen","floor":18,"turns":5},{"damage":28,"enemies":"Shell Parasite","floor":19,"turns":3}],"seed_played":"-7087002345172483457","potions_obtained":[{"floor":1.0,"key":"PotionOfCapacity"},{"floor":7.0,"key":"PowerPotion"},{"floor":14,"key":"PotionOfCapacity"}],"is_trial":false,"path_per_floor":["M","?","$","T","M","R","E","R","T","M","E","$","?","M","R","B",null,"M","M"],"character_chosen":"DEFECT","items_purchased":["Runic Capacitor","Bronze Scales","Membership Card"],"campfire_rested":2,"item_purchase_floors":[3,3,12],"current_hp_per_floor":[56,56,56,56,56,56,19,40,40,35,11,11,11,11,32,9,56,28,0,0],"gold":119,"neow_bonus":"TWO_FIFTY_GOLD","is_daily":false,"chose_seed":false,"campfire_upgraded":1,"win_rate":0.0,"timestamp":1610277557,"path_taken":["M","?","$","?","M","R","E","R","T","M","E","?","?","M","R","BOSS","M","M"],"items_purchased_type":["Relic","Relic","Relic"],"build_version":"2020-12-22","purchased_purges":0,"victory":false,"max_hp_per_floor":[71,71,71,71,71,71,71,71,71,71,71,71,71,71,71,71,71,71,71,71],"relic_stats":{"Busted Crown":2,"counters":[9,37],"Bronze Scales":[39],"Pen Nib":[4],"Bag of Preparation":[8],"obtain_stats":[{"Busted Crown":17,"Bronze Scales":3,"The Courier":4,"Pen Nib":7,"CultistMask":13,"Runic Capacitor":3,"Bag of Preparation":11,"Membership Card":12,"Cracked Core":0},{"Busted Crown":7,"Bronze Scales":1,"The Courier":1,"Pen Nib":3,"CultistMask":5,"Runic Capacitor":1,"Bag of Preparation":5,"Membership Card":5,"Cracked Core":0},{"Busted Crown":29,"Bronze Scales":3,"The Courier":3,"Pen Nib":10,"CultistMask":20,"Runic Capacitor":3,"Bag of Preparation":20,"Membership Card":20,"Cracked Core":0}]},"card_choices":[{"not_picked":["Heatsinks","Fusion"],"picked":"Cold Snap","floor":1.0},{"not_picked":["Gash","Doom and Gloom"],"picked":"Barrage","floor":5.0},{"not_picked":["Barrage","Capacitor"],"picked":"Recycle","floor":7.0},{"not_picked":["Steam Power","Turbo"],"picked":"Ball Lightning","floor":10.0},{"not_picked":["Conserve Battery","Consume"],"picked":"Defragment","floor":11.0},{"not_picked":["Hologram","Stack","Beam Cell"],"picked":"SKIP","floor":14},{"not_picked":["Seek","Meteor Strike"],"picked":"Biased Cognition","floor":16},{"not_picked":[],"picked":"Genetic Algorithm","floor":18}],"player_experience":1195449,"relics_obtained":[{"floor":4.0,"key":"The Courier"},{"floor":7.0,"key":"Pen Nib"},{"floor":11.0,"key":"Bag of Preparation"}],"event_choices":[{"cards_removed":["Decay"],"damage_healed":0.0,"max_hp_gain":0.0,"max_hp_loss":0.0,"gold_gain":0.0,"event_name":"Purifier","player_choice":"Purged","floor":2.0,"gold_loss":0.0,"damage_taken":0.0},{"damage_healed":0.0,"max_hp_gain":0.0,"max_hp_loss":0.0,"gold_gain":0.0,"event_name":"FaceTrader","player_choice":"Trade","floor":13.0,"gold_loss":0.0,"damage_taken":0.0,"relics_obtained":["CultistMask"]}],"is_beta":false,"boss_relics":[{"not_picked":["Calling Bell","Empty Cage"],"picked":"Busted Crown"}],"items_purged_floors":[],"is_endless":false,"potions_floor_spawned":[1,7,11,14],"killed_by":"Shell Parasite","ascension_level":20}}