{"host":"cny2hboix4qtzjgl","time":1610286975,"event":{"mods":["AchievementEnabler","BaseMod","Colored Map","Colored Powertips","Highlight Path","Minty Spire (QoL Compilation)","Relic Stats","Shop Mod","StSLib"],"gold_per_floor":[119,119,134,153,167,197,58,58,112,112,123,123,133,143,143,238,538,556,556,576,576,25,25,43,43,43,43,56,56,56,76,76,179,179,191,202,220,220,231,231,249,249,249,268,287,287,306,318,318,318,318],"floor_reached":50,"playtime":2349,"items_purged":["Strike_G"],"score":602,"play_id":"641ee254-dbf2-40de-84f8-bd2307da2306","local_time":"20210110215615","is_ascension_mode":false,"campfire_choices":[{"data":"Envenom","floor":8.0,"key":"SMITH"},{"floor":12.0,"key":"RECALL"},{"floor":15.0,"key":"REST"},{"floor":23.0,"key":"REST"},{"data":"Apotheosis","floor":25.0,"key":"SMITH"},{"data":"Infinite Blades","floor":29.0,"key":"SMITH"},{"floor":32.0,"key":"REST"},{"floor":40.0,"key":"REST"},{"floor":42.0,"key":"REST"},{"floor":49.0,"key":"REST"}],"circlet_count":0,"master_deck":["Strike_G","Strike_G","Strike_G","Strike_G","Defend_G","Defend_G","Defend_G","Defend_G","Defend_G","Survivor","Neutralize+1","Poisoned Stab","Blade Dance","Infinite Blades+1","Finisher","PiercingWail","Envenom+1","Deadly Poison","A Thousand Cuts","Slice","RitualDagger","Crippling Poison+1","Apotheosis+1","Blade Dance","Blade Dance","Slice","A Thousand Cuts+1","Acrobatics+1","Quick Slash","Prepared+1","Cloak And Dagger","Phantasmal Killer"],"relics":["Ring of the Snake","CultistMask","Matryoshka","Omamori","Calling Bell","Ancient Tea Set","Mummified Hand","Old Coin","Enchiridion","CaptainsWheel","Sundial","Bag of Preparation","MutagenicStrength","WarpedTongs","Fusion Hammer","Darkstone Periapt"],"acts_visited":["TheCity","TheBeyond"],"potions_floor_usage":[50,50,50],"damage_taken":[{"damage":4.0,"enemies":"Jaw Worm","floor":1.0,"turns":6.0},{"damage":0.0,"enemies":"Cultist","floor":3.0,"turns":4.0},{"damage":2.0,"enemies":"2 Louse","floor":4.0,"turns":2.0},{"damage":8.0,"enemies":"Lots of Slimes","floor":5.0,"turns":4.0},{"damage":30.0,"enemies":"3 Sentries","floor":6.0,"turns":8.0},{"damage":1.0,"enemies":"Red Slaver","floor":11.0,"turns":5.0},{"damage":2.0,"enemies":"Looter","floor":13.0,"turns":4.0},{"damage":0.0,"enemies":"Exordium Wildlife","floor":14.0,"turns":2.0},{"damage":39.0,"enemies":"Slime Boss","floor":16.0,"turns":7.0},{"damage":29.0,"enemies":"Shell Parasite","floor":18.0,"turns":5.0},{"damage":2.0,"enemies":"Chosen","floor":20.0,"turns":4.0},{"damage":6.0,"enemies":"Centurion and Healer","floor":24.0,"turns":5.0},{"damage":2.0,"enemies":"Sentry and Sphere","floor":28.0,"turns":3.0},{"damage":15.0,"enemies":"Snake Plant","floor":31.0,"turns":3.0},{"damage":34.0,"enemies":"Automaton","floor":33.0,"turns":6.0},{"damage":0.0,"enemies":"3 Darklings","floor":35.0,"turns":1.0},{"damage":15.0,"enemies":"Orb Walker","floor":36.0,"turns":2.0},{"damage":14.0,"enemies":"3 Darklings","floor":37.0,"turns":4.0},{"damage":20.0,"enemies":"Writhing Mass","floor":39.0,"turns":5.0},{"damage":0.0,"enemies":"Spire Growth","floor":41.0,"turns":4.0},{"damage":0.0,"enemies":"3 Darklings","floor":44.0,"turns":2.0},{"damage":10.0,"enemies":"Sphere and 2 Shapes","floor":45.0,"turns":3.0},{"damage":0.0,"enemies":"Transient","floor":47.0,"turns":5.0},{"damage":16.0,"enemies":"Jaw Worm Horde","floor":48.0,"turns":3.0},{"damage":65,"enemies":"Awakened One","floor":50,"turns":7}],"seed_played":"7723258202999144450","potions_obtained":[{"floor":3.0,"key":"Dexterity Potion"},{"floor":4.0,"key":"SpeedPotion"},{"floor":5.0,"key":"Regen Potion"},{"floor":10.0,"key":"CunningPotion"},{"floor":18.0,"key":"Swift Potion"},{"floor":31.0,"key":"Dexterity Potion"},{"floor":33.0,"key":"Block Potion"},{"floor":36.0,"key":"Energy Potion"},{"floor":41.0,"key":"SmokeBomb"},{"floor":45.0,"key":"Dexterity Potion"}],"is_trial":false,"path_per_floor":["M","?","M","M","M","E","$","R","T","?","M","R","M","M","R","B",null,"M","?","M","?","$","R","M","R","T","?","M","R","?","M","R","B",null,"M","M","M","?","M","R","M","R","T","M","M","?","M","M","R","B"],"character_chosen":"THE_SILENT","items_purchased":["Envenom","Apotheosis","CaptainsWheel"],"campfire_rested":6,"item_purchase_floors":[7,22,22],"current_hp_per_floor":[66,66,66,64,56,41,41,41,41,41,40,40,38,38,59,20,70,41,35,33,17,17,38,32,32,32,32,30,30,30,15,36,2,70,70,55,41,41,21,42,42,63,63,63,53,53,53,37,58,0,0],"gold":318,"neow_bonus":"UPGRADE_CARD","is_daily":false,"chose_seed":false,"campfire_upgraded":3,"win_rate":0.0,"timestamp":1610286975,"path_taken":["M","?","?","M","M","E","$","R","T","?","M","R","?","M","R","BOSS","M","?","M","?","?","R","M","R","T","?","?","R","?","M","R","BOSS","M","M","M","?","M","R","M","R","T","M","M","?","?","M","R","BOSS"],"items_purchased_type":["Card","Card","Relic"],"build_version":"2020-12-22","purchased_purges":1,"victory":false,"max_hp_per_floor":[70,70,70,70,70,70,70,70,70,70,70,70,70,70,70,70,70,70,70,70,70,70,70,70,70,70,70,70,70,70,70,70,70,70,70,70,70,70,70,70,70,70,70,70,70,70,70,70,70,70,70],"relic_stats":{"Darkstone Periapt":0,"counters":[25,104],"Mummified Hand":[64],"Sundial":[2],"Bag of Preparation":[26],"obtain_stats":[{"Darkstone Periapt":43,"Enchiridion":21,"Omamori":9,"Bag of Preparation":26,"Ancient Tea Set":17,"Old Coin":17,"WarpedTongs":30,"Calling Bell":17,"CaptainsWheel":22,"Matryoshka":6,"Mummified Hand":17,"Sundial":26,"MutagenicStrength":27,"CultistMask":2,"Fusion Hammer":34,"Ring of the Snake":0},{"Darkstone Periapt":20,"Enchiridion":11,"Omamori":5,"Bag of Preparation":12,"Ancient Tea Set":9,"Old Coin":9,"WarpedTongs":13,"Calling Bell":9,"CaptainsWheel":11,"Matryoshka":5,"Mummified Hand":9,"Sundial":12,"MutagenicStrength":12,"CultistMask":1,"Fusion Hammer":15,"Ring of the Snake":0},{"Darkstone Periapt":84,"Enchiridion":51,"Omamori":24,"Bag of Preparation":56,"Ancient Tea Set":42,"Old Coin":42,"WarpedTongs":59,"Calling Bell":42,"CaptainsWheel":51,"Matryoshka":24,"Mummified Hand":42,"Sundial":56,"MutagenicStrength":56,"CultistMask":6,"Fusion Hammer":68,"Ring of the Snake":0}],"Ring of the Snake":[50],"WarpedTongs":[45]},"card_choices":[{"not_picked":["Expertise","Heel Hook"],"picked":"Poisoned Stab","floor":1.0},{"not_picked":["Deflect","Concentrate"],"picked":"Blade Dance","floor":3.0},{"not_picked":["Acrobatics","PiercingWail"],"picked":"Infinite Blades","floor":4.0},{"not_picked":["Deadly Poison","Underhanded Strike"],"picked":"Finisher","floor":5.0},{"not_picked":["Reflex","Deadly Poison"],"picked":"PiercingWail","floor":6.0},{"not_picked":["Flying Knee","Dagger Spray"],"picked":"Deadly Poison","floor":11.0},{"not_picked":["Caltrops","Flechettes","Dagger Spray"],"picked":"SKIP","floor":13.0},{"not_picked":["Sucker Punch","Quick Slash","Underhanded Strike"],"picked":"SKIP","floor":14.0},{"not_picked":["After Image","Glass Knife"],"picked":"A Thousand Cuts","floor":16.0},{"not_picked":["Deadly Poison","Outmaneuver+1"],"picked":"Slice","floor":18.0},{"not_picked":["Prepared","PiercingWail"],"picked":"Crippling Poison+1","floor":20.0},{"not_picked":["Quick Slash","Caltrops"],"picked":"Blade Dance","floor":24.0},{"not_picked":["Bane","Dagger Spray"],"picked":"Blade Dance","floor":28.0},{"not_picked":["Masterful Stab","Wraith Form v2"],"picked":"Slice","floor":31.0},{"not_picked":["Tools of the Trade","Grand Finale"],"picked":"A Thousand Cuts","floor":33.0},{"not_picked":["Dagger Throw+1","Flying Knee"],"picked":"Acrobatics+1","floor":35.0},{"not_picked":["Skewer","Dagger Spray+1"],"picked":"Quick Slash","floor":36.0},{"not_picked":["Predator+1","Accuracy+1"],"picked":"Prepared+1","floor":37.0},{"not_picked":["Dagger Spray","Sucker Punch","Crippling Poison+1"],"picked":"SKIP","floor":39.0},{"not_picked":["Quick Slash+1","Underhanded Strike+1"],"picked":"Cloak And Dagger","floor":41.0},{"not_picked":["Accuracy","Outmaneuver"],"picked":"Phantasmal Killer","floor":44.0},{"not_picked":["Bouncing Flask+1","Leg Sweep+1","Acrobatics"],"picked":"SKIP","floor":45.0},{"not_picked":["Eviscerate","Cloak And Dagger","Bouncing Flask+1"],"picked":"SKIP","floor":47.0},{"not_picked":["Dagger Spray+1","Deflect","Slice"],"picked":"SKIP","floor":48.0}],"player_experience":78998,"relics_obtained":[{"floor":6.0,"key":"Matryoshka"},{"floor":9.0,"key":"Omamori"},{"floor":17.0,"key":"Ancient Tea Set"},{"floor":17.0,"key":"Mummified Hand"},{"floor":17.0,"key":"Old Coin"},{"floor":21.0,"key":"Enchiridion"},{"floor":26.0,"key":"Sundial"},{"floor":26.0,"key":"Bag of Preparation"},{"floor":43.0,"key":"Darkstone Periapt"}],"event_choices":[{"damage_healed":0.0,"max_hp_gain":0.0,"max_hp_loss":0.0,"gold_gain":0.0,"event_name":"FaceTrader","player_choice":"Trade","floor":2.0,"gold_loss":0.0,"damage_taken":0.0,"relics_obtained":["CultistMask"]},{"damage_healed":0.0,"max_hp_gain":0.0,"max_hp_loss":0.0,"gold_gain":0.0,"event_name":"Lab","player_choice":"Got Potions","floor":10.0,"gold_loss":0.0,"damage_taken":0.0},{"damage_healed":0.0,"max_hp_gain":0.0,"max_hp_loss":0.0,"gold_gain":0.0,"event_name":"Nest","player_choice":"Joined the Cult","floor":19.0,"gold_loss":0.0,"damage_taken":6.0,"cards_obtained":["RitualDagger"]},{"damage_healed":0.0,"max_hp_gain":0.0,"max_hp_loss":0.0,"gold_gain":0.0,"event_name":"Cursed Tome","player_choice":"Obtained Book","floor":21.0,"gold_loss":0.0,"damage_taken":16.0},{"damage_healed":0.0,"max_hp_gain":0.0,"max_hp_loss":0.0,"gold_gain":0.0,"event_name":"Drug Dealer","player_choice":"Inject Mutagens","floor":27.0,"gold_loss":0.0,"damage_taken":0.0,"relics_obtained":["MutagenicStrength"]},{"damage_healed":0.0,"max_hp_gain":0.0,"max_hp_loss":0.0,"gold_gain":0.0,"event_name":"Accursed Blacksmith","player_choice":"Rummage","floor":30.0,"gold_loss":0.0,"damage_taken":0.0,"relics_obtained":["WarpedTongs"],"cards_obtained":["Pain"]},{"damage_healed":0.0,"max_hp_gain":0.0,"max_hp_loss":0.0,"gold_gain":0.0,"event_name":"Mysterious Sphere","player_choice":"Ignored","floor":38.0,"gold_loss":0.0,"damage_taken":0.0},{"damage_healed":0.0,"max_hp_gain":0.0,"max_hp_loss":0.0,"gold_gain":0.0,"event_name":"Upgrade Shrine","player_choice":"Upgraded","floor":46.0,"gold_loss":0.0,"damage_taken":0.0,"cards_upgraded":["A Thousand Cuts"]}],"is_beta":false,"boss_relics":[{"not_picked":["Astrolabe","Velvet Choker"],"picked":"Calling Bell"},{"not_picked":["SacredBark","Sozu"],"picked":"Fusion Hammer"}],"items_purged_floors":[22],"is_endless":false,"potions_floor_spawned":[3,4,5,11,18,31,33,36,41,45,47],"killed_by":"Awakened One","ascension_level":0}}