{"host":"19t2eyow02s954g8","time":1610240545,"event":{"mods":["BaseMod","Colored Map","DeckTracker","Minty Spire (QoL Compilation)","StSLib","SuperFastMode"],"gold_per_floor":[119,119,132,57,57,85,85,85,85,97,107,107,107,125,125,202,202,220,233,133,133,8,38,50,50,50,78,97,97,97,129,129,206,206,222,72,92,110,129,129,129,160,160,189,189,201,201,201,201,201,201,201,201,26,59,59],"floor_reached":57,"playtime":2607,"items_purged":["Strike_G","Defend_G","Cloak And Dagger","Survivor","Neutralize+1"],"score":3186,"play_id":"28bb1ad5-e2f5-4524-b979-b9aa4cdbb54d","local_time":"20210110100225","is_ascension_mode":true,"campfire_choices":[{"data":"Flechettes","floor":8.0,"key":"SMITH"},{"data":"Neutralize","floor":13.0,"key":"SMITH"},{"data":"Noxious Fumes","floor":15.0,"key":"SMITH"},{"data":"Tactician","floor":25,"key":"SMITH"},{"data":"Footwork","floor":30,"key":"SMITH"},{"data":"Defend_G","floor":32,"key":"PURGE"},{"data":"Defend_G","floor":40,"key":"PURGE"},{"data":"Wraith Form v2","floor":45,"key":"SMITH"},{"data":"Grand Finale+1","floor":47,"key":"PURGE"},{"floor":49,"key":"RECALL"},{"data":"Defend_G+1","floor":53,"key":"PURGE"}],"circlet_count":0,"master_deck":["AscendersBane","Tactician+1","Terror","Grand Finale+1","Noxious Fumes+1","PiercingWail+1","Footwork+1","Acrobatics","Escape Plan","Deflect","Backflip","Wraith Form v2+1","Night Terror"],"relics":["Ring of the Snake","NeowsBlessing","Bag of Preparation","Gambling Chip","Empty Cage","Girya","Peace Pipe","CaptainsWheel","SlaversCollar","Whetstone","Singing Bowl","Mummified Hand","Snake Skull"],"acts_visited":["Exordium","TheCity","TheBeyond","TheEnding"],"potions_floor_usage":[46,56],"damage_taken":[{"damage":0.0,"enemies":"Cultist","floor":1.0,"turns":1.0},{"damage":0.0,"enemies":"Small Slimes","floor":3.0,"turns":1.0},{"damage":0.0,"enemies":"Gremlin Nob","floor":6.0,"turns":1.0},{"damage":0.0,"enemies":"Jaw Worm","floor":10.0,"turns":1.0},{"damage":0.0,"enemies":"2 Fungi Beasts","floor":11.0,"turns":2.0},{"damage":0.0,"enemies":"Gremlin Gang","floor":14.0,"turns":1.0},{"damage":5.0,"enemies":"Hexaghost","floor":16.0,"turns":8.0},{"damage":0.0,"enemies":"3 Byrds","floor":18.0,"turns":1.0},{"damage":0.0,"enemies":"2 Thieves","floor":19.0,"turns":1.0},{"damage":0,"enemies":"Slavers","floor":23,"turns":1},{"damage":0,"enemies":"Sentry and Sphere","floor":24,"turns":1},{"damage":3,"enemies":"Book of Stabbing","floor":27,"turns":4},{"damage":9,"enemies":"Cultist and Chosen","floor":28,"turns":5},{"damage":0,"enemies":"Slavers","floor":31,"turns":1},{"damage":33,"enemies":"Champ","floor":33,"turns":8},{"damage":0,"enemies":"3 Darklings","floor":35,"turns":1},{"damage":0,"enemies":"Orb Walker","floor":37,"turns":1},{"damage":0,"enemies":"Sphere and 2 Shapes","floor":38,"turns":1},{"damage":0,"enemies":"Writhing Mass","floor":39,"turns":5},{"damage":0,"enemies":"Giant Head","floor":42,"turns":5},{"damage":3,"enemies":"Reptomancer","floor":44,"turns":4},{"damage":0,"enemies":"3 Darklings","floor":46,"turns":1},{"damage":9,"enemies":"Time Eater","floor":50,"turns":6},{"damage":0,"enemies":"Awakened One","floor":51,"turns":4},{"damage":0,"enemies":"Shield and Spear","floor":55,"turns":2},{"damage":34,"enemies":"The Heart","floor":56,"turns":6}],"seed_played":"1343097024933469330","potions_obtained":[{"floor":1.0,"key":"Block Potion"},{"floor":6.0,"key":"Weak Potion"},{"floor":16.0,"key":"LiquidMemories"},{"floor":27,"key":"LiquidMemories"},{"floor":46,"key":"Fruit Juice"}],"is_trial":false,"path_per_floor":["M","?","M","$","?","E","?","R","T","M","M","?","R","M","R","B",null,"M","M","$","?","$","E","M","R","T","E","M","?","R","E","R","B",null,"M","$","M","M","M","R","?","E","T","E","R","M","R","?","R","B","B",null,"R","$","E","B",null],"character_chosen":"THE_SILENT","items_purchased":[],"campfire_rested":0,"item_purchase_floors":[],"current_hp_per_floor":[59,59,59,59,64,64,43,43,43,43,43,43,43,43,43,38,63,63,63,63,63,63,63,63,63,63,60,51,51,51,51,51,18,58,58,58,58,58,58,58,58,58,58,57,57,64,64,64,64,55,55,71,71,71,73,39],"gold":59,"neow_bonus":"THREE_ENEMY_KILL","is_daily":false,"chose_seed":false,"campfire_upgraded":6,"win_rate":0.0,"timestamp":1610240545,"path_taken":["M","?","M","$","?","E","?","R","T","M","?","?","R","?","R","BOSS","M","M","$","?","$","E","M","R","T","E","?","?","R","E","R","BOSS","M","$","M","M","M","R","?","E","T","E","R","M","R","?","R","BOSS","BOSS","R","$","E","BOSS"],"items_purchased_type":[],"build_version":"2020-12-22","purchased_purges":5,"victory":true,"max_hp_per_floor":[66,66,66,66,71,71,71,71,71,71,71,71,71,71,71,71,71,71,71,71,71,71,71,71,71,71,71,71,71,71,71,71,71,71,71,71,71,71,71,71,67,67,67,69,69,76,76,76,76,76,76,76,76,76,78,78],"card_choices":[{"not_picked":["Finisher","Acrobatics"],"picked":"Tactician","floor":1.0},{"not_picked":["Quick Slash","Distraction","Dodge and Roll"],"picked":"SKIP","floor":3.0},{"not_picked":["Prepared","Dagger Spray"],"picked":"Cloak And Dagger","floor":6.0},{"not_picked":["Backflip","Flying Knee"],"picked":"Terror","floor":10.0},{"not_picked":["Underhanded Strike","Outmaneuver"],"picked":"Grand Finale","floor":11.0},{"not_picked":["Leg Sweep","Finisher"],"picked":"Noxious Fumes","floor":14.0},{"not_picked":["Doppelganger","Bullet Time"],"picked":"Grand Finale","floor":16.0},{"not_picked":["Sucker Punch","Bane"],"picked":"PiercingWail+1","floor":18.0},{"not_picked":["Sucker Punch","Catalyst","Accuracy"],"picked":"SKIP","floor":19.0},{"not_picked":["Accuracy","Terror"],"picked":"Acrobatics","floor":23},{"not_picked":["Noxious Fumes+1","Dagger Throw","Crippling Poison"],"picked":"SKIP","floor":24},{"not_picked":["Noxious Fumes+1","Dagger Throw","Crippling Poison"],"picked":"SKIP","floor":24},{"not_picked":["Dagger Spray","Venomology"],"picked":"Escape Plan","floor":27},{"not_picked":["Dagger Throw","Poisoned Stab"],"picked":"Deflect","floor":28},{"not_picked":["Leg Sweep","Quick Slash","Noxious Fumes+1"],"picked":"SKIP","floor":31},{"not_picked":["Venomology","Unload"],"picked":"Wraith Form v2","floor":33},{"not_picked":["Deadly Poison","Riddle With Holes","Quick Slash"],"picked":"SKIP","floor":35},{"not_picked":["Terror","Flying Knee","Distraction+1"],"picked":"SKIP","floor":37},{"not_picked":["Backflip","Deflect","Bane"],"picked":"SKIP","floor":38},{"not_picked":["Backflip","Deflect","Bane"],"picked":"SKIP","floor":38},{"not_picked":["Outmaneuver","Backstab","Underhanded Strike"],"picked":"SKIP","floor":39},{"not_picked":["Dodge and Roll+1","Backflip"],"picked":"Night Terror","floor":42},{"not_picked":["Dodge and Roll","Catalyst+1","Eviscerate"],"picked":"Singing Bowl","floor":44},{"not_picked":["Dagger Spray","Underhanded Strike","Quick Slash+1"],"picked":"Singing Bowl","floor":46},{"not_picked":["Acrobatics","Dagger Spray","PiercingWail"],"picked":"Singing Bowl","floor":55}],"player_experience":4241855,"relics_obtained":[{"floor":6.0,"key":"Bag of Preparation"},{"floor":9.0,"key":"Gambling Chip"},{"floor":23,"key":"Girya"},{"floor":27,"key":"Peace Pipe"},{"floor":31,"key":"CaptainsWheel"},{"floor":42,"key":"Whetstone"},{"floor":43,"key":"Singing Bowl"},{"floor":44,"key":"Mummified Hand"},{"floor":55,"key":"Snake Skull"}],"event_choices":[{"damage_healed":0.0,"max_hp_gain":0.0,"max_hp_loss":0.0,"gold_gain":0.0,"cards_transformed":["Strike_G"],"event_name":"Living Wall","player_choice":"Change","floor":2.0,"gold_loss":0.0,"damage_taken":0.0,"cards_obtained":["Flechettes"]},{"damage_healed":0.0,"max_hp_gain":5.0,"max_hp_loss":0.0,"gold_gain":0.0,"event_name":"Big Fish","player_choice":"Donut","floor":5.0,"gold_loss":0.0,"damage_taken":0.0},{"damage_healed":0.0,"max_hp_gain":0.0,"max_hp_loss":0.0,"gold_gain":0.0,"event_name":"Shining Light","player_choice":"Entered Light","floor":7.0,"gold_loss":0.0,"damage_taken":21.0,"cards_upgraded":["Defend_G","Defend_G"]},{"cards_removed":["Strike_G"],"damage_healed":0.0,"max_hp_gain":0.0,"max_hp_loss":0.0,"gold_gain":0.0,"event_name":"Purifier","player_choice":"Purged","floor":12.0,"gold_loss":0.0,"damage_taken":0.0},{"damage_healed":0,"gold_gain":0,"cards_transformed":["Flechettes"],"player_choice":"Transformed","damage_taken":0,"max_hp_gain":0,"max_hp_loss":0,"event_name":"Transmorgrifier","floor":21,"gold_loss":0,"cards_obtained":["Footwork"]},{"damage_healed":0,"gold_gain":0,"player_choice":"Read","damage_taken":0,"max_hp_gain":0,"max_hp_loss":0,"event_name":"The Library","floor":29,"gold_loss":0,"cards_obtained":["Backflip"]},{"damage_healed":0,"gold_gain":0,"player_choice":"Max HP","damage_taken":0,"max_hp_gain":0,"max_hp_loss":4,"event_name":"Winding Halls","floor":41,"gold_loss":0},{"cards_removed":["Defend_G"],"damage_healed":0,"gold_gain":0,"player_choice":"Removed Skill","damage_taken":0,"max_hp_gain":0,"max_hp_loss":0,"event_name":"Falling","floor":48,"gold_loss":0}],"is_beta":false,"boss_relics":[{"not_picked":["Pandora\u0027s Box","SacredBark"],"picked":"Empty Cage"},{"not_picked":["Runic Pyramid","Runic Dome"],"picked":"SlaversCollar"}],"items_purged_floors":[4,20,22,36,54],"is_endless":false,"potions_floor_spawned":[1,6,16,18,23,24,27,42,44,46],"ascension_level":20}}