{"host":"5apxsqgkueisybsc","time":1610316339,"event":{"mods":["BaseMod","Hunter ??","Mimic Mod","Minty Spire (QoL Compilation)","Replay The Spire","Shade Mod","StSLib","The Bladedancer","The Bug Knight","The Cursed","The Druid","The Exalted","The Forsaken","The Valiant","The Witch"],"gold_per_floor":[65,79,31,48,67,96,113,113,113,132,161,181,214,232,232,329,329,345,358,44,63,162,191,201,236,306,306,306,324,356,366,366,467,567,587,218,218,273,287,287,319,339,339,355,385,385,397,409,409,409,409],"floor_reached":50,"playtime":4389,"items_purged":["theForsaken:PlagueCurse"],"score":690,"play_id":"f6082752-da2a-407a-a139-d27d3791526e","local_time":"20210110170539","is_ascension_mode":false,"campfire_choices":[{"data":"RecklessSmite","floor":8,"key":"SMITH"},{"data":"EmpoweringForce","floor":15,"key":"SMITH"},{"data":"TempoMaster","floor":27,"key":"SMITH"},{"floor":32,"key":"DIG"},{"data":"Apotheosis","floor":40,"key":"SMITH"},{"data":"Zen","floor":49,"key":"SMITH"}],"circlet_count":0,"master_deck":["Strike_Valiant","Strike_Valiant","Strike_Valiant","Strike_Valiant","Strike_Valiant","Defend_Valiant","Defend_Valiant","Defend_Valiant","Defend_Valiant","BlindingLight","MinorHealing","MinorHealing","RecklessSmite+1","ToweringCharge","TakeAim","Decimate","Ensoul","HolyFury","FlashOfAnger","Guardian","HolyFury","Ensoul","EmpoweringForce+1","TempoMaster+1","ZealousSmite","Cleanse","Chainer","FuriousSmite","AuraDischarge","TearSoul+1","Salvation","Vindication","InsightfulPrayer+2","Hallucinations","CombatDance","PiercingStab","Radiance","TempoMaster","Apotheosis+1","Zen+1","Master of Strategy","Metamorphosis","Trip","Charge+1","WideSmite+1","Delirium"],"relics":["Cross Pendant","theForsaken:Lifeblossom","Bottled Tornado","HollowMod:LifeEnderRelic","The Courier","Cursed Key","Crumpled Paper","Bromod:ArcaneTempo","Bromod:ArcaneDeflection","Letter Opener","theForsaken:PlagueMask","ReplayTheSpireMod:Shallot","Replay:Ringing Soul","Replay:Wanted Poster","Lee\u0027s Waffle","Peace Pipe","Divine Protection","Bromod:ArcaneTrickery","Shuriken"],"acts_visited":["Exordium","TheCity","TheBeyond"],"potions_floor_usage":[6,6,10,13,14,16,18,21,24,25,25,35,41,41,44,48,48,50],"damage_taken":[{"damage":8,"enemies":"2 Louse","floor":1,"turns":3},{"damage":1,"enemies":"Jaw Worm","floor":2,"turns":4},{"damage":8,"enemies":"Small Slimes","floor":4,"turns":3},{"damage":1,"enemies":"2 Fungi Beasts","floor":5,"turns":3},{"damage":12,"enemies":"Gremlin Nob","floor":6,"turns":4},{"damage":13,"enemies":"Large Slime","floor":7,"turns":5},{"damage":23,"enemies":"Lots of Slimes","floor":10,"turns":5},{"damage":20,"enemies":"Lagavulin","floor":11,"turns":7},{"damage":5,"enemies":"Looter","floor":12,"turns":3},{"damage":20,"enemies":"3 Sentries","floor":13,"turns":8},{"damage":8,"enemies":"Blue Slaver","floor":14,"turns":3},{"damage":28,"enemies":"Fading Forest","floor":16,"turns":11},{"damage":1,"enemies":"3 Byrds","floor":18,"turns":6},{"damage":2,"enemies":"Shell Parasite","floor":19,"turns":5},{"damage":13,"enemies":"Snake Plant","floor":21,"turns":4},{"damage":61,"enemies":"Book of Stabbing","floor":23,"turns":6},{"damage":2,"enemies":"Cultist and Chosen","floor":24,"turns":5},{"damage":24,"enemies":"Gremlin Leader","floor":25,"turns":6},{"damage":31,"enemies":"Snecko","floor":29,"turns":5},{"damage":57,"enemies":"Book of Stabbing","floor":30,"turns":6},{"damage":3,"enemies":"Centurion and Healer","floor":31,"turns":4},{"damage":70,"enemies":"Champ","floor":33,"turns":14},{"damage":26,"enemies":"3 Darklings","floor":35,"turns":4},{"damage":47,"enemies":"2 Orb Walkers","floor":38,"turns":4},{"damage":23,"enemies":"Orb Walker","floor":39,"turns":4},{"damage":83,"enemies":"Reptomancer","floor":41,"turns":7},{"damage":37,"enemies":"Jaw Worm Horde","floor":42,"turns":5},{"damage":11,"enemies":"4 Shapes","floor":44,"turns":9},{"damage":58,"enemies":"Nemesis","floor":45,"turns":9},{"damage":19,"enemies":"3 Darklings","floor":47,"turns":5},{"damage":18,"enemies":"Jaw Worm Horde","floor":48,"turns":5},{"damage":160,"enemies":"Time Eater","floor":50,"turns":10}],"seed_played":"-5566226080819457472","potions_obtained":[{"floor":1,"key":"Regen Potion"},{"floor":4,"key":"Venom Potion"},{"floor":5,"key":"Block Potion"},{"floor":12,"key":"DistilledChaos"},{"floor":13,"key":"ColorlessPotion"},{"floor":14,"key":"DuplicationPotion"},{"floor":16,"key":"Block Potion"},{"floor":18,"key":"SpeedPotion"},{"floor":19,"key":"LifebloodPotion"},{"floor":23,"key":"DistilledChaos"},{"floor":24,"key":"Weak Potion"},{"floor":29,"key":"Doom Potion"},{"floor":33,"key":"Elixir"},{"floor":38,"key":"Explosive Potion"},{"floor":41,"key":"Swift Potion"},{"floor":45,"key":"LiquidBronze"},{"floor":47,"key":"Elixir"},{"floor":48,"key":"LiquidMemories"}],"is_trial":false,"path_per_floor":["M","M","$","M","M","E","M","R","T","M","E","M","E","M","R","B",null,"M","M","$","M","?","E","M","E","T","R","?","M","E","M","R","B",null,"M","$","?","?","M","R","E","M","T","M","E","?","M","M","R","B"],"character_chosen":"TheValiant","items_purchased":["ToweringCharge","Crumpled Paper","Chainer","FuriousSmite","AuraDischarge","Apotheosis","Lee\u0027s Waffle","Zen"],"campfire_rested":0,"item_purchase_floors":[3,20,20,20,20,36,36,36],"current_hp_per_floor":[108,110,110,108,109,103,104,104,104,108,98,106,108,104,104,102,110,109,108,108,98,98,75,105,110,110,110,110,89,80,110,110,106,113,109,123,116,102,98,98,53,50,53,118,116,116,135,134,134,0,0],"gold":409,"neow_bonus":"TEN_PERCENT_HP_BONUS","is_daily":false,"chose_seed":false,"campfire_upgraded":5,"win_rate":0.0,"timestamp":1610316339,"path_taken":["M","M","$","M","M","E","M","R","T","M","E","M","E","M","R","BOSS","M","M","$","M","?","E","M","E","T","R","?","M","E","M","R","BOSS","M","$","?","?","M","R","E","M","T","M","E","?","M","M","R","BOSS"],"items_purchased_type":["Card","Relic","Card","Card","Card","Card","Relic","Card"],"build_version":"2020-12-22","purchased_purges":1,"victory":false,"max_hp_per_floor":[110,110,110,110,110,110,110,110,110,110,110,110,110,110,110,110,110,110,110,110,110,110,110,110,110,110,110,110,110,110,110,110,113,113,113,123,126,129,132,132,132,132,135,135,135,135,135,135,135,135,135],"card_choices":[{"not_picked":["Desperation","FuriousSmite","ItsSmitingTime"],"picked":"SKIP","floor":1},{"not_picked":["MightBracer","ArcaneHealing"],"picked":"RecklessSmite","floor":2},{"not_picked":["ZealousPersecution","PeacefulStance"],"picked":"TakeAim","floor":4},{"not_picked":["ToweringCharge","MightForm"],"picked":"Decimate","floor":5},{"not_picked":["Salvation","Charge"],"picked":"Ensoul","floor":6},{"not_picked":["MightBracer","ItsSmitingTime"],"picked":"HolyFury","floor":7},{"not_picked":["Charge","Decimate"],"picked":"FlashOfAnger","floor":10},{"not_picked":["WeakForm","MaddeningRevelation"],"picked":"Guardian","floor":11},{"not_picked":["WideSmite","CombatDance"],"picked":"HolyFury","floor":12},{"not_picked":["UnyieldingZeal","ToweringCharge"],"picked":"Ensoul","floor":13},{"not_picked":["CombatDance","HolyFury"],"picked":"EmpoweringForce","floor":14},{"not_picked":["Salvation","PeacefulStance"],"picked":"TempoMaster","floor":16},{"not_picked":["HolyFury","Tantrum+1"],"picked":"ZealousSmite","floor":18},{"not_picked":["GracefulSiphon+1","FlashOfAnger+1"],"picked":"Cleanse","floor":19},{"not_picked":["HolyFury","QuickSiphon"],"picked":"TearSoul+1","floor":21},{"not_picked":["Decimate+1","QuickSiphon"],"picked":"Salvation","floor":23},{"not_picked":["TakeAim","DelvingPrayer"],"picked":"Vindication","floor":24},{"not_picked":["SoulStrain","StrainingSmite"],"picked":"InsightfulPrayer+2","floor":25},{"not_picked":["HolyFury","UnyieldingZeal+1"],"picked":"CombatDance","floor":29},{"not_picked":["RecklessSmite+1","DivineFavor+1"],"picked":"PiercingStab","floor":30},{"not_picked":["Meaballize","SoulStrain"],"picked":"Radiance","floor":31},{"not_picked":["Bombastic","AtAllCosts"],"picked":"TempoMaster","floor":33},{"not_picked":["TearSoul","Meaballize+1","CombatStance+1"],"picked":"SKIP","floor":35},{"not_picked":["Dramatic Entrance","Discovery"],"picked":"Master of Strategy","floor":37},{"not_picked":["ReplayTheSpireMod:Brewmster","Impatience"],"picked":"Metamorphosis","floor":37},{"not_picked":["PanicButton","Dark Shackles"],"picked":"Trip","floor":37},{"not_picked":["DivineFavor","MercilessSmite"],"picked":"Charge+1","floor":38},{"not_picked":["UnyieldingZeal+1","Decimate"],"picked":"WideSmite+1","floor":39},{"not_picked":["MaddeningRevelation+1","Quickstep","RecklessSmite+1"],"picked":"SKIP","floor":41},{"not_picked":["ZealousPersecution+1","FlashOfAnger","Retaliate"],"picked":"SKIP","floor":42},{"not_picked":["Decimate+1","UnyieldingZeal","GracefulSiphon"],"picked":"SKIP","floor":44},{"not_picked":["GracefulSiphon","Quickstep","UnyieldingZeal"],"picked":"SKIP","floor":45},{"not_picked":["AbandonReason","MaddeningRevelation","Uprising"],"picked":"SKIP","floor":47},{"not_picked":["ZealousPersecution","GracefulSiphon+1","ToweringCharge+1"],"picked":"SKIP","floor":48}],"player_experience":102173,"relics_obtained":[{"floor":6,"key":"theForsaken:Lifeblossom"},{"floor":9,"key":"Bottled Tornado"},{"floor":11,"key":"HollowMod:LifeEnderRelic"},{"floor":13,"key":"The Courier"},{"floor":23,"key":"Bromod:ArcaneTempo"},{"floor":25,"key":"Bromod:ArcaneDeflection"},{"floor":26,"key":"Letter Opener"},{"floor":30,"key":"ReplayTheSpireMod:Shallot"},{"floor":32,"key":"Replay:Ringing Soul"},{"floor":38,"key":"Peace Pipe"},{"floor":41,"key":"Divine Protection"},{"floor":43,"key":"Bromod:ArcaneTrickery"},{"floor":45,"key":"Shuriken"}],"event_choices":[{"damage_healed":0,"gold_gain":99,"player_choice":"Stole From Cult","damage_taken":0,"max_hp_gain":0,"max_hp_loss":0,"event_name":"Nest","floor":22,"gold_loss":0},{"damage_healed":0,"gold_gain":0,"player_choice":"Obtain Plague Curse","damage_taken":0,"max_hp_gain":0,"max_hp_loss":0,"event_name":"Plague Doctor","floor":28,"gold_loss":0,"cards_obtained":["theForsaken:PlagueCurse"]},{"damage_healed":0,"gold_gain":0,"player_choice":"Memory 3","damage_taken":10,"max_hp_gain":0,"max_hp_loss":0,"event_name":"SensoryStone","floor":37,"gold_loss":0},{"damage_healed":0,"gold_gain":0,"player_choice":"Fight","damage_taken":0,"max_hp_gain":0,"max_hp_loss":0,"event_name":"Mysterious Sphere","floor":38,"gold_loss":0},{"damage_healed":0,"gold_gain":0,"player_choice":"Ignored","damage_taken":0,"max_hp_gain":0,"max_hp_loss":0,"event_name":"Tomb of Lord Red Mask","floor":46,"gold_loss":0}],"is_beta":false,"boss_relics":[{"not_picked":["Empty Cage","Bromod:ArcaneBarrier"],"picked":"Cursed Key"},{"not_picked":["Replay:Grab Bag","Bromod:ArcaneGrace"],"picked":"Replay:Wanted Poster"}],"items_purged_floors":[36],"is_endless":false,"potions_floor_spawned":[1,4,5,12,13,14,16,18,19,23,24,29,33,38,41,45,47,48],"killed_by":"Time Eater","ascension_level":0}}