{"host":"eulinuz724l58ltv","time":1610307705,"event":{"mods":["BaseMod","Colored Map","Colored Powertips","Highlight Path","Minty Spire (QoL Compilation)"],"gold_per_floor":[115,45,61,34,34,68,84,97,97,272,272,283,283,310,310,414,414,432,357,3,3,15,41,56,56,56,56,56,56,56,70,70,70,70],"floor_reached":33,"playtime":2430,"items_purged":[],"score":343,"play_id":"d59004a3-a22a-4c1c-ab35-7c10761ceded","local_time":"20210110204145","is_ascension_mode":true,"campfire_choices":[{"data":"Armaments","floor":11,"key":"SMITH"},{"data":"Flex","floor":13,"key":"SMITH"},{"floor":15,"key":"REST"},{"floor":27,"key":"REST"},{"floor":30,"key":"REST"},{"data":"Immolate","floor":32,"key":"SMITH"}],"circlet_count":0,"master_deck":["Strike_R+1","Strike_R+1","Strike_R+1","Strike_R+1","Strike_R+1","Defend_R+1","Defend_R+1","Defend_R+1","Defend_R+1","Bash","Armaments+1","Flex+1","Thunderclap","Shrug It Off","Clothesline","Immolate+1","Perfected Strike","Spot Weakness","Pummel","Shockwave","Juggernaut","Uppercut","Rampage","Entrench","Reckless Charge","Anger","Inflame","Inflame+1"],"relics":["Burning Blood","NeowsBlessing","Lizard Tail","Charon\u0027s Ashes","Ornamental Fan","Runic Cube","Gremlin Horn","InkBottle","Vajra","StoneCalendar","Nilry\u0027s Codex"],"acts_visited":["Exordium","TheCity"],"potions_floor_usage":[14,16,22,23],"damage_taken":[{"damage":0.0,"enemies":"Jaw Worm","floor":1.0,"turns":1.0},{"damage":0.0,"enemies":"Cultist","floor":3.0,"turns":1.0},{"damage":0.0,"enemies":"3 Sentries","floor":6.0,"turns":2.0},{"damage":1.0,"enemies":"2 Louse","floor":7.0,"turns":2.0},{"damage":13.0,"enemies":"Gremlin Gang","floor":8.0,"turns":4.0},{"damage":0,"enemies":"2 Fungi Beasts","floor":12,"turns":2},{"damage":39,"enemies":"Gremlin Nob","floor":14,"turns":5},{"damage":43,"enemies":"The Guardian","floor":16,"turns":12},{"damage":27,"enemies":"3 Byrds","floor":18,"turns":4},{"damage":26,"enemies":"2 Thieves","floor":22,"turns":3},{"damage":34,"enemies":"Slavers","floor":23,"turns":2},{"damage":18,"enemies":"Chosen and Byrds","floor":24,"turns":4},{"damage":20,"enemies":"Snake Plant","floor":31,"turns":3},{"damage":58,"enemies":"Collector","floor":33,"turns":6}],"seed_played":"2519646373297979533","potions_obtained":[{"floor":1.0,"key":"PowerPotion"},{"floor":3.0,"key":"SmokeBomb"},{"floor":5.0,"key":"AttackPotion"},{"floor":5.0,"key":"PowerPotion"},{"floor":16,"key":"Swift Potion"},{"floor":18,"key":"SpeedPotion"}],"is_trial":false,"path_per_floor":["M","$","M","$","?","E","M","M","T","?","R","M","R","E","R","B",null,"M","?","$","?","M","E","M","?","T","R","?","?","R","M","R","B"],"character_chosen":"IRONCLAD","items_purchased":["Flex","Thunderclap","Clothesline","Gremlin Horn","Rampage","Entrench"],"campfire_rested":3,"item_purchase_floors":[2,2,4,20,20,20],"current_hp_per_floor":[80,80,80,80,80,80,80,73,73,73,73,79,79,46,70,33,80,59,59,59,59,39,11,40,40,40,64,48,48,72,58,58,0,0],"gold":70,"neow_bonus":"THREE_ENEMY_KILL","is_daily":false,"chose_seed":false,"campfire_upgraded":3,"win_rate":0.0,"timestamp":1610307705,"path_taken":["M","$","M","$","?","E","M","M","T","?","R","M","R","E","R","BOSS","M","?","$","?","M","E","?","?","T","R","?","?","R","M","R","BOSS"],"items_purchased_type":["Card","Card","Card","Relic","Card","Card"],"build_version":"2020-12-22","purchased_purges":0,"victory":false,"max_hp_per_floor":[80,80,80,80,80,80,80,80,80,80,80,80,80,80,80,80,80,80,80,80,80,80,80,80,80,80,80,80,80,80,80,80,80,80],"card_choices":[{"not_picked":["Inflame","Havoc"],"picked":"Armaments","floor":1.0},{"not_picked":["Feel No Pain","True Grit"],"picked":"Shrug It Off","floor":3.0},{"not_picked":["Perfected Strike","Anger"],"picked":"Immolate","floor":6.0},{"not_picked":["Body Slam","Pommel Strike"],"picked":"Perfected Strike","floor":7.0},{"not_picked":["Dual Wield","Sword Boomerang"],"picked":"Spot Weakness","floor":8},{"not_picked":["Havoc","Juggernaut"],"picked":"Pummel","floor":12},{"not_picked":["Warcry","Sword Boomerang"],"picked":"Shockwave","floor":14},{"not_picked":["Brutality","Fiend Fire"],"picked":"Juggernaut","floor":16},{"not_picked":["Fire Breathing","Rampage"],"picked":"Uppercut","floor":18},{"not_picked":["Bloodletting","Shrug It Off"],"picked":"Reckless Charge","floor":22},{"not_picked":["Havoc+1","Inflame+1"],"picked":"Anger","floor":23},{"not_picked":["Sword Boomerang","Wild Strike"],"picked":"Inflame","floor":24},{"not_picked":["Hemokinesis+1","Pummel"],"picked":"Inflame+1","floor":31}],"player_experience":880418,"relics_obtained":[{"floor":6.0,"key":"Lizard Tail"},{"floor":9,"key":"Charon\u0027s Ashes"},{"floor":14,"key":"Ornamental Fan"},{"floor":21,"key":"InkBottle"},{"floor":23,"key":"Vajra"},{"floor":26,"key":"StoneCalendar"},{"floor":28,"key":"Nilry\u0027s Codex"}],"event_choices":[{"damage_healed":0.0,"max_hp_gain":0.0,"max_hp_loss":0.0,"gold_gain":0.0,"event_name":"Lab","player_choice":"Got Potions","floor":5.0,"gold_loss":0.0,"damage_taken":0.0},{"damage_healed":0,"gold_gain":175,"player_choice":"AGREE","damage_taken":0,"max_hp_gain":0,"max_hp_loss":0,"event_name":"Liars Game","floor":10,"gold_loss":0,"cards_obtained":["Doubt"]},{"cards_removed":["Doubt"],"damage_healed":0,"gold_gain":0,"player_choice":"Gave Gold","damage_taken":0,"max_hp_gain":0,"max_hp_loss":0,"event_name":"Beggar","floor":19,"gold_loss":75},{"damage_healed":0,"gold_gain":0,"player_choice":"Relic","damage_taken":0,"max_hp_gain":0,"max_hp_loss":0,"event_name":"Wheel of Change","floor":21,"gold_loss":0},{"damage_healed":0,"gold_gain":0,"player_choice":"Simplicity","damage_taken":0,"max_hp_gain":0,"max_hp_loss":0,"event_name":"Back to Basics","floor":25,"gold_loss":0,"cards_upgraded":["Strike_R","Strike_R","Strike_R","Strike_R","Strike_R","Defend_R","Defend_R","Defend_R","Defend_R"]},{"damage_healed":0,"gold_gain":0,"player_choice":"Obtained Book","damage_taken":16,"max_hp_gain":0,"max_hp_loss":0,"event_name":"Cursed Tome","floor":28,"gold_loss":0},{"damage_healed":0,"gold_gain":0,"player_choice":"Ignored","damage_taken":0,"max_hp_gain":0,"max_hp_loss":0,"event_name":"Ghosts","floor":29,"gold_loss":0}],"is_beta":false,"boss_relics":[{"not_picked":["Snecko Eye","Pandora\u0027s Box"],"picked":"Runic Cube"}],"items_purged_floors":[],"is_endless":false,"potions_floor_spawned":[1,3,16,18],"killed_by":"Collector","ascension_level":3}}