{"host":"19tvufa8xx4wr4o1","time":1610250292,"event":{"mods":["AchievementEnabler","BaseMod","Better Sensory Stone","Better Third Choice","Highlight Path","Minty Spire (QoL Compilation)","Relic Stats","StSLib"],"gold_per_floor":[115,85,100,119,86,106,118,152,152,163,163,176,176,195,195,272,272,282,282,33,49,49,49,79,79,104,137,151,151,151],"floor_reached":29,"playtime":1028,"items_purged":[],"score":467,"play_id":"12a60b23-afba-487c-90eb-e48cb804e10e","local_time":"20210109214452","is_ascension_mode":true,"campfire_choices":[{"floor":11.0,"key":"REST"},{"data":"Streamline","floor":13.0,"key":"SMITH"},{"data":"Static Discharge","floor":15,"key":"SMITH"},{"data":"Creative AI","floor":23,"key":"SMITH"},{"floor":25,"key":"REST"}],"circlet_count":0,"master_deck":["AscendersBane","Strike_B","Defend_B","Defend_B","Defend_B","Defend_B","Zap","Dualcast","Auto Shields","Chaos","Darkness","Gash","Core Surge","Streamline+1","Auto Shields","Glacier","Static Discharge+1","Creative AI+1","Rip and Tear+1","Rebound+1","Thunder Strike+1","Hologram+1","Multi-Cast"],"relics":["Nuclear Battery","Orichalcum","InkBottle","Astrolabe","Cables","Centennial Puzzle","Smiling Mask","Calipers"],"acts_visited":["Exordium","TheCity"],"potions_floor_usage":[16,18,27,29],"damage_taken":[{"damage":4.0,"enemies":"Small Slimes","floor":1.0,"turns":4.0},{"damage":1.0,"enemies":"Cultist","floor":3.0,"turns":4.0},{"damage":1.0,"enemies":"2 Louse","floor":4.0,"turns":3.0},{"damage":9.0,"enemies":"Large Slime","floor":6.0,"turns":6.0},{"damage":0.0,"enemies":"Exordium Wildlife","floor":7.0,"turns":4.0},{"damage":15.0,"enemies":"Lagavulin","floor":8.0,"turns":7.0},{"damage":3.0,"enemies":"Blue Slaver","floor":10.0,"turns":4.0},{"damage":0.0,"enemies":"2 Fungi Beasts","floor":12.0,"turns":5.0},{"damage":0.0,"enemies":"Red Slaver","floor":14.0,"turns":3.0},{"damage":30,"enemies":"The Guardian","floor":16,"turns":9},{"damage":5,"enemies":"3 Byrds","floor":18,"turns":4},{"damage":0,"enemies":"Spheric Guardian","floor":21,"turns":4},{"damage":33,"enemies":"Slavers","floor":24,"turns":4},{"damage":43,"enemies":"Book of Stabbing","floor":27,"turns":6},{"damage":0,"enemies":"Snecko","floor":28,"turns":5},{"damage":16,"enemies":"Snake Plant","floor":29,"turns":4}],"seed_played":"-6835239795598088460","potions_obtained":[{"floor":2.0,"key":"CultistPotion"},{"floor":2.0,"key":"Ancient Potion"},{"floor":4.0,"key":"PowerPotion"},{"floor":16,"key":"DistilledChaos"},{"floor":24,"key":"AttackPotion"},{"floor":28,"key":"PowerPotion"}],"is_trial":false,"path_per_floor":["M","?","M","M","$","M","M","E","T","M","R","M","R","M","R","B",null,"M","?","$","M","?","R","E","R","T","E","M","M"],"character_chosen":"DEFECT","items_purchased":["Darkness","Cables"],"campfire_rested":2,"item_purchase_floors":[5,20],"current_hp_per_floor":[60,60,59,58,58,49,49,34,34,31,52,52,52,52,52,22,59,54,68,68,68,68,68,35,56,56,13,13,0,0],"gold":151,"neow_bonus":"BOSS_RELIC","is_daily":false,"chose_seed":false,"campfire_upgraded":3,"win_rate":0.0,"timestamp":1610250292,"path_taken":["M","?","M","M","$","?","?","E","T","M","R","M","R","M","R","BOSS","M","?","$","M","?","R","E","R","T","E","M","M"],"items_purchased_type":["Card","Relic"],"build_version":"2020-12-22","purchased_purges":0,"victory":false,"max_hp_per_floor":[71,71,71,71,71,71,71,71,71,71,71,71,71,71,71,71,71,71,71,71,71,71,71,71,71,71,71,71,71,71],"relic_stats":{"Centennial Puzzle":[6],"counters":[16,76],"Astrolabe":["Rip and Tear","Rebound","Thunder Strike"],"Orichalcum":[60],"Smiling Mask":0,"obtain_stats":[{"Centennial Puzzle":24,"Calipers":27,"Astrolabe":17,"Orichalcum":8,"Cracked Core":0,"Smiling Mask":26,"InkBottle":9,"Nuclear Battery":0,"Cables":20},{"Centennial Puzzle":13,"Calipers":14,"Astrolabe":10,"Orichalcum":6,"Cracked Core":0,"Smiling Mask":13,"InkBottle":6,"Nuclear Battery":0,"Cables":11},{"Centennial Puzzle":61,"Calipers":67,"Astrolabe":49,"Orichalcum":28,"Cracked Core":0,"Smiling Mask":61,"InkBottle":28,"Nuclear Battery":0,"Cables":53}],"InkBottle":[14],"Cables":[22,6,3,1,12]},"card_choices":[{"not_picked":["Coolheaded","Hologram","Sweeping Beam"],"picked":"SKIP","floor":1.0},{"not_picked":["Stack","Force Field"],"picked":"Auto Shields","floor":3.0},{"not_picked":["Coolheaded","Redo"],"picked":"Chaos","floor":4.0},{"not_picked":["Rebound","Static Discharge"],"picked":"Gash","floor":6.0},{"not_picked":["Ball Lightning","Barrage"],"picked":"Core Surge","floor":7.0},{"not_picked":["Reprogram","FTL"],"picked":"Streamline","floor":8.0},{"not_picked":["Streamline","Go for the Eyes"],"picked":"Auto Shields","floor":10.0},{"not_picked":["Coolheaded","Steam Power"],"picked":"Glacier","floor":12.0},{"not_picked":["Streamline","Ball Lightning"],"picked":"Static Discharge","floor":14},{"not_picked":["Core Surge","Meteor Strike"],"picked":"Creative AI","floor":16},{"not_picked":["Stack","Redo"],"picked":"Hologram+1","floor":18},{"not_picked":["Beam Cell","Cold Snap","Static Discharge"],"picked":"SKIP","floor":21},{"not_picked":["Coolheaded","Lockon"],"picked":"Multi-Cast","floor":24},{"not_picked":["Compile Driver","Steam Power","Stack"],"picked":"SKIP","floor":27},{"not_picked":["Rebound","Ball Lightning","Steam"],"picked":"SKIP","floor":28}],"player_experience":565665,"relics_obtained":[{"floor":8.0,"key":"Orichalcum"},{"floor":9.0,"key":"InkBottle"},{"floor":24,"key":"Centennial Puzzle"},{"floor":26,"key":"Smiling Mask"},{"floor":27,"key":"Calipers"}],"event_choices":[{"damage_healed":0.0,"max_hp_gain":0.0,"max_hp_loss":0.0,"gold_gain":0.0,"event_name":"The Woman in Blue","player_choice":"Bought 2 Potions","floor":2.0,"gold_loss":0.0,"damage_taken":0.0},{"damage_healed":14,"gold_gain":0,"player_choice":"Heal","damage_taken":0,"max_hp_gain":0,"max_hp_loss":0,"event_name":"The Library","floor":19,"gold_loss":0},{"damage_healed":0,"gold_gain":0,"player_choice":"Adaptability","damage_taken":0,"max_hp_gain":0,"max_hp_loss":0,"event_name":"betterThird:BetterWriting","floor":22,"gold_loss":0}],"is_beta":false,"boss_relics":[{"not_picked":["Coffee Dripper","Snecko Eye"],"picked":"Astrolabe"}],"items_purged_floors":[],"is_endless":false,"potions_floor_spawned":[4,7,8,12,16,24,28],"killed_by":"Snake Plant","ascension_level":15}}