{"host":"sian7qp8a9pc9xwd","time":1610287058,"event":{"mods":["BaseMod","Lobotomy","Minty Spire (QoL Compilation)","StSLib"],"gold_per_floor":[111,286,286,8,22,22,46,46,71,71,91,91,110,122,122,224,224,239,338,338,349,27,27,34,304,330,345,345,445,472,483,483,483,483],"floor_reached":33,"playtime":2535,"items_purged":["Doubt"],"score":388,"play_id":"21cc4440-203d-4cd8-a36c-6a6168539b8f","local_time":"20210110085738","is_ascension_mode":true,"campfire_choices":[{"data":"Chaos","floor":6.0,"key":"SMITH"},{"data":"Zap","floor":10.0,"key":"SMITH"},{"data":"Dualcast","floor":12.0,"key":"SMITH"},{"data":"Doom and Gloom","floor":15.0,"key":"SMITH"},{"floor":23.0,"key":"REST"},{"floor":32,"key":"RECALL"}],"circlet_count":0,"master_deck":["Apo_SoulSlash","Apo_Charge","Apo_Charge","Apo_Charge","Apo_Charge","Apo_Beam","Apo_Beam","HereticApostle","Apo_Execute","Apo_Slash","Apo_Slash","Apo_SoulSlash","Mercenary","White Noise+1","WhiteNight","BootSequence"],"relics":["Cracked Core","CogitoBucket","Bottled Lightning","Strawberry","Vajra","Runic Dome","ChangeAnything","Happy Flower","Mummified Hand","Bag of Preparation","Anchor","ApostleMask","Du-Vu Doll","Pear","Pen Nib"],"acts_visited":["Exordium","TheCity"],"potions_floor_usage":[31,33],"damage_taken":[{"damage":6.0,"enemies":"Jaw Worm","floor":1.0,"turns":3.0},{"damage":0.0,"enemies":"2 Louse","floor":5.0,"turns":2.0},{"damage":2.0,"enemies":"Small Slimes","floor":11.0,"turns":2.0},{"damage":6.0,"enemies":"Gremlin Gang","floor":13.0,"turns":2.0},{"damage":0.0,"enemies":"Blue Slaver","floor":14.0,"turns":3.0},{"damage":59.0,"enemies":"The Guardian","floor":16.0,"turns":8.0},{"damage":117.0,"enemies":"Shell Parasite","floor":18.0,"turns":11.0},{"damage":8.0,"enemies":"Spheric Guardian","floor":21.0,"turns":3.0},{"damage":32.0,"enemies":"Book of Stabbing","floor":24.0,"turns":5.0},{"damage":11.0,"enemies":"Snecko","floor":27.0,"turns":5.0},{"damage":0.0,"enemies":"Colosseum Slavers","floor":29.0,"turns":1.0},{"damage":0.0,"enemies":"Colosseum Nobs","floor":29.0,"turns":2.0},{"damage":9.0,"enemies":"Slavers","floor":30.0,"turns":2.0},{"damage":44,"enemies":"Centurion and Healer","floor":31,"turns":6},{"damage":20,"enemies":"Automaton","floor":33,"turns":2}],"seed_played":"-409796119749538415","potions_obtained":[{"floor":1.0,"key":"LiquidBronze"},{"floor":11.0,"key":"AttackPotion"},{"floor":14.0,"key":"FocusPotion"},{"floor":27.0,"key":"Ancient Potion"},{"floor":29.0,"key":"Energy Potion"},{"floor":31,"key":"ColorlessPotion"}],"is_trial":false,"path_per_floor":["M","?","?","$","M","R","T","$","T","R","M","R","M","M","R","B",null,"M","?","T","M","$","R","E","?","T","M","M","?","E","M","R","B"],"character_chosen":"DEFECT","items_purchased":["Bottled Lightning","Doom and Gloom","Mummified Hand"],"campfire_rested":1,"item_purchase_floors":[4,4,22],"current_hp_per_floor":[69,69,74,74,74,74,81,81,81,81,79,79,73,85,85,61,87,24,24,24,34,34,60,63,36,36,59,70,70,61,17,17,0,0],"gold":483,"neow_bonus":"","is_daily":false,"chose_seed":false,"campfire_upgraded":4,"win_rate":0.0,"timestamp":1610287058,"path_taken":["M","?","?","$","M","R","?","$","T","R","M","R","M","M","R","BOSS","M","?","?","M","$","R","E","?","T","?","M","?","E","M","R","BOSS"],"items_purchased_type":["Relic","Card","Relic"],"build_version":"2020-12-22","purchased_purges":1,"victory":false,"max_hp_per_floor":[75,75,80,80,80,80,87,87,87,87,87,87,87,87,87,87,87,87,87,87,87,87,87,87,87,87,87,87,97,97,97,97,97,97],"card_choices":[{"not_picked":["DreamingCurrent","ShyLook"],"picked":"UniverseFragment","floor":1.0},{"not_picked":["Force Field","Sweeping Beam"],"picked":"Chaos","floor":1.0},{"not_picked":["PunishingBird","Mercenary"],"picked":"HeroicMonk","floor":5.0},{"not_picked":["Recycle","Scrape","Go for the Eyes"],"picked":"SKIP","floor":5.0},{"not_picked":["WallGazer","RedShoes"],"picked":"FieryBird","floor":11.0},{"not_picked":["Streamline","Beam Cell"],"picked":"Chill","floor":11.0},{"not_picked":["Mercenary","OSAHOGD"],"picked":"DreamingCurrent","floor":13.0},{"not_picked":["Rebound","Streamline"],"picked":"Cold Snap","floor":13.0},{"not_picked":["Funeral","FairyFestival"],"picked":"BigBird","floor":14.0},{"not_picked":["Gash","Chill","Barrage"],"picked":"SKIP","floor":14.0},{"not_picked":["Woodsman","ShyLook"],"picked":"WallGazer","floor":16.0},{"not_picked":["Multi-Cast","Meteor Strike"],"picked":"Rainbow","floor":16.0},{"not_picked":["Scorched","SnowQueen"],"picked":"Freischutz","floor":18.0},{"not_picked":["Aggregate","Rip and Tear","Barrage"],"picked":"SKIP","floor":18.0},{"not_picked":["MeatLantern","LittleHelper"],"picked":"PlagueDoctor","floor":21.0},{"not_picked":["Compile Driver","Sweeping Beam"],"picked":"Chill+1","floor":21.0},{"not_picked":["Wellcheers","Alriune"],"picked":"QueenOfHatred","floor":24.0},{"not_picked":["Hologram","Aggregate","Cold Snap"],"picked":"SKIP","floor":24.0},{"not_picked":["Woodsman","DespairKnight"],"picked":"VoidDream","floor":27.0},{"not_picked":["Reinforced Body","Scrape"],"picked":"Redo+1","floor":27.0},{"not_picked":["Rudolta","CherryBlossoms"],"picked":"Mercenary","floor":29.0},{"not_picked":["Consume+1","Auto Shields"],"picked":"White Noise+1","floor":29.0},{"not_picked":["FieryBird","HeroicMonk"],"picked":"WhiteNight","floor":30.0},{"not_picked":["Gash","Meteor Strike"],"picked":"BootSequence","floor":30.0},{"not_picked":["Redo","Scrape","Compile Driver+1"],"picked":"SKIP","floor":31}],"player_experience":665234,"relics_obtained":[{"floor":7.0,"key":"Strawberry"},{"floor":9.0,"key":"Vajra"},{"floor":20.0,"key":"Happy Flower"},{"floor":24.0,"key":"Bag of Preparation"},{"floor":26.0,"key":"Anchor"},{"floor":29.0,"key":"Du-Vu Doll"},{"floor":29.0,"key":"Pear"},{"floor":30.0,"key":"Pen Nib"}],"event_choices":[{"damage_healed":0.0,"max_hp_gain":0.0,"max_hp_loss":0.0,"gold_gain":175.0,"event_name":"Liars Game","player_choice":"AGREE","floor":2.0,"gold_loss":0.0,"damage_taken":0.0,"cards_obtained":["Doubt"]},{"damage_healed":0.0,"max_hp_gain":5.0,"max_hp_loss":0.0,"gold_gain":0.0,"event_name":"Big Fish","player_choice":"Donut","floor":3.0,"gold_loss":0.0,"damage_taken":0.0},{"damage_healed":0.0,"max_hp_gain":0.0,"max_hp_loss":0.0,"gold_gain":99.0,"event_name":"Nest","player_choice":"Stole From Cult","floor":19.0,"gold_loss":0.0,"damage_taken":0.0},{"damage_healed":0.0,"max_hp_gain":0.0,"max_hp_loss":0.0,"gold_gain":270.0,"event_name":"Knowing Skull","player_choice":"GOLD GOLD GOLD ","floor":25.0,"potions_obtained":[],"gold_loss":0.0,"damage_taken":27.0,"cards_obtained":[]},{"damage_healed":0.0,"max_hp_gain":0.0,"max_hp_loss":0.0,"gold_gain":0.0,"event_name":"Colosseum","player_choice":"Fight","floor":29.0,"gold_loss":0.0,"damage_taken":0.0},{"damage_healed":0.0,"max_hp_gain":0.0,"max_hp_loss":0.0,"gold_gain":0.0,"event_name":"Colosseum","player_choice":"Fought Nobs","floor":29.0,"gold_loss":0.0,"damage_taken":0.0}],"is_beta":false,"boss_relics":[{"not_picked":["Runic Pyramid","Inserter"],"picked":"Runic Dome"}],"items_purged_floors":[22],"is_endless":false,"potions_floor_spawned":[1,11,14,27,29,29,31],"killed_by":"Automaton","ascension_level":1}}