{"host":"61r95uy0hn86b9iu","time":1610316846,"event":{"mods":["AchievementEnabler","BaseMod","Better Vampires","BetterRewards","Colored Powertips","Hubris","Minty Spire (QoL Compilation)","Shop Mod","StSLib"],"gold_per_floor":[117,117,20,20,20,20,39,39,39,66,341,355,355,372,372,449,449,463,388,403,25,115,115,125,142,187,207,207,207],"floor_reached":28,"playtime":799,"items_purged":["Panacea+1"],"score":636,"play_id":"195fff84-ee0c-4b78-899e-299a97501dc9","local_time":"20210110161406","is_ascension_mode":true,"campfire_choices":[{"floor":6.0,"key":"REST"},{"floor":8.0,"key":"REST"},{"data":"Rupture","floor":13.0,"key":"SMITH"},{"floor":15.0,"key":"REST"},{"floor":23.0,"key":"REST"}],"circlet_count":0,"master_deck":["AscendersBane","Panacea+1","Strike_R+1","Strike_R","Strike_R","Strike_R","Defend_R","Defend_R","Defend_R","Defend_R","Bash","Disarm+1","Carnage+1","Entrench+1","Rupture+1","Flex+1","Inflame","Limit Break+1","Heavy Blade","Iron Wave","Brutality","Spot Weakness+1","Heavy Blade"],"relics":["Burning Blood","Blood Vial","Toxic Egg 2","hubris:TenFootPole","Self Forming Clay","Oddly Smooth Stone","SacredBark","Membership Card","MerchantsRug","Toy Ornithopter"],"acts_visited":["Exordium","TheCity"],"potions_floor_usage":[28],"damage_taken":[{"damage":4.0,"enemies":"2 Louse","floor":1.0,"turns":4.0},{"damage":12.0,"enemies":"Small Slimes","floor":7.0,"turns":2.0},{"damage":26.0,"enemies":"3 Sentries","floor":10.0,"turns":8.0},{"damage":5.0,"enemies":"Cultist","floor":12.0,"turns":4.0},{"damage":10.0,"enemies":"Blue Slaver","floor":14.0,"turns":4.0},{"damage":48.0,"enemies":"The Guardian","floor":16.0,"turns":9.0},{"damage":37.0,"enemies":"Shell Parasite","floor":18.0,"turns":7.0},{"damage":12.0,"enemies":"Chosen","floor":20.0,"turns":6.0},{"damage":22.0,"enemies":"Shelled Parasite and Fungi","floor":24.0,"turns":7.0},{"damage":12.0,"enemies":"Snecko","floor":25.0,"turns":5.0},{"damage":36,"enemies":"Cultist and Chosen","floor":27,"turns":6},{"damage":30,"enemies":"Sentry and Sphere","floor":28,"turns":4}],"seed_played":"3786456038683435757","potions_obtained":[{"floor":14.0,"key":"AttackPotion"},{"floor":24.0,"key":"Regen Potion"},{"floor":27,"key":"Energy Potion"}],"is_trial":false,"path_per_floor":["M","?","$","?","$","R","M","R","T","E","?","M","R","M","R","B",null,"M","?","M","$","?","R","M","M","T","M","M"],"character_chosen":"IRONCLAD","items_purchased":["Blood Vial","Toxic Egg 2","Carnage","Fire Potion","Membership Card","MerchantsRug","Brutality","HeartOfIron"],"campfire_rested":4,"item_purchase_floors":[0,0,3,3,21,21,21,21],"current_hp_per_floor":[52,49,49,38,38,60,56,75,75,55,55,58,58,56,75,33,65,36,36,32,32,26,48,34,49,49,21,0,0],"gold":207,"neow_bonus":"","is_daily":false,"chose_seed":false,"campfire_upgraded":1,"win_rate":0.0,"timestamp":1610316846,"path_taken":["M","?","$","?","$","R","M","R","T","E","?","M","R","?","R","BOSS","M","?","M","$","?","R","M","M","T","M","M"],"items_purchased_type":["Relic","Relic","Card","Potion","Relic","Relic","Card","Potion"],"build_version":"2020-12-22","purchased_purges":1,"victory":false,"max_hp_per_floor":[75,75,75,75,75,75,75,75,75,75,75,75,75,75,75,75,75,75,75,75,75,75,75,75,75,75,75,75,75],"card_choices":[{"not_picked":["Havoc+1","Sentinel+1"],"picked":"Disarm+1","floor":1.0},{"not_picked":["hubris:ReadiedAction+1","Twin Strike"],"picked":"Entrench+1","floor":7.0},{"not_picked":["Dual Wield+1","Anger"],"picked":"Rupture","floor":10.0},{"not_picked":["hubris:ReadiedAction+1","Dropkick"],"picked":"Flex+1","floor":12.0},{"not_picked":["hubris:SharpeningStone+1","hubris:ReadiedAction+1"],"picked":"Inflame","floor":14.0},{"not_picked":["Barricade","Berserk"],"picked":"Limit Break+1","floor":16.0},{"not_picked":["Power Through+1","hubris:ReadiedAction+1"],"picked":"Heavy Blade","floor":18.0},{"not_picked":["Clash","Thunderclap"],"picked":"Iron Wave","floor":20.0},{"not_picked":["Reckless Charge","Flex+1","Headbutt"],"picked":"SKIP","floor":24.0},{"not_picked":["Bludgeon","Thunderclap"],"picked":"Spot Weakness+1","floor":25.0},{"not_picked":["Second Wind+1","Clash+1"],"picked":"Heavy Blade","floor":27}],"player_experience":3260763,"relics_obtained":[{"floor":9.0,"key":"Self Forming Clay"},{"floor":10.0,"key":"Oddly Smooth Stone"},{"floor":26.0,"key":"Toy Ornithopter"}],"event_choices":[{"cards_removed":["Strike_R"],"damage_healed":0.0,"max_hp_gain":0.0,"max_hp_loss":0.0,"gold_gain":0.0,"event_name":"Golden Wing","player_choice":"Card Removal","floor":2.0,"gold_loss":0.0,"damage_taken":7.0},{"damage_healed":0.0,"max_hp_gain":0.0,"max_hp_loss":0.0,"gold_gain":0.0,"event_name":"Shining Light","player_choice":"Entered Light","floor":4.0,"gold_loss":0.0,"damage_taken":23.0,"cards_upgraded":["Strike_R","Carnage"]},{"damage_healed":0.0,"max_hp_gain":0.0,"max_hp_loss":0.0,"gold_gain":275.0,"event_name":"Golden Shrine","player_choice":"Desecrate","floor":11.0,"gold_loss":0.0,"damage_taken":0.0,"cards_obtained":["Regret"]},{"cards_removed":["Regret"],"damage_healed":0.0,"max_hp_gain":0.0,"max_hp_loss":0.0,"gold_gain":0.0,"event_name":"Beggar","player_choice":"Gave Gold","floor":19.0,"gold_loss":75.0,"damage_taken":0.0},{"damage_healed":0.0,"max_hp_gain":0.0,"max_hp_loss":0.0,"gold_gain":90.0,"event_name":"Knowing Skull","player_choice":"GOLD ","floor":22.0,"potions_obtained":[],"gold_loss":0.0,"damage_taken":12.0,"cards_obtained":[]}],"is_beta":false,"boss_relics":[{"not_picked":["hubris:HollowSoul","hubris:BlackHole"],"picked":"SacredBark"}],"items_purged_floors":[0],"is_endless":false,"potions_floor_spawned":[14,24,27],"killed_by":"Sentry and Sphere","ascension_level":20}}