{"host":"h4lp0eeso8a0ssq0","time":1610276882,"event":{"mods":["2.2 Compatiblity","AchievementEnabler","BaseMod","CapriCore","Colored Map","Minty Spire (QoL Compilation)","StSLib","SuperFastMode"],"gold_per_floor":[112,112,112,132,143,143,153,188,188,216,216,19,19,19,19,148,148,167,167,181,181,181,215,215,238,265,265,298,120,120,100,100,229,229,245,264,278,278,77,77,77,95,95,131,464,489,489,500,500,500,500,500,45,71,71],"floor_reached":56,"playtime":1831,"items_purged":["Pain","Strike_G"],"score":1686,"play_id":"eb40a9e7-73e0-438e-b320-998d6499db38","local_time":"20210110200802","is_ascension_mode":true,"campfire_choices":[{"data":"Crippling Poison","floor":6.0,"key":"SMITH"},{"floor":11.0,"key":"DIG"},{"floor":13.0,"key":"DIG"},{"data":"Catalyst","floor":15.0,"key":"SMITH"},{"floor":24.0,"key":"DIG"},{"floor":27.0,"key":"DIG"},{"floor":30.0,"key":"REST"},{"floor":32.0,"key":"DIG"},{"floor":40.0,"key":"DIG"},{"floor":47.0,"key":"RECALL"},{"floor":49.0,"key":"DIG"},{"data":"Bullet Time","floor":52.0,"key":"SMITH"}],"circlet_count":0,"master_deck":["Strike_G","Strike_G","Strike_G","Defend_G","Defend_G","Defend_G","Defend_G","Defend_G","Survivor","Neutralize","Backflip","Crippling Poison+1","Backflip","Poisoned Stab","After Image","Catalyst+1","Reflex","Burst","Backflip+1","Catalyst+1","Tactician","Bouncing Flask+1","Bullet Time+1","Catalyst+1","Crippling Poison+1","Well Laid Plans+1"],"relics":["Ring of the Snake","Blue Candle","Shovel","Pocketwatch","Paper Crane","The Courier","Cursed Key","Boot","Singing Bowl","Shuriken","HornCleat","Omamori","Ornamental Fan","Calling Bell","Art of War","Frozen Egg 2","Dead Branch","PreservedInsect","Dream Catcher","Pen Nib","MealTicket","Centennial Puzzle","Oddly Smooth Stone","Incense Burner","Snake Skull","StrikeDummy"],"acts_visited":["TheCity","TheBeyond","TheEnding"],"potions_floor_usage":[55,55,55,55],"damage_taken":[{"damage":4.0,"enemies":"2 Louse","floor":1.0,"turns":4.0},{"damage":3.0,"enemies":"Jaw Worm","floor":4.0,"turns":3.0},{"damage":0.0,"enemies":"Small Slimes","floor":5.0,"turns":6.0},{"damage":5.0,"enemies":"Gremlin Gang","floor":7.0,"turns":2.0},{"damage":6.0,"enemies":"3 Sentries","floor":8.0,"turns":15.0},{"damage":5.0,"enemies":"Lagavulin","floor":10.0,"turns":8.0},{"damage":0.0,"enemies":"Hexaghost","floor":16.0,"turns":9.0},{"damage":3.0,"enemies":"2 Thieves","floor":18.0,"turns":5.0},{"damage":0.0,"enemies":"Shell Parasite","floor":20.0,"turns":4.0},{"damage":5.0,"enemies":"Gremlin Leader","floor":23.0,"turns":3.0},{"damage":0.0,"enemies":"Centurion and Healer","floor":25.0,"turns":4.0},{"damage":26.0,"enemies":"Slavers","floor":28.0,"turns":7.0},{"damage":11.0,"enemies":"Collector","floor":33.0,"turns":5.0},{"damage":1.0,"enemies":"3 Darklings","floor":35.0,"turns":7.0},{"damage":7.0,"enemies":"3 Shapes","floor":36.0,"turns":4.0},{"damage":0.0,"enemies":"3 Darklings","floor":37.0,"turns":4.0},{"damage":0.0,"enemies":"4 Shapes","floor":42.0,"turns":4.0},{"damage":0.0,"enemies":"Giant Head","floor":44.0,"turns":4.0},{"damage":0.0,"enemies":"Nemesis","floor":46.0,"turns":3.0},{"damage":2.0,"enemies":"Spire Growth","floor":48.0,"turns":4.0},{"damage":6.0,"enemies":"Donu and Deca","floor":50.0,"turns":7.0},{"damage":24.0,"enemies":"Shield and Spear","floor":54.0,"turns":5.0},{"damage":33,"enemies":"The Heart","floor":55,"turns":5}],"seed_played":"-2377428005680138524","potions_obtained":[{"floor":1.0,"key":"EssenceOfSteel"},{"floor":16.0,"key":"CunningPotion"},{"floor":23.0,"key":"Dexterity Potion"},{"floor":31.0,"key":"EntropicBrew"},{"floor":35.0,"key":"Dexterity Potion"}],"is_trial":false,"path_per_floor":["M","?","?","M","M","R","M","E","T","E","R","$","R","?","R","B",null,"M","?","M","T","?","E","R","M","T","R","E","$","R","?","R","B",null,"M","M","M","?","$","R","T","M","T","E","?","E","R","M","R","B",null,"R","$","E","B",null],"character_chosen":"THE_SILENT","items_purchased":["Catalyst","Reflex","Weak Potion","Omamori","FairyPotion","PreservedInsect","Incense Burner","Snake Skull"],"campfire_rested":1,"item_purchase_floors":[12,12,12,29,39,39,53,53],"current_hp_per_floor":[66,66,66,63,63,63,58,52,52,47,47,47,47,30,30,30,60,57,57,57,57,57,52,52,52,52,52,28,28,49,49,49,38,64,65,58,60,60,60,60,60,62,62,62,62,62,62,62,62,56,74,74,80,58,25],"gold":71,"neow_bonus":"REMOVE_CARD","is_daily":false,"chose_seed":false,"campfire_upgraded":3,"win_rate":0.0,"timestamp":1610276882,"path_taken":["M","?","?","M","M","R","M","E","T","E","R","$","R","?","R","BOSS","M","?","M","?","?","E","R","M","T","R","E","$","R","?","R","BOSS","M","?","M","?","$","R","?","M","T","E","?","E","R","M","R","BOSS","R","$","E","BOSS"],"items_purchased_type":["Card","Card","Potion","Relic","Potion","Relic","Relic","Relic"],"build_version":"2020-12-22","purchased_purges":2,"victory":true,"max_hp_per_floor":[70,70,70,70,70,70,70,70,70,70,70,70,70,70,70,70,70,70,70,70,70,70,70,70,70,70,70,72,72,72,72,72,72,72,74,74,76,76,76,76,76,78,78,78,78,78,78,80,80,80,80,80,80,82,82],"card_choices":[{"not_picked":["Riddle With Holes","Poisoned Stab"],"picked":"Backflip","floor":1.0},{"not_picked":["Sucker Punch","Poisoned Stab"],"picked":"Crippling Poison","floor":4.0},{"not_picked":["Sucker Punch","Infinite Blades"],"picked":"Backflip","floor":5.0},{"not_picked":["Backstab","Blade Dance"],"picked":"Poisoned Stab","floor":7.0},{"not_picked":["Riddle With Holes","Dagger Spray"],"picked":"After Image","floor":8.0},{"not_picked":["Bane","Infinite Blades","Underhanded Strike"],"picked":"SKIP","floor":10.0},{"not_picked":["Night Terror","Die Die Die"],"picked":"Burst","floor":16.0},{"not_picked":["Setup","Endless Agony"],"picked":"Backflip+1","floor":18.0},{"not_picked":["Sucker Punch","Slice"],"picked":"Catalyst+1","floor":20.0},{"not_picked":["Slice+1","Riddle With Holes"],"picked":"Tactician","floor":23.0},{"not_picked":["Dash","Slice"],"picked":"Bouncing Flask+1","floor":25.0},{"not_picked":["Prepared","Outmaneuver+1","Heel Hook"],"picked":"Singing Bowl","floor":28.0},{"not_picked":["Burst","Die Die Die"],"picked":"Bullet Time","floor":33.0},{"not_picked":["Blade Dance+1","Bane+1","Heel Hook+1"],"picked":"Singing Bowl","floor":35.0},{"not_picked":["Underhanded Strike+1","All Out Attack"],"picked":"Catalyst+1","floor":36.0},{"not_picked":["Escape Plan","Bouncing Flask+1","Dash"],"picked":"Singing Bowl","floor":37.0},{"not_picked":["Quick Slash","Bane+1","Backflip+1"],"picked":"Singing Bowl","floor":42.0},{"not_picked":["Quick Slash+1","Doppelganger"],"picked":"Crippling Poison+1","floor":44.0},{"not_picked":["Heel Hook+1","Doppelganger"],"picked":"Well Laid Plans+1","floor":46.0},{"not_picked":["Crippling Poison+1","Dodge and Roll+1","Poisoned Stab+1"],"picked":"Singing Bowl","floor":48.0},{"not_picked":["Quick Slash","Outmaneuver+1","Flechettes+1"],"picked":"Singing Bowl","floor":54.0}],"player_experience":117499,"relics_obtained":[{"floor":8.0,"key":"Blue Candle"},{"floor":9.0,"key":"Shovel"},{"floor":10.0,"key":"Pocketwatch"},{"floor":11.0,"key":"Paper Crane"},{"floor":13.0,"key":"The Courier"},{"floor":23.0,"key":"Boot"},{"floor":24.0,"key":"Singing Bowl"},{"floor":27.0,"key":"Shuriken"},{"floor":28.0,"key":"HornCleat"},{"floor":32.0,"key":"Ornamental Fan"},{"floor":34.0,"key":"Art of War"},{"floor":34.0,"key":"Frozen Egg 2"},{"floor":34.0,"key":"Dead Branch"},{"floor":40.0,"key":"Dream Catcher"},{"floor":43.0,"key":"Pen Nib"},{"floor":44.0,"key":"MealTicket"},{"floor":46.0,"key":"Centennial Puzzle"},{"floor":49.0,"key":"Oddly Smooth Stone"},{"floor":54.0,"key":"StrikeDummy"}],"event_choices":[{"damage_healed":0.0,"max_hp_gain":0.0,"max_hp_loss":0.0,"gold_gain":0.0,"event_name":"Liars Game","player_choice":"Ignored","floor":2.0,"gold_loss":0.0,"damage_taken":0.0},{"damage_healed":0.0,"max_hp_gain":0.0,"max_hp_loss":0.0,"gold_gain":0.0,"event_name":"Scrap Ooze","player_choice":"Fled","floor":3.0,"gold_loss":0.0,"damage_taken":0.0},{"damage_healed":0.0,"max_hp_gain":0.0,"max_hp_loss":0.0,"gold_gain":0.0,"event_name":"Golden Idol","player_choice":"Take Damage","floor":14.0,"gold_loss":0.0,"damage_taken":17.0,"relics_obtained":["Golden Idol"]},{"damage_healed":0.0,"max_hp_gain":0.0,"max_hp_loss":0.0,"gold_gain":0.0,"event_name":"The Mausoleum","player_choice":"Ignored","floor":19.0,"gold_loss":0.0,"damage_taken":0.0},{"damage_healed":0.0,"max_hp_gain":0.0,"max_hp_loss":0.0,"gold_gain":0.0,"event_name":"Cursed Tome","player_choice":"Ignored","floor":22.0,"gold_loss":0.0,"damage_taken":0.0},{"damage_healed":0.0,"max_hp_gain":0.0,"max_hp_loss":0.0,"gold_gain":0.0,"event_name":"The Woman in Blue","player_choice":"Bought 1 Potion","floor":31.0,"gold_loss":0.0,"damage_taken":0.0},{"damage_healed":0.0,"max_hp_gain":0.0,"max_hp_loss":0.0,"gold_gain":0.0,"event_name":"Mysterious Sphere","player_choice":"Ignored","floor":38.0,"gold_loss":0.0,"damage_taken":0.0},{"damage_healed":0.0,"max_hp_gain":0.0,"max_hp_loss":0.0,"gold_gain":333.0,"event_name":"The Moai Head","player_choice":"Gave Idol","floor":45.0,"relics_lost":["Golden Idol"],"gold_loss":0.0,"damage_taken":0.0}],"is_beta":false,"boss_relics":[{"not_picked":["Ring of the Serpent","SacredBark"],"picked":"Cursed Key"},{"not_picked":["Velvet Choker","Runic Pyramid"],"picked":"Calling Bell"}],"items_purged_floors":[29,53],"is_endless":false,"potions_floor_spawned":[1,16,23,25,35,37,42,46,54],"ascension_level":5}}