{"host":"pgqkv8mh62pnrbci","time":1610243308,"event":{"mods":["2.2 Compatiblity","AchievementEnabler","BaseMod","Custom Start","DeckTracker","Minty Spire (QoL Compilation)","StSLib","SuperFastMode"],"gold_per_floor":[113,38,57,57,73,73,103,103,103,122,132,49,62,81,81,155,155,166,66,80,94,110,110,122,122,147,147,147],"floor_reached":27,"playtime":839,"items_purged":["Defend_P","Strike_P"],"score":438,"play_id":"c0da8d59-2182-4ab7-a365-a20342d559ff","local_time":"20210110104828","is_ascension_mode":true,"campfire_choices":[{"data":"Eruption","floor":6.0,"key":"SMITH"},{"floor":8.0,"key":"REST"},{"data":"Study","floor":15.0,"key":"SMITH"},{"floor":23.0,"key":"REST"},{"data":"Collect","floor":25.0,"key":"SMITH"}],"circlet_count":0,"master_deck":["AscendersBane","Strike_P","Strike_P+1","Strike_P","Defend_P","Defend_P","Eruption+1","Vigilance","MentalFortress","EmptyFist+1","Study+1","LessonLearned","Collect+1"],"relics":["Philosopher\u0027s Stone","Kunai","Meat on the Bone","Oddly Smooth Stone","VioletLotus","Dream Catcher"],"acts_visited":["Exordium","TheCity"],"potions_floor_usage":[27],"damage_taken":[{"damage":0.0,"enemies":"2 Louse","floor":1.0,"turns":2.0},{"damage":18.0,"enemies":"Small Slimes","floor":3.0,"turns":4.0},{"damage":0.0,"enemies":"Cultist","floor":5.0,"turns":3.0},{"damage":30.0,"enemies":"Gremlin Nob","floor":7.0,"turns":4.0},{"damage":0.0,"enemies":"Gremlin Gang","floor":10.0,"turns":4.0},{"damage":12.0,"enemies":"Exordium Wildlife","floor":11.0,"turns":3.0},{"damage":1.0,"enemies":"Blue Slaver","floor":13.0,"turns":3.0},{"damage":7.0,"enemies":"2 Fungi Beasts","floor":14.0,"turns":5.0},{"damage":17.0,"enemies":"Slime Boss","floor":16.0,"turns":9.0},{"damage":15.0,"enemies":"Spheric Guardian","floor":18.0,"turns":4.0},{"damage":6.0,"enemies":"Chosen","floor":20.0,"turns":5.0},{"damage":11.0,"enemies":"Snecko","floor":21.0,"turns":6.0},{"damage":39.0,"enemies":"Snake Plant","floor":22.0,"turns":5.0},{"damage":19.0,"enemies":"Chosen and Byrds","floor":24.0,"turns":5.0},{"damage":26,"enemies":"Gremlin Leader","floor":27,"turns":5}],"seed_played":"393731641653589434","potions_obtained":[{"floor":3.0,"key":"LiquidMemories"},{"floor":7.0,"key":"BottledMiracle"},{"floor":10.0,"key":"BottledMiracle"},{"floor":18.0,"key":"Explosive Potion"},{"floor":24.0,"key":"GamblersBrew"}],"is_trial":false,"path_per_floor":["M","$","M","?","M","R","E","R","T","M","M","?","M","M","R","B",null,"M","$","M","M","M","R","M","R","T","E"],"character_chosen":"WATCHER","items_purchased":[],"campfire_rested":2,"item_purchase_floors":[],"current_hp_per_floor":[61,61,43,36,36,36,6,26,26,38,38,38,37,42,42,37,60,45,45,39,40,13,33,26,26,26,0,0],"gold":147,"neow_bonus":"BOSS_RELIC","is_daily":false,"chose_seed":false,"campfire_upgraded":3,"win_rate":0.0,"timestamp":1610243308,"path_taken":["M","$","M","?","M","R","E","R","T","M","M","?","?","M","R","BOSS","M","$","M","M","M","R","?","R","T","E"],"items_purchased_type":[],"build_version":"2020-12-22","purchased_purges":2,"victory":false,"max_hp_per_floor":[68,68,68,68,68,68,68,68,68,68,68,68,68,68,68,68,68,68,68,68,68,68,68,68,68,68,68,68],"card_choices":[{"not_picked":["PathToVictory","FlyingSleeves","JustLucky"],"picked":"SKIP","floor":1.0},{"not_picked":["ClearTheMind","JustLucky"],"picked":"MentalFortress","floor":3.0},{"not_picked":["FollowUp","WreathOfFlame","Crescendo"],"picked":"SKIP","floor":5.0},{"not_picked":["Nirvana","Consecrate","FollowUp"],"picked":"SKIP","floor":7.0},{"not_picked":["Crescendo","FlurryOfBlows","ReachHeaven"],"picked":"SKIP","floor":10.0},{"not_picked":["Wallop","Fasting2"],"picked":"EmptyFist","floor":11.0},{"not_picked":["EmptyBody","FlyingSleeves","Evaluate"],"picked":"SKIP","floor":13.0},{"not_picked":["LikeWater","Study","Meditate"],"picked":"SKIP","floor":14.0},{"not_picked":["LikeWater","Meditate"],"picked":"Study","floor":14.0},{"not_picked":["Brilliance","Wish"],"picked":"LessonLearned","floor":16.0},{"not_picked":["Evaluate","SashWhip","Study"],"picked":"SKIP","floor":18.0},{"not_picked":["FlyingSleeves","SashWhip","Wallop"],"picked":"SKIP","floor":20.0},{"not_picked":["CrushJoints","Halt"],"picked":"Collect","floor":21.0},{"not_picked":["EmptyBody","Evaluate","Prostrate"],"picked":"SKIP","floor":22.0},{"not_picked":["JustLucky","CrushJoints","Consecrate"],"picked":"SKIP","floor":24.0}],"player_experience":608850,"relics_obtained":[{"floor":7.0,"key":"Kunai"},{"floor":9.0,"key":"Meat on the Bone"},{"floor":26.0,"key":"Dream Catcher"}],"event_choices":[{"cards_removed":["Defend_P"],"damage_healed":0.0,"max_hp_gain":0.0,"max_hp_loss":0.0,"gold_gain":0.0,"event_name":"Golden Wing","player_choice":"Card Removal","floor":4.0,"gold_loss":0.0,"damage_taken":7.0},{"damage_healed":0.0,"max_hp_gain":0.0,"max_hp_loss":0.0,"gold_gain":0.0,"event_name":"WeMeetAgain","player_choice":"Paid Gold","floor":12.0,"gold_loss":83.0,"damage_taken":0.0,"relics_obtained":["Oddly Smooth Stone"]}],"is_beta":false,"boss_relics":[{"not_picked":["SacredBark","Astrolabe"],"picked":"VioletLotus"}],"items_purged_floors":[2,19],"is_endless":false,"potions_floor_spawned":[3,7,10,18,24],"killed_by":"Gremlin Leader","ascension_level":20}}