{"host":"08t08ld674si40tv","time":1610249340,"event":{"mods":["AchievementEnabler","BaseMod","Colored Map","Minty Spire (QoL Compilation)","StSLib","SuperFastMode"],"gold_per_floor":[114,132,144,144,144,144,163,163,163,188,188,113,127,142,142,142,142],"floor_reached":16,"playtime":305,"items_purged":[],"score":179,"play_id":"bf6e3333-b0b3-4398-83a4-c7171e845586","local_time":"20210110122900","is_ascension_mode":true,"campfire_choices":[{"floor":6,"key":"REST"},{"data":"Zap","floor":8,"key":"SMITH"},{"data":"Go for the Eyes","floor":15,"key":"SMITH"}],"circlet_count":0,"master_deck":["AscendersBane","Strike_B+1","Strike_B","Strike_B","Defend_B","Defend_B","Defend_B","Defend_B","Zap+1","Dualcast","Bandage Up","Sweeping Beam","Self Repair","Coolheaded+1","Reinforced Body","Glacier","Go for the Eyes+1"],"relics":["Cracked Core","Frozen Egg 2","Golden Idol"],"acts_visited":["Exordium"],"potions_floor_usage":[16],"damage_taken":[{"damage":12,"enemies":"Small Slimes","floor":1,"turns":4},{"damage":9,"enemies":"Jaw Worm","floor":2,"turns":3},{"damage":9,"enemies":"2 Louse","floor":3,"turns":3},{"damage":13,"enemies":"Blue Slaver","floor":7,"turns":5},{"damage":21,"enemies":"3 Sentries","floor":10,"turns":7},{"damage":9,"enemies":"3 Louse","floor":13,"turns":4},{"damage":2,"enemies":"Looter","floor":14,"turns":4},{"damage":17,"enemies":"Hexaghost","floor":16,"turns":8}],"seed_played":"-1013080421887231345","potions_obtained":[{"floor":2,"key":"Swift Potion"},{"floor":10,"key":"BlessingOfTheForge"},{"floor":14,"key":"DuplicationPotion"}],"is_trial":false,"path_per_floor":["M","M","M","?","?","R","M","R","T","E","?","?","M","M","R","B"],"character_chosen":"DEFECT","items_purchased":[],"campfire_rested":1,"item_purchase_floors":[],"current_hp_per_floor":[56,51,53,32,32,53,51,51,51,41,41,41,43,52,52,39,39],"gold":142,"neow_bonus":"RANDOM_COLORLESS","is_daily":false,"chose_seed":false,"campfire_upgraded":2,"win_rate":0.0,"timestamp":1610249340,"path_taken":["M","M","M","?","?","R","M","R","T","E","?","?","M","M","R","BOSS"],"items_purchased_type":[],"build_version":"2020-12-22","purchased_purges":0,"victory":false,"max_hp_per_floor":[71,71,71,71,71,71,71,71,71,71,64,64,64,64,64,64,64],"card_choices":[{"not_picked":["Blind","Trip"],"picked":"Bandage Up","floor":0},{"not_picked":["FTL","Storm"],"picked":"Sweeping Beam","floor":1},{"not_picked":["Barrage","Reprogram"],"picked":"Self Repair","floor":2},{"not_picked":["Hello World","Steam"],"picked":"Coolheaded","floor":3},{"not_picked":["Ball Lightning","Doom and Gloom"],"picked":"Reinforced Body","floor":7},{"not_picked":["Genetic Algorithm","Hyperbeam"],"picked":"Glacier","floor":10},{"not_picked":["Doom and Gloom","Beam Cell"],"picked":"Go for the Eyes","floor":13},{"not_picked":["Blizzard","Coolheaded","Scrape"],"picked":"SKIP","floor":14}],"player_experience":217057,"relics_obtained":[{"floor":10,"key":"Frozen Egg 2"}],"event_choices":[{"damage_healed":0,"gold_gain":0,"player_choice":"Entered Light","damage_taken":21,"max_hp_gain":0,"max_hp_loss":0,"event_name":"Shining Light","floor":4,"gold_loss":0,"cards_upgraded":["Strike_B","Coolheaded"]},{"damage_healed":0,"gold_gain":0,"player_choice":"Ignored","damage_taken":0,"max_hp_gain":0,"max_hp_loss":0,"event_name":"Liars Game","floor":5,"gold_loss":0},{"damage_healed":0,"gold_gain":0,"player_choice":"Lose Max HP","damage_taken":0,"relics_obtained":["Golden Idol"],"max_hp_gain":0,"max_hp_loss":7,"event_name":"Golden Idol","floor":11,"gold_loss":0},{"cards_removed":["Strike_B"],"damage_healed":0,"gold_gain":0,"player_choice":"Card Removal","damage_taken":0,"max_hp_gain":0,"max_hp_loss":0,"event_name":"The Cleric","floor":12,"gold_loss":75}],"is_beta":false,"boss_relics":[],"items_purged_floors":[],"is_endless":false,"potions_floor_spawned":[2,10,14],"killed_by":"Hexaghost","ascension_level":15}}