{"host":"mydft8i2zzydgggw","time":1610298944,"event":{"mods":["AchievementEnabler","BaseMod","BetterRewards","Colored Map","Colored Powertips","DeckTracker","Keyboard Shortcuts","Minty Spire (QoL Compilation)","Quick Restart","Rare Cards Sparkle","StSLib","SuperFastMode","The Poker Player","everything is the same but u backflip on backflip"],"gold_per_floor":[109,109,34,34,34,34,34,77,148,148,169,188,37,80,80,204,204,227,127,227,246,262,283,283,314,314,35,54,54,54,79,79,209,209,227,327,346,346,364,364,400,400,400,400,0,43,43,57,57,57,57,57,32,71,71,71],"floor_reached":55,"playtime":1186,"items_purged":["Strike_P","Weave+1","Strike_P+1","Defend_P+1"],"score":1016,"play_id":"55640a39-622a-479d-bb96-a9af3a61eb66","local_time":"20210111021544","is_ascension_mode":true,"campfire_choices":[{"data":"Eruption","floor":6.0,"key":"SMITH"},{"data":"FearNoEvil","floor":10.0,"key":"SMITH"},{"floor":15.0,"key":"REST"},{"floor":29.0,"key":"REST"},{"data":"InnerPeace","floor":32.0,"key":"SMITH"},{"floor":40.0,"key":"RECALL"},{"floor":42.0,"key":"REST"},{"floor":44.0,"key":"REST"},{"floor":49,"key":"REST"},{"floor":52,"key":"REST"}],"circlet_count":0,"master_deck":["Strike_P+1","Eruption+1","Vigilance+1","FearNoEvil+1","PathToVictory+1","CarveReality+1","Adaptation+1","InnerPeace+1"],"relics":["PureWater","Whetstone","Golden Idol","TungstenRod","Pear","ClockworkSouvenir","Akabeko","Astrolabe","Regal Pillow","Letter Opener","Anchor","VioletLotus","Potion Belt","Kunai","Membership Card","Ornamental Fan","Pen Nib","Lantern"],"acts_visited":["Exordium","TheCity","TheBeyond","TheEnding"],"potions_floor_usage":[50,55,55],"damage_taken":[{"damage":0.0,"enemies":"Cultist","floor":1.0,"turns":3.0},{"damage":14.0,"enemies":"Lagavulin","floor":8.0,"turns":6.0},{"damage":0.0,"enemies":"2 Louse","floor":11.0,"turns":2.0},{"damage":6.0,"enemies":"Jaw Worm","floor":12.0,"turns":3.0},{"damage":4.0,"enemies":"3 Sentries","floor":14.0,"turns":7.0},{"damage":36.0,"enemies":"The Guardian","floor":16.0,"turns":9.0},{"damage":19.0,"enemies":"2 Thieves","floor":18.0,"turns":3.0},{"damage":14.0,"enemies":"Shell Parasite","floor":21.0,"turns":3.0},{"damage":0.0,"enemies":"Snake Plant","floor":22.0,"turns":2.0},{"damage":13.0,"enemies":"Centurion and Healer","floor":23.0,"turns":2.0},{"damage":4.0,"enemies":"Book of Stabbing","floor":25.0,"turns":3.0},{"damage":0.0,"enemies":"Snecko","floor":28.0,"turns":3.0},{"damage":3.0,"enemies":"Shelled Parasite and Fungi","floor":31.0,"turns":2.0},{"damage":0.0,"enemies":"Champ","floor":33.0,"turns":2.0},{"damage":0.0,"enemies":"Orb Walker","floor":35.0,"turns":3.0},{"damage":1.0,"enemies":"3 Shapes","floor":37.0,"turns":1.0},{"damage":0.0,"enemies":"Maw","floor":39.0,"turns":2.0},{"damage":56.0,"enemies":"Nemesis","floor":41.0,"turns":7.0},{"damage":0,"enemies":"Reptomancer","floor":46,"turns":2},{"damage":0,"enemies":"Jaw Worm Horde","floor":48,"turns":2},{"damage":1,"enemies":"Awakened One","floor":50,"turns":3},{"damage":0,"enemies":"Shield and Spear","floor":54,"turns":2},{"damage":79,"enemies":"The Heart","floor":55,"turns":5}],"seed_played":"-2022862258989633737","potions_obtained":[{"floor":14.0,"key":"Regen Potion"},{"floor":16.0,"key":"AttackPotion"},{"floor":18.0,"key":"AttackPotion"},{"floor":22.0,"key":"StancePotion"},{"floor":23.0,"key":"DistilledChaos"},{"floor":25.0,"key":"Dexterity Potion"},{"floor":35.0,"key":"Strength Potion"},{"floor":37.0,"key":"SpeedPotion"},{"floor":48,"key":"SteroidPotion"}],"is_trial":false,"path_per_floor":["M","?","$","?","?","R","$","E","T","R","M","M","$","E","R","B",null,"M","$","?","M","M","M","?","E","T","$","M","R","$","M","R","B",null,"M","?","M","?","M","R","E","R","T","R","$","E","T","M","R","B",null,"R","$","E","B"],"character_chosen":"WATCHER","items_purchased":["ClockworkSouvenir","Anchor","Membership Card","Ornamental Fan","Ancient Potion","BottledMiracle"],"campfire_rested":6,"item_purchase_floors":[13,27,45,45,45,53],"current_hp_per_floor":[72,67,67,54,47,47,47,33,43,43,43,37,37,33,56,35,77,58,58,58,44,44,31,31,27,27,27,27,65,65,62,62,62,77,77,77,76,76,76,76,20,58,58,77,77,77,77,77,77,76,77,77,77,77,0,0],"gold":71,"neow_bonus":"RANDOM_COMMON_RELIC","is_daily":false,"chose_seed":false,"campfire_upgraded":3,"win_rate":0.0,"timestamp":1610298944,"path_taken":["M","?","$","?","?","R","?","E","T","R","M","?","?","E","R","BOSS","M","$","?","M","?","M","?","E","T","?","M","R","$","M","R","BOSS","M","?","?","?","M","R","E","R","T","R","$","E","?","M","R","BOSS","R","$","E","BOSS"],"items_purchased_type":["Relic","Relic","Relic","Relic","Potion","Potion"],"build_version":"2020-12-22","purchased_purges":4,"victory":false,"max_hp_per_floor":[72,67,67,67,67,67,67,67,77,77,77,77,77,77,77,77,77,77,77,77,77,77,77,77,77,77,77,77,77,77,77,77,77,77,77,77,77,77,77,77,77,77,77,77,77,77,77,77,77,77,77,77,77,77,77,77],"card_choices":[{"not_picked":["ThirdEye","JustLucky","BowlingBash"],"picked":"SKIP","floor":1.0},{"not_picked":["WreathOfFlame","FollowUp"],"picked":"FearNoEvil","floor":8.0},{"not_picked":["ForeignInfluence","Protect","EmptyFist"],"picked":"SKIP","floor":11.0},{"not_picked":["Protect","Wallop","EmptyMind"],"picked":"SKIP","floor":12.0},{"not_picked":["Collect","ForeignInfluence","Consecrate"],"picked":"SKIP","floor":14.0},{"not_picked":["JustLucky","Wireheading+1","Protect"],"picked":"SKIP","floor":18.0},{"not_picked":["SashWhip","ClearTheMind","Crescendo"],"picked":"SKIP","floor":21.0},{"not_picked":["SandsOfTime+1","Tantrum"],"picked":"Adaptation+1","floor":22.0},{"not_picked":["Worship","WindmillStrike","ThirdEye"],"picked":"SKIP","floor":23.0},{"not_picked":["JustLucky","Omniscience"],"picked":"InnerPeace","floor":25.0},{"not_picked":["FearNoEvil","ThirdEye","TalkToTheHand"],"picked":"SKIP","floor":28.0},{"not_picked":["Nirvana+1","CrushJoints","WindmillStrike+1"],"picked":"SKIP","floor":31.0},{"not_picked":["Consecrate","Tantrum+1","Prostrate+1"],"picked":"SKIP","floor":35.0},{"not_picked":["Evaluate+1","CutThroughFate+1","Swivel"],"picked":"SKIP","floor":37.0},{"not_picked":["Conclude","Crescendo+1","CrushJoints"],"picked":"SKIP","floor":39.0},{"not_picked":["EmptyBody+1","EmptyFist+1","Worship+1"],"picked":"SKIP","floor":41.0},{"not_picked":["Evaluate","Brilliance","BattleHymn"],"picked":"SKIP","floor":46},{"not_picked":["LikeWater","Protect","FollowUp+1"],"picked":"SKIP","floor":48},{"not_picked":["Crescendo+1","FlurryOfBlows","ClearTheMind+1"],"picked":"SKIP","floor":54}],"player_experience":170898,"relics_obtained":[{"floor":8.0,"key":"TungstenRod"},{"floor":9.0,"key":"Pear"},{"floor":14.0,"key":"Akabeko"},{"floor":25.0,"key":"Regal Pillow"},{"floor":26.0,"key":"Letter Opener"},{"floor":41.0,"key":"Potion Belt"},{"floor":43.0,"key":"Kunai"},{"floor":46,"key":"Pen Nib"},{"floor":54,"key":"Lantern"}],"event_choices":[{"damage_healed":0.0,"max_hp_gain":0.0,"max_hp_loss":5.0,"gold_gain":0.0,"event_name":"Golden Idol","player_choice":"Lose Max HP","floor":2.0,"gold_loss":0.0,"damage_taken":0.0,"relics_obtained":["Golden Idol"]},{"damage_healed":0.0,"max_hp_gain":0.0,"max_hp_loss":0.0,"gold_gain":0.0,"event_name":"Shining Light","player_choice":"Entered Light","floor":4.0,"gold_loss":0.0,"damage_taken":13.0,"cards_upgraded":["Defend_P","Defend_P"]},{"cards_removed":["Strike_P"],"damage_healed":0.0,"max_hp_gain":0.0,"max_hp_loss":0.0,"gold_gain":0.0,"event_name":"Golden Wing","player_choice":"Card Removal","floor":5.0,"gold_loss":0.0,"damage_taken":7.0},{"damage_healed":0.0,"max_hp_gain":0.0,"max_hp_loss":0.0,"gold_gain":100.0,"event_name":"Golden Shrine","player_choice":"Pray","floor":20.0,"gold_loss":0.0,"damage_taken":0.0},{"damage_healed":0.0,"max_hp_gain":0.0,"max_hp_loss":0.0,"gold_gain":0.0,"event_name":"Upgrade Shrine","player_choice":"Upgraded","floor":24.0,"gold_loss":0.0,"damage_taken":0.0,"cards_upgraded":["Vigilance"]},{"damage_healed":0.0,"max_hp_gain":0.0,"max_hp_loss":0.0,"gold_gain":100.0,"event_name":"Golden Shrine","player_choice":"Pray","floor":36.0,"gold_loss":0.0,"damage_taken":0.0},{"damage_healed":0.0,"max_hp_gain":0.0,"max_hp_loss":0.0,"gold_gain":0.0,"event_name":"SensoryStone","player_choice":"Memory 1","floor":38.0,"gold_loss":0.0,"damage_taken":0.0}],"is_beta":false,"boss_relics":[{"not_picked":["Ectoplasm","Pandora\u0027s Box"],"picked":"Astrolabe"},{"not_picked":["Busted Crown","Cursed Key"],"picked":"VioletLotus"}],"items_purged_floors":[3,19,27,45],"is_endless":false,"potions_floor_spawned":[14,16,18,22,23,25,35,37,48],"killed_by":"The Heart","ascension_level":4}}