{"host":"sian7qp8a9pc9xwd","time":1610284353,"event":{"mods":["BaseMod","Lobotomy","Minty Spire (QoL Compilation)","StSLib"],"gold_per_floor":[112,124,124,124,124,124,167,191,217,233,253,253,296,320,320,448,448,464,76,76,76,76],"floor_reached":21,"playtime":2173,"items_purged":["Rudolta"],"score":198,"play_id":"d8e4b0f2-3adc-4aff-a3aa-e359245423ed","local_time":"20210110081233","is_ascension_mode":true,"campfire_choices":[{"data":"Zap","floor":6.0,"key":"SMITH"},{"data":"Cold Snap","floor":12.0,"key":"SMITH"},{"data":"White Noise","floor":15.0,"key":"SMITH"}],"circlet_count":0,"master_deck":["Strike_B","Defend_B+1","Defend_B","Defend_B","Dualcast","DreamingCurrent","Cold Snap+1","HappyTeddy","Tempest+1","Machine Learning","MHz","Chill+1","Bloodbath","FTL","BlackArmy","Funeral","White Noise+1","PunishingBird","Echo Form","LittlePrince","Secret Technique","BootSequence","RitualDagger"],"relics":["Cracked Core","CogitoBucket","Golden Idol","Ancient Tea Set","War Paint","Theresia","HornCleat","Nuclear Battery","Membership Card","DataDisk"],"acts_visited":["Exordium","TheCity"],"potions_floor_usage":[16,21],"damage_taken":[{"damage":1.0,"enemies":"Jaw Worm","floor":1.0,"turns":3.0},{"damage":0.0,"enemies":"Small Slimes","floor":2.0,"turns":3.0},{"damage":31.0,"enemies":"3 Sentries","floor":7.0,"turns":7.0},{"damage":0.0,"enemies":"Cultist","floor":8.0,"turns":2.0},{"damage":5.0,"enemies":"Looter","floor":10.0,"turns":2.0},{"damage":14.0,"enemies":"2 Fungi Beasts","floor":11.0,"turns":5.0},{"damage":15.0,"enemies":"Lagavulin","floor":13.0,"turns":4.0},{"damage":0.0,"enemies":"Large Slime","floor":14.0,"turns":5.0},{"damage":97,"enemies":"The Guardian","floor":16,"turns":9},{"damage":24,"enemies":"3 Byrds","floor":18,"turns":4},{"damage":106,"enemies":"Spheric Guardian","floor":21,"turns":7}],"seed_played":"4966420828093623978","potions_obtained":[{"floor":1.0,"key":"Swift Potion"},{"floor":7.0,"key":"DistilledChaos"},{"floor":10.0,"key":"SneckoOil"},{"floor":11.0,"key":"EssenceOfSteel"}],"is_trial":false,"path_per_floor":["M","M","?","?","?","R","E","M","T","M","M","R","E","M","R","B",null,"M","$","?","M"],"character_chosen":"DEFECT","items_purchased":["Membership Card","DataDisk","Secret Technique","BootSequence"],"campfire_rested":0,"item_purchase_floors":[19,19,19,19],"current_hp_per_floor":[74,75,57,57,57,57,68,75,75,70,75,75,68,75,75,22,75,65,65,59,0,0],"gold":76,"neow_bonus":"","is_daily":false,"chose_seed":false,"campfire_upgraded":3,"win_rate":0.0,"timestamp":1610284353,"path_taken":["M","M","?","?","?","R","E","M","T","?","M","R","E","M","R","BOSS","M","$","?","M"],"items_purchased_type":["Relic","Relic","Card","Card"],"build_version":"2020-12-22","purchased_purges":1,"victory":false,"max_hp_per_floor":[75,75,75,75,75,75,75,75,75,75,75,75,75,75,75,75,75,75,75,75,75,75],"card_choices":[{"not_picked":["UniverseFragment","VoidDream"],"picked":"DreamingCurrent","floor":1.0},{"not_picked":["Rebound","Tempest"],"picked":"Cold Snap","floor":1.0},{"not_picked":["FairyFestival","OSAHOGD"],"picked":"HappyTeddy","floor":2.0},{"not_picked":["Skim","Compile Driver"],"picked":"Tempest","floor":2.0},{"not_picked":["LittlePrince","Freischutz"],"picked":"MHz","floor":7.0},{"not_picked":["Sweeping Beam","Darkness"],"picked":"Chill","floor":7.0},{"not_picked":["Redo","Go for the Eyes","Darkness"],"picked":"SKIP","floor":8.0},{"not_picked":["OSAHOGD","BigBadWolf"],"picked":"Bloodbath","floor":10.0},{"not_picked":["Compile Driver","Steam"],"picked":"FTL","floor":10.0},{"not_picked":["LaLuna","NakedNest"],"picked":"BlackArmy","floor":11.0},{"not_picked":["Tempest","Leap"],"picked":"Cold Snap","floor":11.0},{"not_picked":["SpiderBud","CherryBlossoms"],"picked":"Rudolta","floor":13.0},{"not_picked":["Auto Shields","Redo","Sunder"],"picked":"SKIP","floor":13.0},{"not_picked":["Scorched","MeatLantern"],"picked":"Funeral","floor":14.0},{"not_picked":["Leap","Static Discharge"],"picked":"White Noise","floor":14.0},{"not_picked":["MeatLantern","WallGazer","SpiderBud"],"picked":"Singing Bowl","floor":16},{"not_picked":["Yin","ShyLook"],"picked":"PunishingBird","floor":16},{"not_picked":["Reboot","Hyperbeam"],"picked":"Echo Form","floor":16},{"not_picked":["MeatLantern","CherryBlossoms"],"picked":"LittlePrince","floor":18},{"not_picked":["Heatsinks","Streamline","Beam Cell"],"picked":"SKIP","floor":18}],"player_experience":663061,"relics_obtained":[{"floor":7.0,"key":"Ancient Tea Set"},{"floor":9.0,"key":"War Paint"},{"floor":13.0,"key":"HornCleat"}],"event_choices":[{"damage_healed":0.0,"max_hp_gain":0.0,"max_hp_loss":0.0,"gold_gain":0.0,"event_name":"Golden Idol","player_choice":"Take Damage","floor":3.0,"gold_loss":0.0,"damage_taken":18.0,"relics_obtained":["Golden Idol"]},{"damage_healed":0.0,"max_hp_gain":0.0,"max_hp_loss":0.0,"gold_gain":0.0,"cards_transformed":["Strike_B"],"event_name":"Living Wall","player_choice":"Change","floor":4.0,"gold_loss":0.0,"damage_taken":0.0,"cards_obtained":["Machine Learning"]},{"damage_healed":0.0,"max_hp_gain":0.0,"max_hp_loss":0.0,"gold_gain":0.0,"event_name":"Upgrade Shrine","player_choice":"Upgraded","floor":5.0,"gold_loss":0.0,"damage_taken":0.0,"cards_upgraded":["Tempest"]},{"damage_healed":0,"gold_gain":0,"player_choice":"Joined the Cult","damage_taken":6,"max_hp_gain":0,"max_hp_loss":0,"event_name":"Nest","floor":20,"gold_loss":0,"cards_obtained":["RitualDagger"]}],"is_beta":false,"boss_relics":[{"not_picked":["Velvet Choker","Busted Crown"],"picked":"Nuclear Battery"}],"items_purged_floors":[19],"is_endless":false,"potions_floor_spawned":[1,7,10,11],"killed_by":"Spheric Guardian","ascension_level":1}}