{"host":"msa0wxqjs3jv1k3j","time":1610259367,"event":{"mods":["BaseMod","BetterRewards","Colored Map","Highlight Path","KOR Keyword Fix","Keyboard Shortcuts","Minty Spire (QoL Compilation)","Quick Restart","SuperFastMode","everything is the same but u backflip on backflip"],"gold_per_floor":[118,118,118,135,148,180,199,199,199],"floor_reached":8,"playtime":458,"items_purged":["Strike_R"],"score":58,"play_id":"88dac77c-2879-4033-915c-938ddc036be3","local_time":"20210110151607","is_ascension_mode":false,"campfire_choices":[],"circlet_count":0,"master_deck":["Strike_R","Strike_R","Strike_R","Defend_R","Defend_R","Defend_R","Defend_R","Bash","Dark Embrace","Panache","Anger","Body Slam","Sword Boomerang","Clumsy","Panacea+1","Feel No Pain","Ghostly Armor+1","Armaments+1","Thunderclap"],"relics":["Burning Blood","Unceasing Top","Membership Card","Toxic Egg 2","Strawberry","CaptainsWheel"],"acts_visited":["Exordium"],"potions_floor_usage":[8],"damage_taken":[{"damage":5,"enemies":"Cultist","floor":1,"turns":4},{"damage":11,"enemies":"2 Louse","floor":4,"turns":3},{"damage":17,"enemies":"Small Slimes","floor":5,"turns":4},{"damage":26,"enemies":"3 Sentries","floor":6,"turns":10},{"damage":28,"enemies":"Gremlin Gang","floor":7,"turns":8},{"damage":35,"enemies":"Gremlin Nob","floor":8,"turns":4}],"seed_played":"1662890113336814249","potions_obtained":[{"floor":4,"key":"ColorlessPotion"},{"floor":5,"key":"Dexterity Potion"}],"is_trial":false,"path_per_floor":["M","?","?","M","M","E","M","E"],"character_chosen":"IRONCLAD","items_purchased":["Membership Card","Toxic Egg 2","Strawberry","Dark Embrace","Panache","Anger"],"campfire_rested":0,"item_purchase_floors":[0,0,0,0,0,0],"current_hp_per_floor":[87,87,87,82,71,51,29,0,0],"gold":199,"neow_bonus":"","is_daily":false,"chose_seed":false,"campfire_upgraded":0,"win_rate":0.0,"timestamp":1610259367,"path_taken":["M","?","?","?","M","E","M","E"],"items_purchased_type":["Relic","Relic","Relic","Card","Card","Card"],"build_version":"2020-12-22","purchased_purges":1,"victory":false,"max_hp_per_floor":[87,87,87,87,87,87,87,87,87],"card_choices":[{"not_picked":["Heavy Blade","Reckless Charge"],"picked":"Body Slam","floor":1},{"not_picked":["Anger","Whirlwind"],"picked":"Feel No Pain","floor":4},{"not_picked":["Shockwave+1","Heavy Blade"],"picked":"Ghostly Armor+1","floor":5},{"not_picked":["Thunderclap","Headbutt"],"picked":"Armaments+1","floor":6},{"not_picked":["Power Through+1","Warcry+1"],"picked":"Thunderclap","floor":7}],"player_experience":61995,"relics_obtained":[{"floor":6,"key":"CaptainsWheel"}],"event_choices":[{"damage_healed":0,"gold_gain":0,"cards_transformed":["Strike_R"],"player_choice":"Change","damage_taken":0,"max_hp_gain":0,"max_hp_loss":0,"event_name":"Living Wall","floor":2,"gold_loss":0,"cards_obtained":["Sword Boomerang"]},{"damage_healed":0,"gold_gain":0,"player_choice":"2 cards matched","damage_taken":0,"max_hp_gain":0,"max_hp_loss":0,"event_name":"Match and Keep!","floor":3,"gold_loss":0,"cards_obtained":["Clumsy","Panacea"]},{"damage_healed":0,"gold_gain":0,"player_choice":"2 cards matched","damage_taken":0,"max_hp_gain":0,"max_hp_loss":0,"event_name":"Match and Keep!","floor":3,"gold_loss":0,"cards_obtained":["Clumsy","Panacea"]}],"is_beta":false,"boss_relics":[],"items_purged_floors":[0],"is_endless":false,"potions_floor_spawned":[4,5],"killed_by":"Gremlin Nob","ascension_level":0}}