{"host":"i41n6wh529970c2c","time":1610315380,"event":{"mods":["Act Like it!","BaseMod","BetterRewards","Gold Saver","Hermit","Marisa????????","Minty Spire (QoL Compilation)","Replay The Spire","Shop Mod","StSLib"],"gold_per_floor":[115,132,150,150,225,225,251,251,276,290,114,127,127,302,302,432,432],"floor_reached":16,"playtime":1084,"items_purged":["Strike_MRS"],"score":150,"play_id":"2d86a66b-bc12-4600-9fb4-71162f1bbc08","local_time":"20210110164939","is_ascension_mode":false,"campfire_choices":[{"data":"UpSweep","floor":6,"key":"SMITH"},{"data":"EscapeVelocity","floor":8,"key":"SMITH"},{"floor":15,"key":"REST"}],"circlet_count":0,"master_deck":["Strike_MRS+1","Strike_MRS+1","Strike_MRS","Defend_MRS+1","Defend_MRS","Defend_MRS","Defend_MRS","MasterSpark","UpSweep+1","PowerUp","DarkMatter","GravityBeat","EscapeVelocity+1","NonDirectionalLaser","ShootTheMoon","WitchOfGreed+1","AlicesGift","Regret","Doubt"],"relics":["MiniHakkero","NeowsBlessing","Blue Doll","Whetstone","Replay:Baseball"],"acts_visited":["Exordium"],"potions_floor_usage":[16,16],"damage_taken":[{"damage":0,"enemies":"Small Slimes","floor":1,"turns":1},{"damage":0,"enemies":"2 Louse","floor":2,"turns":1},{"damage":0,"enemies":"Jaw Worm","floor":3,"turns":1},{"damage":18,"enemies":"Lagavulin","floor":7,"turns":6},{"damage":8,"enemies":"Lots of Slimes","floor":10,"turns":5},{"damage":8,"enemies":"Blue Slaver","floor":12,"turns":4},{"damage":35,"enemies":"Slime Boss","floor":16,"turns":7}],"seed_played":"-799666382368402791","potions_obtained":[{"floor":1,"key":"Elixir"},{"floor":3,"key":"SteroidPotion"},{"floor":12,"key":"Ancient Potion"}],"is_trial":false,"path_per_floor":["M","M","M","?","?","R","E","R","T","M","$","M","?","?","R","B"],"character_chosen":"MARISA","items_purchased":["ShootTheMoon","WitchOfGreed+1"],"campfire_rested":1,"item_purchase_floors":[11,11],"current_hp_per_floor":[75,75,75,75,64,64,46,46,46,38,38,30,30,30,52,17,17],"gold":432,"neow_bonus":"THREE_ENEMY_KILL","is_daily":false,"chose_seed":false,"campfire_upgraded":2,"win_rate":0.0,"timestamp":1610315379,"path_taken":["M","M","M","?","?","R","E","R","T","M","$","?","?","?","R","BOSS"],"items_purchased_type":["Card","Card"],"build_version":"2020-12-22","purchased_purges":1,"victory":false,"max_hp_per_floor":[75,75,75,75,75,75,75,75,75,75,75,75,75,75,75,75,75],"card_choices":[{"not_picked":["Occultation","UnstableBomb"],"picked":"PowerUp","floor":1},{"not_picked":["6A","ShootingEcho"],"picked":"DarkMatter","floor":2},{"not_picked":["ShootingEcho","Acceleration"],"picked":"GravityBeat","floor":3},{"not_picked":["FairyDestructionRay","Acceleration"],"picked":"EscapeVelocity","floor":7},{"not_picked":["GravityBeat","IllusionStar"],"picked":"NonDirectionalLaser","floor":10},{"not_picked":["NonDirectionalLaser","LuminesStrike"],"picked":"AlicesGift","floor":12}],"player_experience":868800,"relics_obtained":[{"floor":7,"key":"Blue Doll"},{"floor":9,"key":"Whetstone"}],"event_choices":[{"damage_healed":0,"gold_gain":75,"player_choice":"Gather Gold","damage_taken":11,"max_hp_gain":0,"max_hp_loss":0,"event_name":"World of Goop","floor":5,"gold_loss":0},{"damage_healed":0,"gold_gain":0,"player_choice":"Box","damage_taken":0,"relics_obtained":["Replay:Baseball"],"max_hp_gain":0,"max_hp_loss":0,"event_name":"Big Fish","floor":13,"gold_loss":0,"cards_obtained":["Regret"]},{"damage_healed":0,"gold_gain":175,"player_choice":"AGREE","damage_taken":0,"max_hp_gain":0,"max_hp_loss":0,"event_name":"Liars Game","floor":14,"gold_loss":0,"cards_obtained":["Doubt"]}],"is_beta":false,"boss_relics":[],"items_purged_floors":[11],"is_endless":false,"potions_floor_spawned":[1,3,12],"killed_by":"Slime Boss","ascension_level":0}}