{"host":"jggt5i9rbuoqvque","time":1610322465,"event":{"mods":["BaseMod","Minty Spire (QoL Compilation)","StSLib"],"gold_per_floor":[117,136,136,136,146,172,187,214,268,268,268],"floor_reached":10,"playtime":338,"items_purged":[],"score":105,"play_id":"9899e986-be69-4b71-9f95-ca50fd627ec8","local_time":"20210111084745","is_ascension_mode":true,"campfire_choices":[],"circlet_count":0,"master_deck":["Strike_R","Strike_R","Strike_R","Strike_R","Strike_R","Defend_R","Defend_R","Defend_R","Defend_R","Bash","Apotheosis","Body Slam","Armaments","Shrug It Off"],"relics":["Burning Blood","StoneCalendar","InkBottle","Toy Ornithopter","Orichalcum"],"acts_visited":["Exordium"],"potions_floor_usage":[6],"damage_taken":[{"damage":6,"enemies":"2 Louse","floor":1,"turns":4},{"damage":0,"enemies":"Small Slimes","floor":2,"turns":4},{"damage":4,"enemies":"Jaw Worm","floor":5,"turns":4},{"damage":16,"enemies":"Lagavulin","floor":6,"turns":7},{"damage":10,"enemies":"Exordium Thugs","floor":7,"turns":5},{"damage":24,"enemies":"Gremlin Nob","floor":8,"turns":5},{"damage":29,"enemies":"Lagavulin","floor":10,"turns":6}],"seed_played":"-6967716830104940872","potions_obtained":[{"floor":1,"key":"EssenceOfSteel"},{"floor":7,"key":"Swift Potion"},{"floor":8,"key":"Dexterity Potion"}],"is_trial":false,"path_per_floor":["M","M","?","?","M","E","M","E","T","E"],"character_chosen":"IRONCLAD","items_purchased":[],"campfire_rested":0,"item_purchase_floors":[],"current_hp_per_floor":[72,72,77,59,61,51,47,29,29,0,0],"gold":268,"neow_bonus":"RANDOM_COLORLESS_2","is_daily":false,"chose_seed":false,"campfire_upgraded":0,"win_rate":0.0,"timestamp":1610322465,"path_taken":["M","M","?","?","M","E","M","E","T","E"],"items_purchased_type":[],"build_version":"2020-12-22","purchased_purges":0,"victory":false,"max_hp_per_floor":[72,72,77,77,77,77,77,77,77,77,77],"card_choices":[{"not_picked":["The Bomb","Master of Strategy"],"picked":"Apotheosis","floor":0},{"not_picked":["Anger","Sword Boomerang","Rupture"],"picked":"SKIP","floor":1},{"not_picked":["Anger","Heavy Blade"],"picked":"Body Slam","floor":2},{"not_picked":["Heavy Blade","Inflame"],"picked":"Armaments","floor":5},{"not_picked":["Burning Pact","Pommel Strike"],"picked":"Shrug It Off","floor":6},{"not_picked":["Havoc","Clothesline","Body Slam"],"picked":"SKIP","floor":7},{"not_picked":["Brutality","Power Through","True Grit"],"picked":"SKIP","floor":8}],"player_experience":315204,"relics_obtained":[{"floor":6,"key":"InkBottle"},{"floor":8,"key":"Toy Ornithopter"},{"floor":9,"key":"Orichalcum"}],"event_choices":[{"damage_healed":0,"gold_gain":0,"player_choice":"Donut","damage_taken":0,"max_hp_gain":5,"max_hp_loss":0,"event_name":"Big Fish","floor":3,"gold_loss":0},{"damage_healed":0,"gold_gain":0,"player_choice":"Success","damage_taken":18,"relics_obtained":["StoneCalendar"],"max_hp_gain":0,"max_hp_loss":0,"event_name":"Scrap Ooze","floor":4,"gold_loss":0}],"is_beta":false,"boss_relics":[],"items_purged_floors":[],"is_endless":false,"potions_floor_spawned":[1,7,8],"killed_by":"Lagavulin","ascension_level":7}}