{"host":"wha9hktbkslqvblg","time":1610278482,"event":{"mods":["BaseMod","Colored Map","Minty Spire (QoL Compilation)","Relic Stats","SuperFastMode","everything is the same but u backflip on backflip"],"gold_per_floor":[112,112,27,27,52,84,84,104,104,120,120,134,152,178,178,251,251,262,262,262,212,224,224,5,34,34,34,34],"floor_reached":27,"playtime":491,"items_purged":["Strike_R","Searing Blow+1"],"score":528,"play_id":"80f064d1-8bd0-4bcc-b038-9bd96c7f2300","local_time":"20210110203442","is_ascension_mode":true,"campfire_choices":[{"data":"Entrench","floor":7,"key":"SMITH"},{"data":"Uppercut","floor":11,"key":"SMITH"},{"data":"Fire Breathing","floor":15,"key":"SMITH"},{"floor":23,"key":"REST"}],"circlet_count":0,"master_deck":["AscendersBane","Defend_R","Defend_R","Defend_R","Bash","Entrench+1","Power Through","Corruption","Uppercut+1","Anger","Fire Breathing+1","Pommel Strike","Fiend Fire","Double Tap","Disarm+1","Fire Breathing+1","Intimidate+1"],"relics":["Burning Blood","NeowsBlessing","Potion Belt","Self Forming Clay","Smiling Mask","Blood Vial","Astrolabe","Medical Kit","Frozen Egg 2","Juzu Bracelet"],"acts_visited":["Exordium","TheCity"],"potions_floor_usage":[13,14,25,25,27],"damage_taken":[{"damage":0,"enemies":"Jaw Worm","floor":1,"turns":1},{"damage":0,"enemies":"Gremlin Nob","floor":6,"turns":1},{"damage":0,"enemies":"Cultist","floor":8,"turns":1},{"damage":0,"enemies":"2 Louse","floor":10,"turns":3},{"damage":8,"enemies":"Blue Slaver","floor":12,"turns":5},{"damage":2,"enemies":"Exordium Wildlife","floor":13,"turns":4},{"damage":10,"enemies":"3 Sentries","floor":14,"turns":5},{"damage":23,"enemies":"Slime Boss","floor":16,"turns":8},{"damage":34,"enemies":"Spheric Guardian","floor":18,"turns":7},{"damage":29,"enemies":"Shell Parasite","floor":22,"turns":7},{"damage":46,"enemies":"Slavers","floor":25,"turns":5},{"damage":3,"enemies":"Book of Stabbing","floor":27,"turns":4}],"seed_played":"-3478820594436290907","potions_obtained":[{"floor":1,"key":"BlessingOfTheForge"},{"floor":10,"key":"Weak Potion"},{"floor":12,"key":"AttackPotion"},{"floor":13,"key":"Swift Potion"},{"floor":14,"key":"ElixirPotion"},{"floor":22,"key":"SpeedPotion"},{"floor":25,"key":"ColorlessPotion"}],"is_trial":false,"path_per_floor":["M","?","$","?","T","E","R","M","T","M","R","M","M","E","R","B",null,"M","?","?","$","M","R","$","E","T","E"],"character_chosen":"IRONCLAD","items_purchased":["Power Through","Medical Kit"],"campfire_rested":1,"item_purchase_floors":[3,24],"current_hp_per_floor":[74,74,74,74,74,75,75,75,75,75,75,73,75,71,71,56,70,44,44,44,44,23,45,45,7,7,6,6],"gold":34,"neow_bonus":"THREE_ENEMY_KILL","is_daily":false,"chose_seed":false,"campfire_upgraded":3,"win_rate":0.0,"timestamp":1610278482,"path_taken":["M","?","?","?","?","E","R","M","T","M","R","M","M","E","R","BOSS","M","?","?","$","?","R","$","E","T","E"],"items_purchased_type":["Card","Relic"],"build_version":"2020-12-22","purchased_purges":2,"victory":false,"max_hp_per_floor":[75,75,75,75,75,75,75,75,75,75,75,75,75,75,75,75,75,75,75,75,75,75,75,75,75,75,75,75],"relic_stats":{"Blood Vial":10,"counters":[12,51],"Self Forming Clay":[69],"Astrolabe":["Disarm","Fire Breathing","Searing Blow"],"Juzu Bracelet":0,"Smiling Mask":75,"Medical Kit":[4],"obtain_stats":[{"Potion Belt":5,"Blood Vial":14,"NeowsBlessing":0,"Self Forming Clay":6,"Astrolabe":17,"Juzu Bracelet":26,"Frozen Egg 2":25,"Smiling Mask":9,"Medical Kit":24,"Burning Blood":0},{"Potion Belt":1,"Blood Vial":7,"NeowsBlessing":0,"Self Forming Clay":2,"Astrolabe":8,"Juzu Bracelet":11,"Frozen Egg 2":11,"Smiling Mask":3,"Medical Kit":10,"Burning Blood":0},{"Potion Belt":1,"Blood Vial":20,"NeowsBlessing":0,"Self Forming Clay":2,"Astrolabe":28,"Juzu Bracelet":47,"Frozen Egg 2":47,"Smiling Mask":3,"Medical Kit":42,"Burning Blood":0}],"Burning Blood":47},"card_choices":[{"not_picked":["Ghostly Armor","Sword Boomerang"],"picked":"Entrench","floor":1},{"not_picked":["Spot Weakness","Heavy Blade","Reaper"],"picked":"SKIP","floor":6},{"not_picked":["Sword Boomerang","Clash"],"picked":"Uppercut","floor":8},{"not_picked":["Anger","Sentinel","Entrench"],"picked":"SKIP","floor":10},{"not_picked":["Sentinel","Entrench"],"picked":"Anger","floor":10},{"not_picked":["Rampage","Clash"],"picked":"Fire Breathing","floor":12},{"not_picked":["Sword Boomerang","Intimidate"],"picked":"Pommel Strike","floor":13},{"not_picked":["Fiend Fire","True Grit","Inflame"],"picked":"SKIP","floor":14},{"not_picked":["True Grit","Inflame"],"picked":"Fiend Fire","floor":14},{"not_picked":["Demon Form","Fiend Fire"],"picked":"Double Tap","floor":16},{"not_picked":["Searing Blow","Rage","Heavy Blade"],"picked":"SKIP","floor":18},{"not_picked":["Heavy Blade","Havoc","Spot Weakness+1"],"picked":"SKIP","floor":22},{"not_picked":["Havoc","Headbutt"],"picked":"Intimidate+1","floor":25}],"player_experience":953525,"relics_obtained":[{"floor":5,"key":"Potion Belt"},{"floor":6,"key":"Self Forming Clay"},{"floor":9,"key":"Smiling Mask"},{"floor":14,"key":"Blood Vial"},{"floor":25,"key":"Frozen Egg 2"},{"floor":26,"key":"Juzu Bracelet"}],"event_choices":[{"cards_removed":["Strike_R"],"damage_healed":0,"gold_gain":0,"player_choice":"Offered Basic","damage_taken":0,"max_hp_gain":0,"max_hp_loss":0,"event_name":"Bonfire Elementals","floor":2,"gold_loss":0},{"damage_healed":0,"gold_gain":0,"cards_transformed":["Strike_R"],"player_choice":"Change","damage_taken":0,"max_hp_gain":0,"max_hp_loss":0,"event_name":"Living Wall","floor":4,"gold_loss":0,"cards_obtained":["Corruption"]},{"damage_healed":0,"gold_gain":0,"player_choice":"Ignored","damage_taken":0,"max_hp_gain":0,"max_hp_loss":0,"event_name":"Vampires","floor":19,"gold_loss":0},{"damage_healed":0,"gold_gain":0,"player_choice":"Ignored","damage_taken":0,"max_hp_gain":0,"max_hp_loss":0,"event_name":"Ghosts","floor":20,"gold_loss":0}],"is_beta":false,"boss_relics":[{"not_picked":["Runic Pyramid","Mark of Pain"],"picked":"Astrolabe"}],"items_purged_floors":[21,24],"is_endless":false,"potions_floor_spawned":[1,10,12,13,14,22,25],"killed_by":"Book of Stabbing","ascension_level":20}}