{"host":"1c17lcvl7acx821p","time":1610302845,"event":{"mods":["AchievementEnabler","BaseMod","Colored Map","Minty Spire (QoL Compilation)","StSLib"],"gold_per_floor":[214,230,240,56,68,102,102,102,102,115,115,148,163,196,196,297,297,309,323,337,350,364,394,117,136,136,136,136],"floor_reached":27,"playtime":1756,"items_purged":["Strike_R"],"score":383,"play_id":"73ddd481-a08f-4a20-9d08-45b1fb43993f","local_time":"20210110202045","is_ascension_mode":true,"campfire_choices":[{"data":"Body Slam","floor":7.0,"key":"SMITH"},{"floor":11,"key":"REST"},{"data":"Barricade","floor":15,"key":"SMITH"}],"circlet_count":0,"master_deck":["Strike_R","Strike_R","Strike_R","Strike_R","Defend_R","Defend_R","Defend_R","Defend_R","Bash","Iron Wave","Carnage","Shrug It Off","Impervious","Body Slam+1","Ghostly Armor","Barricade+1","Demon Form","Flame Barrier","Sentinel","Offering","Intimidate","Disarm","Offering","Iron Wave+1"],"relics":["Burning Blood","Gremlin Horn","Kunai","Pen Nib","Vajra","Coffee Dripper","Paper Frog","Anchor","Letter Opener"],"acts_visited":["Exordium","TheCity"],"potions_floor_usage":[10,12,16,20,23,27],"damage_taken":[{"damage":6.0,"enemies":"Jaw Worm","floor":1.0,"turns":5.0},{"damage":1.0,"enemies":"Cultist","floor":2.0,"turns":4.0},{"damage":3.0,"enemies":"2 Louse","floor":3.0,"turns":2.0},{"damage":8.0,"enemies":"Lots of Slimes","floor":5.0,"turns":6.0},{"damage":49.0,"enemies":"Lagavulin","floor":6.0,"turns":10.0},{"damage":5,"enemies":"Gremlin Gang","floor":10,"turns":5},{"damage":8,"enemies":"Gremlin Nob","floor":12,"turns":5},{"damage":0,"enemies":"Large Slime","floor":13,"turns":7},{"damage":13,"enemies":"3 Sentries","floor":14,"turns":12},{"damage":22,"enemies":"Hexaghost","floor":16,"turns":11},{"damage":13,"enemies":"Shell Parasite","floor":18,"turns":5},{"damage":6,"enemies":"Chosen","floor":19,"turns":4},{"damage":6,"enemies":"3 Cultists","floor":20,"turns":5},{"damage":15,"enemies":"Snecko","floor":21,"turns":7},{"damage":22,"enemies":"Cultist and Chosen","floor":22,"turns":6},{"damage":23,"enemies":"Slavers","floor":23,"turns":8},{"damage":14,"enemies":"Chosen and Byrds","floor":25,"turns":6},{"damage":13,"enemies":"Snecko","floor":27,"turns":4}],"seed_played":"6095499579997709837","potions_obtained":[{"floor":2.0,"key":"Swift Potion"},{"floor":10,"key":"Weak Potion"},{"floor":13,"key":"GamblersBrew"},{"floor":14,"key":"Dexterity Potion"},{"floor":16,"key":"CultistPotion"},{"floor":18,"key":"SkillPotion"},{"floor":22,"key":"LiquidBronze"}],"is_trial":false,"path_per_floor":["M","M","M","$","M","E","R","?","T","M","R","E","M","E","R","B",null,"M","M","M","M","M","E","$","M","T","M"],"character_chosen":"IRONCLAD","items_purchased":["Impervious","Body Slam","Anchor","Block Potion"],"campfire_rested":1,"item_purchase_floors":[4,4,24,24],"current_hp_per_floor":[72,77,80,80,78,35,35,35,35,36,60,58,64,57,57,41,70,63,63,63,54,38,21,21,13,13,0,0],"gold":136,"neow_bonus":"HUNDRED_GOLD","is_daily":false,"chose_seed":false,"campfire_upgraded":2,"win_rate":0.0,"timestamp":1610302845,"path_taken":["M","M","M","$","M","E","R","?","T","M","R","E","M","E","R","BOSS","M","?","M","M","?","E","$","M","T","M"],"items_purchased_type":["Card","Card","Relic","Potion"],"build_version":"2020-12-22","purchased_purges":1,"victory":false,"max_hp_per_floor":[80,80,80,80,80,80,80,80,80,80,80,80,80,80,80,80,80,80,80,80,80,80,80,80,80,80,80,80],"card_choices":[{"not_picked":["Feel No Pain","Armaments"],"picked":"Iron Wave","floor":1.0},{"not_picked":["Iron Wave","Heavy Blade"],"picked":"Carnage","floor":2.0},{"not_picked":["Iron Wave","Flame Barrier"],"picked":"Shrug It Off","floor":3.0},{"not_picked":["Havoc","Headbutt"],"picked":"Ghostly Armor","floor":5.0},{"not_picked":["Anger","Flame Barrier"],"picked":"Barricade","floor":6.0},{"not_picked":["Wild Strike","Flex"],"picked":"Flame Barrier","floor":10},{"not_picked":["Inflame","Havoc","Twin Strike"],"picked":"SKIP","floor":12},{"not_picked":["Inflame","Havoc","Twin Strike"],"picked":"SKIP","floor":12},{"not_picked":["Wild Strike","Inflame","Armaments"],"picked":"SKIP","floor":13},{"not_picked":["Perfected Strike","True Grit"],"picked":"Sentinel","floor":14},{"not_picked":["Impervious","Juggernaut"],"picked":"Offering","floor":16},{"not_picked":["Heavy Blade","Clash"],"picked":"Intimidate","floor":18},{"not_picked":["Burning Pact","Body Slam","Rampage"],"picked":"SKIP","floor":19},{"not_picked":["Sever Soul+1","Sword Boomerang"],"picked":"Disarm","floor":20},{"not_picked":["Flex","Shrug It Off+1","Carnage+1"],"picked":"SKIP","floor":21},{"not_picked":["Intimidate","Combust","Clothesline"],"picked":"SKIP","floor":22},{"not_picked":["Hemokinesis+1","Reckless Charge"],"picked":"Offering","floor":23},{"not_picked":["Blood for Blood","Inflame"],"picked":"Iron Wave+1","floor":25}],"player_experience":22254,"relics_obtained":[{"floor":6.0,"key":"Gremlin Horn"},{"floor":9.0,"key":"Kunai"},{"floor":12,"key":"Pen Nib"},{"floor":14,"key":"Vajra"},{"floor":23,"key":"Paper Frog"},{"floor":26,"key":"Letter Opener"}],"event_choices":[{"damage_healed":0.0,"max_hp_gain":0.0,"max_hp_loss":0.0,"gold_gain":0.0,"event_name":"Match and Keep!","player_choice":"1 cards matched","floor":8.0,"gold_loss":0.0,"damage_taken":0.0,"cards_obtained":["Demon Form"]}],"is_beta":false,"boss_relics":[{"not_picked":["Calling Bell","Empty Cage"],"picked":"Coffee Dripper"}],"items_purged_floors":[24],"is_endless":false,"potions_floor_spawned":[2,10,13,14,16,18,22],"killed_by":"Snecko","ascension_level":7}}