{"host":"y76clbnovzmw9ubx","time":1610296608,"event":{"mods":["AchievementEnabler","BaseMod","Minty Spire (QoL Compilation)","Permanent Neow","Relic Stats"],"gold_per_floor":[112,37,48,65,65,96,96,131,211,211,254,281,294,621,621,701,701,728,747,34,43,88,128,128,138,163,172,206,206,248,265,265,351,351,374,374,399,399,22,56,73,107,107,132,132,61,123,135,135,135,135,135,135,48,92,92,92],"floor_reached":56,"playtime":3615,"items_purged":["Strike_R","Sever Soul"],"score":2288,"play_id":"fb111ae7-d6c0-4f13-950e-7f276b43b9db","local_time":"20210110113648","is_ascension_mode":true,"campfire_choices":[{"floor":10.0,"key":"REST"},{"floor":15.0,"key":"REST"},{"data":"Bite","floor":24.0,"key":"SMITH"},{"data":"Anger","floor":32.0,"key":"PURGE"},{"floor":49.0,"key":"RECALL"},{"data":"Defend_R","floor":53.0,"key":"PURGE"}],"circlet_count":0,"master_deck":["AscendersBane","Defend_R","Defend_R","Bash","Ghostly Armor","Shockwave","Pommel Strike","Pommel Strike","Battle Trance","Shrug It Off","Whirlwind","Feed","True Grit","True Grit","Apotheosis","Fire Breathing","Battle Trance","Bite+1","Bite","Bite","Bite","Bite","Dark Embrace","RitualDagger","True Grit+1","Demon Form","Offering","Heavy Blade+1","Feel No Pain","Dual Wield","Feel No Pain","Fire Breathing"],"relics":["Mark of Pain","FossilizedHelix","CeramicFish","Darkstone Periapt","MealTicket","Old Coin","Coffee Dripper","Ice Cream","Peace Pipe","Happy Flower","Kunai","Enchiridion","Mango","Busted Crown","Pocketwatch","Blue Candle","Dream Catcher","Red Skull","Art of War","Prayer Wheel","Anchor"],"acts_visited":["Exordium","TheCity","TheBeyond","TheEnding"],"potions_floor_usage":[],"damage_taken":[{"damage":1.0,"enemies":"Cultist","floor":1.0,"turns":3.0},{"damage":2.0,"enemies":"Jaw Worm","floor":3.0,"turns":6.0},{"damage":4.0,"enemies":"Small Slimes","floor":4.0,"turns":3.0},{"damage":25.0,"enemies":"Gremlin Nob","floor":6.0,"turns":4.0},{"damage":11.0,"enemies":"Lagavulin","floor":8.0,"turns":6.0},{"damage":21.0,"enemies":"Gremlin Nob","floor":11.0,"turns":4.0},{"damage":0.0,"enemies":"Gremlin Gang","floor":12.0,"turns":2.0},{"damage":0.0,"enemies":"Red Slaver","floor":13.0,"turns":3.0},{"damage":15.0,"enemies":"Lagavulin","floor":14.0,"turns":6.0},{"damage":0.0,"enemies":"Slime Boss","floor":16.0,"turns":8.0},{"damage":8.0,"enemies":"2 Thieves","floor":18.0,"turns":4.0},{"damage":14.0,"enemies":"Shell Parasite","floor":19.0,"turns":7.0},{"damage":22.0,"enemies":"Slavers","floor":23.0,"turns":4.0},{"damage":23.0,"enemies":"Centurion and Healer","floor":25.0,"turns":9.0},{"damage":6.0,"enemies":"Book of Stabbing","floor":28.0,"turns":6.0},{"damage":16.0,"enemies":"Gremlin Leader","floor":30.0,"turns":8.0},{"damage":0.0,"enemies":"Cultist and Chosen","floor":31.0,"turns":3.0},{"damage":12.0,"enemies":"Champ","floor":33.0,"turns":7.0},{"damage":0.0,"enemies":"3 Shapes","floor":35.0,"turns":3.0},{"damage":26.0,"enemies":"Mind Bloom Boss Battle","floor":37.0,"turns":8.0},{"damage":34.0,"enemies":"Reptomancer","floor":40.0,"turns":7.0},{"damage":17.0,"enemies":"3 Darklings","floor":41.0,"turns":5.0},{"damage":8.0,"enemies":"Giant Head","floor":42.0,"turns":8.0},{"damage":0.0,"enemies":"Nemesis","floor":44.0,"turns":5.0},{"damage":30.0,"enemies":"2 Orb Walkers","floor":47.0,"turns":4.0},{"damage":0.0,"enemies":"Maw","floor":48.0,"turns":4.0},{"damage":79.0,"enemies":"Awakened One","floor":50.0,"turns":7.0},{"damage":34.0,"enemies":"Time Eater","floor":51.0,"turns":8.0},{"damage":69.0,"enemies":"Shield and Spear","floor":55.0,"turns":5.0},{"damage":72,"enemies":"The Heart","floor":56,"turns":6}],"seed_played":"2610165392499303915","potions_obtained":[{"floor":3.0,"key":"Fire Potion"},{"floor":4.0,"key":"Fire Potion"},{"floor":12.0,"key":"Swift Potion"},{"floor":14.0,"key":"CultistPotion"},{"floor":16.0,"key":"Dexterity Potion"},{"floor":23.0,"key":"Ancient Potion"},{"floor":28.0,"key":"FearPotion"},{"floor":35.0,"key":"Block Potion"},{"floor":44.0,"key":"DistilledChaos"}],"is_trial":false,"path_per_floor":["M","$","M","M","?","E","?","E","T","R","E","M","M","E","R","B",null,"M","M","$","?","?","E","R","M","T","?","E","?","E","M","R","B",null,"M","?","?","?","$","E","M","E","T","E","?","$","?","M","R","B","B",null,"R","$","E","B"],"character_chosen":"IRONCLAD","items_purchased":["Shockwave","Ice Cream","Apotheosis","Fire Breathing","Fire Potion","Blue Candle","Feel No Pain","Feel No Pain","Swift Potion"],"campfire_rested":2,"item_purchase_floors":[2,20,20,20,20,39,46,54,54],"current_hp_per_floor":[67,67,65,61,61,36,36,25,25,47,26,26,26,11,33,33,65,60,49,64,64,56,47,47,57,57,51,64,43,65,69,69,81,85,90,90,88,88,90,80,69,89,89,94,89,89,73,88,88,33,17,77,77,92,41,0,0],"gold":92,"neow_bonus":"BOSS_RELIC","is_daily":false,"chose_seed":false,"campfire_upgraded":1,"win_rate":0.0,"timestamp":1610296608,"path_taken":["M","?","M","M","?","E","?","E","T","R","E","M","?","E","R","BOSS","M","M","$","?","?","E","R","M","T","?","E","?","E","M","R","BOSS","M","?","?","?","?","E","?","E","T","E","?","$","?","M","R","BOSS","BOSS","R","$","E","BOSS"],"items_purchased_type":["Card","Relic","Card","Card","Potion","Relic","Card","Card","Potion"],"build_version":"2020-12-22","purchased_purges":2,"victory":false,"max_hp_per_floor":[75,75,75,75,75,75,75,75,75,75,75,75,75,75,75,75,75,78,81,81,81,56,60,60,64,64,64,68,68,82,86,86,86,86,90,90,90,90,90,90,90,94,94,94,89,89,93,93,93,97,97,97,97,97,97,97,97],"relic_stats":{"Darkstone Periapt":0,"Happy Flower":[31],"counters":[30,163],"CeramicFish":216,"Blue Candle":[2],"Peace Pipe":2,"Dream Catcher":0,"Busted Crown":20,"MealTicket":32,"Prayer Wheel":1,"Art of War":[4],"Kunai":[37],"obtain_stats":[{"Darkstone Periapt":9,"Ice Cream":20,"Happy Flower":26,"CeramicFish":8,"Blue Candle":39,"Enchiridion":29,"Mango":30,"Burning Blood":0,"Old Coin":14,"Peace Pipe":23,"Dream Catcher":40,"Anchor":55,"Busted Crown":34,"MealTicket":11,"Prayer Wheel":47,"Mark of Pain":0,"Coffee Dripper":17,"Art of War":44,"Kunai":28,"FossilizedHelix":6,"Red Skull":42,"Pocketwatch":37},{"Darkstone Periapt":5,"Ice Cream":12,"Happy Flower":14,"CeramicFish":5,"Blue Candle":20,"Enchiridion":15,"Mango":16,"Burning Blood":0,"Old Coin":9,"Peace Pipe":13,"Dream Catcher":21,"Anchor":29,"Busted Crown":18,"MealTicket":6,"Prayer Wheel":25,"Mark of Pain":0,"Coffee Dripper":10,"Art of War":24,"Kunai":15,"FossilizedHelix":4,"Red Skull":23,"Pocketwatch":20},{"Darkstone Periapt":22,"Ice Cream":56,"Happy Flower":69,"CeramicFish":22,"Blue Candle":104,"Enchiridion":75,"Mango":83,"Burning Blood":0,"Old Coin":37,"Peace Pipe":60,"Dream Catcher":111,"Anchor":157,"Busted Crown":93,"MealTicket":26,"Prayer Wheel":133,"Mark of Pain":0,"Coffee Dripper":45,"Art of War":129,"Kunai":75,"FossilizedHelix":16,"Red Skull":124,"Pocketwatch":104}],"Pocketwatch":[21]},"card_choices":[{"not_picked":["Perfected Strike","Clash"],"picked":"Ghostly Armor","floor":1.0},{"not_picked":["Wild Strike","Infernal Blade"],"picked":"Pommel Strike","floor":3.0},{"not_picked":["Perfected Strike","Entrench"],"picked":"Pommel Strike","floor":4.0},{"not_picked":["Metallicize","Rampage"],"picked":"Shrug It Off","floor":6.0},{"not_picked":["Twin Strike","Shockwave"],"picked":"Whirlwind","floor":8.0},{"not_picked":["Metallicize","Armaments"],"picked":"Sever Soul","floor":11.0},{"not_picked":["Cleave","Sword Boomerang"],"picked":"Anger","floor":12.0},{"not_picked":["Twin Strike","Iron Wave","Warcry"],"picked":"SKIP","floor":13.0},{"not_picked":["Cleave","Heavy Blade","Immolate"],"picked":"SKIP","floor":14.0},{"not_picked":["Reaper","Impervious"],"picked":"Feed","floor":16.0},{"not_picked":["Reckless Charge","Twin Strike"],"picked":"True Grit","floor":18.0},{"not_picked":["Burning Pact","Infernal Blade"],"picked":"True Grit","floor":19.0},{"not_picked":["Flex","Clash+1"],"picked":"Dark Embrace","floor":23.0},{"not_picked":["Flex","Blood for Blood","Twin Strike"],"picked":"SKIP","floor":25.0},{"not_picked":["Carnage","Clothesline"],"picked":"True Grit+1","floor":28.0},{"not_picked":["Heavy Blade","Dropkick"],"picked":"Demon Form","floor":30.0},{"not_picked":["Seeing Red","Uppercut","Flex"],"picked":"SKIP","floor":31.0},{"not_picked":["Juggernaut","Demon Form"],"picked":"Offering","floor":33.0},{"not_picked":[],"picked":"Heavy Blade+1","floor":35.0},{"not_picked":["Warcry+1"],"picked":"SKIP","floor":40.0},{"not_picked":["Armaments"],"picked":"SKIP","floor":41.0},{"not_picked":["Bludgeon"],"picked":"SKIP","floor":42.0},{"not_picked":["Sentinel+1"],"picked":"SKIP","floor":44.0},{"not_picked":[],"picked":"Dual Wield","floor":47.0},{"not_picked":["Flex"],"picked":"SKIP","floor":48.0},{"not_picked":["Dropkick"],"picked":"SKIP","floor":48.0},{"not_picked":[],"picked":"Fire Breathing","floor":55.0}],"player_experience":3035679,"relics_obtained":[{"floor":6.0,"key":"FossilizedHelix"},{"floor":8.0,"key":"CeramicFish"},{"floor":9.0,"key":"Darkstone Periapt"},{"floor":11.0,"key":"MealTicket"},{"floor":14.0,"key":"Old Coin"},{"floor":23.0,"key":"Peace Pipe"},{"floor":26.0,"key":"Happy Flower"},{"floor":28.0,"key":"Kunai"},{"floor":29.0,"key":"Enchiridion"},{"floor":30.0,"key":"Mango"},{"floor":37.0,"key":"Pocketwatch"},{"floor":40.0,"key":"Dream Catcher"},{"floor":42.0,"key":"Red Skull"},{"floor":44.0,"key":"Art of War"},{"floor":47.0,"key":"Prayer Wheel"},{"floor":55.0,"key":"Anchor"}],"event_choices":[{"damage_healed":0.0,"max_hp_gain":0.0,"max_hp_loss":0.0,"gold_gain":0.0,"cards_transformed":["Strike_R"],"event_name":"Living Wall","player_choice":"Change","floor":5.0,"gold_loss":0.0,"damage_taken":0.0,"cards_obtained":["Battle Trance"]},{"cards_removed":["Strike_R"],"damage_healed":0.0,"max_hp_gain":0.0,"max_hp_loss":0.0,"gold_gain":0.0,"event_name":"Bonfire Elementals","player_choice":"Offered Basic","floor":7.0,"gold_loss":0.0,"damage_taken":0.0},{"damage_healed":0.0,"max_hp_gain":0.0,"max_hp_loss":0.0,"gold_gain":0.0,"event_name":"The Library","player_choice":"Read","floor":21.0,"gold_loss":0.0,"damage_taken":0.0,"cards_obtained":["Battle Trance"]},{"damage_healed":0.0,"max_hp_gain":0.0,"max_hp_loss":25.0,"gold_gain":0.0,"event_name":"Vampires","player_choice":"Became a vampire","floor":22.0,"gold_loss":0.0,"damage_taken":0.0,"cards_obtained":["Bite","Bite","Bite","Bite","Bite"]},{"damage_healed":0.0,"max_hp_gain":0.0,"max_hp_loss":0.0,"gold_gain":0.0,"event_name":"Nest","player_choice":"Joined the Cult","floor":27.0,"gold_loss":0.0,"damage_taken":6.0,"cards_obtained":["RitualDagger"]},{"damage_healed":0.0,"max_hp_gain":0.0,"max_hp_loss":0.0,"gold_gain":0.0,"event_name":"Cursed Tome","player_choice":"Obtained Book","floor":29.0,"gold_loss":0.0,"damage_taken":21.0},{"damage_healed":0.0,"max_hp_gain":0.0,"max_hp_loss":0.0,"gold_gain":0.0,"event_name":"Tomb of Lord Red Mask","player_choice":"Ignored","floor":36.0,"gold_loss":0.0,"damage_taken":0.0},{"damage_healed":0.0,"max_hp_gain":0.0,"max_hp_loss":0.0,"gold_gain":0.0,"event_name":"MindBloom","player_choice":"Fight","floor":37.0,"gold_loss":0.0,"damage_taken":0.0},{"cards_removed":["Defend_R"],"damage_healed":0.0,"max_hp_gain":0.0,"max_hp_loss":0.0,"gold_gain":0.0,"event_name":"Falling","player_choice":"Removed Skill","floor":38.0,"gold_loss":0.0,"damage_taken":0.0},{"damage_healed":0.0,"max_hp_gain":0.0,"max_hp_loss":5.0,"gold_gain":0.0,"event_name":"Winding Halls","player_choice":"Max HP","floor":45.0,"gold_loss":0.0,"damage_taken":0.0},{"damage_healed":0.0,"max_hp_gain":0.0,"max_hp_loss":0.0,"gold_gain":0.0,"event_name":"Mysterious Sphere","player_choice":"Fight","floor":47.0,"gold_loss":0.0,"damage_taken":0.0}],"is_beta":false,"boss_relics":[{"not_picked":["Tiny House","Velvet Choker"],"picked":"Coffee Dripper"},{"not_picked":["Calling Bell","SlaversCollar"],"picked":"Busted Crown"}],"items_purged_floors":[20,39],"is_endless":false,"potions_floor_spawned":[3,4,12,14,16,18,23,28,35,44],"killed_by":"The Heart","ascension_level":20}}