{"host":"1p0ug38l8q9et435","time":1610249193,"event":{"mods":["AchievementEnabler","BaseMod","BetterRewards","Colored Powertips","Downfall","Hermit","Minty Spire (QoL Compilation)","Spicy Shops","StSLib","UnlockEverythingMod"],"gold_per_floor":[119,132,150,150,164,164,164,20,20,20,40,40,72,46,46,46,46],"floor_reached":16,"playtime":668,"items_purged":[],"score":100,"play_id":"1d716e6c-d4d3-4407-8229-a2ff8a862e1c","local_time":"20210109192633","is_ascension_mode":false,"campfire_choices":[{"floor":6,"key":"REST"},{"floor":10,"key":"DIG"},{"floor":12,"key":"DIG"},{"floor":15,"key":"REST"}],"circlet_count":0,"master_deck":["hermit:Strike_Hermit","hermit:Strike_Hermit","hermit:Strike_Hermit","hermit:Strike_Hermit","hermit:Defend_Hermit","hermit:Defend_Hermit","hermit:Defend_Hermit","hermit:Defend_Hermit","hermit:Snapshot","hermit:Covet","Flash of Steel+1","hermit:Vantage","hermit:WideOpen","hermit:FlashPowder","hermit:WideOpen","hermit:Quickdraw"],"relics":["hermit:Momento","Shovel","hermit:Horseshoe","hermit:CharredGlove","Blue Candle","Turnip"],"acts_visited":["Exordium"],"potions_floor_usage":[],"damage_taken":[{"damage":0,"enemies":"Small Slimes","floor":1,"turns":3},{"damage":4,"enemies":"Cultist","floor":2,"turns":4},{"damage":0,"enemies":"Jaw Worm","floor":3,"turns":4},{"damage":18,"enemies":"Gremlin Gang","floor":5,"turns":6},{"damage":13,"enemies":"Large Slime","floor":11,"turns":5},{"damage":20,"enemies":"Lagavulin","floor":13,"turns":8},{"damage":89,"enemies":"Slime Boss","floor":16,"turns":14}],"seed_played":"-3774296000847540739","potions_obtained":[{"floor":2,"key":"FairyPotion"}],"is_trial":false,"path_per_floor":["M","M","M","?","M","R","?","$","T","R","M","R","E","$","R","B"],"character_chosen":"HERMIT","items_purchased":["Shovel","hermit:Quickdraw"],"campfire_rested":2,"item_purchase_floors":[8,14],"current_hp_per_floor":[75,71,71,75,57,75,75,75,75,75,62,62,42,42,64,0,0],"gold":46,"neow_bonus":"RANDOM_COLORLESS","is_daily":false,"chose_seed":false,"campfire_upgraded":0,"win_rate":0.0,"timestamp":1610249193,"path_taken":["M","M","M","?","?","R","?","?","T","R","?","R","E","$","R","BOSS"],"items_purchased_type":["Relic","Card"],"build_version":"2020-12-22","purchased_purges":0,"victory":false,"max_hp_per_floor":[75,75,75,75,75,75,75,75,75,75,75,75,75,75,75,75,75],"card_choices":[{"not_picked":["expansioncontent:BronzeBeam","expansioncontent:PolyBeam"],"picked":"Flash of Steel","floor":0},{"not_picked":["hermit:DeadMansHand","hermit:Desperado","hermit:Misfire"],"picked":"SKIP","floor":1},{"not_picked":["hermit:SprayPray","hermit:HighCaliber"],"picked":"hermit:Vantage","floor":2},{"not_picked":["hermit:FullyLoaded","hermit:HoleUp","hermit:Spite"],"picked":"SKIP","floor":3},{"not_picked":["hermit:Dissolve","hermit:Scavenge"],"picked":"hermit:WideOpen","floor":5},{"not_picked":["hermit:SprayPray","hermit:Roulette"],"picked":"hermit:FlashPowder","floor":11},{"not_picked":["hermit:Vantage","hermit:Malice"],"picked":"hermit:WideOpen","floor":13}],"player_experience":25214,"relics_obtained":[{"floor":9,"key":"hermit:Horseshoe"},{"floor":10,"key":"hermit:CharredGlove"},{"floor":12,"key":"Blue Candle"},{"floor":13,"key":"Turnip"}],"event_choices":[{"damage_healed":4,"gold_gain":0,"player_choice":"Full Heal","damage_taken":0,"max_hp_gain":0,"max_hp_loss":0,"event_name":"Wheel of Change","floor":4,"gold_loss":0},{"damage_healed":0,"gold_gain":0,"player_choice":"Grow","damage_taken":0,"max_hp_gain":0,"max_hp_loss":0,"event_name":"Living Wall","floor":7,"gold_loss":0,"cards_upgraded":["Flash of Steel"]}],"is_beta":false,"boss_relics":[],"items_purged_floors":[],"is_endless":false,"potions_floor_spawned":[2],"killed_by":"Slime Boss","ascension_level":0}}