{"host":"kh6fvhxn285ncg0o","time":1610262096,"event":{"mods":["Act Like it!","BaseMod","Colored Map","Friendly Minions","Keyboard Shortcuts","Minty Spire (QoL Compilation)","Quick Restart","Relic Stats","StSLib","SuperFastMode"],"gold_per_floor":[111,129,129,109,132,132,175,59,59,75,116,137,137,162,162,162,162],"floor_reached":16,"playtime":301,"items_purged":["Strike_R"],"score":224,"play_id":"3d37908b-36de-48b7-8f54-64f98ea9b62d","local_time":"20210110160136","is_ascension_mode":true,"campfire_choices":[{"data":"Bash","floor":6.0,"key":"SMITH"},{"data":"Blood for Blood","floor":15,"key":"SMITH"}],"circlet_count":0,"master_deck":["AscendersBane","Strike_R","Strike_R","Strike_R","Defend_R","Defend_R","Defend_R","Defend_R","Bash+1","Shrug It Off","Rage","Second Wind","Blood for Blood+1","Burning Pact"],"relics":["Burning Blood","NeowsBlessing","Golden Idol","Calipers","Turnip","Paper Frog"],"acts_visited":["Exordium"],"potions_floor_usage":[14],"damage_taken":[{"damage":0.0,"enemies":"Small Slimes","floor":1.0,"turns":1.0},{"damage":0.0,"enemies":"2 Louse","floor":2.0,"turns":1.0},{"damage":0.0,"enemies":"Cultist","floor":5.0,"turns":1.0},{"damage":8.0,"enemies":"Gremlin Nob","floor":7.0,"turns":3.0},{"damage":12.0,"enemies":"Looter","floor":10.0,"turns":4.0},{"damage":37.0,"enemies":"3 Sentries","floor":11.0,"turns":12.0},{"damage":9.0,"enemies":"Red Slaver","floor":12.0,"turns":3.0},{"damage":3,"enemies":"Exordium Thugs","floor":14,"turns":5},{"damage":44,"enemies":"Hexaghost","floor":16,"turns":9}],"seed_played":"-5676619798078376011","potions_obtained":[{"floor":1.0,"key":"Strength Potion"},{"floor":4.0,"key":"BlessingOfTheForge"},{"floor":10.0,"key":"FairyPotion"},{"floor":11.0,"key":"DistilledChaos"}],"is_trial":false,"path_per_floor":["M","M","?","?","M","R","E","$","T","M","E","M","?","M","R","B"],"character_chosen":"IRONCLAD","items_purchased":["Second Wind"],"campfire_rested":0,"item_purchase_floors":[8],"current_hp_per_floor":[74,75,49,49,55,55,53,53,53,47,16,13,13,16,16,0,0],"gold":162,"neow_bonus":"THREE_ENEMY_KILL","is_daily":false,"chose_seed":false,"campfire_upgraded":2,"win_rate":0.0,"timestamp":1610262096,"path_taken":["M","M","?","?","?","R","E","$","T","M","E","M","?","M","R","BOSS"],"items_purchased_type":["Card"],"build_version":"2020-12-22","purchased_purges":1,"victory":false,"max_hp_per_floor":[75,75,75,75,75,75,75,75,75,75,75,75,75,75,75,75,75],"relic_stats":{"counters":[9,39],"Golden Idol":34,"Turnip":[0],"obtain_stats":[{"Calipers":7,"NeowsBlessing":0,"Golden Idol":3,"Turnip":9,"Burning Blood":0,"Paper Frog":11},{"Calipers":4,"NeowsBlessing":0,"Golden Idol":2,"Turnip":4,"Burning Blood":0,"Paper Frog":6},{"Calipers":6,"NeowsBlessing":0,"Golden Idol":2,"Turnip":6,"Burning Blood":0,"Paper Frog":22}],"Burning Blood":43},"card_choices":[{"not_picked":["Intimidate","Perfected Strike"],"picked":"Shrug It Off","floor":1.0},{"not_picked":["Thunderclap","Bludgeon"],"picked":"Rage","floor":7.0},{"not_picked":["Heavy Blade","Clothesline"],"picked":"Blood for Blood","floor":10.0},{"not_picked":["Sword Boomerang","Anger"],"picked":"Burning Pact","floor":11.0},{"not_picked":["Searing Blow","Pommel Strike","True Grit"],"picked":"SKIP","floor":12.0},{"not_picked":["Metallicize","Twin Strike","Iron Wave"],"picked":"SKIP","floor":14}],"player_experience":3407087,"relics_obtained":[{"floor":7.0,"key":"Calipers"},{"floor":9.0,"key":"Turnip"},{"floor":11.0,"key":"Paper Frog"}],"event_choices":[{"damage_healed":0.0,"max_hp_gain":0.0,"max_hp_loss":0.0,"gold_gain":0.0,"event_name":"Golden Idol","player_choice":"Take Damage","floor":3.0,"gold_loss":0.0,"damage_taken":26.0,"relics_obtained":["Golden Idol"]},{"damage_healed":0.0,"max_hp_gain":0.0,"max_hp_loss":0.0,"gold_gain":0.0,"event_name":"The Woman in Blue","player_choice":"Bought 1 Potion","floor":4.0,"gold_loss":0.0,"damage_taken":0.0},{"cards_removed":["Strike_R"],"damage_healed":0.0,"max_hp_gain":0.0,"max_hp_loss":0.0,"gold_gain":0.0,"event_name":"Bonfire Elementals","player_choice":"Offered Basic","floor":13.0,"gold_loss":0.0,"damage_taken":0.0}],"is_beta":false,"boss_relics":[],"items_purged_floors":[8],"is_endless":false,"potions_floor_spawned":[1,10,11],"killed_by":"Hexaghost","ascension_level":20}}