{"host":"eeuhgv8goqdjv4ip","time":1610280980,"event":{"mods":["2.2 Compatiblity","AchievementEnabler","BaseMod","Challenge The Spire","Colored Map","Colored Powertips","Conspire","Dark Map","Hubris","Infinite Spire","Marisa????????","Minty Spire (QoL Compilation)","Permanent Neow","Replay The Spire","SIMod","StSLib","The Animator","The Saiyan","The Servant 0.9.4","The Wild Card"],"gold_per_floor":[116,116,163,190,216,216,245,245,245,245,262,262,291,310,310,405,455,473,473,473,488,505,505,505,505],"floor_reached":24,"playtime":2010,"items_purged":[],"score":255,"play_id":"b0ea9182-71d8-42db-bc02-653bedea58d2","local_time":"20210110081620","is_ascension_mode":true,"campfire_choices":[{"data":"animator:NagisaMomoe","floor":6,"key":"SMITH"},{"data":"animator:EmiyaShirou","floor":10,"key":"SMITH"},{"data":"animator:Darkness","floor":12,"key":"SMITH"},{"floor":15,"key":"REST"},{"floor":23,"key":"REST"}],"circlet_count":0,"master_deck":["animator:Strike_Fate","animator:Defend_Fate+1","animator:Strike","animator:Strike","animator:Strike","animator:Defend","animator:Defend","animator:Defend","animator:Alexander+1","animator:Rider","animator:Rider","theWildCard:Arsene","animator:NagisaMomoe+1","animator:Assassin","animator:CrowleyEusford","animator:EmiyaShirou+1","animator:Darkness+1","animator:Illya","animator:PinaCoLada","animator:PinaCoLada","animator:Lancer","animator:Megumin+2","animator:Kazuma"],"relics":["animator:LivingPicture","animator:TheMissingPiece","hubris:MysteriousPyramids","Vajra","hubris:CuriousFeather","Tiny House"],"acts_visited":["Exordium","TheCity"],"potions_floor_usage":[7,11,14,18,19,21,24],"damage_taken":[{"damage":8,"enemies":"Small Slimes","floor":1,"turns":4},{"damage":0,"enemies":"2 Louse","floor":4,"turns":3},{"damage":4,"enemies":"Jaw Worm","floor":5,"turns":4},{"damage":23,"enemies":"3 Sentries","floor":7,"turns":6},{"damage":6,"enemies":"Exordium Thugs","floor":11,"turns":4},{"damage":0,"enemies":"Blue Slaver","floor":13,"turns":5},{"damage":7,"enemies":"Lots of Slimes","floor":14,"turns":3},{"damage":9,"enemies":"Hexaghost","floor":16,"turns":8},{"damage":22,"enemies":"Chosen","floor":18,"turns":5},{"damage":12,"enemies":"3 Byrds","floor":19,"turns":2},{"damage":30,"enemies":"Snake Plant","floor":21,"turns":4},{"damage":20,"enemies":"conspire:HollyBat","floor":22,"turns":9},{"damage":12,"enemies":"Replay:Snechameleon","floor":24,"turns":3}],"seed_played":"4775267999207301865","potions_obtained":[{"floor":1,"key":"Explosive Potion"},{"floor":3,"key":"SmokeBomb"},{"floor":7,"key":"Toxic Potion"},{"floor":13,"key":"SkillPotion"},{"floor":14,"key":"Elixir"},{"floor":17,"key":"FearPotion"},{"floor":20,"key":"CultistPotion"},{"floor":20,"key":"Doom Potion"},{"floor":22,"key":"Swift Potion"}],"is_trial":false,"path_per_floor":["M","?","?","M","M","R","E","?","T","R","M","R","M","M","R","B",null,"M","M","?","M","M","R","E"],"character_chosen":"THE_ANIMATOR","items_purchased":[],"campfire_rested":2,"item_purchase_floors":[],"current_hp_per_floor":[52,52,52,52,48,48,26,26,26,26,20,20,20,13,36,27,84,63,51,51,21,1,26,14,14],"gold":505,"neow_bonus":"TWENTY_PERCENT_HP_BONUS","is_daily":false,"chose_seed":false,"campfire_upgraded":3,"win_rate":0.0,"timestamp":1610280980,"path_taken":["M","?","?","M","?","R","E","?","T","R","M","R","M","?","R","BOSS","M","M","?","M","?","R","E"],"items_purchased_type":[],"build_version":"2020-12-22","purchased_purges":0,"victory":false,"max_hp_per_floor":[78,78,78,78,78,78,79,79,79,79,79,79,79,79,79,79,84,85,85,85,85,85,85,85,85],"card_choices":[{"not_picked":["animator:SayakaMiki","animator:ElricAlphonse"],"picked":"animator:Rider","floor":1},{"not_picked":["animator:Rider","animator:TukaLunaMarceau"],"picked":"animator:NagisaMomoe","floor":3},{"not_picked":["animator:YuiTsuruno","animator:SayakaMiki"],"picked":"animator:Assassin","floor":4},{"not_picked":["animator:Kazuma","animator:Shigure"],"picked":"animator:CrowleyEusford","floor":5},{"not_picked":["animator:Rider","animator:SakuraMatou"],"picked":"animator:EmiyaShirou","floor":7},{"not_picked":["animator:Gluttony","animator:MaesHughes"],"picked":"animator:Darkness","floor":11},{"not_picked":["animator:DwarfShaman","animator:Sloth"],"picked":"animator:Illya","floor":13},{"not_picked":["animator:IrohaTamaki","animator:DwarfShaman"],"picked":"animator:PinaCoLada","floor":14},{"not_picked":["animator:Kyubey","animator:Eris"],"picked":"animator:PinaCoLada","floor":16},{"not_picked":["animator:RinTohsaka","animator:SakuraMatou"],"picked":"animator:Lancer","floor":18},{"not_picked":["animator:TukaLunaMarceau+1","animator:Kuribayashi"],"picked":"animator:Megumin","floor":21},{"not_picked":["animator:YuiTsuruno","animator:HomuraAkemi"],"picked":"animator:Kazuma","floor":22}],"player_experience":444531,"relics_obtained":[{"floor":3,"key":"hubris:MysteriousPyramids"},{"floor":7,"key":"Vajra"},{"floor":9,"key":"hubris:CuriousFeather"}],"event_choices":[{"damage_healed":0,"gold_gain":0,"player_choice":"Forge","damage_taken":0,"max_hp_gain":0,"max_hp_loss":0,"event_name":"Accursed Blacksmith","floor":8,"gold_loss":0,"cards_upgraded":["animator:Alexander"]},{"damage_healed":0,"gold_gain":0,"player_choice":"Got Potions","damage_taken":0,"max_hp_gain":0,"max_hp_loss":0,"event_name":"Lab","floor":20,"gold_loss":0}],"is_beta":false,"boss_relics":[{"not_picked":["Busted Crown","Ring of Chaos"],"picked":"Tiny House"}],"items_purged_floors":[],"is_endless":false,"potions_floor_spawned":[1,7,13,14,19,22],"killed_by":"Replay:Snechameleon","ascension_level":3}}