{"host":"jgqxb38yl0c1w101","time":1610262732,"event":{"mods":["BaseMod","Colored Map","Downfall","Minty Spire (QoL Compilation)","StSLib"],"gold_per_floor":[99,113,132,307,307,321,321,321,347,59,73,73,89,101,115,214,214,14,32,32,32,17,29,55,90,90,101,130,30,53,38,50,150,150,150,166,166,166,266,299,325,325,341,366,12,12,22,37,48,48,48,48,48,48],"floor_reached":52,"playtime":5113,"items_purged":[],"score":802,"play_id":"67417b99-6866-4f9e-b52b-f525fd45afe9","local_time":"20210110021212","is_ascension_mode":false,"campfire_choices":[{"floor":1,"key":"RECALL"},{"data":"Slimebound:DouseInSlime","floor":12,"key":"SMITH"},{"data":"Slimebound:MassFeed","floor":18,"key":"SMITH"},{"data":"Slimebound:DouseInSlime","floor":26,"key":"SMITH"},{"data":"Slimebound:RainOfGoop","floor":29,"key":"SMITH"},{"data":"Slimebound:WasteNot","floor":35,"key":"SMITH"}],"circlet_count":0,"master_deck":["Slimebound:Tackle","Slimebound:Split","Slimebound:CorrosiveSpit","Slimebound:SplitLeeching","Slimebound:Grow","Doubt","Slimebound:Schlurp","Slimebound:SplitLeeching","Slimebound:LeechingTouch","Slimebound:LeechLife","Slimebound:SamplingLick","Slimebound:DouseInSlime+1","Slimebound:ComboTackle","Slimebound:Prepare","Slimebound:FormOfPuddle","Slimebound:OozeBath","Slimebound:LeechLife","Slimebound:DouseInSlime+1","Slimebound:Replication","Slimebound:SlimeSpikes","Slimebound:PressTheAttack","Slimebound:MassFeed+1","Slimebound:GoopSpray","Slimebound:LivingWall","Slimebound:ItLooksTasty+1","Slimebound:RainOfGoop+1","Slimebound:SlimeSpikes","Slimebound:LivingWall","Slimebound:Schlurp","Slimebound:DuplicatedForm","Slimebound:Gluttony","Slimebound:WasteNot+1","downfall:Aged","CurseOfTheBell","Pain","Slimebound:LeechingTouch+1","Slimebound:LeechingTouch+1","expansioncontent:DashGenerateEvil","expansioncontent:Chronoboost","expansioncontent:LastStand","expansioncontent:YouAreMine+1","Slimebound:SplitLeeching+1"],"relics":["Slimebound:AbsorbEndCombat","Centennial Puzzle","Pear","HandDrill","Pandora\u0027s Box","downfall:HeartBlessingRed","downfall:HeartBlessingBlue","Blue Candle","Juzu Bracelet","Unceasing Top","PreservedInsect","downfall:HeartBlessingGreen","Tiny Chest","Busted Crown","Meat on the Bone","Calling Bell","Boot","Gremlin Horn","Ginger","Anchor","Bag of Preparation","Turnip","Toxic Egg 2","Sling"],"acts_visited":["Exordium","TheCity","TheBeyond","TheEnding"],"potions_floor_usage":[9,25,27,28,28,33,50,52],"damage_taken":[{"damage":1,"enemies":"Jaw Worm","floor":2,"turns":5},{"damage":3,"enemies":"Small Slimes","floor":3,"turns":4},{"damage":3,"enemies":"Cultist","floor":6,"turns":4},{"damage":51,"enemies":"Gremlin Nob","floor":9,"turns":6},{"damage":2,"enemies":"downfall:FleeingMerchant","floor":10,"turns":4},{"damage":13,"enemies":"Exordium Thugs","floor":11,"turns":5},{"damage":12,"enemies":"Blue Slaver","floor":13,"turns":3},{"damage":7,"enemies":"2 Fungi Beasts","floor":14,"turns":4},{"damage":10,"enemies":"Large Slime","floor":15,"turns":9},{"damage":20,"enemies":"downfall:Watcher","floor":16,"turns":9},{"damage":12,"enemies":"3 Byrds","floor":19,"turns":6},{"damage":0,"enemies":"Chosen","floor":21,"turns":1},{"damage":6,"enemies":"downfall:FleeingMerchant","floor":22,"turns":4},{"damage":26,"enemies":"Snecko","floor":23,"turns":5},{"damage":76,"enemies":"Gremlin Leader","floor":25,"turns":6},{"damage":47,"enemies":"Centurion and Healer","floor":27,"turns":6},{"damage":23,"enemies":"Slavers","floor":28,"turns":5},{"damage":8,"enemies":"downfall:FleeingMerchant","floor":31,"turns":4},{"damage":34,"enemies":"Shelled Parasite and Fungi","floor":32,"turns":5},{"damage":55,"enemies":"ArchetypeAct2MushroomsNewAge","floor":33,"turns":7},{"damage":86,"enemies":"3 Darklings","floor":36,"turns":9},{"damage":56,"enemies":"Giant Head","floor":40,"turns":10},{"damage":40,"enemies":"3 Shapes","floor":43,"turns":4},{"damage":36,"enemies":"Nemesis","floor":44,"turns":6},{"damage":30,"enemies":"downfall:FleeingMerchant","floor":45,"turns":4},{"damage":64,"enemies":"Maw","floor":47,"turns":9},{"damage":18,"enemies":"Sphere and 2 Shapes","floor":48,"turns":4},{"damage":83,"enemies":"3 Darklings","floor":49,"turns":6},{"damage":42,"enemies":"downfall:Defect","floor":50,"turns":9},{"damage":186,"enemies":"downfall:CharBossMerchant","floor":52,"turns":11}],"seed_played":"7065910514481867984","potions_obtained":[{"floor":3,"key":"Energy Potion"},{"floor":11,"key":"FairyPotion"},{"floor":13,"key":"Swift Potion"},{"floor":14,"key":"sneckomod:MuddlingPotion"},{"floor":15,"key":"hexamod:SoulburnPotion"},{"floor":25,"key":"CultistPotion"},{"floor":27,"key":"DistilledChaos"},{"floor":28,"key":"Weak Potion"},{"floor":32,"key":"DuplicationPotion"},{"floor":33,"key":"Energy Potion"},{"floor":47,"key":"Slimebound:ThreeZeroPotion"},{"floor":48,"key":"Slimebound:SpawnSlimePotion"}],"is_trial":false,"path_per_floor":["R","M","M","?","T","M","T","?","E","$","M","R","M","M","M","B",null,"R","M","?","M","$","M","T","E","R","M","E","R","T","$","M","B",null,"R","M","?","?","?","E","T","T","M","E","$","?","M","M","M","B",null,"E"],"character_chosen":"SLIMEBOUND","items_purchased":["Slimebound:LeechLife","Slimebound:SamplingLick","HandDrill","Sling","expansioncontent:DashGenerateEvil"],"campfire_rested":0,"item_purchase_floors":[10,10,10,45,45],"current_hp_per_floor":[71,71,70,70,70,69,69,69,29,29,37,37,58,61,70,81,81,91,85,85,85,91,71,71,34,34,34,53,53,53,92,99,99,99,99,74,74,74,74,50,50,50,51,82,70,60,96,97,71,85,103,0,0,0],"gold":48,"neow_bonus":"TEN_PERCENT_HP_BONUS","is_daily":false,"chose_seed":false,"campfire_upgraded":5,"win_rate":0.0,"timestamp":1610262732,"path_taken":["R","M","M","?","?","M","T","?","E","?","M","R","M","M","M","BOSS","R","M","?","?","?","M","T","E","R","M","E","R","?","$","M","BOSS","R","M","?","?","?","E","T","?","M","E","$","?","M","M","M","BOSS","E"],"items_purchased_type":["Card","Card","Relic","Relic","Card"],"build_version":"2020-12-22","purchased_purges":0,"victory":false,"max_hp_per_floor":[71,71,71,71,71,71,71,71,81,81,81,81,81,81,81,81,81,91,91,91,91,91,95,95,95,95,95,99,99,99,99,99,99,99,99,99,99,99,99,99,99,99,99,99,99,99,99,99,99,103,103,103,103,103],"card_choices":[{"not_picked":["Slimebound:HauntingLick","Slimebound:FinishingTackle"],"picked":"Slimebound:SplitLeeching","floor":2},{"not_picked":["Slimebound:SlimeTap","Slimebound:SplitAcid"],"picked":"Slimebound:Grow","floor":3},{"not_picked":["Slimebound:RollThrough","Slimebound:Nibble"],"picked":"Slimebound:Schlurp","floor":6},{"not_picked":["Slimebound:SlimeBrawl","Slimebound:DivideAndConquer"],"picked":"Slimebound:SplitLeeching","floor":9},{"not_picked":["Slimebound:SplitBruiser","Slimebound:PressTheAttack"],"picked":"Slimebound:LeechingTouch","floor":10},{"not_picked":["Slimebound:ProtectTheBoss","Slimebound:SlimeBarrage"],"picked":"Slimebound:DouseInSlime","floor":11},{"not_picked":["Slimebound:Dissolve","Slimebound:Replication"],"picked":"Slimebound:ComboTackle","floor":13},{"not_picked":["Slimebound:LeechEnergy","Slimebound:PressTheAttack"],"picked":"Slimebound:Prepare","floor":14},{"not_picked":["Slimebound:ServeAndProtect","Slimebound:SplitBruiser"],"picked":"Slimebound:FormOfPuddle","floor":15},{"not_picked":["Slimebound:PrepareCrush","Slimebound:MinionMaster"],"picked":"Slimebound:OozeBath","floor":16},{"not_picked":["Slimebound:Prepare","Slimebound:LeechingTouch"],"picked":"Slimebound:GoopSpray","floor":19},{"not_picked":["Slimebound:SplitMire","Slimebound:Prepare"],"picked":"Slimebound:LivingWall","floor":21},{"not_picked":["Slimebound:LeechEnergy","Slimebound:SlimeBarrage"],"picked":"Slimebound:ItLooksTasty+1","floor":22},{"not_picked":["Slimebound:RollThrough+1","Slimebound:BestDefense+1"],"picked":"Slimebound:RainOfGoop","floor":23},{"not_picked":["Slimebound:FinishingTackle","Slimebound:GrowthPunch"],"picked":"Slimebound:SlimeSpikes","floor":25},{"not_picked":["Slimebound:Chomp","Slimebound:ItLooksTasty"],"picked":"Slimebound:LivingWall","floor":27},{"not_picked":["Slimebound:SamplingLick","Slimebound:Dissolve"],"picked":"Slimebound:Schlurp","floor":28},{"not_picked":["Slimebound:LeadByExample","Slimebound:RainOfGoop+1"],"picked":"Slimebound:DuplicatedForm","floor":31},{"not_picked":["Slimebound:LeadByExample","Slimebound:DisruptingSlam"],"picked":"Slimebound:Gluttony","floor":32},{"not_picked":["Slimebound:FirmFortitude","Slimebound:Overexert"],"picked":"Slimebound:WasteNot","floor":33},{"not_picked":["Slimebound:Schlurp"],"picked":"SKIP","floor":36},{"not_picked":["Slimebound:Schlurp"],"picked":"SKIP","floor":40},{"not_picked":[],"picked":"Slimebound:LeechingTouch+1","floor":43},{"not_picked":[],"picked":"Slimebound:LeechingTouch+1","floor":44},{"not_picked":["Slimebound:LeechingTouch"],"picked":"SKIP","floor":45},{"not_picked":[],"picked":"expansioncontent:Chronoboost","floor":46},{"not_picked":[],"picked":"expansioncontent:LastStand","floor":46},{"not_picked":[],"picked":"expansioncontent:YouAreMine+1","floor":46},{"not_picked":[],"picked":"Slimebound:SplitLeeching+1","floor":47},{"not_picked":["Slimebound:LeechingTouch"],"picked":"SKIP","floor":48},{"not_picked":["Slimebound:FlameTackle"],"picked":"SKIP","floor":49}],"player_experience":150910,"relics_obtained":[{"floor":5,"key":"Centennial Puzzle"},{"floor":9,"key":"Pear"},{"floor":20,"key":"Blue Candle"},{"floor":24,"key":"Juzu Bracelet"},{"floor":25,"key":"Unceasing Top"},{"floor":28,"key":"PreservedInsect"},{"floor":30,"key":"Tiny Chest"},{"floor":38,"key":"Meat on the Bone"},{"floor":39,"key":"Boot"},{"floor":39,"key":"Gremlin Horn"},{"floor":39,"key":"Ginger"},{"floor":40,"key":"Anchor"},{"floor":41,"key":"Bag of Preparation"},{"floor":42,"key":"Turnip"},{"floor":44,"key":"Toxic Egg 2"}],"event_choices":[{"damage_healed":0,"gold_gain":0,"player_choice":"Relic","damage_taken":0,"max_hp_gain":0,"max_hp_loss":0,"event_name":"Wheel of Change","floor":20,"gold_loss":0},{"cards_removed":["Slimebound:PressTheAttack"],"damage_healed":0,"gold_gain":0,"player_choice":"Removed Attack","damage_taken":0,"max_hp_gain":0,"max_hp_loss":0,"event_name":"Falling","floor":37,"gold_loss":0}],"is_beta":false,"boss_relics":[{"not_picked":["Slimebound:AbsorbEndCombatUpgraded","Runic Pyramid"],"picked":"Pandora\u0027s Box"},{"not_picked":["Black Star","SacredBark"],"picked":"Busted Crown"}],"items_purged_floors":[],"is_endless":false,"potions_floor_spawned":[3,11,13,14,15,25,27,28,32,33,44,47,48],"killed_by":"downfall:CharBossMerchant","ascension_level":0}}