{"host":"00tqcjwpycel7e54","time":1610274536,"event":{"mods":["ATMod(阿瑾Mod)","Act Like it!","BaseMod","Colored Powertips","Decade(王小明)","Hermit","Highlight Path","Hubris","Luminous","Marisa（F雨　魔理沙）","Minty Spire (QoL Compilation)","Reimu（博丽灵梦）","Remilia（蕾米莉亚）","Robot Space Explorer","SOS（斯巴达之子）","Shop Mod","Spicy Shops","StSLib","The Administrix","The Animator","The Bug Knight","The Construct","The Cursed","The Gatherer","The Hierophant","The Mystic","The Runesmith","The Servant 0.9.4","WarShipGirlsR/战舰少女R mod","Youmu（魂魄妖梦）","Yuyuko","vexMod","【遗物卡牌】REMEMod"],"gold_per_floor":[111,111,131,131,56,56,85,99,147,166,166,178,22,42,42,140,140,154,154,154,165,184,210,210,210,210],"floor_reached":25,"playtime":1101,"items_purged":["Regret"],"score":248,"play_id":"442366aa-6611-4652-b69a-19459ed023d1","local_time":"20210110182856","is_ascension_mode":false,"campfire_choices":[{"data":"RobotSpaceExplorer:StarLightning","floor":6.0,"key":"SMITH"},{"data":"RobotSpaceExplorer:Pulsar","floor":15.0,"key":"SMITH"},{"floor":24,"key":"REST"}],"circlet_count":0,"master_deck":["RobotSpaceExplorer:Strike","RobotSpaceExplorer:Strike","RobotSpaceExplorer:Strike","RobotSpaceExplorer:Strike","RobotSpaceExplorer:Defend","RobotSpaceExplorer:Defend","RobotSpaceExplorer:Defend","RobotSpaceExplorer:Defend","RobotSpaceExplorer:Scan","RobotSpaceExplorer:MiniLasers","RobotSpaceExplorer:FrostMissile","RobotSpaceExplorer:StarLightning+1","RobotSpaceExplorer:Pulsar+1","RobotSpaceExplorer:Discharger","RobotSpaceExplorer:GlueShot","RobotSpaceExplorer:Calculate","The Bomb","Pain","RobotSpaceExplorer:Pulsar","RobotSpaceExplorer:DoubleFind+1","AT_EmpoweredMortalDraw"],"relics":["RobotSpaceExplorer:RoboCore","AT_ATBox","REME_ComplimentaryCards","NeowsBlessing","Bottled Flame","Question Card","Tiny Chest","Mastiff:ReiMu","hubris:OldNail","REME_LowDesire","RobotSpaceExplorer:FoglandsKnife","Bag of Preparation","WarpedTongs","vexMod:BerryBomb","Calipers"],"acts_visited":["Exordium","TheCity"],"potions_floor_usage":[21,21,23],"damage_taken":[{"damage":0.0,"enemies":"Cultist","floor":1.0,"turns":1.0},{"damage":0.0,"enemies":"Small Slimes","floor":3.0,"turns":1.0},{"damage":0.0,"enemies":"3 Sentries","floor":7.0,"turns":2.0},{"damage":1.0,"enemies":"Jaw Worm","floor":8.0,"turns":3.0},{"damage":3.0,"enemies":"2 Fungi Beasts","floor":10.0,"turns":3.0},{"damage":5.0,"enemies":"Lots of Slimes","floor":12.0,"turns":5.0},{"damage":0.0,"enemies":"Blue Slaver","floor":14.0,"turns":4.0},{"damage":9.0,"enemies":"Slime Boss","floor":16.0,"turns":7.0},{"damage":17.0,"enemies":"Spheric Guardian","floor":18.0,"turns":4.0},{"damage":16,"enemies":"3 Byrds","floor":21,"turns":5},{"damage":2,"enemies":"Snecko","floor":22,"turns":5},{"damage":47,"enemies":"REME_1_Revenger","floor":23,"turns":6},{"damage":29,"enemies":"Book of Stabbing","floor":25,"turns":7}],"seed_played":"-126280710260757978","potions_obtained":[{"floor":1.0,"key":"ColorlessPotion"},{"floor":8.0,"key":"CultistPotion"},{"floor":11.0,"key":"Fruit Juice"},{"floor":11.0,"key":"EntropicBrew"},{"floor":16.0,"key":"Dexterity Potion"}],"is_trial":false,"path_per_floor":["M","T","M","?","$","R","E","M","T","M","?","M","$","M","R","B",null,"M","?","?","M","M","E","R","E"],"character_chosen":"RobotSpaceExplorer","items_purchased":["hubris:OldNail"],"campfire_rested":1,"item_purchase_floors":[13],"current_hp_per_floor":[75,75,75,75,75,75,75,74,74,71,76,71,71,71,71,62,80,63,63,63,53,51,4,29,0,0],"gold":210,"neow_bonus":"THREE_ENEMY_KILL","is_daily":false,"chose_seed":false,"campfire_upgraded":2,"win_rate":0.0,"timestamp":1610274536,"path_taken":["M","?","?","?","$","R","E","M","T","M","?","M","$","M","R","BOSS","M","?","?","M","M","E","R","E"],"items_purchased_type":["Relic"],"build_version":"2020-12-22","purchased_purges":1,"victory":false,"max_hp_per_floor":[75,75,75,75,75,75,75,75,75,75,80,80,80,80,80,80,80,80,80,80,86,86,86,86,86,86],"card_choices":[{"not_picked":["RobotSpaceExplorer:IronShell","RobotSpaceExplorer:Electroshield"],"picked":"RobotSpaceExplorer:FrostMissile","floor":1.0},{"not_picked":["RobotSpaceExplorer:ShockKick","RobotSpaceExplorer:ImprovisedAttack"],"picked":"RobotSpaceExplorer:StarLightning","floor":3.0},{"not_picked":["RobotSpaceExplorer:MiniDrones","RobotSpaceExplorer:ImprovisedAttack","RobotSpaceExplorer:Probe"],"picked":"RobotSpaceExplorer:Pulsar","floor":7.0},{"not_picked":["RobotSpaceExplorer:Blitz","RobotSpaceExplorer:Electropulse","RobotSpaceExplorer:Ammunition","RobotSpaceExplorer:ShockKick"],"picked":"SKIP","floor":8.0},{"not_picked":["RobotSpaceExplorer:DualCore","RobotSpaceExplorer:Pulsar","RobotSpaceExplorer:Fix"],"picked":"RobotSpaceExplorer:Discharger","floor":10.0},{"not_picked":["RobotSpaceExplorer:Discharger","RobotSpaceExplorer:ExhaustFan","RobotSpaceExplorer:SelfCleaning"],"picked":"RobotSpaceExplorer:GlueShot","floor":12.0},{"not_picked":["RobotSpaceExplorer:ShovelStrike","RobotSpaceExplorer:ScrapToss","RobotSpaceExplorer:GlueShot"],"picked":"RobotSpaceExplorer:Calculate","floor":14.0},{"not_picked":["RobotSpaceExplorer:Explosion","RobotSpaceExplorer:DroneSwarm","RobotSpaceExplorer:Arsenal"],"picked":"RobotSpaceExplorer:Exploration","floor":16.0},{"not_picked":["RobotSpaceExplorer:GearShield","RobotSpaceExplorer:ShovelStrike","RobotSpaceExplorer:HighVoltage","RobotSpaceExplorer:Electropulse"],"picked":"The Bomb","floor":18.0},{"not_picked":["RobotSpaceExplorer:ScrapMissile","RobotSpaceExplorer:Blitz","RobotSpaceExplorer:Counterblock","Forethought+1"],"picked":"RobotSpaceExplorer:Pulsar","floor":21},{"not_picked":["RobotSpaceExplorer:Reload","RobotSpaceExplorer:Smokescreen","RobotSpaceExplorer:GlueSpray+1","Thinking Ahead"],"picked":"RobotSpaceExplorer:DoubleFind+1","floor":22},{"not_picked":["RobotSpaceExplorer:ShockKick","RobotSpaceExplorer:GearShield","RobotSpaceExplorer:IronShell","RobotSpaceExplorer:SelfCleaning"],"picked":"AT_EmpoweredMortalDraw","floor":23}],"player_experience":710173,"relics_obtained":[{"floor":2.0,"key":"Bottled Flame"},{"floor":7.0,"key":"Tiny Chest"},{"floor":9.0,"key":"Mastiff:ReiMu"},{"floor":17.0,"key":"RobotSpaceExplorer:FoglandsKnife"},{"floor":17.0,"key":"Bag of Preparation"},{"floor":21,"key":"vexMod:BerryBomb"},{"floor":23,"key":"Calipers"}],"event_choices":[{"damage_healed":0.0,"max_hp_gain":0.0,"max_hp_loss":0.0,"gold_gain":0.0,"event_name":"Big Fish","player_choice":"Box","floor":4.0,"gold_loss":0.0,"damage_taken":0.0,"relics_obtained":["Question Card"],"cards_obtained":["Regret"]},{"damage_healed":0.0,"max_hp_gain":0.0,"max_hp_loss":0.0,"gold_gain":0.0,"event_name":"Lab","player_choice":"Got Potions","floor":11.0,"gold_loss":0.0,"damage_taken":0.0},{"damage_healed":0.0,"max_hp_gain":0.0,"max_hp_loss":0.0,"gold_gain":0.0,"event_name":"Vampires","player_choice":"Ignored","floor":19.0,"gold_loss":0.0,"damage_taken":0.0},{"damage_healed":0.0,"max_hp_gain":0.0,"max_hp_loss":0.0,"gold_gain":0.0,"event_name":"Accursed Blacksmith","player_choice":"Rummage","floor":20.0,"gold_loss":0.0,"damage_taken":0.0,"relics_obtained":["WarpedTongs"],"cards_obtained":["Pain"]}],"is_beta":false,"boss_relics":[{"not_picked":["Cursed Key","SlaversCollar"],"picked":"REME_LowDesire"}],"items_purged_floors":[5],"is_endless":false,"potions_floor_spawned":[1,8,14,16,21],"killed_by":"Book of Stabbing","ascension_level":0}}