{"host":"f6f8cjhjgha9mpdq","time":1610269148,"event":{"mods":["BaseMod","Minty Spire (QoL Compilation)","Permanent Neow","StSLib","SuperFastMode"],"gold_per_floor":[20,20,20,20,36,12,12,30,30,30,63,78,92,116,116,211,211,225,250,22,35,35,35,55,55,55,55,68,68,68,68],"floor_reached":30,"playtime":1361,"items_purged":["Blizzard"],"score":394,"play_id":"c78b55b2-1134-4371-bfb5-533d287eaab7","local_time":"20210110175908","is_ascension_mode":true,"campfire_choices":[{"data":"Zap","floor":10.0,"key":"SMITH"},{"data":"Chaos","floor":15.0,"key":"SMITH"},{"data":"Creative AI","floor":23,"key":"SMITH"},{"data":"Dualcast","floor":25,"key":"SMITH"}],"circlet_count":0,"master_deck":["AscendersBane","Zap+1","Dualcast+1","Seek","Chaos+1","Rebound","Hologram","Sweeping Beam","Glacier","Creative AI+1","Compile Driver","Go for the Eyes","Sweeping Beam","Force Field","Leap","Undo","Echo Form"],"relics":["Cracked Core","Golden Idol","Gremlin Horn","Pandora\u0027s Box","Lantern","Toy Ornithopter","Darkstone Periapt","MutagenicStrength"],"acts_visited":["Exordium","TheCity"],"potions_floor_usage":[16,16,16,24,30,30],"damage_taken":[{"damage":0.0,"enemies":"Jaw Worm","floor":1.0,"turns":4.0},{"damage":0.0,"enemies":"Small Slimes","floor":5.0,"turns":3.0},{"damage":2.0,"enemies":"Cultist","floor":8.0,"turns":3.0},{"damage":17.0,"enemies":"Lagavulin","floor":11.0,"turns":7.0},{"damage":8.0,"enemies":"Lots of Slimes","floor":12.0,"turns":4.0},{"damage":8.0,"enemies":"Blue Slaver","floor":13.0,"turns":3.0},{"damage":24.0,"enemies":"Exordium Thugs","floor":14.0,"turns":3.0},{"damage":2,"enemies":"Hexaghost","floor":16,"turns":11},{"damage":11,"enemies":"3 Byrds","floor":18,"turns":5},{"damage":7,"enemies":"Chosen","floor":19,"turns":6},{"damage":3,"enemies":"Centurion and Healer","floor":21,"turns":11},{"damage":19,"enemies":"Cultist and Chosen","floor":24,"turns":5},{"damage":24,"enemies":"Snake Plant","floor":28,"turns":5},{"damage":13,"enemies":"Slavers","floor":30,"turns":2}],"seed_played":"2681142628903408211","potions_obtained":[{"floor":1.0,"key":"ColorlessPotion"},{"floor":11.0,"key":"Dexterity Potion"},{"floor":13.0,"key":"EntropicBrew"},{"floor":18,"key":"EssenceOfSteel"},{"floor":24,"key":"Strength Potion"}],"is_trial":false,"path_per_floor":["M","?","?","?","M","$","?","M","T","R","E","M","M","M","R","B",null,"M","M","$","M","?","R","M","R","T","?","M","?","E"],"character_chosen":"DEFECT","items_purchased":["Rebound","Lantern"],"campfire_rested":0,"item_purchase_floors":[6,20],"current_hp_per_floor":[64,64,64,64,64,64,76,74,74,74,57,49,41,17,17,15,61,50,43,43,40,40,40,26,26,26,26,2,2,0,0],"gold":68,"neow_bonus":"TRANSFORM_TWO_CARDS","is_daily":false,"chose_seed":false,"campfire_upgraded":4,"win_rate":0.0,"timestamp":1610269148,"path_taken":["M","?","?","?","?","?","?","M","T","R","E","M","M","M","R","BOSS","M","M","$","M","?","R","M","R","T","?","M","?","E"],"items_purchased_type":["Card","Relic"],"build_version":"2020-12-22","purchased_purges":1,"victory":false,"max_hp_per_floor":[71,66,66,66,66,66,76,76,76,76,76,76,76,76,76,76,76,76,76,76,76,76,76,76,76,76,76,76,76,76,76],"card_choices":[{"not_picked":["Steam Power","Stack"],"picked":"Chaos","floor":1.0},{"not_picked":["Redo","Turbo"],"picked":"Go for the Eyes","floor":5.0},{"not_picked":["Rebound","Stack"],"picked":"Hologram","floor":8.0},{"not_picked":["Double Energy","Darkness","Blizzard"],"picked":"SKIP","floor":11.0},{"not_picked":["Storm","Blizzard"],"picked":"Sweeping Beam","floor":12.0},{"not_picked":["Tempest","Rebound","Cold Snap"],"picked":"SKIP","floor":13.0},{"not_picked":["Stack","Steam Power"],"picked":"Glacier","floor":14.0},{"not_picked":["Buffer","Biased Cognition"],"picked":"Creative AI","floor":16},{"not_picked":["Streamline","Go for the Eyes","Rip and Tear"],"picked":"SKIP","floor":18},{"not_picked":["Barrage","Compile Driver"],"picked":"Leap","floor":19},{"not_picked":["Cold Snap","Rebound+1"],"picked":"Undo","floor":21},{"not_picked":["Rebound","Sunder"],"picked":"Echo Form","floor":24},{"not_picked":["Leap","Rebound","Chaos"],"picked":"SKIP","floor":28}],"player_experience":543508,"relics_obtained":[{"floor":11.0,"key":"Gremlin Horn"},{"floor":26,"key":"Darkstone Periapt"}],"event_choices":[{"damage_healed":0.0,"max_hp_gain":0.0,"max_hp_loss":5.0,"gold_gain":0.0,"event_name":"Golden Idol","player_choice":"Lose Max HP","floor":2.0,"gold_loss":0.0,"damage_taken":0.0,"relics_obtained":["Golden Idol"]},{"damage_healed":0.0,"max_hp_gain":0.0,"max_hp_loss":0.0,"gold_gain":0.0,"cards_transformed":["Strike_B"],"event_name":"Living Wall","player_choice":"Change","floor":3.0,"gold_loss":0.0,"damage_taken":0.0,"cards_obtained":["Blizzard"]},{"cards_removed":["Defend_B"],"damage_healed":0.0,"max_hp_gain":0.0,"max_hp_loss":0.0,"gold_gain":0.0,"event_name":"Purifier","player_choice":"Purged","floor":4.0,"gold_loss":0.0,"damage_taken":0.0},{"cards_removed":["Buffer"],"damage_healed":2.0,"max_hp_gain":10.0,"max_hp_loss":0.0,"gold_gain":0.0,"event_name":"Bonfire Elementals","player_choice":"Offered Rare","floor":7.0,"gold_loss":0.0,"damage_taken":0.0},{"damage_healed":0,"gold_gain":0,"player_choice":"Opened","damage_taken":0,"relics_obtained":["Toy Ornithopter"],"max_hp_gain":0,"max_hp_loss":0,"event_name":"The Mausoleum","floor":22,"gold_loss":0},{"cards_removed":["Go for the Eyes"],"damage_healed":0,"gold_gain":0,"player_choice":"Elegance","damage_taken":0,"max_hp_gain":0,"max_hp_loss":0,"event_name":"Back to Basics","floor":27,"gold_loss":0},{"damage_healed":0,"gold_gain":0,"player_choice":"Inject Mutagens","damage_taken":0,"relics_obtained":["MutagenicStrength"],"max_hp_gain":0,"max_hp_loss":0,"event_name":"Drug Dealer","floor":29,"gold_loss":0}],"is_beta":false,"boss_relics":[{"not_picked":["Runic Pyramid","Black Star"],"picked":"Pandora\u0027s Box"}],"items_purged_floors":[20],"is_endless":false,"potions_floor_spawned":[1,11,13,18,24,28],"killed_by":"Slavers","ascension_level":14}}