{"host":"sdjng9zhqonqi3uc","time":1610310480,"event":{"mods":["2.2 Compatiblity","AchievementEnabler","BaseMod","BetterRewards","Colored Powertips","Hero for Fun","Minty Spire (QoL Compilation)","Shop Mod","StSLib","Td1madao Mod","The Animator","The Cursed","The Servant 0.9.4"],"gold_per_floor":[118,132,132,132,146,162,162,162],"floor_reached":7,"playtime":480,"items_purged":[],"score":43,"play_id":"0d0547af-21df-4a1a-b359-f7627b8fa865","local_time":"20210110212800","is_ascension_mode":false,"campfire_choices":[],"circlet_count":0,"master_deck":["Strike_G","Strike_G","Strike_G","Strike_G","Defend_G","Defend_G","Defend_G","Defend_G","Survivor","Neutralize","Expertise","Well Laid Plans","Regret","Setup","Deflect"],"relics":["Ring of the Snake","Bronze Scales"],"acts_visited":["Exordium"],"potions_floor_usage":[7,7],"damage_taken":[{"damage":5,"enemies":"Cultist","floor":1,"turns":5},{"damage":1,"enemies":"2 Louse","floor":2,"turns":4},{"damage":5,"enemies":"Small Slimes","floor":5,"turns":4},{"damage":6,"enemies":"Red Slaver","floor":6,"turns":5},{"damage":56,"enemies":"Lagavulin","floor":7,"turns":13}],"seed_played":"-4656680579013425236","potions_obtained":[{"floor":2,"key":"Fire Potion"},{"floor":6,"key":"Weak Potion"}],"is_trial":false,"path_per_floor":["M","M","?","?","M","M","E"],"character_chosen":"THE_SILENT","items_purchased":[],"campfire_rested":0,"item_purchase_floors":[],"current_hp_per_floor":[58,57,57,57,52,46,0,0],"gold":162,"neow_bonus":"REMOVE_TWO","is_daily":false,"chose_seed":false,"campfire_upgraded":0,"win_rate":0.0,"timestamp":1610310480,"path_taken":["M","M","?","?","M","M","E"],"items_purchased_type":[],"build_version":"2020-12-22","purchased_purges":0,"victory":false,"max_hp_per_floor":[63,63,63,63,63,63,63,63],"card_choices":[{"not_picked":["Acrobatics","Riddle With Holes"],"picked":"Expertise","floor":1},{"not_picked":["Dagger Throw","Outmaneuver"],"picked":"Well Laid Plans","floor":2},{"not_picked":["Choke","Flying Knee"],"picked":"Setup","floor":5},{"not_picked":["Dagger Throw","Prepared"],"picked":"Deflect","floor":6}],"player_experience":298808,"relics_obtained":[],"event_choices":[{"damage_healed":0,"gold_gain":0,"player_choice":"Box","damage_taken":0,"relics_obtained":["Bronze Scales"],"max_hp_gain":0,"max_hp_loss":0,"event_name":"Big Fish","floor":3,"gold_loss":0,"cards_obtained":["Regret"]},{"damage_healed":0,"gold_gain":0,"player_choice":"Ignored","damage_taken":0,"max_hp_gain":0,"max_hp_loss":0,"event_name":"Shining Light","floor":4,"gold_loss":0}],"is_beta":false,"boss_relics":[],"items_purged_floors":[],"is_endless":false,"potions_floor_spawned":[2,6],"killed_by":"Lagavulin","ascension_level":0}}