{"host":"fjaupvxe7fzqrf4j","time":1610285365,"event":{"mods":["ATMod(°¢èªMod)","BaseMod","Minty Spire (QoL Compilation)","StSLib"],"gold_per_floor":[412,251,251,251,251,278,309,343,420,454,489,489,520,520,520,606,606,618,618,618,618,23,150,287,418,418,418,543,559,686,820,820,992,1001,1014,388,3,21,41,167,167,296,378,398,530,665,800,931,931,1131,1531,1531,1531,15,309,434],"floor_reached":57,"playtime":1057,"items_purged":["Underhanded Strike","AT_EmpoweredMortalDraw","Prepared","Well Laid Plans"],"score":4793,"play_id":"9b0654bf-50bd-4b4c-ab48-e2c235ef7a80","local_time":"20210110212925","daily_mods":["SealedDeck","Heirloom","Time Dilation","Flight","Elite Swarm"],"is_ascension_mode":true,"campfire_choices":[{"data":"AT_DarkMatter","floor":12,"key":"SMITH"},{"data":"Concentrate","floor":15,"key":"SMITH"},{"data":"AT_KingSlayer","floor":27,"key":"SMITH"},{"data":"AT_ShadowStep","floor":32,"key":"SMITH"},{"data":"Adrenaline","floor":41,"key":"SMITH"},{"floor":49,"key":"RECALL"},{"data":"Backflip","floor":53,"key":"SMITH"}],"circlet_count":0,"master_deck":["AscendersBane","PiercingWail+1","AT_ShadowStep+1","Tactician+1","Acrobatics+1","Concentrate+1","AT_DarkMatter+1","Backflip+1","Grand Finale","Wraith Form v2+1","After Image","Adrenaline+1","AT_KingSlayer+1","Escape Plan+1","Reflex+1","Scrawl+1","Well Laid Plans+1","Omniscience+1"],"relics":["Ring of the Snake","AT_ATBox","Old Coin","OrangePellets","Dream Catcher","Incense Burner","The Courier","AT_GuinsooRageblade","CeramicFish","Centennial Puzzle","AT_TrinityForce","AT_TheCollector","Omamori","AT_SpeedBoots","AT_ImmortalShieldbow","Matryoshka","Toxic Egg 2","Pantograph","AT_ForceNature","Pear","Akabeko","MealTicket","AT_MortalBlade","PrismaticShard","Anchor","Bag of Marbles","Potion Belt","AT_SilvercatRing","Toy Ornithopter","AT_ArchangelStaff","Sundial","Kunai","AT_LudenTempest","Regal Pillow","Turnip","AT_RedTearstoneRing","Thread and Needle","Gremlin Horn","White Beast Statue","AT_DeathDance","Bronze Scales","AT_MibuBalloonWealth","TungstenRod"],"acts_visited":["Exordium","TheCity","TheBeyond","TheEnding"],"potions_floor_usage":[56,56,56],"damage_taken":[{"damage":0.0,"enemies":"Jaw Worm","floor":1.0,"turns":1.0},{"damage":0.0,"enemies":"Gremlin Nob","floor":6.0,"turns":1.0},{"damage":0.0,"enemies":"3 Sentries","floor":7.0,"turns":1.0},{"damage":0.0,"enemies":"Gremlin Nob","floor":8.0,"turns":1.0},{"damage":0,"enemies":"3 Sentries","floor":10,"turns":1},{"damage":0,"enemies":"Gremlin Nob","floor":11,"turns":2},{"damage":0,"enemies":"3 Sentries","floor":13,"turns":1},{"damage":0,"enemies":"The Guardian","floor":16,"turns":1},{"damage":0,"enemies":"Shell Parasite","floor":18,"turns":1},{"damage":0,"enemies":"Slavers","floor":23,"turns":1},{"damage":0,"enemies":"Gremlin Leader","floor":24,"turns":1},{"damage":0,"enemies":"Book of Stabbing","floor":25,"turns":1},{"damage":0,"enemies":"Slavers","floor":28,"turns":1},{"damage":0,"enemies":"Chosen","floor":29,"turns":1},{"damage":0,"enemies":"Gremlin Leader","floor":30,"turns":1},{"damage":0,"enemies":"Book of Stabbing","floor":31,"turns":1},{"damage":0,"enemies":"Automaton","floor":33,"turns":1},{"damage":0,"enemies":"3 Darklings","floor":35,"turns":1},{"damage":0,"enemies":"Orb Walker","floor":38,"turns":1},{"damage":0,"enemies":"Sphere and 2 Shapes","floor":39,"turns":1},{"damage":0,"enemies":"Giant Head","floor":40,"turns":1},{"damage":0,"enemies":"Reptomancer","floor":42,"turns":1},{"damage":0,"enemies":"4 Shapes","floor":44,"turns":1},{"damage":0,"enemies":"Giant Head","floor":45,"turns":1},{"damage":0,"enemies":"Reptomancer","floor":46,"turns":1},{"damage":0,"enemies":"Nemesis","floor":47,"turns":1},{"damage":0,"enemies":"Giant Head","floor":48,"turns":1},{"damage":0,"enemies":"Donu and Deca","floor":50,"turns":1},{"damage":0,"enemies":"Awakened One","floor":51,"turns":2},{"damage":0,"enemies":"Shield and Spear","floor":55,"turns":1},{"damage":0,"enemies":"The Heart","floor":56,"turns":4}],"seed_played":"7703079010156917911","potions_obtained":[{"floor":1.0,"key":"SpeedPotion"},{"floor":10,"key":"Swift Potion"},{"floor":38,"key":"FearPotion"}],"is_trial":true,"path_per_floor":["M","$","?","?","?","E","E","E","T","E","E","R","E","?","R","B",null,"M","?","?","?","$","E","E","E","T","R","E","M","E","E","R","B",null,"M","$","$","M","M","E","R","E","T","M","E","E","E","E","R","B","B",null,"R","$","E","B",null],"character_chosen":"THE_SILENT","items_purchased":["OrangePellets","AT_TheCollector","Omamori","AT_SpeedBoots","Escape Plan+1","PrismaticShard","Anchor","Bag of Marbles","Potion Belt","AT_SilvercatRing","Reflex+1","AT_RedTearstoneRing","Well Laid Plans","Well Laid Plans","Thread and Needle","Gremlin Horn","White Beast Statue","AT_DeathDance","Bronze Scales","AT_MibuBalloonWealth","Fire Potion"],"campfire_rested":0,"item_purchase_floors":[2,22,22,22,36,36,36,36,36,37,37,54,54,54,54,54,54,54,54,54,54],"current_hp_per_floor":[59,59,39,39,32,32,32,32,32,32,32,32,32,37,37,37,63,63,63,63,68,68,68,68,68,68,68,78,78,78,78,78,81,81,81,81,81,81,81,81,81,81,81,81,81,81,81,81,81,81,81,81,81,81,81,81],"gold":434,"neow_bonus":"","is_daily":false,"chose_seed":false,"campfire_upgraded":6,"win_rate":0.0,"timestamp":1610285365,"path_taken":["M","$","?","?","?","E","E","E","T","E","E","R","E","?","R","BOSS","M","?","?","?","$","E","E","E","T","R","E","?","E","E","R","BOSS","M","$","$","?","?","E","R","E","T","?","E","E","E","E","R","BOSS","BOSS","R","$","E","BOSS"],"items_purchased_type":["Relic","Relic","Relic","Relic","Card","Relic","Relic","Relic","Relic","Relic","Card","Relic","Card","Card","Relic","Relic","Relic","Relic","Relic","Relic","Potion"],"build_version":"2020-12-22","purchased_purges":4,"victory":true,"max_hp_per_floor":[66,66,66,66,66,66,66,66,66,66,66,66,66,71,71,71,71,71,71,71,71,71,71,71,71,71,71,81,81,81,81,81,81,81,81,81,81,81,81,81,81,81,81,81,81,81,81,81,81,81,81,81,81,81,81,81],"card_choices":[{"not_picked":["Caltrops","Dagger Spray"],"picked":"Backflip","floor":1.0},{"not_picked":["AT_EssenceShift","Unload"],"picked":"Grand Finale","floor":6.0},{"not_picked":["Grand Finale","Die Die Die","Storm of Steel"],"picked":"SKIP","floor":7.0},{"not_picked":["A Thousand Cuts","Die Die Die","Venomology"],"picked":"SKIP","floor":8},{"not_picked":["Burst","Glass Knife"],"picked":"Wraith Form v2","floor":10},{"not_picked":["Venomology","Storm of Steel"],"picked":"After Image","floor":11},{"not_picked":["Venomology","Corpse Explosion","AT_KingSlayer"],"picked":"SKIP","floor":13},{"not_picked":["Malaise","Phantasmal Killer"],"picked":"Adrenaline","floor":16},{"not_picked":["Bouncing Flask","Dash","Cloak And Dagger"],"picked":"SKIP","floor":18},{"not_picked":["Burst","Envenom","Grand Finale"],"picked":"SKIP","floor":23},{"not_picked":["AT_EssenceShift","Grand Finale"],"picked":"AT_KingSlayer","floor":24},{"not_picked":["Corpse Explosion+1","Malaise+1","Burst+1"],"picked":"SKIP","floor":25},{"not_picked":["Bullet Time+1","Night Terror+1","After Image"],"picked":"SKIP","floor":28},{"not_picked":["Acrobatics+1","Eviscerate","Deflect+1"],"picked":"SKIP","floor":29},{"not_picked":["Unload","AT_EssenceShift","Doppelganger+1"],"picked":"SKIP","floor":30},{"not_picked":["Wraith Form v2","AT_MyraUnstableElement+1","Night Terror+1"],"picked":"SKIP","floor":31},{"not_picked":["Deadly Poison+1","Quick Slash","Dagger Spray"],"picked":"SKIP","floor":35},{"not_picked":["EmptyBody+1","Warcry+1","Tactician+1"],"picked":"SKIP","floor":38},{"not_picked":["Power Through+1","Dagger Spray+1","Dagger Throw"],"picked":"SKIP","floor":39},{"not_picked":["Vault+1","Bludgeon","Adrenaline+1"],"picked":"SKIP","floor":40},{"not_picked":["AT_KingSlayer","Storm of Steel+1","Phantasmal Killer+1"],"picked":"SKIP","floor":42},{"not_picked":["MentalFortress","FearNoEvil","Armaments+1"],"picked":"SKIP","floor":44},{"not_picked":["Hyperbeam","Fiend Fire","LessonLearned"],"picked":"SKIP","floor":45},{"not_picked":["Venomology+1","Establishment","Immolate"],"picked":"SKIP","floor":46},{"not_picked":["Machine Learning","ConjureBlade+1"],"picked":"Scrawl+1","floor":47},{"not_picked":["Corruption","Multi-Cast+1","AT_WaterDrop"],"picked":"SKIP","floor":48},{"not_picked":["Exhume+1","DeusExMachina+1"],"picked":"Omniscience+1","floor":55}],"player_experience":383812,"relics_obtained":[{"floor":6.0,"key":"Dream Catcher"},{"floor":7.0,"key":"Incense Burner"},{"floor":9,"key":"The Courier"},{"floor":10,"key":"AT_GuinsooRageblade"},{"floor":11,"key":"CeramicFish"},{"floor":13,"key":"Centennial Puzzle"},{"floor":23,"key":"AT_ImmortalShieldbow"},{"floor":24,"key":"Matryoshka"},{"floor":25,"key":"Toxic Egg 2"},{"floor":26,"key":"Pantograph"},{"floor":26,"key":"AT_ForceNature"},{"floor":28,"key":"Pear"},{"floor":30,"key":"Akabeko"},{"floor":31,"key":"MealTicket"},{"floor":40,"key":"Toy Ornithopter"},{"floor":42,"key":"AT_ArchangelStaff"},{"floor":43,"key":"Sundial"},{"floor":45,"key":"Kunai"},{"floor":46,"key":"AT_LudenTempest"},{"floor":47,"key":"Regal Pillow"},{"floor":48,"key":"Turnip"},{"floor":55,"key":"TungstenRod"}],"event_choices":[{"damage_healed":0.0,"max_hp_gain":0.0,"max_hp_loss":0.0,"gold_gain":0.0,"event_name":"Shining Light","player_choice":"Entered Light","floor":3.0,"gold_loss":0.0,"damage_taken":20.0,"cards_upgraded":["PiercingWail","Acrobatics"]},{"damage_healed":0.0,"max_hp_gain":0.0,"max_hp_loss":0.0,"gold_gain":0.0,"event_name":"Living Wall","player_choice":"Grow","floor":4.0,"gold_loss":0.0,"damage_taken":0.0,"cards_upgraded":["Tactician"]},{"cards_removed":["Quick Slash"],"damage_healed":0.0,"max_hp_gain":0.0,"max_hp_loss":0.0,"gold_gain":0.0,"event_name":"Golden Wing","player_choice":"Card Removal","floor":5.0,"gold_loss":0.0,"damage_taken":7.0},{"damage_healed":0,"gold_gain":0,"player_choice":"Donut","damage_taken":0,"max_hp_gain":5,"max_hp_loss":0,"event_name":"Big Fish","floor":14,"gold_loss":0},{"cards_removed":["Blade Dance"],"damage_healed":0,"gold_gain":0,"player_choice":"Elegance","damage_taken":0,"max_hp_gain":0,"max_hp_loss":0,"event_name":"Back to Basics","floor":19,"gold_loss":0},{"damage_healed":0,"gold_gain":0,"player_choice":"Ignored","damage_taken":0,"max_hp_gain":0,"max_hp_loss":0,"event_name":"The Mausoleum","floor":20,"gold_loss":0},{"cards_removed":["Dagger Throw"],"damage_healed":5,"gold_gain":0,"player_choice":"Offered Common","damage_taken":0,"max_hp_gain":0,"max_hp_loss":0,"event_name":"Bonfire Elementals","floor":21,"gold_loss":0},{"cards_removed":["Dagger Throw"],"damage_healed":5,"gold_gain":0,"player_choice":"Offered Special","damage_taken":0,"max_hp_gain":0,"max_hp_loss":0,"event_name":"Bonfire Elementals","floor":21,"gold_loss":0}],"is_beta":false,"boss_relics":[{"not_picked":["Ectoplasm","WristBlade"],"picked":"AT_TrinityForce"},{"not_picked":["Ring of the Serpent","Velvet Choker"],"picked":"AT_MortalBlade"}],"items_purged_floors":[22,36,37,54],"is_endless":false,"potions_floor_spawned":[1,10,11,13,16,24,30,31,38,44,45,48,55],"ascension_level":20}}