{"host":"sxnl403xm2xmiyj1","time":1610280753,"event":{"mods":["AchievementEnabler","BaseMod","Colored Map","Keyboard Shortcuts","Minty Spire (QoL Compilation)","Quick Restart","StSLib","SuperFastMode"],"gold_per_floor":[113,113,124,20,36,36,362,362,362,395,395,429,443,456,456,530,530,541,567,567,64,64,64,89,108,108,108,125,125,125,156,156,228,228,247,247,247,0,10,45,45,77,100,100,100],"floor_reached":44,"playtime":908,"items_purged":["Defend_B","Strike_B"],"score":1039,"play_id":"45ab1567-f33a-468b-8be6-b9acd0ee880a","local_time":"20210110211233","is_ascension_mode":true,"campfire_choices":[{"floor":6.0,"key":"REST"},{"data":"Go for the Eyes","floor":8.0,"key":"SMITH"},{"floor":11.0,"key":"REST"},{"data":"Zap","floor":15.0,"key":"SMITH"},{"floor":23,"key":"REST"},{"data":"Capacitor","floor":27,"key":"SMITH"},{"data":"Barrage","floor":29,"key":"SMITH"},{"data":"Coolheaded","floor":32,"key":"SMITH"},{"floor":41,"key":"RECALL"}],"circlet_count":0,"master_deck":["AscendersBane","Strike_B+1","Strike_B+1","Defend_B+1","Defend_B+1","Defend_B+1","Zap+1","Dualcast+1","Echo Form+1","Conserve Battery+1","Ball Lightning+1","Compile Driver+1","Barrage+1","Go for the Eyes+1","Machine Learning+1","Electrodynamics+1","Lockon+1","Self Repair+1","Echo Form+1","Capacitor+1","Heatsinks+1","Coolheaded+1","Storm+1","Storm+1","Glacier+1","Heatsinks+1","Barrage+1","Madness+1","Coolheaded+1","Reinforced Body+1","Reinforced Body+1","Force Field+1","Stack+1","Thunder Strike+1","Defragment+1","Cold Snap","Gash+1","Static Discharge","FTL"],"relics":["Cracked Core","Old Coin","Bird Faced Urn","Juzu Bracelet","Akabeko","Philosopher\u0027s Stone","PreservedInsect","Orrery","Lizard Tail","Matryoshka","Calipers","Fusion Hammer","Mark of the Bloom","DataDisk","Bag of Preparation","Regal Pillow","Anchor","Smiling Mask"],"acts_visited":["Exordium","TheCity","TheBeyond"],"potions_floor_usage":[16,24,31,33],"damage_taken":[{"damage":7.0,"enemies":"Small Slimes","floor":1.0,"turns":3.0},{"damage":7.0,"enemies":"Cultist","floor":3.0,"turns":4.0},{"damage":5.0,"enemies":"Jaw Worm","floor":5.0,"turns":2.0},{"damage":25.0,"enemies":"3 Sentries","floor":7.0,"turns":4.0},{"damage":8.0,"enemies":"Lagavulin","floor":10.0,"turns":6.0},{"damage":22.0,"enemies":"Gremlin Nob","floor":12.0,"turns":4.0},{"damage":6.0,"enemies":"3 Louse","floor":13.0,"turns":2.0},{"damage":6.0,"enemies":"2 Fungi Beasts","floor":14.0,"turns":3.0},{"damage":11,"enemies":"Hexaghost","floor":16,"turns":7},{"damage":42,"enemies":"2 Thieves","floor":18,"turns":4},{"damage":25,"enemies":"Book of Stabbing","floor":24,"turns":2},{"damage":47,"enemies":"Shell Parasite","floor":25,"turns":4},{"damage":12,"enemies":"Cultist and Chosen","floor":28,"turns":5},{"damage":34,"enemies":"Slavers","floor":31,"turns":3},{"damage":12,"enemies":"Champ","floor":33,"turns":8},{"damage":53,"enemies":"3 Darklings","floor":35,"turns":4},{"damage":0,"enemies":"3 Shapes","floor":39,"turns":3},{"damage":24,"enemies":"Nemesis","floor":40,"turns":5},{"damage":10,"enemies":"Giant Head","floor":42,"turns":5},{"damage":5,"enemies":"Writhing Mass","floor":44,"turns":3}],"seed_played":"1477268705011402609","potions_obtained":[{"floor":1.0,"key":"Explosive Potion"},{"floor":7.0,"key":"Ancient Potion"},{"floor":10.0,"key":"Fire Potion"},{"floor":12.0,"key":"Strength Potion"},{"floor":18,"key":"Energy Potion"},{"floor":25,"key":"Energy Potion"},{"floor":31,"key":"CultistPotion"},{"floor":40,"key":"Explosive Potion"}],"is_trial":false,"path_per_floor":["M","?","M","$","M","R","E","R","T","E","R","E","M","M","R","B",null,"M","T","?","$","?","R","E","M","T","R","M","R","?","E","R","B",null,"M","?","?","$","M","E","R","E","T","M"],"character_chosen":"DEFECT","items_purchased":["Compile Driver","Heatsinks","Coolheaded","Orrery","Madness","DataDisk","Cold Snap","FearPotion"],"campfire_rested":3,"item_purchase_floors":[4,21,21,21,21,38,38,38],"current_hp_per_floor":[39,39,32,32,27,48,23,23,23,17,38,18,12,12,12,18,58,29,29,29,29,9,31,23,37,37,37,59,59,59,44,44,59,72,38,38,38,38,38,14,14,4,4,0,0],"gold":100,"neow_bonus":"THREE_RARE_CARDS","is_daily":false,"chose_seed":false,"campfire_upgraded":5,"win_rate":0.0,"timestamp":1610280753,"path_taken":["M","?","M","$","M","R","E","R","T","E","R","E","M","M","R","BOSS","M","?","?","$","?","R","E","M","T","R","M","R","?","E","R","BOSS","M","?","?","$","M","E","R","E","T","M"],"items_purchased_type":["Card","Card","Card","Relic","Card","Relic","Card","Potion"],"build_version":"2020-12-22","purchased_purges":2,"victory":false,"max_hp_per_floor":[71,71,71,71,71,71,71,71,71,71,71,71,71,71,71,71,71,71,71,71,71,76,76,76,76,76,76,76,76,76,76,76,76,76,76,76,76,76,76,76,76,76,76,76,76],"card_choices":[{"not_picked":["Multi-Cast","Machine Learning"],"picked":"Echo Form","floor":0.0},{"not_picked":["Force Field","Steam Power"],"picked":"Conserve Battery","floor":1.0},{"not_picked":["Turbo","Hello World"],"picked":"Ball Lightning","floor":3.0},{"not_picked":["Undo","Redo"],"picked":"Barrage","floor":5.0},{"not_picked":["Hologram","Hello World"],"picked":"Go for the Eyes","floor":7.0},{"not_picked":["Hello World","Barrage"],"picked":"Machine Learning","floor":10.0},{"not_picked":["Redo","Doom and Gloom"],"picked":"Electrodynamics","floor":12.0},{"not_picked":["Cold Snap","Streamline"],"picked":"Lockon","floor":13.0},{"not_picked":["Stack","Sweeping Beam"],"picked":"Self Repair","floor":14.0},{"not_picked":["Electrodynamics","Fission"],"picked":"Echo Form","floor":16},{"not_picked":["Turbo","Steam Power"],"picked":"Capacitor","floor":18},{"not_picked":["Leap","Reprogram"],"picked":"Storm","floor":21},{"not_picked":["FTL","Redo"],"picked":"Storm","floor":21},{"not_picked":["Genetic Algorithm","Skim"],"picked":"Glacier","floor":21},{"not_picked":["Auto Shields","Stack"],"picked":"Heatsinks","floor":21},{"not_picked":["Auto Shields","Consume"],"picked":"Barrage","floor":21},{"not_picked":["Stack","Cold Snap"],"picked":"Coolheaded","floor":24},{"not_picked":["Doom and Gloom","Streamline"],"picked":"Reinforced Body","floor":25},{"not_picked":["Stack","Steam"],"picked":"Reinforced Body","floor":28},{"not_picked":["Chaos","Recycle"],"picked":"Stack","floor":31},{"not_picked":["Multi-Cast","Biased Cognition"],"picked":"Thunder Strike","floor":33},{"not_picked":["Rebound","Coolheaded"],"picked":"Defragment","floor":35},{"not_picked":["Hologram","Steam"],"picked":"Gash+1","floor":39},{"not_picked":["Stack","Double Energy"],"picked":"Static Discharge","floor":40},{"not_picked":["Amplify","Stack"],"picked":"FTL","floor":42}],"player_experience":157341,"relics_obtained":[{"floor":7.0,"key":"Old Coin"},{"floor":9.0,"key":"Bird Faced Urn"},{"floor":10.0,"key":"Juzu Bracelet"},{"floor":12.0,"key":"Akabeko"},{"floor":19,"key":"PreservedInsect"},{"floor":24,"key":"Lizard Tail"},{"floor":26,"key":"Matryoshka"},{"floor":31,"key":"Calipers"},{"floor":40,"key":"Bag of Preparation"},{"floor":42,"key":"Regal Pillow"},{"floor":43,"key":"Anchor"},{"floor":43,"key":"Smiling Mask"}],"event_choices":[{"cards_removed":["Strike_B"],"damage_healed":0.0,"max_hp_gain":0.0,"max_hp_loss":0.0,"gold_gain":0.0,"event_name":"Purifier","player_choice":"Purged","floor":2.0,"gold_loss":0.0,"damage_taken":0.0},{"damage_healed":0,"gold_gain":0,"player_choice":"Ignored","damage_taken":0,"max_hp_gain":0,"max_hp_loss":0,"event_name":"Ghosts","floor":20,"gold_loss":0},{"damage_healed":0,"gold_gain":0,"player_choice":"Shed Blood","damage_taken":25,"max_hp_gain":5,"max_hp_loss":0,"event_name":"Forgotten Altar","floor":22,"gold_loss":0},{"damage_healed":0,"gold_gain":0,"player_choice":"Read","damage_taken":0,"max_hp_gain":0,"max_hp_loss":0,"event_name":"The Library","floor":30,"gold_loss":0,"cards_obtained":["Force Field"]},{"damage_healed":0,"gold_gain":0,"player_choice":"Upgrade","damage_taken":0,"relics_obtained":["Mark of the Bloom"],"max_hp_gain":0,"max_hp_loss":0,"event_name":"MindBloom","floor":36,"gold_loss":0,"cards_upgraded":["Strike_B","Strike_B","Defend_B","Defend_B","Defend_B","Dualcast","Echo Form","Conserve Battery","Ball Lightning","Compile Driver","Barrage","Machine Learning","Electrodynamics","Lockon","Self Repair","Echo Form","Heatsinks","Storm","Storm","Glacier","Heatsinks","Madness","Coolheaded","Reinforced Body","Reinforced Body","Force Field","Stack","Thunder Strike","Defragment"]},{"damage_healed":38,"gold_gain":0,"player_choice":"Full Heal","damage_taken":0,"max_hp_gain":0,"max_hp_loss":0,"event_name":"Wheel of Change","floor":37,"gold_loss":0}],"is_beta":false,"boss_relics":[{"not_picked":["Busted Crown","Snecko Eye"],"picked":"Philosopher\u0027s Stone"},{"not_picked":["Nuclear Battery","Runic Pyramid"],"picked":"Fusion Hammer"}],"items_purged_floors":[4,21],"is_endless":false,"potions_floor_spawned":[1,7,10,12,18,25,31,40],"killed_by":"Writhing Mass","ascension_level":19}}