{"host":"p7j7o00jacnw7qzt","time":1610245944,"event":{"mods":["BaseMod","Colored Map","Colored Powertips","DeckTracker","Highlight Path","Minty Spire (QoL Compilation)","Relic Stats"],"gold_per_floor":[113,113,113,131,146,172,172,182,182,200,225,150,75,75,75,75,75],"floor_reached":16,"playtime":544,"items_purged":["Strike_G"],"score":220,"play_id":"18f31d82-600e-46c9-90b9-2ccb73d53d89","local_time":"20210109213224","is_ascension_mode":true,"campfire_choices":[{"data":"Neutralize","floor":7.0,"key":"SMITH"},{"data":"Flechettes","floor":15,"key":"SMITH"}],"circlet_count":0,"master_deck":["AscendersBane","Strike_G","Strike_G","Defend_G","Defend_G","Defend_G","Defend_G","Survivor","Neutralize+1","Flechettes+1","Phantasmal Killer+1","Infinite Blades","PiercingWail","Reflex","Dagger Spray","Tactician"],"relics":["Ring of the Snake","Oddly Smooth Stone","Ninja Scroll","SsserpentHead"],"acts_visited":["Exordium"],"potions_floor_usage":[],"damage_taken":[{"damage":1.0,"enemies":"Small Slimes","floor":1.0,"turns":3.0},{"damage":0.0,"enemies":"Cultist","floor":4.0,"turns":3.0},{"damage":6.0,"enemies":"2 Louse","floor":5.0,"turns":3.0},{"damage":5.0,"enemies":"Lagavulin","floor":6.0,"turns":7.0},{"damage":0.0,"enemies":"Exordium Wildlife","floor":8.0,"turns":5.0},{"damage":1.0,"enemies":"Gremlin Gang","floor":10.0,"turns":5.0},{"damage":8.0,"enemies":"Gremlin Nob","floor":11.0,"turns":3.0},{"damage":24,"enemies":"Hexaghost","floor":16,"turns":9}],"seed_played":"7754580498335452754","potions_obtained":[{"floor":1.0,"key":"Energy Potion"},{"floor":4.0,"key":"DistilledChaos"},{"floor":8.0,"key":"FearPotion"}],"is_trial":false,"path_per_floor":["M","?","?","M","M","E","R","M","T","M","E","?","$","?","R","B"],"character_chosen":"THE_SILENT","items_purchased":[],"campfire_rested":0,"item_purchase_floors":[],"current_hp_per_floor":[43,43,43,43,37,32,32,32,32,31,23,23,23,23,23,0,0],"gold":75,"neow_bonus":"TRANSFORM_TWO_CARDS","is_daily":false,"chose_seed":false,"campfire_upgraded":2,"win_rate":0.0,"timestamp":1610245944,"path_taken":["M","?","?","M","?","E","R","M","T","?","E","?","$","?","R","BOSS"],"items_purchased_type":[],"build_version":"2020-12-22","purchased_purges":1,"victory":false,"max_hp_per_floor":[66,66,66,66,66,66,66,66,66,66,66,66,66,66,66,66,66],"relic_stats":{"SsserpentHead":0,"counters":[8,38],"obtain_stats":[{"SsserpentHead":14,"Ninja Scroll":11,"Oddly Smooth Stone":6,"Ring of the Snake":0},{"SsserpentHead":7,"Ninja Scroll":7,"Oddly Smooth Stone":4,"Ring of the Snake":0},{"SsserpentHead":29,"Ninja Scroll":29,"Oddly Smooth Stone":16,"Ring of the Snake":0}],"Ring of the Snake":[16]},"card_choices":[{"not_picked":["Sucker Punch","Deflect"],"picked":"Infinite Blades","floor":1.0},{"not_picked":["Choke","Catalyst","Dodge and Roll"],"picked":"SKIP","floor":4.0},{"not_picked":["Heel Hook","Underhanded Strike"],"picked":"PiercingWail","floor":5.0},{"not_picked":["Bouncing Flask","Bane"],"picked":"Reflex","floor":6.0},{"not_picked":["Outmaneuver","Dodge and Roll","Backflip"],"picked":"SKIP","floor":8.0},{"not_picked":["Quick Slash","Catalyst"],"picked":"Dagger Spray","floor":10.0},{"not_picked":["Endless Agony","Corpse Explosion"],"picked":"Tactician","floor":11}],"player_experience":1025219,"relics_obtained":[{"floor":6.0,"key":"Oddly Smooth Stone"},{"floor":11,"key":"Ninja Scroll"}],"event_choices":[{"damage_healed":0.0,"max_hp_gain":0.0,"max_hp_loss":0.0,"gold_gain":0.0,"event_name":"Shining Light","player_choice":"Ignored","floor":2.0,"gold_loss":0.0,"damage_taken":0.0},{"damage_healed":0.0,"max_hp_gain":0.0,"max_hp_loss":0.0,"gold_gain":0.0,"event_name":"Upgrade Shrine","player_choice":"Upgraded","floor":3.0,"gold_loss":0.0,"damage_taken":0.0,"cards_upgraded":["Phantasmal Killer"]},{"cards_removed":["Strike_G"],"damage_healed":0,"gold_gain":0,"player_choice":"Card Removal","damage_taken":0,"max_hp_gain":0,"max_hp_loss":0,"event_name":"The Cleric","floor":12,"gold_loss":75},{"damage_healed":0,"gold_gain":0,"player_choice":"Trade","damage_taken":0,"relics_obtained":["SsserpentHead"],"max_hp_gain":0,"max_hp_loss":0,"event_name":"FaceTrader","floor":14,"gold_loss":0}],"is_beta":false,"boss_relics":[],"items_purged_floors":[13],"is_endless":false,"potions_floor_spawned":[1,4,8],"killed_by":"Hexaghost","ascension_level":20}}