{"host":"ppno391ju7318je5","time":1610312741,"event":{"mods":["AchievementEnabler","BaseMod","DeckTracker","Keyboard Shortcuts","Minty Spire (QoL Compilation)"],"gold_per_floor":[112,37,51,71,88,88,123,123,123,150,162,192,207,220,220,318,318,338,348,361,361,115,115,449,468,495,495,524,524,538,538,538],"floor_reached":31,"playtime":1990,"items_purged":["Shame","Defend_B"],"score":314,"play_id":"bc99d257-73f4-4f30-ae8c-282092c31f7e","local_time":"20210110220541","is_ascension_mode":true,"campfire_choices":[{"data":"Secret Technique","floor":6,"key":"SMITH"},{"data":"Darkness","floor":8,"key":"SMITH"},{"data":"Hologram","floor":15,"key":"SMITH"},{"data":"Defragment","floor":23,"key":"SMITH"},{"data":"Dualcast","floor":27,"key":"SMITH"},{"floor":29,"key":"REST"}],"circlet_count":0,"master_deck":["Strike_B","Strike_B","Strike_B","Strike_B","Defend_B","Defend_B","Defend_B","Zap","Dualcast+1","Secret Technique+1","Leap","Conserve Battery","Darkness+1","Ball Lightning","Leap","Glacier","Rebound","Defragment+1","Hologram+1","Seek","Ball Lightning+1","Storm+1","Darkness+1","Beam Cell","Jack Of All Trades"],"relics":["Cracked Core","Shuriken","Bottled Flame","StoneCalendar","Runic Pyramid","Old Coin","Smiling Mask","Frozen Egg 2"],"acts_visited":["Exordium","TheCity"],"potions_floor_usage":[16,25,28,31,31],"damage_taken":[{"damage":0,"enemies":"Cultist","floor":1,"turns":3},{"damage":0,"enemies":"Small Slimes","floor":3,"turns":3},{"damage":0,"enemies":"Jaw Worm","floor":4,"turns":3},{"damage":0,"enemies":"2 Fungi Beasts","floor":5,"turns":3},{"damage":18,"enemies":"Gremlin Nob","floor":7,"turns":4},{"damage":14,"enemies":"Lagavulin","floor":10,"turns":6},{"damage":0,"enemies":"Blue Slaver","floor":11,"turns":4},{"damage":6,"enemies":"3 Sentries","floor":12,"turns":8},{"damage":5,"enemies":"3 Louse","floor":13,"turns":3},{"damage":3,"enemies":"2 Fungi Beasts","floor":14,"turns":3},{"damage":10,"enemies":"Slime Boss","floor":16,"turns":4},{"damage":7,"enemies":"Shell Parasite","floor":18,"turns":7},{"damage":3,"enemies":"Chosen","floor":19,"turns":4},{"damage":8,"enemies":"Snake Plant","floor":20,"turns":5},{"damage":25,"enemies":"Book of Stabbing","floor":24,"turns":4},{"damage":10,"enemies":"Snecko","floor":25,"turns":4},{"damage":18,"enemies":"Gremlin Leader","floor":28,"turns":6},{"damage":17,"enemies":"Shelled Parasite and Fungi","floor":30,"turns":6},{"damage":12,"enemies":"Slavers","floor":31,"turns":1}],"seed_played":"-9089324396253469619","potions_obtained":[{"floor":5,"key":"LiquidBronze"},{"floor":10,"key":"LiquidMemories"},{"floor":12,"key":"AttackPotion"},{"floor":13,"key":"BlessingOfTheForge"},{"floor":16,"key":"CultistPotion"},{"floor":18,"key":"DistilledChaos"},{"floor":25,"key":"PowerPotion"},{"floor":30,"key":"DuplicationPotion"}],"is_trial":false,"path_per_floor":["M","$","M","M","M","R","E","R","T","E","M","E","M","M","R","B",null,"M","M","M","?","$","R","E","M","T","R","E","R","M","E"],"character_chosen":"DEFECT","items_purchased":["Beam Cell","Jack Of All Trades"],"campfire_rested":1,"item_purchase_floors":[22,22],"current_hp_per_floor":[75,75,75,75,75,75,57,57,57,43,43,37,32,29,29,19,75,68,65,57,57,57,57,32,22,22,22,4,26,9,0,0],"gold":538,"neow_bonus":"RANDOM_COLORLESS_2","is_daily":false,"chose_seed":false,"campfire_upgraded":5,"win_rate":0.0,"timestamp":1610312741,"path_taken":["M","$","M","M","M","R","E","R","T","E","M","E","M","M","R","BOSS","M","?","M","?","$","R","E","M","T","R","E","R","M","E"],"items_purchased_type":["Card","Card"],"build_version":"2020-12-22","purchased_purges":2,"victory":false,"max_hp_per_floor":[75,75,75,75,75,75,75,75,75,75,75,75,75,75,75,75,75,75,75,75,75,75,75,75,75,75,75,75,75,75,75,75],"card_choices":[{"not_picked":["Secret Weapon","Violence"],"picked":"Secret Technique","floor":0},{"not_picked":["Gash","Go for the Eyes"],"picked":"Leap","floor":1},{"not_picked":["Static Discharge","Genetic Algorithm"],"picked":"Conserve Battery","floor":3},{"not_picked":["Go for the Eyes","Redo"],"picked":"Darkness","floor":4},{"not_picked":["Rip and Tear","Loop"],"picked":"Ball Lightning","floor":5},{"not_picked":["Turbo","Stack"],"picked":"Leap","floor":7},{"not_picked":["Tempest","Auto Shields"],"picked":"Glacier","floor":10},{"not_picked":["Core Surge","Auto Shields","Streamline"],"picked":"SKIP","floor":11},{"not_picked":["Melter","Skim"],"picked":"Rebound","floor":12},{"not_picked":["Steam","Scrape"],"picked":"Defragment","floor":13},{"not_picked":["Static Discharge","Cold Snap"],"picked":"Hologram","floor":14},{"not_picked":["Hyperbeam","Fission"],"picked":"Seek","floor":16},{"not_picked":["Go for the Eyes","Stack"],"picked":"Ball Lightning+1","floor":18},{"not_picked":["Barrage+1","Reinforced Body"],"picked":"Storm+1","floor":19},{"not_picked":["Steam","Doom and Gloom","Auto Shields+1"],"picked":"SKIP","floor":20},{"not_picked":["Barrage","Streamline","Machine Learning"],"picked":"SKIP","floor":24},{"not_picked":["Lockon","Compile Driver","Cold Snap+1"],"picked":"SKIP","floor":25},{"not_picked":["Sweeping Beam","Barrage+1","Go for the Eyes"],"picked":"SKIP","floor":28},{"not_picked":["Cold Snap","White Noise","Steam Power+1"],"picked":"SKIP","floor":30}],"player_experience":114568,"relics_obtained":[{"floor":7,"key":"Shuriken"},{"floor":10,"key":"Bottled Flame"},{"floor":12,"key":"StoneCalendar"},{"floor":24,"key":"Old Coin"},{"floor":26,"key":"Smiling Mask"},{"floor":28,"key":"Frozen Egg 2"}],"event_choices":[{"damage_healed":0,"gold_gain":0,"player_choice":"Copied","damage_taken":0,"max_hp_gain":0,"max_hp_loss":0,"event_name":"Duplicator","floor":21,"gold_loss":0,"cards_obtained":["Darkness"]}],"is_beta":false,"boss_relics":[{"not_picked":["Runic Dome","Astrolabe"],"picked":"Runic Pyramid"}],"items_purged_floors":[2,22],"is_endless":false,"potions_floor_spawned":[5,10,12,13,16,18,24,25,30],"killed_by":"Slavers","ascension_level":1}}