{"host":"ok3pmhc1fiz31noj","time":1610296261,"event":{"mods":["AchievementEnabler","BaseMod","Colored Map","Colored Powertips","Minty Spire (QoL Compilation)","Quick Restart","Relic Stats","Replay The Spire","StSLib"],"gold_per_floor":[114,39,59,59,8,33,33,53,53,67,142,155,55,74,74,170,170,170,170],"floor_reached":18,"playtime":680,"items_purged":["Defend_P","Strike_P"],"score":185,"play_id":"5bbf539a-1659-4f3e-86a1-fcc160bc8dde","local_time":"20210111003101","is_ascension_mode":false,"campfire_choices":[{"data":"CutThroughFate","floor":7,"key":"SMITH"},{"data":"EmptyBody","floor":15,"key":"SMITH"}],"circlet_count":0,"master_deck":["Strike_P","Strike_P","Strike_P","Defend_P","Defend_P","Defend_P","Eruption","Consecrate","Consecrate","CutThroughFate+1","Collect","FollowUp+1","Replay:Cycle","EmptyBody+1","Halt","LessonLearned+1"],"relics":["PureWater","NeowsBlessing","Golden Egg","Odd Mushroom","Replay:Ringing Soul","Honey Jar"],"acts_visited":["Exordium","TheCity"],"potions_floor_usage":[8,14,16],"damage_taken":[{"damage":0,"enemies":"2 Louse","floor":1,"turns":1},{"damage":0,"enemies":"Small Slimes","floor":3,"turns":1},{"damage":0,"enemies":"Replay:BlueRogue","floor":6,"turns":1},{"damage":8,"enemies":"The Mushroom Lair","floor":8,"turns":3},{"damage":0,"enemies":"Jaw Worm","floor":10,"turns":1},{"damage":2,"enemies":"Blue Slaver","floor":12,"turns":2},{"damage":0,"enemies":"3 Louse","floor":14,"turns":2},{"damage":56,"enemies":"Hexaghost","floor":16,"turns":10},{"damage":0,"enemies":"3 Byrds","floor":18,"turns":2}],"seed_played":"-5494229612906844577","potions_obtained":[{"floor":1,"key":"AttackPotion"},{"floor":6,"key":"Languid Potion"},{"floor":10,"key":"LifebloodPotion"},{"floor":16,"key":"Venom Potion"}],"is_trial":false,"path_per_floor":["M","$","M","?","$","E","R","?","T","M","?","M","$","M","R","B",null,"M"],"character_chosen":"WATCHER","items_purchased":["CutThroughFate"],"campfire_rested":0,"item_purchase_floors":[5],"current_hp_per_floor":[72,72,72,72,72,72,72,64,64,67,56,57,57,60,60,7,84,84,84],"gold":170,"neow_bonus":"THREE_ENEMY_KILL","is_daily":false,"chose_seed":false,"campfire_upgraded":2,"win_rate":0.0,"timestamp":1610296261,"path_taken":["M","$","M","?","$","E","R","?","T","M","?","M","$","M","R","BOSS","M"],"items_purchased_type":["Card"],"build_version":"2020-12-22","purchased_purges":2,"victory":false,"max_hp_per_floor":[72,72,72,72,72,72,72,72,72,75,75,78,78,81,81,84,84,84,84],"relic_stats":{"counters":[9,23],"obtain_stats":[{"Golden Egg":6,"Replay:Ringing Soul":9,"NeowsBlessing":0,"Honey Jar":17,"PureWater":0,"Odd Mushroom":8},{"Golden Egg":3,"Replay:Ringing Soul":4,"NeowsBlessing":0,"Honey Jar":8,"PureWater":0,"Odd Mushroom":4},{"Golden Egg":3,"Replay:Ringing Soul":6,"NeowsBlessing":0,"Honey Jar":21,"PureWater":0,"Odd Mushroom":6}]},"card_choices":[{"not_picked":["FearNoEvil","EmptyFist"],"picked":"Consecrate","floor":1},{"not_picked":["Replay:AtTheReady","Sanctity"],"picked":"Consecrate","floor":3},{"not_picked":["Replay:AtTheReady","Indignation"],"picked":"Collect","floor":6},{"not_picked":["Wallop","Fasting2"],"picked":"FollowUp","floor":8},{"not_picked":["Replay:Vibes","CutThroughFate"],"picked":"Replay:Cycle","floor":10},{"not_picked":["Replay:AtTheReady","Replay:Anticipation"],"picked":"EmptyBody","floor":12},{"not_picked":["Brilliance","Vengeance"],"picked":"Halt","floor":14},{"not_picked":["Scrawl","Vault"],"picked":"LessonLearned","floor":16}],"player_experience":136431,"relics_obtained":[{"floor":6,"key":"Golden Egg"},{"floor":8,"key":"Odd Mushroom"},{"floor":9,"key":"Replay:Ringing Soul"}],"event_choices":[{"damage_healed":0,"gold_gain":0,"player_choice":"Fought Mushrooms","damage_taken":0,"max_hp_gain":0,"max_hp_loss":0,"event_name":"Mushrooms","floor":8,"gold_loss":0},{"damage_healed":0,"gold_gain":75,"player_choice":"Gather Gold","damage_taken":11,"max_hp_gain":0,"max_hp_loss":0,"event_name":"World of Goop","floor":11,"gold_loss":0}],"is_beta":false,"boss_relics":[{"not_picked":["ReplayTheSpireMod:DimensionalGlitch","Ring of Chaos"],"picked":"Honey Jar"}],"items_purged_floors":[2,13],"is_endless":false,"potions_floor_spawned":[1,6,10,16],"killed_by":"3 Byrds","ascension_level":0}}