{"host":"dnvpprmy3abbf89m","time":1610250133,"event":{"mods":["BaseMod","Colored Map","Minty Spire (QoL Compilation)","StSLib"],"gold_per_floor":[115,115,40,51,51,51,86,86,86,103,132,53,64,83,83,183,183,201,201,201,201,2,2,32,32,32,58,58,77,77,77,77,172,172,188,234,234,234,194,194,244,263,263,263,263,263,279,73,73,73],"floor_reached":51,"playtime":3028,"items_purged":["Strike_R"],"score":933,"play_id":"fe93c090-d29e-415c-a093-8231b620415e","local_time":"20210110044213","is_ascension_mode":true,"campfire_choices":[{"data":"Bash","floor":6.0,"key":"SMITH"},{"data":"Uppercut","floor":15.0,"key":"SMITH"},{"data":"Flame Barrier","floor":25.0,"key":"SMITH"},{"floor":28.0,"key":"REST"},{"data":"Inflame","floor":32.0,"key":"SMITH"},{"data":"Whirlwind","floor":40.0,"key":"SMITH"},{"data":"Immolate","floor":44.0,"key":"SMITH"},{"data":"Feel No Pain","floor":49,"key":"SMITH"}],"circlet_count":0,"master_deck":["Strike_R","Defend_R","Defend_R","Defend_R","Defend_R","Bash+1","Shrug It Off","Thunderclap","Ghostly Armor+1","Headbutt","Inflame+1","Uppercut+1","Flame Barrier+1","Feed","True Grit+1","Immolate+1","Intimidate","Whirlwind+1","Body Slam+1","True Grit+1","Battle Trance","Double Tap+1","Heavy Blade","Shrug It Off+1","Flash of Steel","Feel No Pain+1"],"relics":["Burning Blood","NeowsBlessing","Juzu Bracelet","FossilizedHelix","CaptainsWheel","Prayer Wheel","SlaversCollar","Nilry\u0027s Codex","Anchor","Mercury Hourglass","Dream Catcher","Shuriken","Busted Crown","Magic Flower","Peace Pipe","The Courier","Paper Frog"],"acts_visited":["Exordium","TheCity","TheBeyond"],"potions_floor_usage":[50],"damage_taken":[{"damage":0.0,"enemies":"Small Slimes","floor":1.0,"turns":1.0},{"damage":0.0,"enemies":"Cultist","floor":4.0,"turns":1.0},{"damage":0.0,"enemies":"Lagavulin","floor":7.0,"turns":2.0},{"damage":0.0,"enemies":"2 Louse","floor":10.0,"turns":2.0},{"damage":5.0,"enemies":"Gremlin Nob","floor":11.0,"turns":5.0},{"damage":0.0,"enemies":"Exordium Thugs","floor":13.0,"turns":4.0},{"damage":0.0,"enemies":"2 Fungi Beasts","floor":14.0,"turns":3.0},{"damage":56.0,"enemies":"Hexaghost","floor":16.0,"turns":12.0},{"damage":0.0,"enemies":"Spheric Guardian","floor":18.0,"turns":4.0},{"damage":24.0,"enemies":"Slavers","floor":24.0,"turns":9.0},{"damage":29.0,"enemies":"Book of Stabbing","floor":27.0,"turns":6.0},{"damage":6.0,"enemies":"3 Byrds","floor":29.0,"turns":4.0},{"damage":15.0,"enemies":"Automaton","floor":33.0,"turns":9.0},{"damage":0.0,"enemies":"3 Darklings","floor":35.0,"turns":2.0},{"damage":0.0,"enemies":"2 Orb Walkers","floor":36.0,"turns":4.0},{"damage":6.0,"enemies":"Mind Bloom Boss Battle","floor":41.0,"turns":5.0},{"damage":0.0,"enemies":"Orb Walker","floor":42.0,"turns":2.0},{"damage":25,"enemies":"Writhing Mass","floor":47,"turns":6},{"damage":48,"enemies":"Awakened One","floor":50,"turns":10}],"seed_played":"5283690459254749706","potions_obtained":[{"floor":10.0,"key":"BloodPotion"},{"floor":11.0,"key":"EssenceOfSteel"},{"floor":14.0,"key":"Regen Potion"},{"floor":16.0,"key":"FearPotion"},{"floor":18.0,"key":"PowerPotion"},{"floor":35.0,"key":"PowerPotion"},{"floor":47,"key":"Strength Potion"}],"is_trial":false,"path_per_floor":["M","?","$","M","?","R","E","?","T","M","E","$","M","M","R","B",null,"M","$","?","?","$","?","E","R","T","E","R","M","?","?","R","B",null,"M","?","?","?","?","R","?","M","T","R","?","$","M","$","R","B",null],"character_chosen":"IRONCLAD","items_purchased":["Uppercut","Anchor","True Grit","Paper Frog"],"campfire_rested":1,"item_purchase_floors":[12,22,22,48],"current_hp_per_floor":[78,78,78,80,77,77,80,80,80,80,80,80,80,80,80,33,71,80,80,64,64,64,64,49,49,49,41,67,67,67,67,67,58,81,87,92,92,92,92,92,95,95,95,95,90,90,74,74,74,35],"gold":73,"neow_bonus":"THREE_ENEMY_KILL","is_daily":false,"chose_seed":false,"campfire_upgraded":7,"win_rate":0.0,"timestamp":1610250133,"path_taken":["M","?","$","?","?","R","E","?","T","M","E","$","M","M","R","BOSS","M","$","?","?","$","?","E","R","T","E","R","M","?","?","R","BOSS","M","?","?","?","?","R","?","M","T","R","?","$","M","$","R","BOSS"],"items_purchased_type":["Card","Relic","Card","Relic"],"build_version":"2020-12-22","purchased_purges":1,"victory":true,"max_hp_per_floor":[80,80,80,80,80,80,80,80,80,80,80,80,80,80,80,83,83,86,86,86,86,86,86,89,89,89,89,89,89,89,89,89,89,89,89,92,92,92,92,92,95,95,95,95,95,95,95,95,95,95],"card_choices":[{"not_picked":["Armaments","Perfected Strike"],"picked":"Shrug It Off","floor":1.0},{"not_picked":["Heavy Blade","Wild Strike"],"picked":"Thunderclap","floor":4.0},{"not_picked":["Fire Breathing","Power Through"],"picked":"Ghostly Armor","floor":7.0},{"not_picked":["Heavy Blade","Corruption"],"picked":"Headbutt","floor":10.0},{"not_picked":["Blood for Blood","Clothesline"],"picked":"Inflame","floor":11.0},{"not_picked":["Armaments","Thunderclap"],"picked":"Flame Barrier","floor":13.0},{"not_picked":["Clothesline","Wild Strike","Flex"],"picked":"SKIP","floor":13.0},{"not_picked":["Wild Strike","Warcry"],"picked":"Feed","floor":14.0},{"not_picked":["Flex","Headbutt"],"picked":"True Grit","floor":14.0},{"not_picked":["Corruption","Bludgeon"],"picked":"Immolate","floor":16.0},{"not_picked":["Pummel","Dark Embrace"],"picked":"Intimidate","floor":18.0},{"not_picked":["Wild Strike+1","Ghostly Armor"],"picked":"Whirlwind","floor":18.0},{"not_picked":["Sever Soul","Havoc"],"picked":"Body Slam+1","floor":24.0},{"not_picked":["Cleave+1","Thunderclap","Wild Strike+1"],"picked":"SKIP","floor":27.0},{"not_picked":["Wild Strike","Rage"],"picked":"True Grit+1","floor":29.0},{"not_picked":["Twin Strike+1","Warcry","Battle Trance"],"picked":"SKIP","floor":29.0},{"not_picked":["Twin Strike+1","Warcry","Battle Trance"],"picked":"SKIP","floor":29.0},{"not_picked":["Twin Strike+1","Warcry"],"picked":"Battle Trance","floor":29.0},{"not_picked":["Exhume","Offering"],"picked":"Double Tap","floor":33.0},{"not_picked":["Dark Embrace+1"],"picked":"SKIP","floor":35.0},{"not_picked":["Metallicize"],"picked":"SKIP","floor":35.0},{"not_picked":[],"picked":"Heavy Blade","floor":41.0},{"not_picked":[],"picked":"Shrug It Off+1","floor":42.0},{"not_picked":["Shrug It Off"],"picked":"SKIP","floor":42.0},{"not_picked":[],"picked":"Flash of Steel","floor":45.0},{"not_picked":[],"picked":"Feel No Pain","floor":47},{"not_picked":["Shrug It Off"],"picked":"SKIP","floor":47}],"player_experience":761783,"relics_obtained":[{"floor":7.0,"key":"FossilizedHelix"},{"floor":9.0,"key":"CaptainsWheel"},{"floor":11.0,"key":"Prayer Wheel"},{"floor":20.0,"key":"Nilry\u0027s Codex"},{"floor":24.0,"key":"Mercury Hourglass"},{"floor":26.0,"key":"Dream Catcher"},{"floor":27.0,"key":"Shuriken"},{"floor":36.0,"key":"Magic Flower"},{"floor":41.0,"key":"Peace Pipe"},{"floor":43.0,"key":"The Courier"}],"event_choices":[{"damage_healed":0.0,"max_hp_gain":0.0,"max_hp_loss":0.0,"gold_gain":0.0,"event_name":"The Woman in Blue","player_choice":"Bought 0 Potions","floor":2.0,"gold_loss":0.0,"damage_taken":0.0},{"damage_healed":0.0,"max_hp_gain":0.0,"max_hp_loss":0.0,"gold_gain":0.0,"event_name":"Scrap Ooze","player_choice":"Success","floor":5.0,"gold_loss":0.0,"damage_taken":3.0,"relics_obtained":["Juzu Bracelet"]},{"damage_healed":0.0,"max_hp_gain":0.0,"max_hp_loss":0.0,"gold_gain":0.0,"event_name":"Living Wall","player_choice":"Grow","floor":8.0,"gold_loss":0.0,"damage_taken":0.0,"cards_upgraded":["Ghostly Armor"]},{"damage_healed":0.0,"max_hp_gain":0.0,"max_hp_loss":0.0,"gold_gain":0.0,"event_name":"Cursed Tome","player_choice":"Obtained Book","floor":20.0,"gold_loss":0.0,"damage_taken":16.0},{"cards_removed":["Strike_R"],"damage_healed":0.0,"max_hp_gain":0.0,"max_hp_loss":0.0,"gold_gain":0.0,"event_name":"Back to Basics","player_choice":"Elegance","floor":21.0,"gold_loss":0.0,"damage_taken":0.0},{"damage_healed":0.0,"max_hp_gain":0.0,"max_hp_loss":0.0,"gold_gain":0.0,"event_name":"Vampires","player_choice":"Ignored","floor":23.0,"gold_loss":0.0,"damage_taken":0.0},{"cards_removed":["Strike_R"],"damage_healed":0.0,"max_hp_gain":0.0,"max_hp_loss":0.0,"gold_gain":0.0,"event_name":"Bonfire Elementals","player_choice":"Offered Basic","floor":30.0,"gold_loss":0.0,"damage_taken":0.0},{"cards_removed":["True Grit"],"damage_healed":0.0,"max_hp_gain":0.0,"max_hp_loss":0.0,"gold_gain":0.0,"event_name":"Purifier","player_choice":"Purged","floor":31.0,"gold_loss":0.0,"damage_taken":0.0},{"damage_healed":0.0,"max_hp_gain":0.0,"max_hp_loss":0.0,"gold_gain":0.0,"event_name":"Mysterious Sphere","player_choice":"Fight","floor":36.0,"gold_loss":0.0,"damage_taken":0.0},{"cards_removed":["Strike_R"],"damage_healed":0.0,"max_hp_gain":0.0,"max_hp_loss":0.0,"gold_gain":0.0,"event_name":"Falling","player_choice":"Removed Attack","floor":37.0,"gold_loss":0.0,"damage_taken":0.0},{"damage_healed":0.0,"max_hp_gain":0.0,"max_hp_loss":0.0,"gold_gain":0.0,"event_name":"Tomb of Lord Red Mask","player_choice":"Ignored","floor":38.0,"gold_loss":0.0,"damage_taken":0.0},{"damage_healed":0.0,"max_hp_gain":0.0,"max_hp_loss":0.0,"gold_gain":0.0,"event_name":"Designer","player_choice":"Upgraded Two","floor":39.0,"gold_loss":40.0,"damage_taken":0.0,"cards_upgraded":["True Grit","Double Tap"]},{"damage_healed":0.0,"max_hp_gain":0.0,"max_hp_loss":0.0,"gold_gain":0.0,"event_name":"MindBloom","player_choice":"Fight","floor":41.0,"gold_loss":0.0,"damage_taken":0.0},{"damage_healed":0.0,"max_hp_gain":0.0,"max_hp_loss":0.0,"gold_gain":0.0,"event_name":"SensoryStone","player_choice":"Memory 2","floor":45.0,"gold_loss":0.0,"damage_taken":5.0}],"is_beta":false,"boss_relics":[{"not_picked":["Snecko Eye","Empty Cage"],"picked":"SlaversCollar"},{"not_picked":["Philosopher\u0027s Stone","SacredBark"],"picked":"Busted Crown"}],"items_purged_floors":[3],"is_endless":false,"potions_floor_spawned":[10,11,14,16,18,35,47],"ascension_level":6}}